PokerStars Hand #254578853629:  Hold'em No Limit ($0.50/$1.00 USD) - 2025/01/27 14:26:59 WET [2025/01/27 9:26:59 ET]
Table 'Vigdis IV' 6-max Seat #1 is the button
Seat 3: nastja336 ($102.50 in chips) is sitting out
Seat 1: ponchua ($100 in chips) 
Seat 2: LeaveItYeah ($100 in chips) 
Seat 4: LuckyShikari ($100 in chips) 
Seat 5: perketti ($99 in chips) 
Seat 6: payofwizzard ($73.44 in chips) 
LeaveItYeah: posts small blind $0.50
nastja336: is sitting out 
LuckyShikari: posts big blind $1
*** HOLE CARDS ***
perketti: folds 
nastja336 leaves the table
payofwizzard: folds 
ponchua: raises $1.50 to $2.50
LeaveItYeah: folds 
Pippa83 joins the table at seat #3 
LuckyShikari: folds 
Uncalled bet ($1.50) returned to ponchua
ponchua collected $2.50 from pot
ponchua: doesn't show hand 
*** SUMMARY ***
Total pot $2.50 | Rake $0 
Seat 3: nastja336
Seat 1: ponchua (button) collected ($2.50)
Seat 2: LeaveItYeah (small blind) folded before Flop
Seat 4: LuckyShikari (big blind) folded before Flop
Seat 5: perketti folded before Flop (didn't bet)
Seat 6: payofwizzard folded before Flop (didn't bet)



PokerStars Hand #254578856976:  Hold'em No Limit ($0.50/$1.00 USD) - 2025/01/27 14:27:17 WET [2025/01/27 9:27:17 ET]
Table 'Vigdis IV' 6-max Seat #2 is the button
Seat 3: Pippa83 ($100 in chips) is sitting out
Seat 1: ponchua ($101.50 in chips) 
Seat 2: LeaveItYeah ($100 in chips) 
Seat 4: LuckyShikari ($100 in chips) 
Seat 5: perketti ($99 in chips) 
Seat 6: payofwizzard ($73.44 in chips) 
LuckyShikari: posts small blind $0.50
perketti: posts big blind $1
*** HOLE CARDS ***
payofwizzard: raises $2 to $3
ponchua: folds 
LeaveItYeah: folds 
LuckyShikari: folds 
perketti: calls $2
*** FLOP *** [7c 6c 9c]
perketti: checks 
payofwizzard: bets $3.09
perketti: calls $3.09
*** TURN *** [7c 6c 9c] [5s]
perketti: checks 
payofwizzard: checks 
*** RIVER *** [7c 6c 9c 5s] [3c]
perketti: bets $7.95
payofwizzard: folds 
Uncalled bet ($7.95) returned to perketti
perketti collected $12.05 from pot
perketti: doesn't show hand 
*** SUMMARY ***
Total pot $12.68 | Rake $0.63 
Board [7c 6c 9c 5s 3c]
Seat 3: Pippa83
Seat 1: ponchua folded before Flop (didn't bet)
Seat 2: LeaveItYeah (button) folded before Flop (didn't bet)
Seat 4: LuckyShikari (small blind) folded before Flop
Seat 5: perketti (big blind) collected ($12.05)
Seat 6: payofwizzard folded on the River



PokerStars Hand #254578865982:  Hold'em No Limit ($0.50/$1.00 USD) - 2025/01/27 14:28:07 WET [2025/01/27 9:28:07 ET]
Table 'Vigdis IV' 6-max Seat #4 is the button
Seat 3: Pippa83 ($100 in chips) is sitting out
Seat 1: ponchua ($101.50 in chips) 
Seat 2: LeaveItYeah ($100 in chips) 
Seat 4: LuckyShikari ($100 in chips) 
Seat 5: perketti ($104.96 in chips) 
Seat 6: payofwizzard ($67.35 in chips) 
perketti: posts small blind $0.50
payofwizzard: posts big blind $1
Pippa83: sits out 
*** HOLE CARDS ***
ponchua: folds 
LeaveItYeah: folds 
LuckyShikari: folds 
perketti: raises $1 to $2
payofwizzard: calls $1
*** FLOP *** [9c 6d 8s]
perketti: bets $2.51
payofwizzard: calls $2.51
*** TURN *** [9c 6d 8s] [Th]
perketti: checks 
payofwizzard: checks 
*** RIVER *** [9c 6d 8s Th] [Ks]
perketti: checks 
payofwizzard: checks 
*** SHOW DOWN ***
perketti: shows [Ac 8d] (a pair of Eights)
payofwizzard: mucks hand 
perketti collected $8.57 from pot
*** SUMMARY ***
Total pot $9.02 | Rake $0.45 
Board [9c 6d 8s Th Ks]
Seat 3: Pippa83
Seat 1: ponchua folded before Flop (didn't bet)
Seat 2: LeaveItYeah folded before Flop (didn't bet)
Seat 4: LuckyShikari (button) folded before Flop (didn't bet)
Seat 5: perketti (small blind) showed [Ac 8d] and won ($8.57) with a pair of Eights
Seat 6: payofwizzard (big blind) mucked



PokerStars Hand #254578869637:  Hold'em No Limit ($0.50/$1.00 USD) - 2025/01/27 14:28:27 WET [2025/01/27 9:28:27 ET]
Table 'Vigdis IV' 6-max Seat #5 is the button
Seat 3: Pippa83 ($100 in chips) is sitting out
Seat 1: ponchua ($101.50 in chips) 
Seat 2: LeaveItYeah ($100 in chips) 
Seat 4: LuckyShikari ($100 in chips) 
Seat 5: perketti ($109.02 in chips) 
Seat 6: payofwizzard ($62.84 in chips) 
payofwizzard: posts small blind $0.50
ponchua: posts big blind $1
Pippa83: sits out 
*** HOLE CARDS ***
LeaveItYeah: folds 
LuckyShikari: folds 
perketti: raises $2 to $3
payofwizzard: folds 
ponchua: folds 
Uncalled bet ($2) returned to perketti
perketti collected $2.50 from pot
perketti: doesn't show hand 
*** SUMMARY ***
Total pot $2.50 | Rake $0 
Seat 3: Pippa83
Seat 1: ponchua (big blind) folded before Flop
Seat 2: LeaveItYeah folded before Flop (didn't bet)
Seat 4: LuckyShikari folded before Flop (didn't bet)
Seat 5: perketti (button) collected ($2.50)
Seat 6: payofwizzard (small blind) folded before Flop



PokerStars Hand #254578874497:  Hold'em No Limit ($0.50/$1.00 USD) - 2025/01/27 14:28:54 WET [2025/01/27 9:28:54 ET]
Table 'Vigdis IV' 6-max Seat #6 is the button
Seat 3: Pippa83 ($100 in chips) is sitting out
Seat 1: ponchua ($100.50 in chips) 
Seat 2: LeaveItYeah ($100 in chips) 
Seat 4: LuckyShikari ($100 in chips) 
Seat 5: perketti ($110.52 in chips) 
Seat 6: payofwizzard ($62.34 in chips) 
ponchua: posts small blind $0.50
LeaveItYeah: posts big blind $1
Pippa83: sits out 
*** HOLE CARDS ***
LuckyShikari: folds 
perketti: folds 
payofwizzard: folds 
ponchua: folds 
Uncalled bet ($0.50) returned to LeaveItYeah
LeaveItYeah collected $1 from pot
LeaveItYeah: doesn't show hand 
*** SUMMARY ***
Total pot $1 | Rake $0 
Seat 3: Pippa83
Seat 1: ponchua (small blind) folded before Flop
Seat 2: LeaveItYeah (big blind) collected ($1)
Seat 4: LuckyShikari folded before Flop (didn't bet)
Seat 5: perketti folded before Flop (didn't bet)
Seat 6: payofwizzard (button) folded before Flop (didn't bet)



PokerStars Hand #254578877746:  Hold'em No Limit ($0.50/$1.00 USD) - 2025/01/27 14:29:12 WET [2025/01/27 9:29:12 ET]
Table 'Vigdis IV' 6-max Seat #1 is the button
Seat 1: ponchua ($100 in chips) 
Seat 2: LeaveItYeah ($100.50 in chips) 
Seat 3: Pippa83 ($100 in chips) 
Seat 4: LuckyShikari ($100 in chips) 
Seat 5: perketti ($110.52 in chips) 
Seat 6: payofwizzard ($62.34 in chips) 
LeaveItYeah: posts small blind $0.50
Pippa83: posts big blind $1
*** HOLE CARDS ***
LuckyShikari: folds 
perketti: folds 
payofwizzard: raises $2 to $3
ponchua: folds 
LeaveItYeah: folds 
Pippa83: folds 
Uncalled bet ($2) returned to payofwizzard
payofwizzard collected $2.50 from pot
*** SUMMARY ***
Total pot $2.50 | Rake $0 
Seat 1: ponchua (button) folded before Flop (didn't bet)
Seat 2: LeaveItYeah (small blind) folded before Flop
Seat 3: Pippa83 (big blind) folded before Flop
Seat 4: LuckyShikari folded before Flop (didn't bet)
Seat 5: perketti folded before Flop (didn't bet)
Seat 6: payofwizzard collected ($2.50)



PokerStars Hand #254578880549:  Hold'em No Limit ($0.50/$1.00 USD) - 2025/01/27 14:29:28 WET [2025/01/27 9:29:28 ET]
Table 'Vigdis IV' 6-max Seat #2 is the button
Seat 1: ponchua ($100 in chips) 
Seat 2: LeaveItYeah ($100 in chips) 
Seat 3: Pippa83 ($100 in chips) 
Seat 4: LuckyShikari ($100 in chips) 
Seat 5: perketti ($110.52 in chips) 
Seat 6: payofwizzard ($63.84 in chips) 
Pippa83: posts small blind $0.50
LuckyShikari: posts big blind $1
*** HOLE CARDS ***
perketti: folds 
payofwizzard: folds 
perketti leaves the table
ponchua: folds 
LeaveItYeah: folds 
Pippa83: folds 
Uncalled bet ($0.50) returned to LuckyShikari
LuckyShikari collected $1 from pot
LuckyShikari: doesn't show hand 
*** SUMMARY ***
Total pot $1 | Rake $0 
Seat 1: ponchua folded before Flop (didn't bet)
Seat 2: LeaveItYeah (button) folded before Flop (didn't bet)
Seat 3: Pippa83 (small blind) folded before Flop
Seat 4: LuckyShikari (big blind) collected ($1)
Seat 5: perketti folded before Flop (didn't bet)
Seat 6: payofwizzard folded before Flop (didn't bet)



PokerStars Hand #254578884121:  Hold'em No Limit ($0.50/$1.00 USD) - 2025/01/27 14:29:48 WET [2025/01/27 9:29:48 ET]
Table 'Vigdis IV' 6-max Seat #3 is the button
Seat 1: ponchua ($100 in chips) 
Seat 2: LeaveItYeah ($100 in chips) 
Seat 3: Pippa83 ($100 in chips) 
Seat 4: LuckyShikari ($100.50 in chips) 
Seat 6: payofwizzard ($63.84 in chips) 
LuckyShikari: posts small blind $0.50
payofwizzard: posts big blind $1
*** HOLE CARDS ***
ponchua: folds 
Sergey.V90 joins the table at seat #5 
Sergey.V90 is disconnected 
LeaveItYeah: folds 
Pippa83: folds 
LuckyShikari: raises $1.50 to $2.50
payofwizzard: folds 
Uncalled bet ($1.50) returned to LuckyShikari
LuckyShikari collected $2 from pot
LuckyShikari: doesn't show hand 
*** SUMMARY ***
Total pot $2 | Rake $0 
Seat 1: ponchua folded before Flop (didn't bet)
Seat 2: LeaveItYeah folded before Flop (didn't bet)
Seat 3: Pippa83 (button) folded before Flop (didn't bet)
Seat 4: LuckyShikari (small blind) collected ($2)
Seat 6: payofwizzard (big blind) folded before Flop



PokerStars Hand #254578887362:  Hold'em No Limit ($0.50/$1.00 USD) - 2025/01/27 14:30:05 WET [2025/01/27 9:30:05 ET]
Table 'Vigdis IV' 6-max Seat #4 is the button
Seat 5: Sergey.V90 ($100 in chips) is sitting out
Seat 1: ponchua ($100 in chips) 
Seat 2: LeaveItYeah ($100 in chips) 
Seat 3: Pippa83 ($100 in chips) 
Seat 4: LuckyShikari ($101.50 in chips) 
Seat 6: payofwizzard ($62.84 in chips) 
payofwizzard: posts small blind $0.50
ponchua: posts big blind $1
*** HOLE CARDS ***
LeaveItYeah: folds 
Pippa83: folds 
LuckyShikari: folds 
payofwizzard: folds 
Uncalled bet ($0.50) returned to ponchua
ponchua collected $1 from pot
ponchua: doesn't show hand 
*** SUMMARY ***
Total pot $1 | Rake $0 
Seat 5: Sergey.V90
Seat 1: ponchua (big blind) collected ($1)
Seat 2: LeaveItYeah folded before Flop (didn't bet)
Seat 3: Pippa83 folded before Flop (didn't bet)
Seat 4: LuckyShikari (button) folded before Flop (didn't bet)
Seat 6: payofwizzard (small blind) folded before Flop



PokerStars Hand #254578890307:  Hold'em No Limit ($0.50/$1.00 USD) - 2025/01/27 14:30:22 WET [2025/01/27 9:30:22 ET]
Table 'Vigdis IV' 6-max Seat #6 is the button
Seat 1: ponchua ($100.50 in chips) 
Seat 2: LeaveItYeah ($100 in chips) 
Seat 3: Pippa83 ($100 in chips) 
Seat 4: LuckyShikari ($101.50 in chips) 
Seat 5: Sergey.V90 ($100 in chips) 
Seat 6: payofwizzard ($62.34 in chips) 
ponchua: posts small blind $0.50
LeaveItYeah: posts big blind $1
Sergey.V90: posts big blind $1
*** HOLE CARDS ***
Pippa83: folds 
LuckyShikari: folds 
Sergey.V90: checks 
payofwizzard: folds 
ponchua: folds 
LeaveItYeah: checks 
*** FLOP *** [Jc 3d Ah]
LeaveItYeah: checks 
Sergey.V90: checks 
*** TURN *** [Jc 3d Ah] [4c]
LeaveItYeah: checks 
Sergey.V90: checks 
*** RIVER *** [Jc 3d Ah 4c] [Ks]
LeaveItYeah: checks 
Sergey.V90: checks 
*** SHOW DOWN ***
LeaveItYeah: shows [7h Tc] (high card Ace)
Sergey.V90: shows [3s 8h] (a pair of Threes)
Sergey.V90 collected $2.38 from pot
*** SUMMARY ***
Total pot $2.50 | Rake $0.12 
Board [Jc 3d Ah 4c Ks]
Seat 1: ponchua (small blind) folded before Flop
Seat 2: LeaveItYeah (big blind) showed [7h Tc] and lost with high card Ace
Seat 3: Pippa83 folded before Flop (didn't bet)
Seat 4: LuckyShikari folded before Flop (didn't bet)
Seat 5: Sergey.V90 showed [3s 8h] and won ($2.38) with a pair of Threes
Seat 6: payofwizzard (button) folded before Flop (didn't bet)



PokerStars Hand #254578897979:  Hold'em No Limit ($0.50/$1.00 USD) - 2025/01/27 14:31:04 WET [2025/01/27 9:31:04 ET]
Table 'Vigdis IV' 6-max Seat #1 is the button
Seat 1: ponchua ($100 in chips) 
Seat 2: LeaveItYeah ($100 in chips) 
Seat 3: Pippa83 ($100 in chips) 
Seat 4: LuckyShikari ($101.50 in chips) 
Seat 5: Sergey.V90 ($101.38 in chips) 
Seat 6: payofwizzard ($62.34 in chips) 
LeaveItYeah: posts small blind $0.50
Pippa83: posts big blind $1
*** HOLE CARDS ***
LuckyShikari: folds 
Sergey.V90: folds 
payofwizzard: raises $2 to $3
ponchua: folds 
LeaveItYeah: folds 
Pippa83: folds 
Uncalled bet ($2) returned to payofwizzard
payofwizzard collected $2.50 from pot
*** SUMMARY ***
Total pot $2.50 | Rake $0 
Seat 1: ponchua (button) folded before Flop (didn't bet)
Seat 2: LeaveItYeah (small blind) folded before Flop
Seat 3: Pippa83 (big blind) folded before Flop
Seat 4: LuckyShikari folded before Flop (didn't bet)
Seat 5: Sergey.V90 folded before Flop (didn't bet)
Seat 6: payofwizzard collected ($2.50)



PokerStars Hand #254578901964:  Hold'em No Limit ($0.50/$1.00 USD) - 2025/01/27 14:31:26 WET [2025/01/27 9:31:26 ET]
Table 'Vigdis IV' 6-max Seat #2 is the button
Seat 1: ponchua ($100 in chips) 
Seat 2: LeaveItYeah ($100 in chips) 
Seat 3: Pippa83 ($100 in chips) 
Seat 4: LuckyShikari ($101.50 in chips) 
Seat 5: Sergey.V90 ($101.38 in chips) 
Seat 6: payofwizzard ($63.84 in chips) 
Pippa83: posts small blind $0.50
LuckyShikari: posts big blind $1
*** HOLE CARDS ***
Sergey.V90: folds 
payofwizzard: folds 
ponchua: raises $1.50 to $2.50
LeaveItYeah: raises $5 to $7.50
Pippa83: folds 
LuckyShikari: folds 
ponchua: folds 
Uncalled bet ($5) returned to LeaveItYeah
LeaveItYeah collected $6.50 from pot
LeaveItYeah: doesn't show hand 
*** SUMMARY ***
Total pot $6.50 | Rake $0 
Seat 1: ponchua folded before Flop
Seat 2: LeaveItYeah (button) collected ($6.50)
Seat 3: Pippa83 (small blind) folded before Flop
Seat 4: LuckyShikari (big blind) folded before Flop
Seat 5: Sergey.V90 folded before Flop (didn't bet)
Seat 6: payofwizzard folded before Flop (didn't bet)



PokerStars Hand #254578907594:  Hold'em No Limit ($0.50/$1.00 USD) - 2025/01/27 14:31:56 WET [2025/01/27 9:31:56 ET]
Table 'Vigdis IV' 6-max Seat #3 is the button
Seat 1: ponchua ($100 in chips) 
Seat 2: LeaveItYeah ($104 in chips) 
Seat 3: Pippa83 ($100 in chips) 
Seat 4: LuckyShikari ($100.50 in chips) 
Seat 5: Sergey.V90 ($101.38 in chips) 
Seat 6: payofwizzard ($63.84 in chips) 
LuckyShikari: posts small blind $0.50
Sergey.V90: posts big blind $1
*** HOLE CARDS ***
payofwizzard: folds 
ponchua: folds 
LeaveItYeah: folds 
Pippa83: raises $1.50 to $2.50
LuckyShikari: folds 
Sergey.V90: folds 
Uncalled bet ($1.50) returned to Pippa83
Pippa83 collected $2.50 from pot
Pippa83: doesn't show hand 
*** SUMMARY ***
Total pot $2.50 | Rake $0 
Seat 1: ponchua folded before Flop (didn't bet)
Seat 2: LeaveItYeah folded before Flop (didn't bet)
Seat 3: Pippa83 (button) collected ($2.50)
Seat 4: LuckyShikari (small blind) folded before Flop
Seat 5: Sergey.V90 (big blind) folded before Flop
Seat 6: payofwizzard folded before Flop (didn't bet)



PokerStars Hand #254578913810:  Hold'em No Limit ($0.50/$1.00 USD) - 2025/01/27 14:32:30 WET [2025/01/27 9:32:30 ET]
Table 'Vigdis IV' 6-max Seat #4 is the button
Seat 1: ponchua ($100 in chips) 
Seat 2: LeaveItYeah ($104 in chips) 
Seat 3: Pippa83 ($101.50 in chips) 
Seat 4: LuckyShikari ($100 in chips) 
Seat 5: Sergey.V90 ($100.38 in chips) 
Seat 6: payofwizzard ($63.84 in chips) 
Sergey.V90: posts small blind $0.50
payofwizzard: posts big blind $1
*** HOLE CARDS ***
ponchua: raises $1.50 to $2.50
LeaveItYeah: folds 
Pippa83: folds 
LuckyShikari: folds 
Sergey.V90: folds 
payofwizzard: folds 
Uncalled bet ($1.50) returned to ponchua
ponchua collected $2.50 from pot
ponchua: doesn't show hand 
*** SUMMARY ***
Total pot $2.50 | Rake $0 
Seat 1: ponchua collected ($2.50)
Seat 2: LeaveItYeah folded before Flop (didn't bet)
Seat 3: Pippa83 folded before Flop (didn't bet)
Seat 4: LuckyShikari (button) folded before Flop (didn't bet)
Seat 5: Sergey.V90 (small blind) folded before Flop
Seat 6: payofwizzard (big blind) folded before Flop



PokerStars Hand #254578918182:  Hold'em No Limit ($0.50/$1.00 USD) - 2025/01/27 14:32:54 WET [2025/01/27 9:32:54 ET]
Table 'Vigdis IV' 6-max Seat #5 is the button
Seat 1: ponchua ($101.50 in chips) 
Seat 2: LeaveItYeah ($104 in chips) 
Seat 3: Pippa83 ($101.50 in chips) 
Seat 4: LuckyShikari ($100 in chips) 
Seat 5: Sergey.V90 ($99.88 in chips) 
Seat 6: payofwizzard ($62.84 in chips) 
payofwizzard: posts small blind $0.50
ponchua: posts big blind $1
*** HOLE CARDS ***
LeaveItYeah: folds 
Pippa83: folds 
LuckyShikari: raises $2 to $3
Sergey.V90: folds 
payofwizzard: folds 
ponchua: folds 
Uncalled bet ($2) returned to LuckyShikari
LuckyShikari collected $2.50 from pot
LuckyShikari: doesn't show hand 
*** SUMMARY ***
Total pot $2.50 | Rake $0 
Seat 1: ponchua (big blind) folded before Flop
Seat 2: LeaveItYeah folded before Flop (didn't bet)
Seat 3: Pippa83 folded before Flop (didn't bet)
Seat 4: LuckyShikari collected ($2.50)
Seat 5: Sergey.V90 (button) folded before Flop (didn't bet)
Seat 6: payofwizzard (small blind) folded before Flop



PokerStars Hand #254578924232:  Hold'em No Limit ($0.50/$1.00 USD) - 2025/01/27 14:33:26 WET [2025/01/27 9:33:26 ET]
Table 'Vigdis IV' 6-max Seat #6 is the button
Seat 1: ponchua ($100.50 in chips) 
Seat 2: LeaveItYeah ($104 in chips) 
Seat 3: Pippa83 ($101.50 in chips) 
Seat 4: LuckyShikari ($101.50 in chips) 
Seat 5: Sergey.V90 ($99.88 in chips) 
Seat 6: payofwizzard ($62.34 in chips) 
ponchua: posts small blind $0.50
LeaveItYeah: posts big blind $1
*** HOLE CARDS ***
Pippa83: folds 
LuckyShikari: raises $1 to $2
Sergey.V90: folds 
payofwizzard: calls $2
ponchua: folds 
LeaveItYeah: folds 
*** FLOP *** [2s Ac 8c]
LuckyShikari: bets $1
payofwizzard: calls $1
*** TURN *** [2s Ac 8c] [Ts]
LuckyShikari: checks 
payofwizzard: bets $3.56
LuckyShikari: raises $12.44 to $16
payofwizzard: folds 
Uncalled bet ($12.44) returned to LuckyShikari
LuckyShikari collected $13.89 from pot
LuckyShikari: doesn't show hand 
*** SUMMARY ***
Total pot $14.62 | Rake $0.73 
Board [2s Ac 8c Ts]
Seat 1: ponchua (small blind) folded before Flop
Seat 2: LeaveItYeah (big blind) folded before Flop
Seat 3: Pippa83 folded before Flop (didn't bet)
Seat 4: LuckyShikari collected ($13.89)
Seat 5: Sergey.V90 folded before Flop (didn't bet)
Seat 6: payofwizzard (button) folded on the Turn



PokerStars Hand #254578932713:  Hold'em No Limit ($0.50/$1.00 USD) - 2025/01/27 14:34:12 WET [2025/01/27 9:34:12 ET]
Table 'Vigdis IV' 6-max Seat #1 is the button
Seat 1: ponchua ($100 in chips) 
Seat 2: LeaveItYeah ($103 in chips) 
Seat 3: Pippa83 ($101.50 in chips) 
Seat 4: LuckyShikari ($108.83 in chips) 
Seat 5: Sergey.V90 ($99.88 in chips) 
Seat 6: payofwizzard ($55.78 in chips) 
LeaveItYeah: posts small blind $0.50
Pippa83: posts big blind $1
*** HOLE CARDS ***
LuckyShikari: folds 
Sergey.V90: folds 
payofwizzard: raises $2 to $3
ponchua: folds 
LeaveItYeah: folds 
Pippa83: calls $2
*** FLOP *** [Jh Jd 4d]
Pippa83: checks 
payofwizzard: checks 
*** TURN *** [Jh Jd 4d] [2h]
Pippa83: checks 
payofwizzard: checks 
*** RIVER *** [Jh Jd 4d 2h] [Td]
Pippa83: checks 
payofwizzard: bets $4.09
Pippa83: folds 
Uncalled bet ($4.09) returned to payofwizzard
payofwizzard collected $6.18 from pot
*** SUMMARY ***
Total pot $6.50 | Rake $0.32 
Board [Jh Jd 4d 2h Td]
Seat 1: ponchua (button) folded before Flop (didn't bet)
Seat 2: LeaveItYeah (small blind) folded before Flop
Seat 3: Pippa83 (big blind) folded on the River
Seat 4: LuckyShikari folded before Flop (didn't bet)
Seat 5: Sergey.V90 folded before Flop (didn't bet)
Seat 6: payofwizzard collected ($6.18)



PokerStars Hand #254578943237:  Hold'em No Limit ($0.50/$1.00 USD) - 2025/01/27 14:35:10 WET [2025/01/27 9:35:10 ET]
Table 'Vigdis IV' 6-max Seat #2 is the button
Seat 1: ponchua ($100 in chips) 
Seat 2: LeaveItYeah ($102.50 in chips) 
Seat 3: Pippa83 ($100 in chips) 
Seat 4: LuckyShikari ($108.83 in chips) 
Seat 5: Sergey.V90 ($99.88 in chips) 
Seat 6: payofwizzard ($58.96 in chips) 
Pippa83: posts small blind $0.50
LuckyShikari: posts big blind $1
*** HOLE CARDS ***
Sergey.V90: folds 
payofwizzard: folds 
ponchua: folds 
LeaveItYeah: folds 
Pippa83: folds 
Uncalled bet ($0.50) returned to LuckyShikari
LuckyShikari collected $1 from pot
LuckyShikari: doesn't show hand 
*** SUMMARY ***
Total pot $1 | Rake $0 
Seat 1: ponchua folded before Flop (didn't bet)
Seat 2: LeaveItYeah (button) folded before Flop (didn't bet)
Seat 3: Pippa83 (small blind) folded before Flop
Seat 4: LuckyShikari (big blind) collected ($1)
Seat 5: Sergey.V90 folded before Flop (didn't bet)
Seat 6: payofwizzard folded before Flop (didn't bet)



PokerStars Hand #254578945317:  Hold'em No Limit ($0.50/$1.00 USD) - 2025/01/27 14:35:21 WET [2025/01/27 9:35:21 ET]
Table 'Vigdis IV' 6-max Seat #3 is the button
Seat 1: ponchua ($100 in chips) 
Seat 2: LeaveItYeah ($102.50 in chips) 
Seat 3: Pippa83 ($100 in chips) 
Seat 4: LuckyShikari ($109.33 in chips) 
Seat 5: Sergey.V90 ($99.88 in chips) 
Seat 6: payofwizzard ($58.96 in chips) 
LuckyShikari: posts small blind $0.50
Sergey.V90: posts big blind $1
*** HOLE CARDS ***
payofwizzard: folds 
ponchua: folds 
LeaveItYeah: folds 
Pippa83: folds 
LuckyShikari: raises $1 to $2
Sergey.V90: folds 
Uncalled bet ($1) returned to LuckyShikari
LuckyShikari collected $2 from pot
LuckyShikari: doesn't show hand 
*** SUMMARY ***
Total pot $2 | Rake $0 
Seat 1: ponchua folded before Flop (didn't bet)
Seat 2: LeaveItYeah folded before Flop (didn't bet)
Seat 3: Pippa83 (button) folded before Flop (didn't bet)
Seat 4: LuckyShikari (small blind) collected ($2)
Seat 5: Sergey.V90 (big blind) folded before Flop
Seat 6: payofwizzard folded before Flop (didn't bet)



PokerStars Hand #254578949243:  Hold'em No Limit ($0.50/$1.00 USD) - 2025/01/27 14:35:41 WET [2025/01/27 9:35:41 ET]
Table 'Vigdis IV' 6-max Seat #4 is the button
Seat 1: ponchua ($100 in chips) 
Seat 2: LeaveItYeah ($102.50 in chips) 
Seat 3: Pippa83 ($100 in chips) 
Seat 4: LuckyShikari ($110.33 in chips) 
Seat 5: Sergey.V90 ($98.88 in chips) 
Seat 6: payofwizzard ($58.96 in chips) 
Sergey.V90: posts small blind $0.50
payofwizzard: posts big blind $1
*** HOLE CARDS ***
ponchua: folds 
LeaveItYeah: folds 
Pippa83: folds 
LuckyShikari: folds 
Sergey.V90: raises $2 to $3
payofwizzard: folds 
Uncalled bet ($2) returned to Sergey.V90
Sergey.V90 collected $2 from pot
Sergey.V90: doesn't show hand 
*** SUMMARY ***
Total pot $2 | Rake $0 
Seat 1: ponchua folded before Flop (didn't bet)
Seat 2: LeaveItYeah folded before Flop (didn't bet)
Seat 3: Pippa83 folded before Flop (didn't bet)
Seat 4: LuckyShikari (button) folded before Flop (didn't bet)
Seat 5: Sergey.V90 (small blind) collected ($2)
Seat 6: payofwizzard (big blind) folded before Flop



PokerStars Hand #254578952040:  Hold'em No Limit ($0.50/$1.00 USD) - 2025/01/27 14:35:57 WET [2025/01/27 9:35:57 ET]
Table 'Vigdis IV' 6-max Seat #5 is the button
Seat 1: ponchua ($100 in chips) 
Seat 2: LeaveItYeah ($102.50 in chips) 
Seat 3: Pippa83 ($100 in chips) 
Seat 4: LuckyShikari ($110.33 in chips) 
Seat 5: Sergey.V90 ($99.88 in chips) 
Seat 6: payofwizzard ($57.96 in chips) 
payofwizzard: posts small blind $0.50
ponchua: posts big blind $1
*** HOLE CARDS ***
LeaveItYeah: folds 
Pippa83: folds 
LuckyShikari: folds 
Sergey.V90: folds 
payofwizzard: folds 
Uncalled bet ($0.50) returned to ponchua
ponchua collected $1 from pot
ponchua: doesn't show hand 
*** SUMMARY ***
Total pot $1 | Rake $0 
Seat 1: ponchua (big blind) collected ($1)
Seat 2: LeaveItYeah folded before Flop (didn't bet)
Seat 3: Pippa83 folded before Flop (didn't bet)
Seat 4: LuckyShikari folded before Flop (didn't bet)
Seat 5: Sergey.V90 (button) folded before Flop (didn't bet)
Seat 6: payofwizzard (small blind) folded before Flop



PokerStars Hand #254578954091:  Hold'em No Limit ($0.50/$1.00 USD) - 2025/01/27 14:36:07 WET [2025/01/27 9:36:07 ET]
Table 'Vigdis IV' 6-max Seat #6 is the button
Seat 1: ponchua ($100.50 in chips) 
Seat 2: LeaveItYeah ($102.50 in chips) 
Seat 3: Pippa83 ($100 in chips) 
Seat 4: LuckyShikari ($110.33 in chips) 
Seat 5: Sergey.V90 ($99.88 in chips) 
Seat 6: payofwizzard ($57.46 in chips) 
ponchua: posts small blind $0.50
LeaveItYeah: posts big blind $1
*** HOLE CARDS ***
Pippa83: folds 
LuckyShikari: folds 
Sergey.V90: folds 
payofwizzard: raises $2 to $3
ponchua: folds 
LeaveItYeah: calls $2
*** FLOP *** [Jc 6c 6s]
LeaveItYeah: checks 
payofwizzard: checks 
*** TURN *** [Jc 6c 6s] [2d]
LeaveItYeah: checks 
payofwizzard: checks 
*** RIVER *** [Jc 6c 6s 2d] [9d]
LeaveItYeah: checks 
payofwizzard: checks 
*** SHOW DOWN ***
LeaveItYeah: shows [7s Ah] (a pair of Sixes)
payofwizzard: shows [3s 3d] (two pair, Sixes and Threes)
payofwizzard collected $6.18 from pot
*** SUMMARY ***
Total pot $6.50 | Rake $0.32 
Board [Jc 6c 6s 2d 9d]
Seat 1: ponchua (small blind) folded before Flop
Seat 2: LeaveItYeah (big blind) showed [7s Ah] and lost with a pair of Sixes
Seat 3: Pippa83 folded before Flop (didn't bet)
Seat 4: LuckyShikari folded before Flop (didn't bet)
Seat 5: Sergey.V90 folded before Flop (didn't bet)
Seat 6: payofwizzard (button) showed [3s 3d] and won ($6.18) with two pair, Sixes and Threes



PokerStars Hand #254578962737:  Hold'em No Limit ($0.50/$1.00 USD) - 2025/01/27 14:36:54 WET [2025/01/27 9:36:54 ET]
Table 'Vigdis IV' 6-max Seat #1 is the button
Seat 1: ponchua ($100 in chips) 
Seat 2: LeaveItYeah ($100 in chips) 
Seat 3: Pippa83 ($100 in chips) 
Seat 4: LuckyShikari ($110.33 in chips) 
Seat 5: Sergey.V90 ($99.88 in chips) 
Seat 6: payofwizzard ($60.64 in chips) 
LeaveItYeah: posts small blind $0.50
Pippa83: posts big blind $1
*** HOLE CARDS ***
LuckyShikari: folds 
Sergey.V90: folds 
payofwizzard: folds 
ponchua: raises $1.50 to $2.50
LeaveItYeah: folds 
Pippa83: raises $9.50 to $12
ponchua: raises $13 to $25
Pippa83: calls $13
*** FLOP *** [5h Ks Ah]
Pippa83: checks 
ponchua: checks 
*** TURN *** [5h Ks Ah] [6d]
Pippa83: checks 
ponchua: bets $14.40
Pippa83: folds 
Uncalled bet ($14.40) returned to ponchua
ponchua collected $48 from pot
ponchua: doesn't show hand 
*** SUMMARY ***
Total pot $50.50 | Rake $2.50 
Board [5h Ks Ah 6d]
Seat 1: ponchua (button) collected ($48)
Seat 2: LeaveItYeah (small blind) folded before Flop
Seat 3: Pippa83 (big blind) folded on the Turn
Seat 4: LuckyShikari folded before Flop (didn't bet)
Seat 5: Sergey.V90 folded before Flop (didn't bet)
Seat 6: payofwizzard folded before Flop (didn't bet)



PokerStars Hand #254578982515:  Hold'em No Limit ($0.50/$1.00 USD) - 2025/01/27 14:38:40 WET [2025/01/27 9:38:40 ET]
Table 'Vigdis IV' 6-max Seat #2 is the button
Seat 4: LuckyShikari ($110.33 in chips) is sitting out
Seat 1: ponchua ($123 in chips) 
Seat 2: LeaveItYeah ($100 in chips) 
Seat 3: Pippa83 ($100 in chips) 
Seat 5: Sergey.V90 ($99.88 in chips) 
Seat 6: payofwizzard ($60.64 in chips) 
Pippa83: posts small blind $0.50
LuckyShikari: is sitting out 
Sergey.V90: posts big blind $1
*** HOLE CARDS ***
payofwizzard: folds 
ponchua: raises $1.50 to $2.50
LeaveItYeah: folds 
Pippa83: raises $8.50 to $11
Sergey.V90: folds 
ponchua: folds 
Uncalled bet ($8.50) returned to Pippa83
Pippa83 collected $6 from pot
Pippa83: doesn't show hand 
*** SUMMARY ***
Total pot $6 | Rake $0 
Seat 4: LuckyShikari
Seat 1: ponchua folded before Flop
Seat 2: LeaveItYeah (button) folded before Flop (didn't bet)
Seat 3: Pippa83 (small blind) collected ($6)
Seat 5: Sergey.V90 (big blind) folded before Flop
Seat 6: payofwizzard folded before Flop (didn't bet)



PokerStars Hand #254578987814:  Hold'em No Limit ($0.50/$1.00 USD) - 2025/01/27 14:39:09 WET [2025/01/27 9:39:09 ET]
Table 'Vigdis IV' 6-max Seat #3 is the button
Seat 4: LuckyShikari ($110.33 in chips) is sitting out
Seat 1: ponchua ($120.50 in chips) 
Seat 2: LeaveItYeah ($100 in chips) 
Seat 3: Pippa83 ($103.50 in chips) 
Seat 5: Sergey.V90 ($98.88 in chips) 
Seat 6: payofwizzard ($60.64 in chips) 
Sergey.V90: posts small blind $0.50
payofwizzard: posts big blind $1
*** HOLE CARDS ***
ponchua: raises $1.50 to $2.50
LeaveItYeah: folds 
Pippa83: folds 
Sergey.V90: folds 
payofwizzard: calls $1.50
*** FLOP *** [5c 2d Ks]
payofwizzard: checks 
ponchua: bets $1.62
payofwizzard: folds 
Uncalled bet ($1.62) returned to ponchua
ponchua collected $5.22 from pot
ponchua: doesn't show hand 
*** SUMMARY ***
Total pot $5.50 | Rake $0.28 
Board [5c 2d Ks]
Seat 4: LuckyShikari
Seat 1: ponchua collected ($5.22)
Seat 2: LeaveItYeah folded before Flop (didn't bet)
Seat 3: Pippa83 (button) folded before Flop (didn't bet)
Seat 5: Sergey.V90 (small blind) folded before Flop
Seat 6: payofwizzard (big blind) folded on the Flop



PokerStars Hand #254578993693:  Hold'em No Limit ($0.50/$1.00 USD) - 2025/01/27 14:39:41 WET [2025/01/27 9:39:41 ET]
Table 'Vigdis IV' 6-max Seat #5 is the button
Seat 4: LuckyShikari ($110.33 in chips) is sitting out
Seat 1: ponchua ($123.22 in chips) 
Seat 2: LeaveItYeah ($100 in chips) 
Seat 3: Pippa83 ($103.50 in chips) 
Seat 5: Sergey.V90 ($98.38 in chips) 
Seat 6: payofwizzard ($58.14 in chips) 
payofwizzard: posts small blind $0.50
ponchua: posts big blind $1
*** HOLE CARDS ***
LeaveItYeah: raises $1.10 to $2.10
Pippa83: folds 
Sergey.V90: raises $5.70 to $7.80
payofwizzard: calls $7.30
ponchua: folds 
LeaveItYeah: folds 
*** FLOP *** [5d 9h 4c]
payofwizzard: checks 
Sergey.V90: bets $7.88
payofwizzard: calls $7.88
*** TURN *** [5d 9h 4c] [Ah]
payofwizzard: checks 
Sergey.V90: checks 
*** RIVER *** [5d 9h 4c Ah] [4d]
payofwizzard: checks 
Sergey.V90: checks 
*** SHOW DOWN ***
payofwizzard: shows [6s 6d] (two pair, Sixes and Fours)
Sergey.V90: shows [7c 7d] (two pair, Sevens and Fours)
Sergey.V90 collected $32.74 from pot
*** SUMMARY ***
Total pot $34.46 | Rake $1.72 
Board [5d 9h 4c Ah 4d]
Seat 4: LuckyShikari
Seat 1: ponchua (big blind) folded before Flop
Seat 2: LeaveItYeah folded before Flop
Seat 3: Pippa83 folded before Flop (didn't bet)
Seat 5: Sergey.V90 (button) showed [7c 7d] and won ($32.74) with two pair, Sevens and Fours
Seat 6: payofwizzard (small blind) showed [6s 6d] and lost with two pair, Sixes and Fours



PokerStars Hand #254579005577:  Hold'em No Limit ($0.50/$1.00 USD) - 2025/01/27 14:40:45 WET [2025/01/27 9:40:45 ET]
Table 'Vigdis IV' 6-max Seat #6 is the button
Seat 4: LuckyShikari ($110.33 in chips) is sitting out
Seat 1: ponchua ($122.22 in chips) 
Seat 2: LeaveItYeah ($100 in chips) 
Seat 3: Pippa83 ($103.50 in chips) 
Seat 5: Sergey.V90 ($115.44 in chips) 
Seat 6: payofwizzard ($42.46 in chips) 
ponchua: posts small blind $0.50
LeaveItYeah: posts big blind $1
*** HOLE CARDS ***
Pippa83: raises $1.20 to $2.20
Sergey.V90: folds 
payofwizzard: folds 
ponchua: folds 
LeaveItYeah: folds 
Uncalled bet ($1.20) returned to Pippa83
Pippa83 collected $2.50 from pot
Pippa83: doesn't show hand 
*** SUMMARY ***
Total pot $2.50 | Rake $0 
Seat 4: LuckyShikari
Seat 1: ponchua (small blind) folded before Flop
Seat 2: LeaveItYeah (big blind) folded before Flop
Seat 3: Pippa83 collected ($2.50)
Seat 5: Sergey.V90 folded before Flop (didn't bet)
Seat 6: payofwizzard (button) folded before Flop (didn't bet)



PokerStars Hand #254579008072:  Hold'em No Limit ($0.50/$1.00 USD) - 2025/01/27 14:40:59 WET [2025/01/27 9:40:59 ET]
Table 'Vigdis IV' 6-max Seat #1 is the button
Seat 4: LuckyShikari ($110.33 in chips) is sitting out
Seat 1: ponchua ($121.72 in chips) 
Seat 2: LeaveItYeah ($100 in chips) 
Seat 3: Pippa83 ($105 in chips) 
Seat 5: Sergey.V90 ($115.44 in chips) 
Seat 6: payofwizzard ($42.46 in chips) 
LeaveItYeah: posts small blind $0.50
Pippa83: posts big blind $1
*** HOLE CARDS ***
Sergey.V90: raises $1.50 to $2.50
payofwizzard: calls $2.50
ponchua: calls $2.50
LeaveItYeah: folds 
Pippa83: calls $1.50
*** FLOP *** [Js Qh Qs]
Pippa83: checks 
Sergey.V90: checks 
payofwizzard: checks 
ponchua: bets $3.09
Pippa83: folds 
Sergey.V90: calls $3.09
payofwizzard: calls $3.09
*** TURN *** [Js Qh Qs] [4d]
Sergey.V90: checks 
payofwizzard: checks 
ponchua: bets $9.58
Sergey.V90: calls $9.58
payofwizzard: folds 
*** RIVER *** [Js Qh Qs 4d] [Ks]
Sergey.V90: checks 
ponchua: checks 
*** SHOW DOWN ***
Sergey.V90: shows [Kc Ts] (two pair, Kings and Queens)
ponchua: shows [Kd Jd] (two pair, Kings and Queens)
Sergey.V90 collected $18.49 from pot
ponchua collected $18.49 from pot
*** SUMMARY ***
Total pot $38.93 | Rake $1.95 
Board [Js Qh Qs 4d Ks]
Seat 4: LuckyShikari
Seat 1: ponchua (button) showed [Kd Jd] and won ($18.49) with two pair, Kings and Queens
Seat 2: LeaveItYeah (small blind) folded before Flop
Seat 3: Pippa83 (big blind) folded on the Flop
Seat 5: Sergey.V90 showed [Kc Ts] and won ($18.49) with two pair, Kings and Queens
Seat 6: payofwizzard folded on the Turn



PokerStars Hand #254579026003:  Hold'em No Limit ($0.50/$1.00 USD) - 2025/01/27 14:42:34 WET [2025/01/27 9:42:34 ET]
Table 'Vigdis IV' 6-max Seat #2 is the button
Seat 5: Sergey.V90 ($118.76 in chips) is sitting out
Seat 1: ponchua ($125.04 in chips) 
Seat 2: LeaveItYeah ($100 in chips) 
Seat 3: Pippa83 ($102.50 in chips) 
Seat 4: LuckyShikari ($110.33 in chips) 
Seat 6: payofwizzard ($36.87 in chips) 
Pippa83: posts small blind $0.50
LuckyShikari: posts big blind $1
*** HOLE CARDS ***
payofwizzard: folds 
ponchua: folds 
Sergey.V90 leaves the table
LeaveItYeah: folds 
Pippa83: raises $2 to $3
LuckyShikari: calls $2
*** FLOP *** [3d 2d 6s]
Pippa83: checks 
LuckyShikari: checks 
*** TURN *** [3d 2d 6s] [6h]
Pippa83: checks 
LuckyShikari: checks 
*** RIVER *** [3d 2d 6s 6h] [2s]
Pippa83: checks 
LuckyShikari: bets $3
Pippa83: calls $3
*** SHOW DOWN ***
LuckyShikari: shows [Qc 4c] (two pair, Sixes and Deuces)
Pippa83: shows [Kc Js] (two pair, Sixes and Deuces - King kicker)
Pippa83 collected $11.40 from pot
*** SUMMARY ***
Total pot $12 | Rake $0.60 
Board [3d 2d 6s 6h 2s]
Seat 5: Sergey.V90
Seat 1: ponchua folded before Flop (didn't bet)
Seat 2: LeaveItYeah (button) folded before Flop (didn't bet)
Seat 3: Pippa83 (small blind) showed [Kc Js] and won ($11.40) with two pair, Sixes and Deuces
Seat 4: LuckyShikari (big blind) showed [Qc 4c] and lost with two pair, Sixes and Deuces
Seat 6: payofwizzard folded before Flop (didn't bet)



PokerStars Hand #254579039620:  Hold'em No Limit ($0.50/$1.00 USD) - 2025/01/27 14:43:46 WET [2025/01/27 9:43:46 ET]
Table 'Vigdis IV' 6-max Seat #3 is the button
Seat 1: ponchua ($125.04 in chips) 
Seat 2: LeaveItYeah ($100 in chips) 
Seat 3: Pippa83 ($107.90 in chips) 
Seat 4: LuckyShikari ($104.33 in chips) 
Seat 6: payofwizzard ($36.87 in chips) 
LuckyShikari: posts small blind $0.50
payofwizzard: posts big blind $1
*** HOLE CARDS ***
ponchua: folds 
LeaveItYeah: folds 
Pippa83: folds 
LuckyShikari: raises $2 to $3
payofwizzard: folds 
Uncalled bet ($2) returned to LuckyShikari
LuckyShikari collected $2 from pot
LuckyShikari: doesn't show hand 
*** SUMMARY ***
Total pot $2 | Rake $0 
Seat 1: ponchua folded before Flop (didn't bet)
Seat 2: LeaveItYeah folded before Flop (didn't bet)
Seat 3: Pippa83 (button) folded before Flop (didn't bet)
Seat 4: LuckyShikari (small blind) collected ($2)
Seat 6: payofwizzard (big blind) folded before Flop



PokerStars Hand #254579043697:  Hold'em No Limit ($0.50/$1.00 USD) - 2025/01/27 14:44:08 WET [2025/01/27 9:44:08 ET]
Table 'Vigdis IV' 6-max Seat #4 is the button
Seat 1: ponchua ($125.04 in chips) 
Seat 2: LeaveItYeah ($100 in chips) 
Seat 3: Pippa83 ($107.90 in chips) 
Seat 4: LuckyShikari ($105.33 in chips) 
Seat 6: payofwizzard ($35.87 in chips) 
payofwizzard: posts small blind $0.50
ponchua: posts big blind $1
*** HOLE CARDS ***
LeaveItYeah: raises $1.10 to $2.10
Pippa83: folds 
LuckyShikari: folds 
payofwizzard: calls $1.60
ponchua: folds 
*** FLOP *** [9s 5h 9h]
payofwizzard: checks 
LeaveItYeah: bets $1.98
payofwizzard: raises $3.98 to $5.96
habib beye joins the table at seat #5 
LeaveItYeah: raises $15.54 to $21.50
payofwizzard: raises $12.27 to $33.77 and is all-in
LeaveItYeah: calls $12.27
*** TURN *** [9s 5h 9h] [2s]
*** RIVER *** [9s 5h 9h 2s] [4d]
*** SHOW DOWN ***
payofwizzard: shows [Qh Jh] (a pair of Nines)
LeaveItYeah: shows [Td Tc] (two pair, Tens and Nines)
LeaveItYeah collected $70.24 from pot
*** SUMMARY ***
Total pot $72.74 | Rake $2.50 
Board [9s 5h 9h 2s 4d]
Seat 1: ponchua (big blind) folded before Flop
Seat 2: LeaveItYeah showed [Td Tc] and won ($70.24) with two pair, Tens and Nines
Seat 3: Pippa83 folded before Flop (didn't bet)
Seat 4: LuckyShikari (button) folded before Flop (didn't bet)
Seat 6: payofwizzard (small blind) showed [Qh Jh] and lost with a pair of Nines



PokerStars Hand #254579055577:  Hold'em No Limit ($0.50/$1.00 USD) - 2025/01/27 14:45:10 WET [2025/01/27 9:45:10 ET]
Table 'Vigdis IV' 6-max Seat #1 is the button
Seat 3: Pippa83 ($107.90 in chips) is sitting out
Seat 5: habib beye ($100 in chips) is sitting out
Seat 6: payofwizzard ($0 in chips) is sitting out
Seat 1: ponchua ($124.04 in chips) 
Seat 2: LeaveItYeah ($134.37 in chips) 
Seat 4: LuckyShikari ($105.33 in chips) 
LeaveItYeah: posts small blind $0.50
Pippa83: is sitting out 
LuckyShikari: posts big blind $1
habib beye: sits out 
*** HOLE CARDS ***
Pippa83 leaves the table
ponchua: raises $1.50 to $2.50
payofwizzard is disconnected 
LeaveItYeah: raises $9.50 to $12
LuckyShikari: folds 
ponchua: raises $14 to $26
LeaveItYeah: folds 
Uncalled bet ($14) returned to ponchua
ponchua collected $25 from pot
ponchua: doesn't show hand 
*** SUMMARY ***
Total pot $25 | Rake $0 
Seat 3: Pippa83
Seat 5: habib beye
Seat 6: payofwizzard
Seat 1: ponchua (button) collected ($25)
Seat 2: LeaveItYeah (small blind) folded before Flop
Seat 4: LuckyShikari (big blind) folded before Flop



PokerStars Hand #254579065471:  Hold'em No Limit ($0.50/$1.00 USD) - 2025/01/27 14:46:02 WET [2025/01/27 9:46:02 ET]
Table 'Vigdis IV' 6-max Seat #2 is the button
Seat 6: payofwizzard ($0 in chips) is sitting out
Seat 1: ponchua ($137.04 in chips) 
Seat 2: LeaveItYeah ($122.37 in chips) 
Seat 4: LuckyShikari ($104.33 in chips) 
Seat 5: habib beye ($100 in chips) 
LuckyShikari: posts small blind $0.50
habib beye: posts big blind $1
*** HOLE CARDS ***
ponchua: folds 
LeaveItYeah: raises $1.50 to $2.50
LuckyShikari: folds 
habib beye: folds 
Uncalled bet ($1.50) returned to LeaveItYeah
ponchua leaves the table
LeaveItYeah collected $2.50 from pot
LeaveItYeah: doesn't show hand 
*** SUMMARY ***
Total pot $2.50 | Rake $0 
Seat 6: payofwizzard
Seat 1: ponchua folded before Flop (didn't bet)
Seat 2: LeaveItYeah (button) collected ($2.50)
Seat 4: LuckyShikari (small blind) folded before Flop
Seat 5: habib beye (big blind) folded before Flop



PokerStars Hand #254579068381:  Hold'em No Limit ($0.50/$1.00 USD) - 2025/01/27 14:46:18 WET [2025/01/27 9:46:18 ET]
Table 'Vigdis IV' 6-max Seat #4 is the button
Seat 6: payofwizzard ($0 in chips) is sitting out
Seat 2: LeaveItYeah ($123.87 in chips) 
Seat 4: LuckyShikari ($103.83 in chips) 
Seat 5: habib beye ($100 in chips) 
habib beye: posts small blind $0.50
LeaveItYeah: posts big blind $1
*** HOLE CARDS ***
LuckyShikari: raises $1 to $2
habib beye: raises $8 to $10
LeaveItYeah: folds 
LuckyShikari: calls $8
*** FLOP *** [9c 6d 2d]
habib beye: bets $11.80
LuckyShikari: folds 
Uncalled bet ($11.80) returned to habib beye
habib beye collected $20 from pot
*** SUMMARY ***
Total pot $21 | Rake $1 
Board [9c 6d 2d]
Seat 6: payofwizzard
Seat 2: LeaveItYeah (big blind) folded before Flop
Seat 4: LuckyShikari (button) folded on the Flop
Seat 5: habib beye (small blind) collected ($20)



PokerStars Hand #254579075578:  Hold'em No Limit ($0.50/$1.00 USD) - 2025/01/27 14:46:56 WET [2025/01/27 9:46:56 ET]
Table 'Vigdis IV' 6-max Seat #5 is the button
Seat 6: payofwizzard ($0 in chips) is sitting out
Seat 2: LeaveItYeah ($122.87 in chips) 
Seat 4: LuckyShikari ($100 in chips) 
Seat 5: habib beye ($110 in chips) 
LeaveItYeah: posts small blind $0.50
LuckyShikari: posts big blind $1
*** HOLE CARDS ***
habib beye: folds 
LeaveItYeah: raises $2 to $3
LuckyShikari: folds 
Uncalled bet ($2) returned to LeaveItYeah
LeaveItYeah collected $2 from pot
LeaveItYeah: doesn't show hand 
*** SUMMARY ***
Total pot $2 | Rake $0 
Seat 6: payofwizzard
Seat 2: LeaveItYeah (small blind) collected ($2)
Seat 4: LuckyShikari (big blind) folded before Flop
Seat 5: habib beye (button) folded before Flop (didn't bet)



PokerStars Hand #254579079411:  Hold'em No Limit ($0.50/$1.00 USD) - 2025/01/27 14:47:16 WET [2025/01/27 9:47:16 ET]
Table 'Vigdis IV' 6-max Seat #2 is the button
Seat 6: payofwizzard ($0 in chips) is sitting out
Seat 2: LeaveItYeah ($123.87 in chips) 
Seat 4: LuckyShikari ($100 in chips) 
Seat 5: habib beye ($110 in chips) 
LuckyShikari: posts small blind $0.50
habib beye: posts big blind $1
*** HOLE CARDS ***
LeaveItYeah: folds 
LuckyShikari: raises $1 to $2
habib beye: raises $6 to $8
LuckyShikari: calls $6
*** FLOP *** [2s Qh 9s]
LuckyShikari: checks 
habib beye: checks 
*** TURN *** [2s Qh 9s] [8d]
LuckyShikari: checks 
habib beye: checks 
*** RIVER *** [2s Qh 9s 8d] [Td]
LuckyShikari: checks 
habib beye: bets $8.69
LuckyShikari: folds 
Uncalled bet ($8.69) returned to habib beye
habib beye collected $15.20 from pot
*** SUMMARY ***
Total pot $16 | Rake $0.80 
Board [2s Qh 9s 8d Td]
Seat 6: payofwizzard
Seat 2: LeaveItYeah (button) folded before Flop (didn't bet)
Seat 4: LuckyShikari (small blind) folded on the River
Seat 5: habib beye (big blind) collected ($15.20)



PokerStars Hand #254579095280:  Hold'em No Limit ($0.50/$1.00 USD) - 2025/01/27 14:48:41 WET [2025/01/27 9:48:41 ET]
Table 'Vigdis IV' 6-max Seat #5 is the button
Seat 2: LeaveItYeah ($123.87 in chips) is sitting out
Seat 6: payofwizzard ($0 in chips) is sitting out
Seat 4: LuckyShikari ($100 in chips) 
Seat 5: habib beye ($117.20 in chips) 
habib beye: posts small blind $0.50
LeaveItYeah: is sitting out 
LuckyShikari: posts big blind $1
*** HOLE CARDS ***
habib beye: folds 
Uncalled bet ($0.50) returned to LuckyShikari
LuckyShikari collected $1 from pot
LuckyShikari: doesn't show hand 
*** SUMMARY ***
Total pot $1 | Rake $0 
Seat 2: LeaveItYeah
Seat 6: payofwizzard
Seat 4: LuckyShikari (big blind) collected ($1)
Seat 5: habib beye (button) (small blind) folded before Flop



PokerStars Hand #254579096474:  Hold'em No Limit ($0.50/$1.00 USD) - 2025/01/27 14:48:47 WET [2025/01/27 9:48:47 ET]
Table 'Vigdis IV' 6-max Seat #4 is the button
Seat 2: LeaveItYeah ($123.87 in chips) is sitting out
Seat 6: payofwizzard ($0 in chips) is sitting out
Seat 4: LuckyShikari ($100.50 in chips) 
Seat 5: habib beye ($116.70 in chips) 
LuckyShikari: posts small blind $0.50
habib beye: posts big blind $1
*** HOLE CARDS ***
LeaveItYeah leaves the table
LuckyShikari: raises $1 to $2
habib beye: folds 
Uncalled bet ($1) returned to LuckyShikari
LuckyShikari collected $2 from pot
LuckyShikari: doesn't show hand 
*** SUMMARY ***
Total pot $2 | Rake $0 
Seat 2: LeaveItYeah
Seat 6: payofwizzard
Seat 4: LuckyShikari (button) (small blind) collected ($2)
Seat 5: habib beye (big blind) folded before Flop



PokerStars Hand #254579100287:  Hold'em No Limit ($0.50/$1.00 USD) - 2025/01/27 14:49:07 WET [2025/01/27 9:49:07 ET]
Table 'Vigdis IV' 6-max Seat #5 is the button
Seat 6: payofwizzard ($0 in chips) is sitting out
Seat 4: LuckyShikari ($101.50 in chips) 
Seat 5: habib beye ($115.70 in chips) 
habib beye: posts small blind $0.50
LuckyShikari: posts big blind $1
*** HOLE CARDS ***
habib beye: raises $1.50 to $2.50
LuckyShikari: calls $1.50
*** FLOP *** [Kh 4s 6h]
DJNezz joins the table at seat #1 
nastja336 joins the table at seat #2 
LuckyShikari: checks 
habib beye: bets $2.09
LuckyShikari: folds 
Uncalled bet ($2.09) returned to habib beye
habib beye collected $4.75 from pot
*** SUMMARY ***
Total pot $5 | Rake $0.25 
Board [Kh 4s 6h]
Seat 6: payofwizzard
Seat 4: LuckyShikari (big blind) folded on the Flop
Seat 5: habib beye (button) (small blind) collected ($4.75)



PokerStars Hand #254579104309:  Hold'em No Limit ($0.50/$1.00 USD) - 2025/01/27 14:49:28 WET [2025/01/27 9:49:28 ET]
Table 'Vigdis IV' 6-max Seat #4 is the button
Seat 2: nastja336 ($102.50 in chips) is sitting out
Seat 6: payofwizzard ($0 in chips) is sitting out
Seat 1: DJNezz ($100 in chips) 
Seat 4: LuckyShikari ($100 in chips) 
Seat 5: habib beye ($117.95 in chips) 
habib beye: posts small blind $0.50
DJNezz: posts big blind $1
nastja336: sits out 
*** HOLE CARDS ***
LuckyShikari: raises $2 to $3
habib beye: folds 
DJNezz: calls $2
*** FLOP *** [Ad Th 6h]
DJNezz: checks 
LuckyShikari: bets $2
DJNezz: folds 
Uncalled bet ($2) returned to LuckyShikari
LuckyShikari collected $6.18 from pot
LuckyShikari: doesn't show hand 
*** SUMMARY ***
Total pot $6.50 | Rake $0.32 
Board [Ad Th 6h]
Seat 2: nastja336
Seat 6: payofwizzard
Seat 1: DJNezz (big blind) folded on the Flop
Seat 4: LuckyShikari (button) collected ($6.18)
Seat 5: habib beye (small blind) folded before Flop



PokerStars Hand #254579112218:  Hold'em No Limit ($0.50/$1.00 USD) - 2025/01/27 14:50:09 WET [2025/01/27 9:50:09 ET]
Table 'Vigdis IV' 6-max Seat #5 is the button
Seat 6: payofwizzard ($0 in chips) is sitting out
Seat 1: DJNezz ($100 in chips) 
Seat 2: nastja336 ($102.50 in chips) 
Seat 4: LuckyShikari ($103.18 in chips) 
Seat 5: habib beye ($117.45 in chips) 
DJNezz: posts small blind $0.50
nastja336: posts big blind $1
*** HOLE CARDS ***
LuckyShikari: raises $2.50 to $3.50
habib beye: folds 
DJNezz: folds 
nastja336: calls $2.50
*** FLOP *** [5s 5d Ac]
nastja336: checks 
LuckyShikari: bets $2
nastja336: folds 
Uncalled bet ($2) returned to LuckyShikari
LuckyShikari collected $7.12 from pot
LuckyShikari: doesn't show hand 
*** SUMMARY ***
Total pot $7.50 | Rake $0.38 
Board [5s 5d Ac]
Seat 6: payofwizzard
Seat 1: DJNezz (small blind) folded before Flop
Seat 2: nastja336 (big blind) folded on the Flop
Seat 4: LuckyShikari collected ($7.12)
Seat 5: habib beye (button) folded before Flop (didn't bet)



PokerStars Hand #254579119917:  Hold'em No Limit ($0.50/$1.00 USD) - 2025/01/27 14:50:50 WET [2025/01/27 9:50:50 ET]
Table 'Vigdis IV' 6-max Seat #1 is the button
Seat 6: payofwizzard ($0 in chips) is sitting out
Seat 1: DJNezz ($100 in chips) 
Seat 2: nastja336 ($100 in chips) 
Seat 4: LuckyShikari ($106.80 in chips) 
Seat 5: habib beye ($117.45 in chips) 
nastja336: posts small blind $0.50
LuckyShikari: posts big blind $1
*** HOLE CARDS ***
habib beye: folds 
DJNezz: folds 
nastja336: folds 
Uncalled bet ($0.50) returned to LuckyShikari
LuckyShikari collected $1 from pot
LuckyShikari: doesn't show hand 
*** SUMMARY ***
Total pot $1 | Rake $0 
Seat 6: payofwizzard
Seat 1: DJNezz (button) folded before Flop (didn't bet)
Seat 2: nastja336 (small blind) folded before Flop
Seat 4: LuckyShikari (big blind) collected ($1)
Seat 5: habib beye folded before Flop (didn't bet)



PokerStars Hand #254579123142:  Hold'em No Limit ($0.50/$1.00 USD) - 2025/01/27 14:51:06 WET [2025/01/27 9:51:06 ET]
Table 'Vigdis IV' 6-max Seat #2 is the button
Seat 6: payofwizzard ($0 in chips) is sitting out
Seat 1: DJNezz ($100 in chips) 
Seat 2: nastja336 ($100 in chips) 
Seat 4: LuckyShikari ($107.30 in chips) 
Seat 5: habib beye ($117.45 in chips) 
LuckyShikari: posts small blind $0.50
habib beye: posts big blind $1
*** HOLE CARDS ***
DJNezz: folds 
nastja336: folds 
LuckyShikari: raises $1 to $2
habib beye: calls $1
*** FLOP *** [Js 4s 6c]
LuckyShikari: checks 
habib beye: checks 
*** TURN *** [Js 4s 6c] [8s]
LuckyShikari: checks 
habib beye: checks 
*** RIVER *** [Js 4s 6c 8s] [Qd]
LuckyShikari: checks 
habib beye: bets $2.89
LuckyShikari: folds 
Uncalled bet ($2.89) returned to habib beye
habib beye collected $3.80 from pot
*** SUMMARY ***
Total pot $4 | Rake $0.20 
Board [Js 4s 6c 8s Qd]
Seat 6: payofwizzard
Seat 1: DJNezz folded before Flop (didn't bet)
Seat 2: nastja336 (button) folded before Flop (didn't bet)
Seat 4: LuckyShikari (small blind) folded on the River
Seat 5: habib beye (big blind) collected ($3.80)



PokerStars Hand #254579136050:  Hold'em No Limit ($0.50/$1.00 USD) - 2025/01/27 14:52:14 WET [2025/01/27 9:52:14 ET]
Table 'Vigdis IV' 6-max Seat #4 is the button
Seat 6: payofwizzard ($0 in chips) is sitting out
Seat 1: DJNezz ($100 in chips) 
Seat 2: nastja336 ($100 in chips) 
Seat 4: LuckyShikari ($105.30 in chips) 
Seat 5: habib beye ($119.25 in chips) 
habib beye: posts small blind $0.50
DJNezz: posts big blind $1
*** HOLE CARDS ***
nastja336: folds 
LuckyShikari: folds 
habib beye: folds 
Uncalled bet ($0.50) returned to DJNezz
DJNezz collected $1 from pot
*** SUMMARY ***
Total pot $1 | Rake $0 
Seat 6: payofwizzard
Seat 1: DJNezz (big blind) collected ($1)
Seat 2: nastja336 folded before Flop (didn't bet)
Seat 4: LuckyShikari (button) folded before Flop (didn't bet)
Seat 5: habib beye (small blind) folded before Flop



PokerStars Hand #254579138947:  Hold'em No Limit ($0.50/$1.00 USD) - 2025/01/27 14:52:30 WET [2025/01/27 9:52:30 ET]
Table 'Vigdis IV' 6-max Seat #5 is the button
Seat 2: nastja336 ($100 in chips) is sitting out
Seat 6: payofwizzard ($0 in chips) is sitting out
Seat 1: DJNezz ($100.50 in chips) 
Seat 4: LuckyShikari ($105.30 in chips) 
Seat 5: habib beye ($118.75 in chips) 
DJNezz: posts small blind $0.50
nastja336: is sitting out 
LuckyShikari: posts big blind $1
*** HOLE CARDS ***
nastja336 leaves the table
habib beye: folds 
DJNezz: raises $2 to $3
LuckyShikari: folds 
Uncalled bet ($2) returned to DJNezz
DJNezz collected $2 from pot
*** SUMMARY ***
Total pot $2 | Rake $0 
Seat 2: nastja336
Seat 6: payofwizzard
Seat 1: DJNezz (small blind) collected ($2)
Seat 4: LuckyShikari (big blind) folded before Flop
Seat 5: habib beye (button) folded before Flop (didn't bet)



PokerStars Hand #254579142336:  Hold'em No Limit ($0.50/$1.00 USD) - 2025/01/27 14:52:47 WET [2025/01/27 9:52:47 ET]
Table 'Vigdis IV' 6-max Seat #1 is the button
Seat 6: payofwizzard ($0 in chips) is sitting out
Seat 1: DJNezz ($101.50 in chips) 
Seat 4: LuckyShikari ($104.30 in chips) 
Seat 5: habib beye ($118.75 in chips) 
LuckyShikari: posts small blind $0.50
habib beye: posts big blind $1
*** HOLE CARDS ***
DJNezz: folds 
LuckyShikari: raises $1 to $2
habib beye: raises $6 to $8
Brookstj500 joins the table at seat #2 
BronsonJC joins the table at seat #3 
LuckyShikari: calls $6
*** FLOP *** [2h 6h 3s]
LuckyShikari: checks 
habib beye: bets $8.69
LuckyShikari: raises $16.31 to $25
habib beye: folds 
Uncalled bet ($16.31) returned to LuckyShikari
LuckyShikari collected $32.38 from pot
LuckyShikari: doesn't show hand 
*** SUMMARY ***
Total pot $33.38 | Rake $1 
Board [2h 6h 3s]
Seat 6: payofwizzard
Seat 1: DJNezz (button) folded before Flop (didn't bet)
Seat 4: LuckyShikari (small blind) collected ($32.38)
Seat 5: habib beye (big blind) folded on the Flop



PokerStars Hand #254579155578:  Hold'em No Limit ($0.50/$1.00 USD) - 2025/01/27 14:53:56 WET [2025/01/27 9:53:56 ET]
Table 'Vigdis IV' 6-max Seat #4 is the button
Seat 2: Brookstj500 ($40 in chips) is sitting out
Seat 3: BronsonJC ($100 in chips) is sitting out
Seat 6: payofwizzard ($0 in chips) is sitting out
Seat 1: DJNezz ($101.50 in chips) 
Seat 4: LuckyShikari ($119.99 in chips) 
Seat 5: habib beye ($102.06 in chips) 
habib beye: posts small blind $0.50
DJNezz: posts big blind $1
Brookstj500: sits out 
BronsonJC: sits out 
*** HOLE CARDS ***
LuckyShikari: folds 
habib beye: folds 
Uncalled bet ($0.50) returned to DJNezz
DJNezz collected $1 from pot
payofwizzard leaves the table
*** SUMMARY ***
Total pot $1 | Rake $0 
Seat 2: Brookstj500
Seat 3: BronsonJC
Seat 6: payofwizzard
Seat 1: DJNezz (big blind) collected ($1)
Seat 4: LuckyShikari (button) folded before Flop (didn't bet)
Seat 5: habib beye (small blind) folded before Flop



PokerStars Hand #254579157941:  Hold'em No Limit ($0.50/$1.00 USD) - 2025/01/27 14:54:08 WET [2025/01/27 9:54:08 ET]
Table 'Vigdis IV' 6-max Seat #5 is the button
Seat 3: BronsonJC ($100 in chips) is sitting out
Seat 1: DJNezz ($102 in chips) 
Seat 2: Brookstj500 ($40 in chips) 
Seat 4: LuckyShikari ($119.99 in chips) 
Seat 5: habib beye ($101.56 in chips) 
DJNezz: posts small blind $0.50
Brookstj500: posts big blind $1
BronsonJC: sits out 
*** HOLE CARDS ***
tintin641 joins the table at seat #6 
LuckyShikari: folds 
habib beye: folds 
DJNezz: folds 
Uncalled bet ($0.50) returned to Brookstj500
Brookstj500 collected $1 from pot
Brookstj500: doesn't show hand 
*** SUMMARY ***
Total pot $1 | Rake $0 
Seat 3: BronsonJC
Seat 1: DJNezz (small blind) folded before Flop
Seat 2: Brookstj500 (big blind) collected ($1)
Seat 4: LuckyShikari folded before Flop (didn't bet)
Seat 5: habib beye (button) folded before Flop (didn't bet)



PokerStars Hand #254579161279:  Hold'em No Limit ($0.50/$1.00 USD) - 2025/01/27 14:54:26 WET [2025/01/27 9:54:26 ET]
Table 'Vigdis IV' 6-max Seat #1 is the button
Seat 6: tintin641 ($100 in chips) is sitting out
Seat 1: DJNezz ($101.50 in chips) 
Seat 2: Brookstj500 ($40.50 in chips) 
Seat 3: BronsonJC ($100 in chips) 
Seat 4: LuckyShikari ($119.99 in chips) 
Seat 5: habib beye ($101.56 in chips) 
Brookstj500: posts small blind $0.50
BronsonJC: posts big blind $1
tintin641: sits out 
*** HOLE CARDS ***
LuckyShikari: folds 
habib beye: raises $1.30 to $2.30
DJNezz: calls $2.30
Brookstj500: folds 
BronsonJC: folds 
*** FLOP *** [Tc Kc 5s]
habib beye: bets $2.55
DJNezz: folds 
Uncalled bet ($2.55) returned to habib beye
habib beye collected $5.80 from pot
*** SUMMARY ***
Total pot $6.10 | Rake $0.30 
Board [Tc Kc 5s]
Seat 6: tintin641
Seat 1: DJNezz (button) folded on the Flop
Seat 2: Brookstj500 (small blind) folded before Flop
Seat 3: BronsonJC (big blind) folded before Flop
Seat 4: LuckyShikari folded before Flop (didn't bet)
Seat 5: habib beye collected ($5.80)



PokerStars Hand #254579167096:  Hold'em No Limit ($0.50/$1.00 USD) - 2025/01/27 14:54:56 WET [2025/01/27 9:54:56 ET]
Table 'Vigdis IV' 6-max Seat #2 is the button
Seat 6: tintin641 ($100 in chips) is sitting out
Seat 1: DJNezz ($100 in chips) 
Seat 2: Brookstj500 ($40 in chips) 
Seat 3: BronsonJC ($100 in chips) 
Seat 4: LuckyShikari ($119.99 in chips) 
Seat 5: habib beye ($105.06 in chips) 
BronsonJC: posts small blind $0.50
LuckyShikari: posts big blind $1
tintin641: sits out 
*** HOLE CARDS ***
habib beye: folds 
DJNezz: raises $1.20 to $2.20
Brookstj500: folds 
BronsonJC: folds 
LuckyShikari: calls $1.20
*** FLOP *** [Ad 7c 7h]
LuckyShikari: bets $3.50
DJNezz: folds 
Uncalled bet ($3.50) returned to LuckyShikari
LuckyShikari collected $4.66 from pot
LuckyShikari: doesn't show hand 
*** SUMMARY ***
Total pot $4.90 | Rake $0.24 
Board [Ad 7c 7h]
Seat 6: tintin641
Seat 1: DJNezz folded on the Flop
Seat 2: Brookstj500 (button) folded before Flop (didn't bet)
Seat 3: BronsonJC (small blind) folded before Flop
Seat 4: LuckyShikari (big blind) collected ($4.66)
Seat 5: habib beye folded before Flop (didn't bet)



PokerStars Hand #254579173421:  Hold'em No Limit ($0.50/$1.00 USD) - 2025/01/27 14:55:35 WET [2025/01/27 9:55:35 ET]
Table 'Vigdis IV' 6-max Seat #3 is the button
Seat 6: tintin641 ($100 in chips) is sitting out
Seat 1: DJNezz ($100 in chips) 
Seat 2: Brookstj500 ($40 in chips) 
Seat 3: BronsonJC ($100 in chips) 
Seat 4: LuckyShikari ($122.45 in chips) 
Seat 5: habib beye ($105.06 in chips) 
LuckyShikari: posts small blind $0.50
habib beye: posts big blind $1
tintin641: sits out 
*** HOLE CARDS ***
DJNezz: folds 
Brookstj500: folds 
BronsonJC: folds 
LuckyShikari: raises $1 to $2
habib beye: folds 
Uncalled bet ($1) returned to LuckyShikari
LuckyShikari collected $2 from pot
LuckyShikari: doesn't show hand 
*** SUMMARY ***
Total pot $2 | Rake $0 
Seat 6: tintin641
Seat 1: DJNezz folded before Flop (didn't bet)
Seat 2: Brookstj500 folded before Flop (didn't bet)
Seat 3: BronsonJC (button) folded before Flop (didn't bet)
Seat 4: LuckyShikari (small blind) collected ($2)
Seat 5: habib beye (big blind) folded before Flop



PokerStars Hand #254579176092:  Hold'em No Limit ($0.50/$1.00 USD) - 2025/01/27 14:55:53 WET [2025/01/27 9:55:53 ET]
Table 'Vigdis IV' 6-max Seat #4 is the button
Seat 1: DJNezz ($100 in chips) 
Seat 2: Brookstj500 ($40 in chips) 
Seat 3: BronsonJC ($100 in chips) 
Seat 4: LuckyShikari ($123.45 in chips) 
Seat 5: habib beye ($104.06 in chips) 
Seat 6: tintin641 ($100 in chips) 
habib beye: posts small blind $0.50
tintin641: posts big blind $1
*** HOLE CARDS ***
DJNezz: folds 
Brookstj500: calls $1
BronsonJC: folds 
LuckyShikari: folds 
habib beye: folds 
tintin641: raises $4 to $5
Brookstj500: folds 
Uncalled bet ($4) returned to tintin641
tintin641 collected $2.50 from pot
tintin641: doesn't show hand 
*** SUMMARY ***
Total pot $2.50 | Rake $0 
Seat 1: DJNezz folded before Flop (didn't bet)
Seat 2: Brookstj500 folded before Flop
Seat 3: BronsonJC folded before Flop (didn't bet)
Seat 4: LuckyShikari (button) folded before Flop (didn't bet)
Seat 5: habib beye (small blind) folded before Flop
Seat 6: tintin641 (big blind) collected ($2.50)



PokerStars Hand #254579179668:  Hold'em No Limit ($0.50/$1.00 USD) - 2025/01/27 14:56:16 WET [2025/01/27 9:56:16 ET]
Table 'Vigdis IV' 6-max Seat #5 is the button
Seat 1: DJNezz ($100 in chips) 
Seat 2: Brookstj500 ($39 in chips) 
Seat 3: BronsonJC ($100 in chips) 
Seat 4: LuckyShikari ($123.45 in chips) 
Seat 5: habib beye ($103.56 in chips) 
Seat 6: tintin641 ($101.50 in chips) 
tintin641: posts small blind $0.50
DJNezz: posts big blind $1
*** HOLE CARDS ***
Brookstj500: calls $1
BronsonJC: folds 
LuckyShikari: folds 
habib beye: folds 
tintin641: raises $4 to $5
DJNezz: folds 
Brookstj500: calls $4
*** FLOP *** [Th 9c 2h]
tintin641: bets $3.45
Brookstj500: calls $3.45
*** TURN *** [Th 9c 2h] [6h]
tintin641: checks 
Brookstj500: checks 
*** RIVER *** [Th 9c 2h 6h] [Kh]
tintin641: checks 
Brookstj500: checks 
*** SHOW DOWN ***
tintin641: shows [Jd Kd] (a pair of Kings)
Brookstj500: shows [Ks Js] (a pair of Kings)
tintin641 collected $8.50 from pot
Brookstj500 collected $8.50 from pot
*** SUMMARY ***
Total pot $17.90 | Rake $0.90 
Board [Th 9c 2h 6h Kh]
Seat 1: DJNezz (big blind) folded before Flop
Seat 2: Brookstj500 showed [Ks Js] and won ($8.50) with a pair of Kings
Seat 3: BronsonJC folded before Flop (didn't bet)
Seat 4: LuckyShikari folded before Flop (didn't bet)
Seat 5: habib beye (button) folded before Flop (didn't bet)
Seat 6: tintin641 (small blind) showed [Jd Kd] and won ($8.50) with a pair of Kings



PokerStars Hand #254579191072:  Hold'em No Limit ($0.50/$1.00 USD) - 2025/01/27 14:57:31 WET [2025/01/27 9:57:31 ET]
Table 'Vigdis IV' 6-max Seat #6 is the button
Seat 1: DJNezz ($100 in chips) 
Seat 2: Brookstj500 ($39.05 in chips) 
Seat 3: BronsonJC ($100 in chips) 
Seat 4: LuckyShikari ($123.45 in chips) 
Seat 5: habib beye ($103.56 in chips) 
Seat 6: tintin641 ($101.55 in chips) 
DJNezz: posts small blind $0.50
Brookstj500: posts big blind $1
*** HOLE CARDS ***
BronsonJC: folds 
LuckyShikari: folds 
habib beye: folds 
tintin641: raises $1.50 to $2.50
DJNezz: folds 
Brookstj500: folds 
Uncalled bet ($1.50) returned to tintin641
tintin641 collected $2.50 from pot
tintin641: doesn't show hand 
*** SUMMARY ***
Total pot $2.50 | Rake $0 
Seat 1: DJNezz (small blind) folded before Flop
Seat 2: Brookstj500 (big blind) folded before Flop
Seat 3: BronsonJC folded before Flop (didn't bet)
Seat 4: LuckyShikari folded before Flop (didn't bet)
Seat 5: habib beye folded before Flop (didn't bet)
Seat 6: tintin641 (button) collected ($2.50)



PokerStars Hand #254579197087:  Hold'em No Limit ($0.50/$1.00 USD) - 2025/01/27 14:58:11 WET [2025/01/27 9:58:11 ET]
Table 'Vigdis IV' 6-max Seat #1 is the button
Seat 1: DJNezz ($100 in chips) 
Seat 2: Brookstj500 ($38.05 in chips) 
Seat 3: BronsonJC ($100 in chips) 
Seat 4: LuckyShikari ($123.45 in chips) 
Seat 5: habib beye ($103.56 in chips) 
Seat 6: tintin641 ($103.05 in chips) 
Brookstj500: posts small blind $0.50
BronsonJC: posts big blind $1
*** HOLE CARDS ***
LuckyShikari: folds 
habib beye: folds 
tintin641: folds 
DJNezz: folds 
Brookstj500: calls $0.50
BronsonJC: raises $3.50 to $4.50
Brookstj500: calls $3.50
*** FLOP *** [9c 3s 6d]
Brookstj500: checks 
BronsonJC: bets $4
Brookstj500: calls $4
*** TURN *** [9c 3s 6d] [Td]
Brookstj500: checks 
BronsonJC: bets $12.44
Brookstj500: folds 
Uncalled bet ($12.44) returned to BronsonJC
BronsonJC collected $16.15 from pot
BronsonJC: doesn't show hand 
*** SUMMARY ***
Total pot $17 | Rake $0.85 
Board [9c 3s 6d Td]
Seat 1: DJNezz (button) folded before Flop (didn't bet)
Seat 2: Brookstj500 (small blind) folded on the Turn
Seat 3: BronsonJC (big blind) collected ($16.15)
Seat 4: LuckyShikari folded before Flop (didn't bet)
Seat 5: habib beye folded before Flop (didn't bet)
Seat 6: tintin641 folded before Flop (didn't bet)



PokerStars Hand #254579204988:  Hold'em No Limit ($0.50/$1.00 USD) - 2025/01/27 14:59:04 WET [2025/01/27 9:59:04 ET]
Table 'Vigdis IV' 6-max Seat #2 is the button
Seat 4: LuckyShikari ($123.45 in chips) is sitting out
Seat 1: DJNezz ($100 in chips) 
Seat 2: Brookstj500 ($29.55 in chips) 
Seat 3: BronsonJC ($107.65 in chips) 
Seat 5: habib beye ($103.56 in chips) 
Seat 6: tintin641 ($103.05 in chips) 
BronsonJC: posts small blind $0.50
LuckyShikari: is sitting out 
habib beye: posts big blind $1
*** HOLE CARDS ***
tintin641: folds 
DJNezz: raises $1.20 to $2.20
Brookstj500: folds 
BronsonJC: folds 
habib beye: folds 
Uncalled bet ($1.20) returned to DJNezz
DJNezz collected $2.50 from pot
*** SUMMARY ***
Total pot $2.50 | Rake $0 
Seat 4: LuckyShikari
Seat 1: DJNezz collected ($2.50)
Seat 2: Brookstj500 (button) folded before Flop (didn't bet)
Seat 3: BronsonJC (small blind) folded before Flop
Seat 5: habib beye (big blind) folded before Flop
Seat 6: tintin641 folded before Flop (didn't bet)



PokerStars Hand #254579208278:  Hold'em No Limit ($0.50/$1.00 USD) - 2025/01/27 14:59:26 WET [2025/01/27 9:59:26 ET]
Table 'Vigdis IV' 6-max Seat #3 is the button
Seat 4: LuckyShikari ($123.45 in chips) is sitting out
Seat 1: DJNezz ($101.50 in chips) 
Seat 2: Brookstj500 ($29.55 in chips) 
Seat 3: BronsonJC ($107.15 in chips) 
Seat 5: habib beye ($102.56 in chips) 
Seat 6: tintin641 ($103.05 in chips) 
habib beye: posts small blind $0.50
tintin641: posts big blind $1
*** HOLE CARDS ***
DJNezz: folds 
Brookstj500: folds 
BronsonJC: raises $1.50 to $2.50
habib beye: folds 
tintin641: calls $1.50
*** FLOP *** [2s 2h Tc]
tintin641: checks 
BronsonJC: bets $1.31
LuckyShikari leaves the table
tintin641: calls $1.31
*** TURN *** [2s 2h Tc] [Qd]
tintin641: checks 
BronsonJC: bets $5.94
tintin641: folds 
Uncalled bet ($5.94) returned to BronsonJC
BronsonJC collected $7.71 from pot
BronsonJC: doesn't show hand 
*** SUMMARY ***
Total pot $8.12 | Rake $0.41 
Board [2s 2h Tc Qd]
Seat 4: LuckyShikari
Seat 1: DJNezz folded before Flop (didn't bet)
Seat 2: Brookstj500 folded before Flop (didn't bet)
Seat 3: BronsonJC (button) collected ($7.71)
Seat 5: habib beye (small blind) folded before Flop
Seat 6: tintin641 (big blind) folded on the Turn



PokerStars Hand #254579216103:  Hold'em No Limit ($0.50/$1.00 USD) - 2025/01/27 15:00:18 WET [2025/01/27 10:00:18 ET]
Table 'Vigdis IV' 6-max Seat #5 is the button
Seat 1: DJNezz ($101.50 in chips) 
Seat 2: Brookstj500 ($29.55 in chips) 
Seat 3: BronsonJC ($111.05 in chips) 
Seat 5: habib beye ($102.06 in chips) 
Seat 6: tintin641 ($100 in chips) 
tintin641: posts small blind $0.50
DJNezz: posts big blind $1
*** HOLE CARDS ***
Brookstj500: folds 
BronsonJC: folds 
habib beye: folds 
tintin641: folds 
Uncalled bet ($0.50) returned to DJNezz
DJNezz collected $1 from pot
*** SUMMARY ***
Total pot $1 | Rake $0 
Seat 1: DJNezz (big blind) collected ($1)
Seat 2: Brookstj500 folded before Flop (didn't bet)
Seat 3: BronsonJC folded before Flop (didn't bet)
Seat 5: habib beye (button) folded before Flop (didn't bet)
Seat 6: tintin641 (small blind) folded before Flop



PokerStars Hand #254579217901:  Hold'em No Limit ($0.50/$1.00 USD) - 2025/01/27 15:00:30 WET [2025/01/27 10:00:30 ET]
Table 'Vigdis IV' 6-max Seat #6 is the button
Seat 1: DJNezz ($102 in chips) 
Seat 2: Brookstj500 ($29.55 in chips) 
Seat 3: BronsonJC ($111.05 in chips) 
Seat 5: habib beye ($102.06 in chips) 
Seat 6: tintin641 ($100 in chips) 
DJNezz: posts small blind $0.50
Brookstj500: posts big blind $1
*** HOLE CARDS ***
BronsonJC: raises $2 to $3
habib beye: folds 
tintin641: folds 
DJNezz: folds 
Brookstj500: calls $2
*** FLOP *** [9s 4c Qs]
Brookstj500: checks 
BronsonJC: bets $2.04
Brookstj500: folds 
Uncalled bet ($2.04) returned to BronsonJC
BronsonJC collected $6.18 from pot
BronsonJC: doesn't show hand 
*** SUMMARY ***
Total pot $6.50 | Rake $0.32 
Board [9s 4c Qs]
Seat 1: DJNezz (small blind) folded before Flop
Seat 2: Brookstj500 (big blind) folded on the Flop
Seat 3: BronsonJC collected ($6.18)
Seat 5: habib beye folded before Flop (didn't bet)
Seat 6: tintin641 (button) folded before Flop (didn't bet)



PokerStars Hand #254579221586:  Hold'em No Limit ($0.50/$1.00 USD) - 2025/01/27 15:00:52 WET [2025/01/27 10:00:52 ET]
Table 'Vigdis IV' 6-max Seat #1 is the button
Seat 1: DJNezz ($101.50 in chips) 
Seat 2: Brookstj500 ($26.55 in chips) 
Seat 3: BronsonJC ($114.23 in chips) 
Seat 5: habib beye ($102.06 in chips) 
Seat 6: tintin641 ($100 in chips) 
Brookstj500: posts small blind $0.50
BronsonJC: posts big blind $1
*** HOLE CARDS ***
habib beye: folds 
tintin641: folds 
DJNezz: raises $1.20 to $2.20
Brookstj500: calls $1.70
BronsonJC: folds 
*** FLOP *** [7c 8h Js]
Brookstj500: checks 
DJNezz: bets $2.57
Brookstj500: raises $5.14 to $7.71
DJNezz: raises $91.59 to $99.30 and is all-in
Brookstj500: calls $16.64 and is all-in
Uncalled bet ($74.95) returned to DJNezz
*** TURN *** [7c 8h Js] [Jd]
*** RIVER *** [7c 8h Js Jd] [3h]
*** SHOW DOWN ***
Brookstj500: shows [6s 8s] (two pair, Jacks and Eights)
DJNezz: shows [Ts Jc] (three of a kind, Jacks)
DJNezz collected $51.60 from pot
*** SUMMARY ***
Total pot $54.10 | Rake $2.50 
Board [7c 8h Js Jd 3h]
Seat 1: DJNezz (button) showed [Ts Jc] and won ($51.60) with three of a kind, Jacks
Seat 2: Brookstj500 (small blind) showed [6s 8s] and lost with two pair, Jacks and Eights
Seat 3: BronsonJC (big blind) folded before Flop
Seat 5: habib beye folded before Flop (didn't bet)
Seat 6: tintin641 folded before Flop (didn't bet)



PokerStars Hand #254579230517:  Hold'em No Limit ($0.50/$1.00 USD) - 2025/01/27 15:01:41 WET [2025/01/27 10:01:41 ET]
Table 'Vigdis IV' 6-max Seat #3 is the button
Seat 2: Brookstj500 ($0 in chips) is sitting out
Seat 1: DJNezz ($126.55 in chips) 
Seat 3: BronsonJC ($113.23 in chips) 
Seat 5: habib beye ($102.06 in chips) 
Seat 6: tintin641 ($100 in chips) 
habib beye: posts small blind $0.50
tintin641: posts big blind $1
*** HOLE CARDS ***
Brookstj500 leaves the table
DJNezz: folds 
BronsonJC: folds 
habib beye: folds 
Uncalled bet ($0.50) returned to tintin641
tintin641 collected $1 from pot
tintin641: doesn't show hand 
*** SUMMARY ***
Total pot $1 | Rake $0 
Seat 2: Brookstj500
Seat 1: DJNezz folded before Flop (didn't bet)
Seat 3: BronsonJC (button) folded before Flop (didn't bet)
Seat 5: habib beye (small blind) folded before Flop
Seat 6: tintin641 (big blind) collected ($1)



PokerStars Hand #254579232912:  Hold'em No Limit ($0.50/$1.00 USD) - 2025/01/27 15:01:54 WET [2025/01/27 10:01:54 ET]
Table 'Vigdis IV' 6-max Seat #5 is the button
Seat 1: DJNezz ($126.55 in chips) 
Seat 3: BronsonJC ($113.23 in chips) 
Seat 5: habib beye ($101.56 in chips) 
Seat 6: tintin641 ($100.50 in chips) 
tintin641: posts small blind $0.50
DJNezz: posts big blind $1
*** HOLE CARDS ***
BronsonJC: raises $1.50 to $2.50
habib beye: folds 
tintin641: folds 
DJNezz: calls $1.50
*** FLOP *** [5d Ts 2s]
DJNezz: checks 
BronsonJC: checks 
*** TURN *** [5d Ts 2s] [5h]
DJNezz: checks 
BronsonJC: checks 
*** RIVER *** [5d Ts 2s 5h] [3d]
DJNezz: checks 
BronsonJC: checks 
*** SHOW DOWN ***
DJNezz: shows [Ad 8d] (a pair of Fives)
BronsonJC: mucks hand 
nastja336 joins the table at seat #4 
DJNezz collected $5.22 from pot
SamRenza joins the table at seat #2 
*** SUMMARY ***
Total pot $5.50 | Rake $0.28 
Board [5d Ts 2s 5h 3d]
Seat 1: DJNezz (big blind) showed [Ad 8d] and won ($5.22) with a pair of Fives
Seat 3: BronsonJC mucked
Seat 5: habib beye (button) folded before Flop (didn't bet)
Seat 6: tintin641 (small blind) folded before Flop



PokerStars Hand #254579245347:  Hold'em No Limit ($0.50/$1.00 USD) - 2025/01/27 15:02:58 WET [2025/01/27 10:02:58 ET]
Table 'Vigdis IV' 6-max Seat #6 is the button
Seat 4: nastja336 ($100 in chips) is sitting out
Seat 1: DJNezz ($129.27 in chips) 
Seat 2: SamRenza ($80 in chips) 
Seat 3: BronsonJC ($110.73 in chips) 
Seat 5: habib beye ($101.56 in chips) 
Seat 6: tintin641 ($100 in chips) 
DJNezz: posts small blind $0.50
SamRenza: posts big blind $1
nastja336: sits out 
*** HOLE CARDS ***
BronsonJC: folds 
habib beye: folds 
tintin641: folds 
DJNezz: folds 
Uncalled bet ($0.50) returned to SamRenza
SamRenza collected $1 from pot
SamRenza: doesn't show hand 
*** SUMMARY ***
Total pot $1 | Rake $0 
Seat 4: nastja336
Seat 1: DJNezz (small blind) folded before Flop
Seat 2: SamRenza (big blind) collected ($1)
Seat 3: BronsonJC folded before Flop (didn't bet)
Seat 5: habib beye folded before Flop (didn't bet)
Seat 6: tintin641 (button) folded before Flop (didn't bet)



PokerStars Hand #254579247413:  Hold'em No Limit ($0.50/$1.00 USD) - 2025/01/27 15:03:09 WET [2025/01/27 10:03:09 ET]
Table 'Vigdis IV' 6-max Seat #1 is the button
Seat 4: nastja336 ($100 in chips) is sitting out
Seat 1: DJNezz ($128.77 in chips) 
Seat 2: SamRenza ($80.50 in chips) 
Seat 3: BronsonJC ($110.73 in chips) 
Seat 5: habib beye ($101.56 in chips) 
Seat 6: tintin641 ($100 in chips) 
SamRenza: posts small blind $0.50
BronsonJC: posts big blind $1
nastja336: sits out 
*** HOLE CARDS ***
habib beye: folds 
tintin641: folds 
DJNezz: raises $1.20 to $2.20
SamRenza: folds 
BronsonJC: folds 
Uncalled bet ($1.20) returned to DJNezz
DJNezz collected $2.50 from pot
*** SUMMARY ***
Total pot $2.50 | Rake $0 
Seat 4: nastja336
Seat 1: DJNezz (button) collected ($2.50)
Seat 2: SamRenza (small blind) folded before Flop
Seat 3: BronsonJC (big blind) folded before Flop
Seat 5: habib beye folded before Flop (didn't bet)
Seat 6: tintin641 folded before Flop (didn't bet)



PokerStars Hand #254579251288:  Hold'em No Limit ($0.50/$1.00 USD) - 2025/01/27 15:03:29 WET [2025/01/27 10:03:29 ET]
Table 'Vigdis IV' 6-max Seat #2 is the button
Seat 1: DJNezz ($130.27 in chips) 
Seat 2: SamRenza ($80 in chips) 
Seat 3: BronsonJC ($109.73 in chips) 
Seat 4: nastja336 ($100 in chips) 
Seat 5: habib beye ($101.56 in chips) 
Seat 6: tintin641 ($100 in chips) 
BronsonJC: posts small blind $0.50
nastja336: posts big blind $1
*** HOLE CARDS ***
habib beye: folds 
tintin641: folds 
DJNezz: folds 
SamRenza: raises $1 to $2
BronsonJC: folds 
nastja336: folds 
Uncalled bet ($1) returned to SamRenza
SamRenza collected $2.50 from pot
SamRenza: doesn't show hand 
*** SUMMARY ***
Total pot $2.50 | Rake $0 
Seat 1: DJNezz folded before Flop (didn't bet)
Seat 2: SamRenza (button) collected ($2.50)
Seat 3: BronsonJC (small blind) folded before Flop
Seat 4: nastja336 (big blind) folded before Flop
Seat 5: habib beye folded before Flop (didn't bet)
Seat 6: tintin641 folded before Flop (didn't bet)



PokerStars Hand #254579256074:  Hold'em No Limit ($0.50/$1.00 USD) - 2025/01/27 15:03:53 WET [2025/01/27 10:03:53 ET]
Table 'Vigdis IV' 6-max Seat #3 is the button
Seat 1: DJNezz ($130.27 in chips) 
Seat 2: SamRenza ($81.50 in chips) 
Seat 3: BronsonJC ($109.23 in chips) 
Seat 4: nastja336 ($100 in chips) 
Seat 5: habib beye ($101.56 in chips) 
Seat 6: tintin641 ($100 in chips) 
nastja336: posts small blind $0.50
habib beye: posts big blind $1
*** HOLE CARDS ***
tintin641: folds 
DJNezz: folds 
SamRenza: folds 
BronsonJC: raises $1.50 to $2.50
nastja336: folds 
habib beye: folds 
Uncalled bet ($1.50) returned to BronsonJC
BronsonJC collected $2.50 from pot
BronsonJC: doesn't show hand 
*** SUMMARY ***
Total pot $2.50 | Rake $0 
Seat 1: DJNezz folded before Flop (didn't bet)
Seat 2: SamRenza folded before Flop (didn't bet)
Seat 3: BronsonJC (button) collected ($2.50)
Seat 4: nastja336 (small blind) folded before Flop
Seat 5: habib beye (big blind) folded before Flop
Seat 6: tintin641 folded before Flop (didn't bet)



PokerStars Hand #254579261903:  Hold'em No Limit ($0.50/$1.00 USD) - 2025/01/27 15:04:23 WET [2025/01/27 10:04:23 ET]
Table 'Vigdis IV' 6-max Seat #4 is the button
Seat 1: DJNezz ($130.27 in chips) 
Seat 2: SamRenza ($81.50 in chips) 
Seat 3: BronsonJC ($110.73 in chips) 
Seat 4: nastja336 ($100 in chips) 
Seat 5: habib beye ($100.56 in chips) 
Seat 6: tintin641 ($100 in chips) 
habib beye: posts small blind $0.50
tintin641: posts big blind $1
*** HOLE CARDS ***
DJNezz: folds 
SamRenza: folds 
BronsonJC: raises $1.50 to $2.50
nastja336: raises $5 to $7.50
habib beye: raises $10.50 to $18
tintin641: folds 
BronsonJC: folds 
nastja336: folds 
Uncalled bet ($10.50) returned to habib beye
habib beye collected $18.50 from pot
*** SUMMARY ***
Total pot $18.50 | Rake $0 
Seat 1: DJNezz folded before Flop (didn't bet)
Seat 2: SamRenza folded before Flop (didn't bet)
Seat 3: BronsonJC folded before Flop
Seat 4: nastja336 (button) folded before Flop
Seat 5: habib beye (small blind) collected ($18.50)
Seat 6: tintin641 (big blind) folded before Flop



PokerStars Hand #254579270976:  Hold'em No Limit ($0.50/$1.00 USD) - 2025/01/27 15:05:10 WET [2025/01/27 10:05:10 ET]
Table 'Vigdis IV' 6-max Seat #5 is the button
Seat 1: DJNezz ($130.27 in chips) 
Seat 2: SamRenza ($81.50 in chips) 
Seat 3: BronsonJC ($108.23 in chips) 
Seat 4: nastja336 ($100 in chips) 
Seat 5: habib beye ($111.56 in chips) 
Seat 6: tintin641 ($100 in chips) 
tintin641: posts small blind $0.50
DJNezz: posts big blind $1
*** HOLE CARDS ***
SamRenza: raises $1 to $2
BronsonJC: folds 
nastja336: folds 
habib beye: raises $5 to $7
tintin641: folds 
DJNezz: folds 
BronsonJC leaves the table
SamRenza: calls $5
*** FLOP *** [Th Jh Ks]
NoonTime1991 joins the table at seat #3 
SamRenza: checks 
habib beye: bets $4.86
SamRenza: folds 
Uncalled bet ($4.86) returned to habib beye
habib beye collected $14.72 from pot
*** SUMMARY ***
Total pot $15.50 | Rake $0.78 
Board [Th Jh Ks]
Seat 1: DJNezz (big blind) folded before Flop
Seat 2: SamRenza folded on the Flop
Seat 3: BronsonJC folded before Flop (didn't bet)
Seat 4: nastja336 folded before Flop (didn't bet)
Seat 5: habib beye (button) collected ($14.72)
Seat 6: tintin641 (small blind) folded before Flop



PokerStars Hand #254579278070:  Hold'em No Limit ($0.50/$1.00 USD) - 2025/01/27 15:05:47 WET [2025/01/27 10:05:47 ET]
Table 'Vigdis IV' 6-max Seat #6 is the button
Seat 3: NoonTime1991 ($100 in chips) is sitting out
Seat 1: DJNezz ($129.27 in chips) 
Seat 2: SamRenza ($74.50 in chips) 
Seat 4: nastja336 ($100 in chips) 
Seat 5: habib beye ($119.28 in chips) 
Seat 6: tintin641 ($100 in chips) 
DJNezz: posts small blind $0.50
SamRenza: posts big blind $1
NoonTime1991: sits out 
*** HOLE CARDS ***
nastja336: raises $1.50 to $2.50
habib beye: folds 
tintin641: folds 
DJNezz: folds 
SamRenza: folds 
Uncalled bet ($1.50) returned to nastja336
nastja336 collected $2.50 from pot
nastja336: doesn't show hand 
*** SUMMARY ***
Total pot $2.50 | Rake $0 
Seat 3: NoonTime1991
Seat 1: DJNezz (small blind) folded before Flop
Seat 2: SamRenza (big blind) folded before Flop
Seat 4: nastja336 collected ($2.50)
Seat 5: habib beye folded before Flop (didn't bet)
Seat 6: tintin641 (button) folded before Flop (didn't bet)



PokerStars Hand #254579280509:  Hold'em No Limit ($0.50/$1.00 USD) - 2025/01/27 15:06:00 WET [2025/01/27 10:06:00 ET]
Table 'Vigdis IV' 6-max Seat #1 is the button
Seat 1: DJNezz ($128.77 in chips) 
Seat 2: SamRenza ($73.50 in chips) 
Seat 3: NoonTime1991 ($100 in chips) 
Seat 4: nastja336 ($101.50 in chips) 
Seat 5: habib beye ($119.28 in chips) 
Seat 6: tintin641 ($100 in chips) 
SamRenza: posts small blind $0.50
NoonTime1991: posts big blind $1
*** HOLE CARDS ***
nastja336: folds 
habib beye: folds 
tintin641: raises $1.50 to $2.50
DJNezz: folds 
SamRenza: calls $2
NoonTime1991: folds 
*** FLOP *** [9h 4d 5c]
SamRenza: checks 
tintin641: bets $1.88
SamRenza: calls $1.88
*** TURN *** [9h 4d 5c] [Ts]
SamRenza: checks 
tintin641: checks 
*** RIVER *** [9h 4d 5c Ts] [Qs]
SamRenza: checks 
tintin641: bets $11.52
SamRenza: folds 
Uncalled bet ($11.52) returned to tintin641
tintin641 collected $9.27 from pot
tintin641: doesn't show hand 
*** SUMMARY ***
Total pot $9.76 | Rake $0.49 
Board [9h 4d 5c Ts Qs]
Seat 1: DJNezz (button) folded before Flop (didn't bet)
Seat 2: SamRenza (small blind) folded on the River
Seat 3: NoonTime1991 (big blind) folded before Flop
Seat 4: nastja336 folded before Flop (didn't bet)
Seat 5: habib beye folded before Flop (didn't bet)
Seat 6: tintin641 collected ($9.27)



PokerStars Hand #254579302370:  Hold'em No Limit ($0.50/$1.00 USD) - 2025/01/27 15:07:54 WET [2025/01/27 10:07:54 ET]
Table 'Vigdis IV' 6-max Seat #2 is the button
Seat 1: DJNezz ($128.77 in chips) 
Seat 2: SamRenza ($69.12 in chips) 
Seat 3: NoonTime1991 ($100 in chips) 
Seat 4: nastja336 ($101.50 in chips) 
Seat 5: habib beye ($119.28 in chips) 
Seat 6: tintin641 ($104.89 in chips) 
NoonTime1991: posts small blind $0.50
nastja336: posts big blind $1
*** HOLE CARDS ***
habib beye: folds 
tintin641: folds 
DJNezz: folds 
SamRenza: folds 
NoonTime1991: raises $2 to $3
nastja336: folds 
Uncalled bet ($2) returned to NoonTime1991
NoonTime1991 collected $2 from pot
NoonTime1991: doesn't show hand 
*** SUMMARY ***
Total pot $2 | Rake $0 
Seat 1: DJNezz folded before Flop (didn't bet)
Seat 2: SamRenza (button) folded before Flop (didn't bet)
Seat 3: NoonTime1991 (small blind) collected ($2)
Seat 4: nastja336 (big blind) folded before Flop
Seat 5: habib beye folded before Flop (didn't bet)
Seat 6: tintin641 folded before Flop (didn't bet)



PokerStars Hand #254579307329:  Hold'em No Limit ($0.50/$1.00 USD) - 2025/01/27 15:08:20 WET [2025/01/27 10:08:20 ET]
Table 'Vigdis IV' 6-max Seat #3 is the button
Seat 1: DJNezz ($128.77 in chips) 
Seat 2: SamRenza ($69.12 in chips) 
Seat 3: NoonTime1991 ($101 in chips) 
Seat 4: nastja336 ($100.50 in chips) 
Seat 5: habib beye ($119.28 in chips) 
Seat 6: tintin641 ($104.89 in chips) 
nastja336: posts small blind $0.50
habib beye: posts big blind $1
*** HOLE CARDS ***
tintin641: raises $1.50 to $2.50
DJNezz: folds 
SamRenza: folds 
NoonTime1991: folds 
nastja336: folds 
habib beye: folds 
Uncalled bet ($1.50) returned to tintin641
tintin641 collected $2.50 from pot
tintin641: doesn't show hand 
*** SUMMARY ***
Total pot $2.50 | Rake $0 
Seat 1: DJNezz folded before Flop (didn't bet)
Seat 2: SamRenza folded before Flop (didn't bet)
Seat 3: NoonTime1991 (button) folded before Flop (didn't bet)
Seat 4: nastja336 (small blind) folded before Flop
Seat 5: habib beye (big blind) folded before Flop
Seat 6: tintin641 collected ($2.50)



PokerStars Hand #254579312464:  Hold'em No Limit ($0.50/$1.00 USD) - 2025/01/27 15:08:47 WET [2025/01/27 10:08:47 ET]
Table 'Vigdis IV' 6-max Seat #4 is the button
Seat 1: DJNezz ($128.77 in chips) 
Seat 2: SamRenza ($69.12 in chips) 
Seat 3: NoonTime1991 ($101 in chips) 
Seat 4: nastja336 ($100 in chips) 
Seat 5: habib beye ($118.28 in chips) 
Seat 6: tintin641 ($106.39 in chips) 
habib beye: posts small blind $0.50
tintin641: posts big blind $1
*** HOLE CARDS ***
DJNezz: folds 
SamRenza: folds 
NoonTime1991: raises $1 to $2
nastja336: folds 
habib beye: folds 
tintin641: folds 
Uncalled bet ($1) returned to NoonTime1991
NoonTime1991 collected $2.50 from pot
NoonTime1991: doesn't show hand 
*** SUMMARY ***
Total pot $2.50 | Rake $0 
Seat 1: DJNezz folded before Flop (didn't bet)
Seat 2: SamRenza folded before Flop (didn't bet)
Seat 3: NoonTime1991 collected ($2.50)
Seat 4: nastja336 (button) folded before Flop (didn't bet)
Seat 5: habib beye (small blind) folded before Flop
Seat 6: tintin641 (big blind) folded before Flop



PokerStars Hand #254579316693:  Hold'em No Limit ($0.50/$1.00 USD) - 2025/01/27 15:09:09 WET [2025/01/27 10:09:09 ET]
Table 'Vigdis IV' 6-max Seat #5 is the button
Seat 1: DJNezz ($128.77 in chips) 
Seat 2: SamRenza ($69.12 in chips) 
Seat 3: NoonTime1991 ($102.50 in chips) 
Seat 4: nastja336 ($100 in chips) 
Seat 5: habib beye ($117.78 in chips) 
Seat 6: tintin641 ($105.39 in chips) 
tintin641: posts small blind $0.50
DJNezz: posts big blind $1
*** HOLE CARDS ***
SamRenza: folds 
NoonTime1991: folds 
nastja336: folds 
habib beye: folds 
tintin641: folds 
Uncalled bet ($0.50) returned to DJNezz
DJNezz collected $1 from pot
*** SUMMARY ***
Total pot $1 | Rake $0 
Seat 1: DJNezz (big blind) collected ($1)
Seat 2: SamRenza folded before Flop (didn't bet)
Seat 3: NoonTime1991 folded before Flop (didn't bet)
Seat 4: nastja336 folded before Flop (didn't bet)
Seat 5: habib beye (button) folded before Flop (didn't bet)
Seat 6: tintin641 (small blind) folded before Flop



PokerStars Hand #254579320892:  Hold'em No Limit ($0.50/$1.00 USD) - 2025/01/27 15:09:30 WET [2025/01/27 10:09:30 ET]
Table 'Vigdis IV' 6-max Seat #6 is the button
Seat 1: DJNezz ($129.27 in chips) 
Seat 2: SamRenza ($69.12 in chips) 
Seat 3: NoonTime1991 ($102.50 in chips) 
Seat 4: nastja336 ($100 in chips) 
Seat 5: habib beye ($117.78 in chips) 
Seat 6: tintin641 ($104.89 in chips) 
DJNezz: posts small blind $0.50
SamRenza: posts big blind $1
*** HOLE CARDS ***
NoonTime1991: folds 
nastja336: raises $1.50 to $2.50
habib beye: folds 
tintin641: folds 
DJNezz: folds 
SamRenza: calls $1.50
*** FLOP *** [Js Qc 3h]
SamRenza: bets $2.61
nastja336: raises $6.89 to $9.50
SamRenza: folds 
Uncalled bet ($6.89) returned to nastja336
nastja336 collected $10.18 from pot
nastja336: doesn't show hand 
*** SUMMARY ***
Total pot $10.72 | Rake $0.54 
Board [Js Qc 3h]
Seat 1: DJNezz (small blind) folded before Flop
Seat 2: SamRenza (big blind) folded on the Flop
Seat 3: NoonTime1991 folded before Flop (didn't bet)
Seat 4: nastja336 collected ($10.18)
Seat 5: habib beye folded before Flop (didn't bet)
Seat 6: tintin641 (button) folded before Flop (didn't bet)



PokerStars Hand #254579328253:  Hold'em No Limit ($0.50/$1.00 USD) - 2025/01/27 15:10:09 WET [2025/01/27 10:10:09 ET]
Table 'Vigdis IV' 6-max Seat #1 is the button
Seat 1: DJNezz ($128.77 in chips) 
Seat 2: SamRenza ($64.01 in chips) 
Seat 3: NoonTime1991 ($102.50 in chips) 
Seat 4: nastja336 ($105.07 in chips) 
Seat 5: habib beye ($117.78 in chips) 
Seat 6: tintin641 ($104.89 in chips) 
SamRenza: posts small blind $0.50
NoonTime1991: posts big blind $1
*** HOLE CARDS ***
nastja336: folds 
habib beye: folds 
tintin641: raises $1.50 to $2.50
DJNezz: raises $5 to $7.50
SamRenza: folds 
NoonTime1991: raises $13 to $20.50
tintin641: folds 
DJNezz: folds 
Uncalled bet ($13) returned to NoonTime1991
NoonTime1991 collected $18 from pot
NoonTime1991: doesn't show hand 
*** SUMMARY ***
Total pot $18 | Rake $0 
Seat 1: DJNezz (button) folded before Flop
Seat 2: SamRenza (small blind) folded before Flop
Seat 3: NoonTime1991 (big blind) collected ($18)
Seat 4: nastja336 folded before Flop (didn't bet)
Seat 5: habib beye folded before Flop (didn't bet)
Seat 6: tintin641 folded before Flop



PokerStars Hand #254579336161:  Hold'em No Limit ($0.50/$1.00 USD) - 2025/01/27 15:10:50 WET [2025/01/27 10:10:50 ET]
Table 'Vigdis IV' 6-max Seat #2 is the button
Seat 1: DJNezz ($121.27 in chips) 
Seat 2: SamRenza ($63.51 in chips) 
Seat 3: NoonTime1991 ($113 in chips) 
Seat 4: nastja336 ($105.07 in chips) 
Seat 5: habib beye ($117.78 in chips) 
Seat 6: tintin641 ($102.39 in chips) 
NoonTime1991: posts small blind $0.50
nastja336: posts big blind $1
*** HOLE CARDS ***
habib beye: folds 
tintin641: folds 
DJNezz: folds 
SamRenza: folds 
NoonTime1991: raises $2 to $3
nastja336: folds 
Uncalled bet ($2) returned to NoonTime1991
NoonTime1991 collected $2 from pot
NoonTime1991: doesn't show hand 
*** SUMMARY ***
Total pot $2 | Rake $0 
Seat 1: DJNezz folded before Flop (didn't bet)
Seat 2: SamRenza (button) folded before Flop (didn't bet)
Seat 3: NoonTime1991 (small blind) collected ($2)
Seat 4: nastja336 (big blind) folded before Flop
Seat 5: habib beye folded before Flop (didn't bet)
Seat 6: tintin641 folded before Flop (didn't bet)



PokerStars Hand #254579338946:  Hold'em No Limit ($0.50/$1.00 USD) - 2025/01/27 15:11:05 WET [2025/01/27 10:11:05 ET]
Table 'Vigdis IV' 6-max Seat #3 is the button
Seat 1: DJNezz ($121.27 in chips) 
Seat 2: SamRenza ($63.51 in chips) 
Seat 3: NoonTime1991 ($114 in chips) 
Seat 4: nastja336 ($104.07 in chips) 
Seat 5: habib beye ($117.78 in chips) 
Seat 6: tintin641 ($102.39 in chips) 
nastja336: posts small blind $0.50
habib beye: posts big blind $1
*** HOLE CARDS ***
tintin641: folds 
DJNezz: raises $1.20 to $2.20
SamRenza: folds 
NoonTime1991: raises $4.80 to $7
nastja336: folds 
habib beye: folds 
DJNezz: calls $4.80
*** FLOP *** [4c 9d 7h]
DJNezz: checks 
NoonTime1991: bets $8.72
DJNezz: calls $8.72
*** TURN *** [4c 9d 7h] [8c]
DJNezz: checks 
NoonTime1991: bets $25.47
DJNezz: raises $80.08 to $105.55 and is all-in
NoonTime1991: calls $72.81 and is all-in
Uncalled bet ($7.27) returned to DJNezz
*** RIVER *** [4c 9d 7h 8c] [5h]
*** SHOW DOWN ***
DJNezz: shows [9s 9c] (three of a kind, Nines)
NoonTime1991: shows [As Ah] (a pair of Aces)
DJNezz collected $227 from pot
*** SUMMARY ***
Total pot $229.50 | Rake $2.50 
Board [4c 9d 7h 8c 5h]
Seat 1: DJNezz showed [9s 9c] and won ($227) with three of a kind, Nines
Seat 2: SamRenza folded before Flop (didn't bet)
Seat 3: NoonTime1991 (button) showed [As Ah] and lost with a pair of Aces
Seat 4: nastja336 (small blind) folded before Flop
Seat 5: habib beye (big blind) folded before Flop
Seat 6: tintin641 folded before Flop (didn't bet)



PokerStars Hand #254579362944:  Hold'em No Limit ($0.50/$1.00 USD) - 2025/01/27 15:13:10 WET [2025/01/27 10:13:10 ET]
Table 'Vigdis IV' 6-max Seat #4 is the button
Seat 1: DJNezz ($234.27 in chips) 
Seat 2: SamRenza ($63.51 in chips) 
Seat 3: NoonTime1991 ($100 in chips) 
Seat 4: nastja336 ($103.57 in chips) 
Seat 5: habib beye ($116.78 in chips) 
Seat 6: tintin641 ($102.39 in chips) 
habib beye: posts small blind $0.50
tintin641: posts big blind $1
*** HOLE CARDS ***
DJNezz: raises $1.20 to $2.20
SamRenza: folds 
NoonTime1991: folds 
nastja336: folds 
habib beye: folds 
tintin641: calls $1.20
*** FLOP *** [Ac 2d Jh]
tintin641: checks 
DJNezz: checks 
*** TURN *** [Ac 2d Jh] [Td]
tintin641: checks 
DJNezz: bets $1.54
tintin641: folds 
Uncalled bet ($1.54) returned to DJNezz
DJNezz collected $4.66 from pot
*** SUMMARY ***
Total pot $4.90 | Rake $0.24 
Board [Ac 2d Jh Td]
Seat 1: DJNezz collected ($4.66)
Seat 2: SamRenza folded before Flop (didn't bet)
Seat 3: NoonTime1991 folded before Flop (didn't bet)
Seat 4: nastja336 (button) folded before Flop (didn't bet)
Seat 5: habib beye (small blind) folded before Flop
Seat 6: tintin641 (big blind) folded on the Turn



PokerStars Hand #254579375694:  Hold'em No Limit ($0.50/$1.00 USD) - 2025/01/27 15:14:17 WET [2025/01/27 10:14:17 ET]
Table 'Vigdis IV' 6-max Seat #5 is the button
Seat 1: DJNezz ($236.73 in chips) 
Seat 2: SamRenza ($63.51 in chips) 
Seat 3: NoonTime1991 ($100 in chips) 
Seat 4: nastja336 ($103.57 in chips) 
Seat 5: habib beye ($116.28 in chips) 
Seat 6: tintin641 ($100.19 in chips) 
tintin641: posts small blind $0.50
DJNezz: posts big blind $1
*** HOLE CARDS ***
SamRenza: raises $2.50 to $3.50
NoonTime1991: folds 
nastja336: folds 
habib beye: folds 
tintin641: folds 
DJNezz: folds 
Uncalled bet ($2.50) returned to SamRenza
SamRenza collected $2.50 from pot
SamRenza: doesn't show hand 
*** SUMMARY ***
Total pot $2.50 | Rake $0 
Seat 1: DJNezz (big blind) folded before Flop
Seat 2: SamRenza collected ($2.50)
Seat 3: NoonTime1991 folded before Flop (didn't bet)
Seat 4: nastja336 folded before Flop (didn't bet)
Seat 5: habib beye (button) folded before Flop (didn't bet)
Seat 6: tintin641 (small blind) folded before Flop



PokerStars Hand #254579379412:  Hold'em No Limit ($0.50/$1.00 USD) - 2025/01/27 15:14:36 WET [2025/01/27 10:14:36 ET]
Table 'Vigdis IV' 6-max Seat #6 is the button
Seat 1: DJNezz ($235.73 in chips) 
Seat 2: SamRenza ($65.01 in chips) 
Seat 3: NoonTime1991 ($100 in chips) 
Seat 4: nastja336 ($103.57 in chips) 
Seat 5: habib beye ($116.28 in chips) 
Seat 6: tintin641 ($100 in chips) 
DJNezz: posts small blind $0.50
SamRenza: posts big blind $1
*** HOLE CARDS ***
NoonTime1991: folds 
nastja336: folds 
habib beye: raises $1.30 to $2.30
tintin641: folds 
DJNezz: raises $9.70 to $12
SamRenza: folds 
habib beye: calls $9.70
*** FLOP *** [8d 9h Qh]
DJNezz: bets $11.88
habib beye: calls $11.88
*** TURN *** [8d 9h Qh] [7s]
DJNezz: bets $34.74
habib beye: calls $34.74
*** RIVER *** [8d 9h Qh 7s] [5c]
DJNezz: bets $144.68
habib beye: folds 
Uncalled bet ($144.68) returned to DJNezz
DJNezz collected $115.74 from pot
*** SUMMARY ***
Total pot $118.24 | Rake $2.50 
Board [8d 9h Qh 7s 5c]
Seat 1: DJNezz (small blind) collected ($115.74)
Seat 2: SamRenza (big blind) folded before Flop
Seat 3: NoonTime1991 folded before Flop (didn't bet)
Seat 4: nastja336 folded before Flop (didn't bet)
Seat 5: habib beye folded on the River
Seat 6: tintin641 (button) folded before Flop (didn't bet)



PokerStars Hand #254579397769:  Hold'em No Limit ($0.50/$1.00 USD) - 2025/01/27 15:16:08 WET [2025/01/27 10:16:08 ET]
Table 'Vigdis IV' 6-max Seat #1 is the button
Seat 1: DJNezz ($292.85 in chips) 
Seat 2: SamRenza ($64.01 in chips) 
Seat 3: NoonTime1991 ($100 in chips) 
Seat 4: nastja336 ($103.57 in chips) 
Seat 5: habib beye ($100 in chips) 
Seat 6: tintin641 ($100 in chips) 
SamRenza: posts small blind $0.50
NoonTime1991: posts big blind $1
*** HOLE CARDS ***
nastja336: folds 
habib beye: folds 
tintin641: folds 
DJNezz: folds 
SamRenza: folds 
Uncalled bet ($0.50) returned to NoonTime1991
NoonTime1991 collected $1 from pot
NoonTime1991: doesn't show hand 
*** SUMMARY ***
Total pot $1 | Rake $0 
Seat 1: DJNezz (button) folded before Flop (didn't bet)
Seat 2: SamRenza (small blind) folded before Flop
Seat 3: NoonTime1991 (big blind) collected ($1)
Seat 4: nastja336 folded before Flop (didn't bet)
Seat 5: habib beye folded before Flop (didn't bet)
Seat 6: tintin641 folded before Flop (didn't bet)



PokerStars Hand #254579399552:  Hold'em No Limit ($0.50/$1.00 USD) - 2025/01/27 15:16:17 WET [2025/01/27 10:16:17 ET]
Table 'Vigdis IV' 6-max Seat #2 is the button
Seat 1: DJNezz ($292.85 in chips) 
Seat 2: SamRenza ($63.51 in chips) 
Seat 3: NoonTime1991 ($100.50 in chips) 
Seat 4: nastja336 ($103.57 in chips) 
Seat 5: habib beye ($100 in chips) 
Seat 6: tintin641 ($100 in chips) 
NoonTime1991: posts small blind $0.50
nastja336: posts big blind $1
*** HOLE CARDS ***
habib beye: folds 
tintin641: folds 
DJNezz: raises $1.20 to $2.20
SamRenza: raises $1.90 to $4.10
NoonTime1991: folds 
nastja336: raises $12.30 to $16.40
DJNezz: folds 
SamRenza: calls $12.30
*** FLOP *** [7s 5d 7h]
nastja336: bets $8.50
SamRenza: folds 
Uncalled bet ($8.50) returned to nastja336
nastja336 collected $33.72 from pot
nastja336: doesn't show hand 
*** SUMMARY ***
Total pot $35.50 | Rake $1.78 
Board [7s 5d 7h]
Seat 1: DJNezz folded before Flop
Seat 2: SamRenza (button) folded on the Flop
Seat 3: NoonTime1991 (small blind) folded before Flop
Seat 4: nastja336 (big blind) collected ($33.72)
Seat 5: habib beye folded before Flop (didn't bet)
Seat 6: tintin641 folded before Flop (didn't bet)



PokerStars Hand #254579412762:  Hold'em No Limit ($0.50/$1.00 USD) - 2025/01/27 15:17:22 WET [2025/01/27 10:17:22 ET]
Table 'Vigdis IV' 6-max Seat #3 is the button
Seat 1: DJNezz ($290.65 in chips) 
Seat 2: SamRenza ($47.11 in chips) 
Seat 3: NoonTime1991 ($100 in chips) 
Seat 4: nastja336 ($120.89 in chips) 
Seat 5: habib beye ($100 in chips) 
Seat 6: tintin641 ($100 in chips) 
nastja336: posts small blind $0.50
habib beye: posts big blind $1
*** HOLE CARDS ***
tintin641: raises $1.50 to $2.50
DJNezz: raises $5 to $7.50
SamRenza: folds 
NoonTime1991: folds 
nastja336: folds 
habib beye: folds 
tintin641: raises $12.50 to $20
DJNezz: calls $12.50
*** FLOP *** [6h 9s 5h]
tintin641: bets $9.85
DJNezz: calls $9.85
*** TURN *** [6h 9s 5h] [5c]
tintin641: checks 
DJNezz: bets $19.37
tintin641: raises $50.78 to $70.15 and is all-in
DJNezz: folds 
Uncalled bet ($50.78) returned to tintin641
tintin641 collected $97.44 from pot
tintin641: doesn't show hand 
*** SUMMARY ***
Total pot $99.94 | Rake $2.50 
Board [6h 9s 5h 5c]
Seat 1: DJNezz folded on the Turn
Seat 2: SamRenza folded before Flop (didn't bet)
Seat 3: NoonTime1991 (button) folded before Flop (didn't bet)
Seat 4: nastja336 (small blind) folded before Flop
Seat 5: habib beye (big blind) folded before Flop
Seat 6: tintin641 collected ($97.44)



PokerStars Hand #254579444254:  Hold'em No Limit ($0.50/$1.00 USD) - 2025/01/27 15:19:58 WET [2025/01/27 10:19:58 ET]
Table 'Vigdis IV' 6-max Seat #4 is the button
Seat 1: DJNezz ($241.43 in chips) 
Seat 2: SamRenza ($47.11 in chips) 
Seat 3: NoonTime1991 ($100 in chips) 
Seat 4: nastja336 ($120.39 in chips) 
Seat 5: habib beye ($100 in chips) 
Seat 6: tintin641 ($148.22 in chips) 
habib beye: posts small blind $0.50
tintin641: posts big blind $1
*** HOLE CARDS ***
DJNezz: folds 
SamRenza: folds 
NoonTime1991: raises $2 to $3
nastja336: folds 
habib beye: folds 
tintin641: folds 
Uncalled bet ($2) returned to NoonTime1991
NoonTime1991 collected $2.50 from pot
NoonTime1991: doesn't show hand 
*** SUMMARY ***
Total pot $2.50 | Rake $0 
Seat 1: DJNezz folded before Flop (didn't bet)
Seat 2: SamRenza folded before Flop (didn't bet)
Seat 3: NoonTime1991 collected ($2.50)
Seat 4: nastja336 (button) folded before Flop (didn't bet)
Seat 5: habib beye (small blind) folded before Flop
Seat 6: tintin641 (big blind) folded before Flop



PokerStars Hand #254579449419:  Hold'em No Limit ($0.50/$1.00 USD) - 2025/01/27 15:20:23 WET [2025/01/27 10:20:23 ET]
Table 'Vigdis IV' 6-max Seat #5 is the button
Seat 1: DJNezz ($241.43 in chips) 
Seat 2: SamRenza ($47.11 in chips) 
Seat 3: NoonTime1991 ($101.50 in chips) 
Seat 4: nastja336 ($120.39 in chips) 
Seat 5: habib beye ($100 in chips) 
Seat 6: tintin641 ($147.22 in chips) 
tintin641: posts small blind $0.50
DJNezz: posts big blind $1
*** HOLE CARDS ***
SamRenza: folds 
NoonTime1991: folds 
nastja336: folds 
habib beye: folds 
tintin641: folds 
Uncalled bet ($0.50) returned to DJNezz
DJNezz collected $1 from pot
*** SUMMARY ***
Total pot $1 | Rake $0 
Seat 1: DJNezz (big blind) collected ($1)
Seat 2: SamRenza folded before Flop (didn't bet)
Seat 3: NoonTime1991 folded before Flop (didn't bet)
Seat 4: nastja336 folded before Flop (didn't bet)
Seat 5: habib beye (button) folded before Flop (didn't bet)
Seat 6: tintin641 (small blind) folded before Flop



PokerStars Hand #254579452257:  Hold'em No Limit ($0.50/$1.00 USD) - 2025/01/27 15:20:37 WET [2025/01/27 10:20:37 ET]
Table 'Vigdis IV' 6-max Seat #6 is the button
Seat 2: SamRenza ($47.11 in chips) is sitting out
Seat 3: NoonTime1991 ($101.50 in chips) is sitting out
Seat 1: DJNezz ($241.93 in chips) 
Seat 4: nastja336 ($120.39 in chips) 
Seat 5: habib beye ($100 in chips) 
Seat 6: tintin641 ($146.72 in chips) 
DJNezz: posts small blind $0.50
SamRenza: is sitting out 
NoonTime1991: is sitting out 
nastja336: posts big blind $1
*** HOLE CARDS ***
NoonTime1991 leaves the table
SamRenza leaves the table
habib beye: folds 
tintin641: raises $1.50 to $2.50
DJNezz: folds 
nastja336: raises $9.50 to $12
tintin641: folds 
Uncalled bet ($9.50) returned to nastja336
nastja336 collected $5.50 from pot
nastja336: doesn't show hand 
*** SUMMARY ***
Total pot $5.50 | Rake $0 
Seat 2: SamRenza
Seat 3: NoonTime1991
Seat 1: DJNezz (small blind) folded before Flop
Seat 4: nastja336 (big blind) collected ($5.50)
Seat 5: habib beye folded before Flop (didn't bet)
Seat 6: tintin641 (button) folded before Flop



PokerStars Hand #254579458502:  Hold'em No Limit ($0.50/$1.00 USD) - 2025/01/27 15:21:07 WET [2025/01/27 10:21:07 ET]
Table 'Vigdis IV' 6-max Seat #1 is the button
Seat 1: DJNezz ($241.43 in chips) 
Seat 4: nastja336 ($123.39 in chips) 
Seat 5: habib beye ($100 in chips) 
Seat 6: tintin641 ($144.22 in chips) 
nastja336: posts small blind $0.50
habib beye: posts big blind $1
*** HOLE CARDS ***
tintin641: folds 
DJNezz: raises $1.20 to $2.20
nastja336: calls $1.70
habib beye: folds 
*** FLOP *** [2s Ad 4d]
nastja336: checks 
DJNezz: checks 
*** TURN *** [2s Ad 4d] [Tc]
nastja336: checks 
DJNezz: checks 
*** RIVER *** [2s Ad 4d Tc] [Qs]
nastja336: checks 
DJNezz: checks 
*** SHOW DOWN ***
nastja336: shows [8h 8s] (a pair of Eights)
DJNezz: mucks hand 
nastja336 collected $5.13 from pot
*** SUMMARY ***
Total pot $5.40 | Rake $0.27 
Board [2s Ad 4d Tc Qs]
Seat 1: DJNezz (button) mucked
Seat 4: nastja336 (small blind) showed [8h 8s] and won ($5.13) with a pair of Eights
Seat 5: habib beye (big blind) folded before Flop
Seat 6: tintin641 folded before Flop (didn't bet)



PokerStars Hand #254579467804:  Hold'em No Limit ($0.50/$1.00 USD) - 2025/01/27 15:21:52 WET [2025/01/27 10:21:52 ET]
Table 'Vigdis IV' 6-max Seat #4 is the button
Seat 6: tintin641 ($144.22 in chips) is sitting out
Seat 1: DJNezz ($239.23 in chips) 
Seat 4: nastja336 ($126.32 in chips) 
Seat 5: habib beye ($100 in chips) 
habib beye: posts small blind $0.50
tintin641: is sitting out 
DJNezz: posts big blind $1
*** HOLE CARDS ***
tintin641 leaves the table
nastja336: folds 
nastja336 leaves the table
habib beye: raises $2 to $3
DJNezz: folds 
Uncalled bet ($2) returned to habib beye
habib beye collected $2 from pot
*** SUMMARY ***
Total pot $2 | Rake $0 
Seat 6: tintin641
Seat 1: DJNezz (big blind) folded before Flop
Seat 4: nastja336 (button) folded before Flop (didn't bet)
Seat 5: habib beye (small blind) collected ($2)



PokerStars Hand #254579471447:  Hold'em No Limit ($0.50/$1.00 USD) - 2025/01/27 15:22:10 WET [2025/01/27 10:22:10 ET]
Table 'Vigdis IV' 6-max Seat #1 is the button
Seat 1: DJNezz ($238.23 in chips) 
Seat 5: habib beye ($101 in chips) 
DJNezz: posts small blind $0.50
habib beye: posts big blind $1
*** HOLE CARDS ***
DJNezz: raises $1.20 to $2.20
habib beye: calls $1.20
*** FLOP *** [Qc 8h 7h]
habib beye: checks 
DJNezz: checks 
*** TURN *** [Qc 8h 7h] [Ah]
habib beye: checks 
DJNezz: checks 
*** RIVER *** [Qc 8h 7h Ah] [Jd]
habib beye: checks 
DJNezz: bets $2.09
habib beye: folds 
Uncalled bet ($2.09) returned to DJNezz
DJNezz collected $4.18 from pot
*** SUMMARY ***
Total pot $4.40 | Rake $0.22 
Board [Qc 8h 7h Ah Jd]
Seat 1: DJNezz (button) (small blind) collected ($4.18)
Seat 5: habib beye (big blind) folded on the River



