PokerStars Hand #254582465326:  Hold'em No Limit ($0.50/$1.00 USD) - 2025/01/27 18:52:12 WET [2025/01/27 13:52:12 ET]
Table 'Vera V' 6-max Seat #6 is the button
Seat 1: joaquin612 ($100 in chips) 
Seat 5: MaRKiToScoK ($100 in chips) 
Seat 6: Poker9803 ($100 in chips) 
joaquin612: posts small blind $0.50
MaRKiToScoK: posts big blind $1
*** HOLE CARDS ***
laloo246 joins the table at seat #4 
Poker9803: raises $1.50 to $2.50
joaquin612: folds 
MaRKiToScoK: raises $9.50 to $12
Poker9803: folds 
Uncalled bet ($9.50) returned to MaRKiToScoK
laloo246 leaves the table
MaRKiToScoK collected $5.50 from pot
*** SUMMARY ***
Total pot $5.50 | Rake $0 
Seat 1: joaquin612 (small blind) folded before Flop
Seat 5: MaRKiToScoK (big blind) collected ($5.50)
Seat 6: Poker9803 (button) folded before Flop



PokerStars Hand #254582469764:  Hold'em No Limit ($0.50/$1.00 USD) - 2025/01/27 18:52:27 WET [2025/01/27 13:52:27 ET]
Table 'Vera V' 6-max Seat #1 is the button
Seat 1: joaquin612 ($100 in chips) 
Seat 5: MaRKiToScoK ($103 in chips) 
Seat 6: Poker9803 ($100 in chips) 
MaRKiToScoK: posts small blind $0.50
Poker9803: posts big blind $1
*** HOLE CARDS ***
joaquin612: folds 
MaRKiToScoK: raises $2 to $3
Poker9803: calls $2
*** FLOP *** [Kd 6d 7c]
MaRKiToScoK: bets $1.88
Poker9803: folds 
Uncalled bet ($1.88) returned to MaRKiToScoK
MaRKiToScoK collected $5.70 from pot
*** SUMMARY ***
Total pot $6 | Rake $0.30 
Board [Kd 6d 7c]
Seat 1: joaquin612 (button) folded before Flop (didn't bet)
Seat 5: MaRKiToScoK (small blind) collected ($5.70)
Seat 6: Poker9803 (big blind) folded on the Flop



PokerStars Hand #254582474816:  Hold'em No Limit ($0.50/$1.00 USD) - 2025/01/27 18:52:45 WET [2025/01/27 13:52:45 ET]
Table 'Vera V' 6-max Seat #5 is the button
Seat 1: joaquin612 ($100 in chips) 
Seat 5: MaRKiToScoK ($105.70 in chips) 
Seat 6: Poker9803 ($100 in chips) 
Poker9803: posts small blind $0.50
joaquin612: posts big blind $1
*** HOLE CARDS ***
MaRKiToScoK: folds 
Poker9803: folds 
Uncalled bet ($0.50) returned to joaquin612
joaquin612 collected $1 from pot
joaquin612: doesn't show hand 
*** SUMMARY ***
Total pot $1 | Rake $0 
Seat 1: joaquin612 (big blind) collected ($1)
Seat 5: MaRKiToScoK (button) folded before Flop (didn't bet)
Seat 6: Poker9803 (small blind) folded before Flop



