PokerStars Hand #254575617001:  Hold'em No Limit ($0.50/$1.00 USD) - 2025/01/27 5:42:13 WET [2025/01/27 0:42:13 ET]
Table 'Alkurah III' 6-max Seat #4 is the button
Seat 4: Aleqseuka ($100.50 in chips) 
Seat 6: shootingGRID ($100 in chips) 
Aleqseuka: posts small blind $0.50
shootingGRID: posts big blind $1
*** HOLE CARDS ***
Aleqseuka: raises $1.50 to $2.50
shootingGRID: calls $1.50
*** FLOP *** [6s 6h Ah]
shootingGRID: checks 
Aleqseuka: checks 
*** TURN *** [6s 6h Ah] [4d]
shootingGRID: checks 
Aleqseuka: checks 
*** RIVER *** [6s 6h Ah 4d] [Ts]
shootingGRID: checks 
Aleqseuka: bets $3.56
shootingGRID: folds 
Uncalled bet ($3.56) returned to Aleqseuka
Aleqseuka collected $4.75 from pot
Aleqseuka: doesn't show hand 
*** SUMMARY ***
Total pot $5 | Rake $0.25 
Board [6s 6h Ah 4d Ts]
Seat 4: Aleqseuka (button) (small blind) collected ($4.75)
Seat 6: shootingGRID (big blind) folded on the River



PokerStars Hand #254575622291:  Hold'em No Limit ($0.50/$1.00 USD) - 2025/01/27 5:43:25 WET [2025/01/27 0:43:25 ET]
Table 'Alkurah III' 6-max Seat #6 is the button
Seat 4: Aleqseuka ($102.75 in chips) 
Seat 6: shootingGRID ($100 in chips) 
shootingGRID: posts small blind $0.50
Aleqseuka: posts big blind $1
*** HOLE CARDS ***
shootingGRID: raises $1.25 to $2.25
Cret20 joins the table at seat #2 
Cret20 is disconnected 
rao999 joins the table at seat #3 
Aleqseuka: calls $1.25
*** FLOP *** [9d 7d 2c]
An1an1 joins the table at seat #5 
Aleqseuka: checks 
Kreayshawn joins the table at seat #1 
shootingGRID: bets $3.21
Aleqseuka: calls $3.21
*** TURN *** [9d 7d 2c] [5h]
Aleqseuka: checks 
shootingGRID: checks 
*** RIVER *** [9d 7d 2c 5h] [7s]
An1an1 leaves the table
AlexEliseev7 joins the table at seat #5 
Aleqseuka: bets $20.74
shootingGRID: folds 
Uncalled bet ($20.74) returned to Aleqseuka
Aleqseuka collected $10.37 from pot
Aleqseuka: doesn't show hand 
*** SUMMARY ***
Total pot $10.92 | Rake $0.55 
Board [9d 7d 2c 5h 7s]
Seat 4: Aleqseuka (big blind) collected ($10.37)
Seat 6: shootingGRID (button) (small blind) folded on the River



PokerStars Hand #254575626348:  Hold'em No Limit ($0.50/$1.00 USD) - 2025/01/27 5:44:22 WET [2025/01/27 0:44:22 ET]
Table 'Alkurah III' 6-max Seat #4 is the button
Seat 3: rao999 ($100 in chips) is sitting out
Seat 5: AlexEliseev7 ($100 in chips) is sitting out
Seat 1: Kreayshawn ($100 in chips) 
Seat 2: Cret20 ($68.24 in chips) 
Seat 4: Aleqseuka ($107.66 in chips) 
Seat 6: shootingGRID ($100 in chips) 
shootingGRID: posts small blind $0.50
Kreayshawn: posts big blind $1
Cret20: posts big blind $1
rao999: sits out 
*** HOLE CARDS ***
Cret20: checks 
Aleqseuka: folds 
shootingGRID: calls $0.50
Kreayshawn: checks 
*** FLOP *** [Ts 7c 7h]
shootingGRID: bets $1.43
Kreayshawn: folds 
Cret20: folds 
Uncalled bet ($1.43) returned to shootingGRID
shootingGRID collected $2.85 from pot
*** SUMMARY ***
Total pot $3 | Rake $0.15 
Board [Ts 7c 7h]
Seat 3: rao999
Seat 5: AlexEliseev7
Seat 1: Kreayshawn (big blind) folded on the Flop
Seat 2: Cret20 folded on the Flop (didn't bet)
Seat 4: Aleqseuka (button) folded before Flop (didn't bet)
Seat 6: shootingGRID (small blind) collected ($2.85)



PokerStars Hand #254575630304:  Hold'em No Limit ($0.50/$1.00 USD) - 2025/01/27 5:45:16 WET [2025/01/27 0:45:16 ET]
Table 'Alkurah III' 6-max Seat #6 is the button
Seat 3: rao999 ($100 in chips) is sitting out
Seat 5: AlexEliseev7 ($100 in chips) is sitting out
Seat 1: Kreayshawn ($100 in chips) 
Seat 2: Cret20 ($67.24 in chips) 
Seat 4: Aleqseuka ($107.66 in chips) 
Seat 6: shootingGRID ($101.85 in chips) 
Kreayshawn: posts small blind $0.50
Cret20: posts big blind $1
rao999: sits out 
AlexEliseev7: sits out 
*** HOLE CARDS ***
Aleqseuka: folds 
shootingGRID: folds 
Kreayshawn: raises $2 to $3
Cret20: calls $2
*** FLOP *** [4c 9s 7h]
Kreayshawn: checks 
Cret20: checks 
*** TURN *** [4c 9s 7h] [5s]
Kreayshawn: checks 
Cret20: checks 
*** RIVER *** [4c 9s 7h 5s] [Jd]
Kreayshawn: checks 
Cret20: checks 
*** SHOW DOWN ***
Kreayshawn: shows [Qd 2d] (high card Queen)
Cret20: shows [6c 4d] (a pair of Fours)
Cret20 collected $5.70 from pot
*** SUMMARY ***
Total pot $6 | Rake $0.30 
Board [4c 9s 7h 5s Jd]
Seat 3: rao999
Seat 5: AlexEliseev7
Seat 1: Kreayshawn (small blind) showed [Qd 2d] and lost with high card Queen
Seat 2: Cret20 (big blind) showed [6c 4d] and won ($5.70) with a pair of Fours
Seat 4: Aleqseuka folded before Flop (didn't bet)
Seat 6: shootingGRID (button) folded before Flop (didn't bet)



PokerStars Hand #254575632725:  Hold'em No Limit ($0.50/$1.00 USD) - 2025/01/27 5:45:49 WET [2025/01/27 0:45:49 ET]
Table 'Alkurah III' 6-max Seat #1 is the button
Seat 5: AlexEliseev7 ($100 in chips) is sitting out
Seat 1: Kreayshawn ($100 in chips) 
Seat 2: Cret20 ($69.94 in chips) 
Seat 3: rao999 ($100 in chips) 
Seat 4: Aleqseuka ($107.66 in chips) 
Seat 6: shootingGRID ($101.85 in chips) 
Cret20: posts small blind $0.50
rao999: posts big blind $1
AlexEliseev7: sits out 
*** HOLE CARDS ***
Aleqseuka: raises $1.35 to $2.35
shootingGRID: folds 
Kreayshawn: folds 
Cret20: calls $1.85
rao999: calls $1.35
*** FLOP *** [Qc Ad 8c]
Cret20: checks 
rao999: checks 
Aleqseuka: checks 
*** TURN *** [Qc Ad 8c] [Kd]
Cret20: checks 
rao999: checks 
Aleqseuka: bets $3.69
Cret20: folds 
rao999: calls $3.69
*** RIVER *** [Qc Ad 8c Kd] [7d]
rao999: checks 
Aleqseuka: bets $21.66
rao999: folds 
Uncalled bet ($21.66) returned to Aleqseuka
Aleqseuka collected $13.71 from pot
Aleqseuka: doesn't show hand 
*** SUMMARY ***
Total pot $14.43 | Rake $0.72 
Board [Qc Ad 8c Kd 7d]
Seat 5: AlexEliseev7
Seat 1: Kreayshawn (button) folded before Flop (didn't bet)
Seat 2: Cret20 (small blind) folded on the Turn
Seat 3: rao999 (big blind) folded on the River
Seat 4: Aleqseuka collected ($13.71)
Seat 6: shootingGRID folded before Flop (didn't bet)



PokerStars Hand #254575638561:  Hold'em No Limit ($0.50/$1.00 USD) - 2025/01/27 5:47:11 WET [2025/01/27 0:47:11 ET]
Table 'Alkurah III' 6-max Seat #2 is the button
Seat 5: AlexEliseev7 ($100 in chips) is sitting out
Seat 1: Kreayshawn ($100 in chips) 
Seat 2: Cret20 ($67.59 in chips) 
Seat 3: rao999 ($100 in chips) 
Seat 4: Aleqseuka ($115.33 in chips) 
Seat 6: shootingGRID ($101.85 in chips) 
rao999: posts small blind $0.50
Aleqseuka: posts big blind $1
AlexEliseev7: sits out 
*** HOLE CARDS ***
shootingGRID: folds 
Kreayshawn: folds 
Cret20: folds 
rao999: raises $2 to $3
Aleqseuka: raises $7 to $10
rao999: calls $7
*** FLOP *** [Qd 8s 2h]
rao999: checks 
Aleqseuka: bets $6.27
rao999: folds 
Uncalled bet ($6.27) returned to Aleqseuka
Aleqseuka collected $19 from pot
Aleqseuka: doesn't show hand 
*** SUMMARY ***
Total pot $20 | Rake $1 
Board [Qd 8s 2h]
Seat 5: AlexEliseev7
Seat 1: Kreayshawn folded before Flop (didn't bet)
Seat 2: Cret20 (button) folded before Flop (didn't bet)
Seat 3: rao999 (small blind) folded on the Flop
Seat 4: Aleqseuka (big blind) collected ($19)
Seat 6: shootingGRID folded before Flop (didn't bet)



PokerStars Hand #254575640996:  Hold'em No Limit ($0.50/$1.00 USD) - 2025/01/27 5:47:45 WET [2025/01/27 0:47:45 ET]
Table 'Alkurah III' 6-max Seat #3 is the button
Seat 1: Kreayshawn ($100 in chips) 
Seat 2: Cret20 ($67.59 in chips) 
Seat 3: rao999 ($100 in chips) 
Seat 4: Aleqseuka ($124.33 in chips) 
Seat 5: AlexEliseev7 ($100 in chips) 
Seat 6: shootingGRID ($101.85 in chips) 
Aleqseuka: posts small blind $0.50
AlexEliseev7: posts big blind $1
*** HOLE CARDS ***
shootingGRID: folds 
Kreayshawn: raises $1.50 to $2.50
Cret20: folds 
rao999: folds 
Aleqseuka: folds 
AlexEliseev7: folds 
Uncalled bet ($1.50) returned to Kreayshawn
Kreayshawn collected $2.50 from pot
*** SUMMARY ***
Total pot $2.50 | Rake $0 
Seat 1: Kreayshawn collected ($2.50)
Seat 2: Cret20 folded before Flop (didn't bet)
Seat 3: rao999 (button) folded before Flop (didn't bet)
Seat 4: Aleqseuka (small blind) folded before Flop
Seat 5: AlexEliseev7 (big blind) folded before Flop
Seat 6: shootingGRID folded before Flop (didn't bet)



PokerStars Hand #254575642464:  Hold'em No Limit ($0.50/$1.00 USD) - 2025/01/27 5:48:05 WET [2025/01/27 0:48:05 ET]
Table 'Alkurah III' 6-max Seat #4 is the button
Seat 1: Kreayshawn ($101.50 in chips) 
Seat 2: Cret20 ($67.59 in chips) 
Seat 3: rao999 ($100 in chips) 
Seat 4: Aleqseuka ($123.83 in chips) 
Seat 5: AlexEliseev7 ($100 in chips) 
Seat 6: shootingGRID ($101.85 in chips) 
AlexEliseev7: posts small blind $0.50
shootingGRID: posts big blind $1
*** HOLE CARDS ***
Kreayshawn: raises $1.50 to $2.50
Cret20: folds 
rao999: folds 
Aleqseuka: folds 
AlexEliseev7: folds 
shootingGRID: folds 
Uncalled bet ($1.50) returned to Kreayshawn
Kreayshawn collected $2.50 from pot
*** SUMMARY ***
Total pot $2.50 | Rake $0 
Seat 1: Kreayshawn collected ($2.50)
Seat 2: Cret20 folded before Flop (didn't bet)
Seat 3: rao999 folded before Flop (didn't bet)
Seat 4: Aleqseuka (button) folded before Flop (didn't bet)
Seat 5: AlexEliseev7 (small blind) folded before Flop
Seat 6: shootingGRID (big blind) folded before Flop



PokerStars Hand #254575643642:  Hold'em No Limit ($0.50/$1.00 USD) - 2025/01/27 5:48:22 WET [2025/01/27 0:48:22 ET]
Table 'Alkurah III' 6-max Seat #5 is the button
Seat 1: Kreayshawn ($103 in chips) 
Seat 2: Cret20 ($67.59 in chips) 
Seat 3: rao999 ($100 in chips) 
Seat 4: Aleqseuka ($123.83 in chips) 
Seat 5: AlexEliseev7 ($100 in chips) 
Seat 6: shootingGRID ($100.85 in chips) 
shootingGRID: posts small blind $0.50
Kreayshawn: posts big blind $1
*** HOLE CARDS ***
Cret20: calls $1
rao999: raises $2.50 to $3.50
Aleqseuka: folds 
AlexEliseev7: folds 
shootingGRID: raises $7 to $10.50
Kreayshawn: folds 
Cret20: folds 
rao999: folds 
Uncalled bet ($7) returned to shootingGRID
shootingGRID collected $9 from pot
*** SUMMARY ***
Total pot $9 | Rake $0 
Seat 1: Kreayshawn (big blind) folded before Flop
Seat 2: Cret20 folded before Flop
Seat 3: rao999 folded before Flop
Seat 4: Aleqseuka folded before Flop (didn't bet)
Seat 5: AlexEliseev7 (button) folded before Flop (didn't bet)
Seat 6: shootingGRID (small blind) collected ($9)



PokerStars Hand #254575646581:  Hold'em No Limit ($0.50/$1.00 USD) - 2025/01/27 5:49:02 WET [2025/01/27 0:49:02 ET]
Table 'Alkurah III' 6-max Seat #6 is the button
Seat 1: Kreayshawn ($102 in chips) 
Seat 2: Cret20 ($66.59 in chips) 
Seat 3: rao999 ($100 in chips) 
Seat 4: Aleqseuka ($123.83 in chips) 
Seat 5: AlexEliseev7 ($100 in chips) 
Seat 6: shootingGRID ($106.35 in chips) 
Kreayshawn: posts small blind $0.50
Cret20: posts big blind $1
*** HOLE CARDS ***
rao999: folds 
Aleqseuka: raises $1.35 to $2.35
AlexEliseev7: folds 
shootingGRID: folds 
Kreayshawn: folds 
Cret20: calls $1.35
*** FLOP *** [8s Ah 6h]
Cret20: checks 
Aleqseuka: bets $3.26
Cret20: folds 
Uncalled bet ($3.26) returned to Aleqseuka
Aleqseuka collected $4.94 from pot
Aleqseuka: doesn't show hand 
*** SUMMARY ***
Total pot $5.20 | Rake $0.26 
Board [8s Ah 6h]
Seat 1: Kreayshawn (small blind) folded before Flop
Seat 2: Cret20 (big blind) folded on the Flop
Seat 3: rao999 folded before Flop (didn't bet)
Seat 4: Aleqseuka collected ($4.94)
Seat 5: AlexEliseev7 folded before Flop (didn't bet)
Seat 6: shootingGRID (button) folded before Flop (didn't bet)



PokerStars Hand #254575649397:  Hold'em No Limit ($0.50/$1.00 USD) - 2025/01/27 5:49:41 WET [2025/01/27 0:49:41 ET]
Table 'Alkurah III' 6-max Seat #1 is the button
Seat 1: Kreayshawn ($101.50 in chips) 
Seat 2: Cret20 ($64.24 in chips) 
Seat 3: rao999 ($100 in chips) 
Seat 4: Aleqseuka ($126.42 in chips) 
Seat 5: AlexEliseev7 ($100 in chips) 
Seat 6: shootingGRID ($106.35 in chips) 
Cret20: posts small blind $0.50
rao999: posts big blind $1
*** HOLE CARDS ***
Aleqseuka: folds 
AlexEliseev7: folds 
shootingGRID: raises $1.25 to $2.25
Kreayshawn: folds 
Cret20: calls $1.75
rao999: folds 
*** FLOP *** [9s 2h 5d]
Cret20: checks 
shootingGRID: bets $1.72
Cret20: calls $1.72
*** TURN *** [9s 2h 5d] [3h]
Cret20: checks 
shootingGRID: bets $5.60
Cret20: calls $5.60
*** RIVER *** [9s 2h 5d 3h] [Ac]
Cret20: checks 
shootingGRID: bets $6.31
Cret20: calls $6.31
*** SHOW DOWN ***
shootingGRID: shows [8c 6c] (high card Ace)
Cret20: shows [9c Jh] (a pair of Nines)
Cret20 collected $31.12 from pot
*** SUMMARY ***
Total pot $32.76 | Rake $1.64 
Board [9s 2h 5d 3h Ac]
Seat 1: Kreayshawn (button) folded before Flop (didn't bet)
Seat 2: Cret20 (small blind) showed [9c Jh] and won ($31.12) with a pair of Nines
Seat 3: rao999 (big blind) folded before Flop
Seat 4: Aleqseuka folded before Flop (didn't bet)
Seat 5: AlexEliseev7 folded before Flop (didn't bet)
Seat 6: shootingGRID showed [8c 6c] and lost with high card Ace



PokerStars Hand #254575653101:  Hold'em No Limit ($0.50/$1.00 USD) - 2025/01/27 5:50:33 WET [2025/01/27 0:50:33 ET]
Table 'Alkurah III' 6-max Seat #2 is the button
Seat 1: Kreayshawn ($101.50 in chips) 
Seat 2: Cret20 ($79.48 in chips) 
Seat 3: rao999 ($100 in chips) 
Seat 4: Aleqseuka ($126.42 in chips) 
Seat 5: AlexEliseev7 ($100 in chips) 
Seat 6: shootingGRID ($100 in chips) 
rao999: posts small blind $0.50
Aleqseuka: posts big blind $1
*** HOLE CARDS ***
AlexEliseev7: folds 
shootingGRID: folds 
Kreayshawn: folds 
Cret20: calls $1
rao999: folds 
Aleqseuka: checks 
*** FLOP *** [3h 8h 9h]
Aleqseuka: checks 
Cret20: checks 
*** TURN *** [3h 8h 9h] [Jh]
Aleqseuka: bets $3.05
Cret20: folds 
Uncalled bet ($3.05) returned to Aleqseuka
Aleqseuka collected $2.38 from pot
Aleqseuka: doesn't show hand 
*** SUMMARY ***
Total pot $2.50 | Rake $0.12 
Board [3h 8h 9h Jh]
Seat 1: Kreayshawn folded before Flop (didn't bet)
Seat 2: Cret20 (button) folded on the Turn
Seat 3: rao999 (small blind) folded before Flop
Seat 4: Aleqseuka (big blind) collected ($2.38)
Seat 5: AlexEliseev7 folded before Flop (didn't bet)
Seat 6: shootingGRID folded before Flop (didn't bet)



PokerStars Hand #254575656036:  Hold'em No Limit ($0.50/$1.00 USD) - 2025/01/27 5:51:15 WET [2025/01/27 0:51:15 ET]
Table 'Alkurah III' 6-max Seat #3 is the button
Seat 1: Kreayshawn ($101.50 in chips) 
Seat 2: Cret20 ($78.48 in chips) 
Seat 3: rao999 ($100 in chips) 
Seat 4: Aleqseuka ($127.80 in chips) 
Seat 5: AlexEliseev7 ($100 in chips) 
Seat 6: shootingGRID ($100 in chips) 
Aleqseuka: posts small blind $0.50
AlexEliseev7: posts big blind $1
*** HOLE CARDS ***
shootingGRID: folds 
Kreayshawn: folds 
Cret20: raises $1 to $2
rao999: folds 
Aleqseuka: folds 
AlexEliseev7: folds 
Uncalled bet ($1) returned to Cret20
Cret20 collected $2.50 from pot
*** SUMMARY ***
Total pot $2.50 | Rake $0 
Seat 1: Kreayshawn folded before Flop (didn't bet)
Seat 2: Cret20 collected ($2.50)
Seat 3: rao999 (button) folded before Flop (didn't bet)
Seat 4: Aleqseuka (small blind) folded before Flop
Seat 5: AlexEliseev7 (big blind) folded before Flop
Seat 6: shootingGRID folded before Flop (didn't bet)



PokerStars Hand #254575656989:  Hold'em No Limit ($0.50/$1.00 USD) - 2025/01/27 5:51:28 WET [2025/01/27 0:51:28 ET]
Table 'Alkurah III' 6-max Seat #4 is the button
Seat 1: Kreayshawn ($101.50 in chips) 
Seat 2: Cret20 ($79.98 in chips) 
Seat 3: rao999 ($100 in chips) 
Seat 4: Aleqseuka ($127.30 in chips) 
Seat 5: AlexEliseev7 ($100 in chips) 
Seat 6: shootingGRID ($100 in chips) 
AlexEliseev7: posts small blind $0.50
shootingGRID: posts big blind $1
*** HOLE CARDS ***
Kreayshawn: folds 
Cret20: calls $1
rao999: folds 
Aleqseuka: raises $3 to $4
AlexEliseev7: folds 
shootingGRID: folds 
Cret20: calls $3
*** FLOP *** [2c Qh 8c]
Cret20: checks 
Aleqseuka: bets $5.95
Cret20: calls $5.95
*** TURN *** [2c Qh 8c] [2d]
Cret20: checks 
Aleqseuka: bets $17.28
Cret20: folds 
Uncalled bet ($17.28) returned to Aleqseuka
Aleqseuka collected $20.33 from pot
Aleqseuka: doesn't show hand 
*** SUMMARY ***
Total pot $21.40 | Rake $1.07 
Board [2c Qh 8c 2d]
Seat 1: Kreayshawn folded before Flop (didn't bet)
Seat 2: Cret20 folded on the Turn
Seat 3: rao999 folded before Flop (didn't bet)
Seat 4: Aleqseuka (button) collected ($20.33)
Seat 5: AlexEliseev7 (small blind) folded before Flop
Seat 6: shootingGRID (big blind) folded before Flop



PokerStars Hand #254575662489:  Hold'em No Limit ($0.50/$1.00 USD) - 2025/01/27 5:52:47 WET [2025/01/27 0:52:47 ET]
Table 'Alkurah III' 6-max Seat #5 is the button
Seat 1: Kreayshawn ($101.50 in chips) 
Seat 2: Cret20 ($70.03 in chips) 
Seat 3: rao999 ($100 in chips) 
Seat 4: Aleqseuka ($137.68 in chips) 
Seat 5: AlexEliseev7 ($100 in chips) 
Seat 6: shootingGRID ($100 in chips) 
shootingGRID: posts small blind $0.50
Kreayshawn: posts big blind $1
*** HOLE CARDS ***
Cret20: calls $1
rao999: folds 
Aleqseuka: folds 
AlexEliseev7: folds 
shootingGRID: calls $0.50
Kreayshawn: raises $5 to $6
Cret20: calls $5
shootingGRID: folds 
*** FLOP *** [Qc 8c 9c]
Kreayshawn: checks 
Cret20: checks 
*** TURN *** [Qc 8c 9c] [Qh]
Kreayshawn: checks 
Cret20: checks 
*** RIVER *** [Qc 8c 9c Qh] [Qd]
Kreayshawn: checks 
Cret20: checks 
*** SHOW DOWN ***
Kreayshawn: shows [Th Kh] (three of a kind, Queens)
Cret20: shows [Kd 9h] (a full house, Queens full of Nines)
Cret20 collected $12.35 from pot
*** SUMMARY ***
Total pot $13 | Rake $0.65 
Board [Qc 8c 9c Qh Qd]
Seat 1: Kreayshawn (big blind) showed [Th Kh] and lost with three of a kind, Queens
Seat 2: Cret20 showed [Kd 9h] and won ($12.35) with a full house, Queens full of Nines
Seat 3: rao999 folded before Flop (didn't bet)
Seat 4: Aleqseuka folded before Flop (didn't bet)
Seat 5: AlexEliseev7 (button) folded before Flop (didn't bet)
Seat 6: shootingGRID (small blind) folded before Flop



PokerStars Hand #254575666399:  Hold'em No Limit ($0.50/$1.00 USD) - 2025/01/27 5:53:41 WET [2025/01/27 0:53:41 ET]
Table 'Alkurah III' 6-max Seat #6 is the button
Seat 1: Kreayshawn ($100 in chips) 
Seat 2: Cret20 ($76.38 in chips) 
Seat 3: rao999 ($100 in chips) 
Seat 4: Aleqseuka ($137.68 in chips) 
Seat 5: AlexEliseev7 ($100 in chips) 
Seat 6: shootingGRID ($100 in chips) 
Kreayshawn: posts small blind $0.50
Cret20: posts big blind $1
*** HOLE CARDS ***
rao999: folds 
Aleqseuka: raises $1.35 to $2.35
AlexEliseev7: folds 
shootingGRID: raises $5.15 to $7.50
Kreayshawn: folds 
Cret20: raises $68.88 to $76.38 and is all-in
Aleqseuka: raises $61.30 to $137.68 and is all-in
shootingGRID: folds 
Uncalled bet ($61.30) returned to Aleqseuka
*** FLOP *** [8d Kh 9d]
*** TURN *** [8d Kh 9d] [Tc]
*** RIVER *** [8d Kh 9d Tc] [3c]
*** SHOW DOWN ***
Cret20: shows [Ad Ks] (a pair of Kings)
Aleqseuka: shows [Qc Qs] (a pair of Queens)
Cret20 collected $158.26 from pot
*** SUMMARY ***
Total pot $160.76 | Rake $2.50 
Board [8d Kh 9d Tc 3c]
Seat 1: Kreayshawn (small blind) folded before Flop
Seat 2: Cret20 (big blind) showed [Ad Ks] and won ($158.26) with a pair of Kings
Seat 3: rao999 folded before Flop (didn't bet)
Seat 4: Aleqseuka showed [Qc Qs] and lost with a pair of Queens
Seat 5: AlexEliseev7 folded before Flop (didn't bet)
Seat 6: shootingGRID (button) folded before Flop



PokerStars Hand #254575670424:  Hold'em No Limit ($0.50/$1.00 USD) - 2025/01/27 5:54:38 WET [2025/01/27 0:54:38 ET]
Table 'Alkurah III' 6-max Seat #1 is the button
Seat 1: Kreayshawn ($100 in chips) 
Seat 2: Cret20 ($158.26 in chips) 
Seat 3: rao999 ($100 in chips) 
Seat 4: Aleqseuka ($100 in chips) 
Seat 5: AlexEliseev7 ($100 in chips) 
Seat 6: shootingGRID ($100 in chips) 
Cret20: posts small blind $0.50
rao999: posts big blind $1
*** HOLE CARDS ***
Aleqseuka: folds 
AlexEliseev7: raises $1.50 to $2.50
shootingGRID: folds 
Kreayshawn: folds 
Cret20: calls $2
rao999: folds 
*** FLOP *** [Qd 7d 2h]
Cret20: bets $2
AlexEliseev7: folds 
Uncalled bet ($2) returned to Cret20
Cret20 collected $5.70 from pot
*** SUMMARY ***
Total pot $6 | Rake $0.30 
Board [Qd 7d 2h]
Seat 1: Kreayshawn (button) folded before Flop (didn't bet)
Seat 2: Cret20 (small blind) collected ($5.70)
Seat 3: rao999 (big blind) folded before Flop
Seat 4: Aleqseuka folded before Flop (didn't bet)
Seat 5: AlexEliseev7 folded on the Flop
Seat 6: shootingGRID folded before Flop (didn't bet)



PokerStars Hand #254575673473:  Hold'em No Limit ($0.50/$1.00 USD) - 2025/01/27 5:55:24 WET [2025/01/27 0:55:24 ET]
Table 'Alkurah III' 6-max Seat #2 is the button
Seat 1: Kreayshawn ($100 in chips) 
Seat 2: Cret20 ($161.46 in chips) 
Seat 3: rao999 ($100 in chips) 
Seat 4: Aleqseuka ($100 in chips) 
Seat 5: AlexEliseev7 ($100 in chips) 
Seat 6: shootingGRID ($100 in chips) 
rao999: posts small blind $0.50
Aleqseuka: posts big blind $1
*** HOLE CARDS ***
AlexEliseev7: folds 
shootingGRID: folds 
Kreayshawn: raises $1.50 to $2.50
Cret20: folds 
rao999: folds 
Aleqseuka: folds 
Uncalled bet ($1.50) returned to Kreayshawn
Kreayshawn collected $2.50 from pot
*** SUMMARY ***
Total pot $2.50 | Rake $0 
Seat 1: Kreayshawn collected ($2.50)
Seat 2: Cret20 (button) folded before Flop (didn't bet)
Seat 3: rao999 (small blind) folded before Flop
Seat 4: Aleqseuka (big blind) folded before Flop
Seat 5: AlexEliseev7 folded before Flop (didn't bet)
Seat 6: shootingGRID folded before Flop (didn't bet)



PokerStars Hand #254575674945:  Hold'em No Limit ($0.50/$1.00 USD) - 2025/01/27 5:55:50 WET [2025/01/27 0:55:50 ET]
Table 'Alkurah III' 6-max Seat #3 is the button
Seat 1: Kreayshawn ($101.50 in chips) 
Seat 2: Cret20 ($161.46 in chips) 
Seat 3: rao999 ($100 in chips) 
Seat 4: Aleqseuka ($100 in chips) 
Seat 5: AlexEliseev7 ($100 in chips) 
Seat 6: shootingGRID ($100 in chips) 
Aleqseuka: posts small blind $0.50
AlexEliseev7: posts big blind $1
*** HOLE CARDS ***
shootingGRID: folds 
Kreayshawn: folds 
Cret20: folds 
rao999: raises $1.50 to $2.50
Aleqseuka: folds 
AlexEliseev7: raises $10.50 to $13
rao999: calls $10.50
*** FLOP *** [5d 2d 7d]
AlexEliseev7: bets $8.31
rao999: calls $8.31
*** TURN *** [5d 2d 7d] [Ah]
AlexEliseev7: checks 
rao999: bets $13.52
AlexEliseev7: calls $13.52
*** RIVER *** [5d 2d 7d Ah] [Ks]
AlexEliseev7: checks 
rao999: bets $22.33
AlexEliseev7: folds 
Uncalled bet ($22.33) returned to rao999
rao999 collected $67.66 from pot
rao999: doesn't show hand 
*** SUMMARY ***
Total pot $70.16 | Rake $2.50 
Board [5d 2d 7d Ah Ks]
Seat 1: Kreayshawn folded before Flop (didn't bet)
Seat 2: Cret20 folded before Flop (didn't bet)
Seat 3: rao999 (button) collected ($67.66)
Seat 4: Aleqseuka (small blind) folded before Flop
Seat 5: AlexEliseev7 (big blind) folded on the River
Seat 6: shootingGRID folded before Flop (didn't bet)



PokerStars Hand #254575680489:  Hold'em No Limit ($0.50/$1.00 USD) - 2025/01/27 5:57:24 WET [2025/01/27 0:57:24 ET]
Table 'Alkurah III' 6-max Seat #4 is the button
Seat 1: Kreayshawn ($101.50 in chips) 
Seat 2: Cret20 ($161.46 in chips) 
Seat 3: rao999 ($132.83 in chips) 
Seat 4: Aleqseuka ($100 in chips) 
Seat 5: AlexEliseev7 ($100 in chips) 
Seat 6: shootingGRID ($100 in chips) 
AlexEliseev7: posts small blind $0.50
shootingGRID: posts big blind $1
*** HOLE CARDS ***
Kreayshawn: folds 
Cret20: folds 
rao999: folds 
Aleqseuka: raises $1.50 to $2.50
AlexEliseev7: folds 
shootingGRID: folds 
Uncalled bet ($1.50) returned to Aleqseuka
Aleqseuka collected $2.50 from pot
Aleqseuka: doesn't show hand 
*** SUMMARY ***
Total pot $2.50 | Rake $0 
Seat 1: Kreayshawn folded before Flop (didn't bet)
Seat 2: Cret20 folded before Flop (didn't bet)
Seat 3: rao999 folded before Flop (didn't bet)
Seat 4: Aleqseuka (button) collected ($2.50)
Seat 5: AlexEliseev7 (small blind) folded before Flop
Seat 6: shootingGRID (big blind) folded before Flop



PokerStars Hand #254575681928:  Hold'em No Limit ($0.50/$1.00 USD) - 2025/01/27 5:57:50 WET [2025/01/27 0:57:50 ET]
Table 'Alkurah III' 6-max Seat #5 is the button
Seat 1: Kreayshawn ($101.50 in chips) 
Seat 2: Cret20 ($161.46 in chips) 
Seat 3: rao999 ($132.83 in chips) 
Seat 4: Aleqseuka ($101.50 in chips) 
Seat 5: AlexEliseev7 ($100 in chips) 
Seat 6: shootingGRID ($100 in chips) 
shootingGRID: posts small blind $0.50
Kreayshawn: posts big blind $1
*** HOLE CARDS ***
Cret20: raises $1 to $2
rao999: folds 
Aleqseuka: folds 
AlexEliseev7: folds 
shootingGRID: folds 
Kreayshawn: folds 
Uncalled bet ($1) returned to Cret20
Cret20 collected $2.50 from pot
*** SUMMARY ***
Total pot $2.50 | Rake $0 
Seat 1: Kreayshawn (big blind) folded before Flop
Seat 2: Cret20 collected ($2.50)
Seat 3: rao999 folded before Flop (didn't bet)
Seat 4: Aleqseuka folded before Flop (didn't bet)
Seat 5: AlexEliseev7 (button) folded before Flop (didn't bet)
Seat 6: shootingGRID (small blind) folded before Flop



PokerStars Hand #254575683232:  Hold'em No Limit ($0.50/$1.00 USD) - 2025/01/27 5:58:12 WET [2025/01/27 0:58:12 ET]
Table 'Alkurah III' 6-max Seat #6 is the button
Seat 1: Kreayshawn ($100.50 in chips) 
Seat 2: Cret20 ($162.96 in chips) 
Seat 3: rao999 ($132.83 in chips) 
Seat 4: Aleqseuka ($101.50 in chips) 
Seat 5: AlexEliseev7 ($100 in chips) 
Seat 6: shootingGRID ($100 in chips) 
Kreayshawn: posts small blind $0.50
Cret20: posts big blind $1
*** HOLE CARDS ***
rao999: folds 
Aleqseuka: raises $1.35 to $2.35
AlexEliseev7: raises $4.65 to $7
shootingGRID: folds 
Kreayshawn: folds 
Cret20: calls $6
Aleqseuka: raises $18 to $25
AlexEliseev7: calls $18
Cret20: calls $18
*** FLOP *** [Qd 3c 5c]
Cret20: bets $137.96 and is all-in
Aleqseuka: calls $76.50 and is all-in
AlexEliseev7: calls $75 and is all-in
Uncalled bet ($61.46) returned to Cret20
AlexEliseev7 has timed out
*** TURN *** [Qd 3c 5c] [9d]
*** RIVER *** [Qd 3c 5c 9d] [7s]
*** SHOW DOWN ***
Cret20: shows [Qc Ac] (a pair of Queens)
Aleqseuka: shows [Ad As] (a pair of Aces)
Aleqseuka collected $3 from side pot
AlexEliseev7: shows [Kd Ks] (a pair of Kings)
Aleqseuka collected $298 from main pot
Cret20 cashed out the hand for $130.22 | Cash Out Fee $2.66
*** SUMMARY ***
Total pot $303.50 Main pot $298. Side pot $3. | Rake $2.50 
Board [Qd 3c 5c 9d 7s]
Seat 1: Kreayshawn (small blind) folded before Flop
Seat 2: Cret20 (big blind) showed [Qc Ac] and lost with a pair of Queens (cashed out).
Seat 3: rao999 folded before Flop (didn't bet)
Seat 4: Aleqseuka showed [Ad As] and won ($301) with a pair of Aces
Seat 5: AlexEliseev7 showed [Kd Ks] and lost with a pair of Kings
Seat 6: shootingGRID (button) folded before Flop (didn't bet)



PokerStars Hand #254575688385:  Hold'em No Limit ($0.50/$1.00 USD) - 2025/01/27 5:59:40 WET [2025/01/27 0:59:40 ET]
Table 'Alkurah III' 6-max Seat #1 is the button
Seat 1: Kreayshawn ($100 in chips) 
Seat 2: Cret20 ($191.68 in chips) 
Seat 3: rao999 ($132.83 in chips) 
Seat 4: Aleqseuka ($301 in chips) 
Seat 5: AlexEliseev7 ($100 in chips) 
Seat 6: shootingGRID ($100 in chips) 
Cret20: posts small blind $0.50
rao999: posts big blind $1
*** HOLE CARDS ***
Aleqseuka: folds 
AlexEliseev7: raises $1.50 to $2.50
shootingGRID: folds 
Kreayshawn: folds 
Cret20: folds 
rao999: folds 
Uncalled bet ($1.50) returned to AlexEliseev7
AlexEliseev7 collected $2.50 from pot
AlexEliseev7: doesn't show hand 
*** SUMMARY ***
Total pot $2.50 | Rake $0 
Seat 1: Kreayshawn (button) folded before Flop (didn't bet)
Seat 2: Cret20 (small blind) folded before Flop
Seat 3: rao999 (big blind) folded before Flop
Seat 4: Aleqseuka folded before Flop (didn't bet)
Seat 5: AlexEliseev7 collected ($2.50)
Seat 6: shootingGRID folded before Flop (didn't bet)



PokerStars Hand #254575689607:  Hold'em No Limit ($0.50/$1.00 USD) - 2025/01/27 6:00:01 WET [2025/01/27 1:00:01 ET]
Table 'Alkurah III' 6-max Seat #2 is the button
Seat 1: Kreayshawn ($100 in chips) 
Seat 2: Cret20 ($191.18 in chips) 
Seat 3: rao999 ($131.83 in chips) 
Seat 4: Aleqseuka ($301 in chips) 
Seat 5: AlexEliseev7 ($101.50 in chips) 
Seat 6: shootingGRID ($100 in chips) 
rao999: posts small blind $0.50
Aleqseuka: posts big blind $1
*** HOLE CARDS ***
AlexEliseev7: folds 
shootingGRID: folds 
Kreayshawn: folds 
Cret20: folds 
rao999: folds 
Uncalled bet ($0.50) returned to Aleqseuka
Aleqseuka collected $1 from pot
Aleqseuka: doesn't show hand 
*** SUMMARY ***
Total pot $1 | Rake $0 
Seat 1: Kreayshawn folded before Flop (didn't bet)
Seat 2: Cret20 (button) folded before Flop (didn't bet)
Seat 3: rao999 (small blind) folded before Flop
Seat 4: Aleqseuka (big blind) collected ($1)
Seat 5: AlexEliseev7 folded before Flop (didn't bet)
Seat 6: shootingGRID folded before Flop (didn't bet)



PokerStars Hand #254575690809:  Hold'em No Limit ($0.50/$1.00 USD) - 2025/01/27 6:00:20 WET [2025/01/27 1:00:20 ET]
Table 'Alkurah III' 6-max Seat #3 is the button
Seat 1: Kreayshawn ($100 in chips) 
Seat 2: Cret20 ($191.18 in chips) 
Seat 3: rao999 ($131.33 in chips) 
Seat 4: Aleqseuka ($301.50 in chips) 
Seat 5: AlexEliseev7 ($101.50 in chips) 
Seat 6: shootingGRID ($100 in chips) 
Aleqseuka: posts small blind $0.50
AlexEliseev7: posts big blind $1
*** HOLE CARDS ***
shootingGRID: folds 
Kreayshawn: folds 
Cret20: calls $1
rao999: folds 
Aleqseuka: folds 
AlexEliseev7: checks 
*** FLOP *** [Qh 8d 7c]
AlexEliseev7: checks 
Cret20: checks 
*** TURN *** [Qh 8d 7c] [Ad]
AlexEliseev7: checks 
Cret20: checks 
*** RIVER *** [Qh 8d 7c Ad] [9c]
AlexEliseev7: checks 
Cret20: bets $7
AlexEliseev7: folds 
Uncalled bet ($7) returned to Cret20
Cret20 collected $2.38 from pot
*** SUMMARY ***
Total pot $2.50 | Rake $0.12 
Board [Qh 8d 7c Ad 9c]
Seat 1: Kreayshawn folded before Flop (didn't bet)
Seat 2: Cret20 collected ($2.38)
Seat 3: rao999 (button) folded before Flop (didn't bet)
Seat 4: Aleqseuka (small blind) folded before Flop
Seat 5: AlexEliseev7 (big blind) folded on the River
Seat 6: shootingGRID folded before Flop (didn't bet)



PokerStars Hand #254575694317:  Hold'em No Limit ($0.50/$1.00 USD) - 2025/01/27 6:01:14 WET [2025/01/27 1:01:14 ET]
Table 'Alkurah III' 6-max Seat #4 is the button
Seat 1: Kreayshawn ($100 in chips) 
Seat 2: Cret20 ($192.56 in chips) 
Seat 3: rao999 ($131.33 in chips) 
Seat 4: Aleqseuka ($301 in chips) 
Seat 5: AlexEliseev7 ($100.50 in chips) 
Seat 6: shootingGRID ($100 in chips) 
AlexEliseev7: posts small blind $0.50
shootingGRID: posts big blind $1
*** HOLE CARDS ***
Kreayshawn: folds 
Cret20: calls $1
rao999: folds 
Aleqseuka: folds 
AlexEliseev7: folds 
shootingGRID: checks 
*** FLOP *** [7h 8c Ac]
shootingGRID: checks 
Cret20: checks 
*** TURN *** [7h 8c Ac] [Kd]
shootingGRID: checks 
Cret20: bets $2
shootingGRID: folds 
Uncalled bet ($2) returned to Cret20
Cret20 collected $2.38 from pot
*** SUMMARY ***
Total pot $2.50 | Rake $0.12 
Board [7h 8c Ac Kd]
Seat 1: Kreayshawn folded before Flop (didn't bet)
Seat 2: Cret20 collected ($2.38)
Seat 3: rao999 folded before Flop (didn't bet)
Seat 4: Aleqseuka (button) folded before Flop (didn't bet)
Seat 5: AlexEliseev7 (small blind) folded before Flop
Seat 6: shootingGRID (big blind) folded on the Turn



PokerStars Hand #254575697405:  Hold'em No Limit ($0.50/$1.00 USD) - 2025/01/27 6:02:00 WET [2025/01/27 1:02:00 ET]
Table 'Alkurah III' 6-max Seat #5 is the button
Seat 1: Kreayshawn ($100 in chips) 
Seat 2: Cret20 ($193.94 in chips) 
Seat 3: rao999 ($131.33 in chips) 
Seat 4: Aleqseuka ($301 in chips) 
Seat 5: AlexEliseev7 ($100 in chips) 
Seat 6: shootingGRID ($100 in chips) 
shootingGRID: posts small blind $0.50
Kreayshawn: posts big blind $1
*** HOLE CARDS ***
Cret20: folds 
rao999: folds 
Aleqseuka: folds 
AlexEliseev7: raises $1.50 to $2.50
shootingGRID: folds 
Kreayshawn: folds 
Uncalled bet ($1.50) returned to AlexEliseev7
AlexEliseev7 collected $2.50 from pot
AlexEliseev7: doesn't show hand 
*** SUMMARY ***
Total pot $2.50 | Rake $0 
Seat 1: Kreayshawn (big blind) folded before Flop
Seat 2: Cret20 folded before Flop (didn't bet)
Seat 3: rao999 folded before Flop (didn't bet)
Seat 4: Aleqseuka folded before Flop (didn't bet)
Seat 5: AlexEliseev7 (button) collected ($2.50)
Seat 6: shootingGRID (small blind) folded before Flop



PokerStars Hand #254575698486:  Hold'em No Limit ($0.50/$1.00 USD) - 2025/01/27 6:02:16 WET [2025/01/27 1:02:16 ET]
Table 'Alkurah III' 6-max Seat #6 is the button
Seat 1: Kreayshawn ($100 in chips) 
Seat 2: Cret20 ($193.94 in chips) 
Seat 3: rao999 ($131.33 in chips) 
Seat 4: Aleqseuka ($301 in chips) 
Seat 5: AlexEliseev7 ($101.50 in chips) 
Seat 6: shootingGRID ($100 in chips) 
Kreayshawn: posts small blind $0.50
Cret20: posts big blind $1
*** HOLE CARDS ***
rao999: folds 
Aleqseuka: raises $1.35 to $2.35
AlexEliseev7: folds 
shootingGRID: folds 
Kreayshawn: calls $1.85
Cret20: calls $1.35
*** FLOP *** [2s 2c 3h]
Kreayshawn: checks 
Cret20: checks 
Aleqseuka: bets $3.69
Kreayshawn: calls $3.69
Cret20: folds 
*** TURN *** [2s 2c 3h] [6c]
Kreayshawn: checks 
Aleqseuka: bets $21.66
Kreayshawn: folds 
Uncalled bet ($21.66) returned to Aleqseuka
Aleqseuka collected $13.71 from pot
Aleqseuka: doesn't show hand 
*** SUMMARY ***
Total pot $14.43 | Rake $0.72 
Board [2s 2c 3h 6c]
Seat 1: Kreayshawn (small blind) folded on the Turn
Seat 2: Cret20 (big blind) folded on the Flop
Seat 3: rao999 folded before Flop (didn't bet)
Seat 4: Aleqseuka collected ($13.71)
Seat 5: AlexEliseev7 folded before Flop (didn't bet)
Seat 6: shootingGRID (button) folded before Flop (didn't bet)



PokerStars Hand #254575702858:  Hold'em No Limit ($0.50/$1.00 USD) - 2025/01/27 6:03:20 WET [2025/01/27 1:03:20 ET]
Table 'Alkurah III' 6-max Seat #1 is the button
Seat 1: Kreayshawn ($100 in chips) 
Seat 2: Cret20 ($191.59 in chips) 
Seat 3: rao999 ($131.33 in chips) 
Seat 4: Aleqseuka ($308.67 in chips) 
Seat 5: AlexEliseev7 ($101.50 in chips) 
Seat 6: shootingGRID ($100 in chips) 
Cret20: posts small blind $0.50
rao999: posts big blind $1
*** HOLE CARDS ***
Aleqseuka: folds 
AlexEliseev7: raises $1.50 to $2.50
shootingGRID: folds 
Kreayshawn: folds 
Cret20: calls $2
rao999: calls $1.50
*** FLOP *** [Jc 7c 5s]
Cret20: checks 
rao999: checks 
AlexEliseev7: checks 
*** TURN *** [Jc 7c 5s] [4d]
Cret20: checks 
rao999: bets $5.34
AlexEliseev7: folds 
Cret20: calls $5.34
*** RIVER *** [Jc 7c 5s 4d] [6d]
Cret20: checks 
rao999: bets $11.40
Cret20: calls $11.40
*** SHOW DOWN ***
rao999: shows [Kc 3c] (a straight, Three to Seven)
Cret20: mucks hand 
rao999 collected $38.93 from pot
*** SUMMARY ***
Total pot $40.98 | Rake $2.05 
Board [Jc 7c 5s 4d 6d]
Seat 1: Kreayshawn (button) folded before Flop (didn't bet)
Seat 2: Cret20 (small blind) mucked
Seat 3: rao999 (big blind) showed [Kc 3c] and won ($38.93) with a straight, Three to Seven
Seat 4: Aleqseuka folded before Flop (didn't bet)
Seat 5: AlexEliseev7 folded on the Turn
Seat 6: shootingGRID folded before Flop (didn't bet)



PokerStars Hand #254575707467:  Hold'em No Limit ($0.50/$1.00 USD) - 2025/01/27 6:04:28 WET [2025/01/27 1:04:28 ET]
Table 'Alkurah III' 6-max Seat #2 is the button
Seat 1: Kreayshawn ($100 in chips) 
Seat 2: Cret20 ($172.35 in chips) 
Seat 3: rao999 ($151.02 in chips) 
Seat 4: Aleqseuka ($308.67 in chips) 
Seat 5: AlexEliseev7 ($100 in chips) 
Seat 6: shootingGRID ($100 in chips) 
rao999: posts small blind $0.50
Aleqseuka: posts big blind $1
*** HOLE CARDS ***
AlexEliseev7: folds 
shootingGRID: folds 
Kreayshawn: folds 
Cret20: raises $2 to $3
rao999: folds 
Aleqseuka: folds 
Uncalled bet ($2) returned to Cret20
Cret20 collected $2.50 from pot
*** SUMMARY ***
Total pot $2.50 | Rake $0 
Seat 1: Kreayshawn folded before Flop (didn't bet)
Seat 2: Cret20 (button) collected ($2.50)
Seat 3: rao999 (small blind) folded before Flop
Seat 4: Aleqseuka (big blind) folded before Flop
Seat 5: AlexEliseev7 folded before Flop (didn't bet)
Seat 6: shootingGRID folded before Flop (didn't bet)



PokerStars Hand #254575708618:  Hold'em No Limit ($0.50/$1.00 USD) - 2025/01/27 6:04:45 WET [2025/01/27 1:04:45 ET]
Table 'Alkurah III' 6-max Seat #3 is the button
Seat 1: Kreayshawn ($100 in chips) 
Seat 2: Cret20 ($173.85 in chips) 
Seat 3: rao999 ($150.52 in chips) 
Seat 4: Aleqseuka ($307.67 in chips) 
Seat 5: AlexEliseev7 ($100 in chips) 
Seat 6: shootingGRID ($100 in chips) 
Aleqseuka: posts small blind $0.50
AlexEliseev7: posts big blind $1
*** HOLE CARDS ***
shootingGRID: folds 
Kreayshawn: folds 
Cret20: calls $1
rao999: folds 
Aleqseuka: folds 
AlexEliseev7: raises $4 to $5
Cret20: calls $4
*** FLOP *** [8h 2d 5c]
AlexEliseev7: bets $7.78
Cret20: calls $7.78
*** TURN *** [8h 2d 5c] [Qc]
AlexEliseev7: bets $19.31
Cret20: calls $19.31
*** RIVER *** [8h 2d 5c Qc] [Kh]
AlexEliseev7: bets $67.91 and is all-in
Cret20: folds 
Uncalled bet ($67.91) returned to AlexEliseev7
AlexEliseev7 collected $62.18 from pot
AlexEliseev7: doesn't show hand 
*** SUMMARY ***
Total pot $64.68 | Rake $2.50 
Board [8h 2d 5c Qc Kh]
Seat 1: Kreayshawn folded before Flop (didn't bet)
Seat 2: Cret20 folded on the River
Seat 3: rao999 (button) folded before Flop (didn't bet)
Seat 4: Aleqseuka (small blind) folded before Flop
Seat 5: AlexEliseev7 (big blind) collected ($62.18)
Seat 6: shootingGRID folded before Flop (didn't bet)



PokerStars Hand #254575712605:  Hold'em No Limit ($0.50/$1.00 USD) - 2025/01/27 6:05:45 WET [2025/01/27 1:05:45 ET]
Table 'Alkurah III' 6-max Seat #4 is the button
Seat 1: Kreayshawn ($100 in chips) 
Seat 2: Cret20 ($141.76 in chips) 
Seat 3: rao999 ($150.52 in chips) 
Seat 4: Aleqseuka ($307.17 in chips) 
Seat 5: AlexEliseev7 ($130.09 in chips) 
Seat 6: shootingGRID ($100 in chips) 
AlexEliseev7: posts small blind $0.50
shootingGRID: posts big blind $1
*** HOLE CARDS ***
Kreayshawn: folds 
Cret20: folds 
rao999: folds 
Aleqseuka: raises $1.50 to $2.50
AlexEliseev7: raises $9.50 to $12
shootingGRID: folds 
Aleqseuka: calls $9.50
*** FLOP *** [8c 8s 4s]
AlexEliseev7: bets $18.53
Aleqseuka: folds 
Uncalled bet ($18.53) returned to AlexEliseev7
AlexEliseev7 collected $23.75 from pot
AlexEliseev7: doesn't show hand 
*** SUMMARY ***
Total pot $25 | Rake $1.25 
Board [8c 8s 4s]
Seat 1: Kreayshawn folded before Flop (didn't bet)
Seat 2: Cret20 folded before Flop (didn't bet)
Seat 3: rao999 folded before Flop (didn't bet)
Seat 4: Aleqseuka (button) folded on the Flop
Seat 5: AlexEliseev7 (small blind) collected ($23.75)
Seat 6: shootingGRID (big blind) folded before Flop



PokerStars Hand #254575717808:  Hold'em No Limit ($0.50/$1.00 USD) - 2025/01/27 6:07:01 WET [2025/01/27 1:07:01 ET]
Table 'Alkurah III' 6-max Seat #5 is the button
Seat 1: Kreayshawn ($100 in chips) 
Seat 2: Cret20 ($141.76 in chips) 
Seat 3: rao999 ($150.52 in chips) 
Seat 4: Aleqseuka ($295.17 in chips) 
Seat 5: AlexEliseev7 ($141.84 in chips) 
Seat 6: shootingGRID ($100 in chips) 
shootingGRID: posts small blind $0.50
Kreayshawn: posts big blind $1
*** HOLE CARDS ***
Cret20: folds 
rao999: folds 
Aleqseuka: raises $1.50 to $2.50
AlexEliseev7: folds 
shootingGRID: raises $9.50 to $12
Kreayshawn: folds 
Aleqseuka: folds 
Uncalled bet ($9.50) returned to shootingGRID
shootingGRID collected $6 from pot
*** SUMMARY ***
Total pot $6 | Rake $0 
Seat 1: Kreayshawn (big blind) folded before Flop
Seat 2: Cret20 folded before Flop (didn't bet)
Seat 3: rao999 folded before Flop (didn't bet)
Seat 4: Aleqseuka folded before Flop
Seat 5: AlexEliseev7 (button) folded before Flop (didn't bet)
Seat 6: shootingGRID (small blind) collected ($6)



PokerStars Hand #254575719590:  Hold'em No Limit ($0.50/$1.00 USD) - 2025/01/27 6:07:26 WET [2025/01/27 1:07:26 ET]
Table 'Alkurah III' 6-max Seat #6 is the button
Seat 1: Kreayshawn ($100 in chips) 
Seat 2: Cret20 ($141.76 in chips) 
Seat 3: rao999 ($150.52 in chips) 
Seat 4: Aleqseuka ($292.67 in chips) 
Seat 5: AlexEliseev7 ($141.84 in chips) 
Seat 6: shootingGRID ($103.50 in chips) 
Kreayshawn: posts small blind $0.50
Cret20: posts big blind $1
*** HOLE CARDS ***
rao999: raises $1.50 to $2.50
Aleqseuka: folds 
AlexEliseev7: folds 
shootingGRID: raises $5 to $7.50
Kreayshawn: folds 
Cret20: calls $6.50
rao999: calls $5
*** FLOP *** [Jc Td Jh]
Cret20: checks 
rao999: checks 
shootingGRID: checks 
*** TURN *** [Jc Td Jh] [8d]
Cret20: checks 
rao999: checks 
shootingGRID: bets $16.39
Cret20: folds 
rao999: folds 
Uncalled bet ($16.39) returned to shootingGRID
shootingGRID collected $21.85 from pot
*** SUMMARY ***
Total pot $23 | Rake $1.15 
Board [Jc Td Jh 8d]
Seat 1: Kreayshawn (small blind) folded before Flop
Seat 2: Cret20 (big blind) folded on the Turn
Seat 3: rao999 folded on the Turn
Seat 4: Aleqseuka folded before Flop (didn't bet)
Seat 5: AlexEliseev7 folded before Flop (didn't bet)
Seat 6: shootingGRID (button) collected ($21.85)



PokerStars Hand #254575723719:  Hold'em No Limit ($0.50/$1.00 USD) - 2025/01/27 6:08:26 WET [2025/01/27 1:08:26 ET]
Table 'Alkurah III' 6-max Seat #1 is the button
Seat 1: Kreayshawn ($100 in chips) 
Seat 2: Cret20 ($134.26 in chips) 
Seat 3: rao999 ($143.02 in chips) 
Seat 4: Aleqseuka ($292.67 in chips) 
Seat 5: AlexEliseev7 ($141.84 in chips) 
Seat 6: shootingGRID ($117.85 in chips) 
Cret20: posts small blind $0.50
rao999: posts big blind $1
*** HOLE CARDS ***
Aleqseuka: folds 
AlexEliseev7: folds 
shootingGRID: raises $1.25 to $2.25
Kreayshawn: folds 
Cret20: folds 
rao999: folds 
Uncalled bet ($1.25) returned to shootingGRID
shootingGRID collected $2.50 from pot
*** SUMMARY ***
Total pot $2.50 | Rake $0 
Seat 1: Kreayshawn (button) folded before Flop (didn't bet)
Seat 2: Cret20 (small blind) folded before Flop
Seat 3: rao999 (big blind) folded before Flop
Seat 4: Aleqseuka folded before Flop (didn't bet)
Seat 5: AlexEliseev7 folded before Flop (didn't bet)
Seat 6: shootingGRID collected ($2.50)



PokerStars Hand #254575724785:  Hold'em No Limit ($0.50/$1.00 USD) - 2025/01/27 6:08:41 WET [2025/01/27 1:08:41 ET]
Table 'Alkurah III' 6-max Seat #2 is the button
Seat 4: Aleqseuka ($292.67 in chips) is sitting out
Seat 1: Kreayshawn ($100 in chips) 
Seat 2: Cret20 ($133.76 in chips) 
Seat 3: rao999 ($142.02 in chips) 
Seat 5: AlexEliseev7 ($141.84 in chips) 
Seat 6: shootingGRID ($119.35 in chips) 
rao999: posts small blind $0.50
AlexEliseev7: posts big blind $1
*** HOLE CARDS ***
shootingGRID: folds 
Kreayshawn: folds 
Cret20: calls $1
rao999: raises $3.50 to $4.50
AlexEliseev7: folds 
Cret20: calls $3.50
*** FLOP *** [8c 6s Td]
rao999: checks 
Cret20: checks 
*** TURN *** [8c 6s Td] [5d]
rao999: checks 
Cret20: checks 
*** RIVER *** [8c 6s Td 5d] [9s]
rao999: checks 
Cret20: checks 
*** SHOW DOWN ***
rao999: shows [Ks Jh] (high card King)
Cret20: shows [8h 9d] (two pair, Nines and Eights)
Cret20 collected $9.50 from pot
*** SUMMARY ***
Total pot $10 | Rake $0.50 
Board [8c 6s Td 5d 9s]
Seat 4: Aleqseuka
Seat 1: Kreayshawn folded before Flop (didn't bet)
Seat 2: Cret20 (button) showed [8h 9d] and won ($9.50) with two pair, Nines and Eights
Seat 3: rao999 (small blind) showed [Ks Jh] and lost with high card King
Seat 5: AlexEliseev7 (big blind) folded before Flop
Seat 6: shootingGRID folded before Flop (didn't bet)



PokerStars Hand #254575727752:  Hold'em No Limit ($0.50/$1.00 USD) - 2025/01/27 6:09:25 WET [2025/01/27 1:09:25 ET]
Table 'Alkurah III' 6-max Seat #3 is the button
Seat 4: Aleqseuka ($292.67 in chips) is sitting out
Seat 1: Kreayshawn ($100 in chips) 
Seat 2: Cret20 ($138.76 in chips) 
Seat 3: rao999 ($137.52 in chips) 
Seat 5: AlexEliseev7 ($140.84 in chips) 
Seat 6: shootingGRID ($119.35 in chips) 
AlexEliseev7: posts small blind $0.50
shootingGRID: posts big blind $1
*** HOLE CARDS ***
Kreayshawn: folds 
Cret20: calls $1
rao999: folds 
AlexEliseev7: folds 
shootingGRID: checks 
*** FLOP *** [7s Ah 6c]
shootingGRID: checks 
Cret20: checks 
*** TURN *** [7s Ah 6c] [2s]
shootingGRID: checks 
Cret20: checks 
*** RIVER *** [7s Ah 6c 2s] [3s]
shootingGRID: checks 
Cret20: checks 
*** SHOW DOWN ***
shootingGRID: shows [9h 2d] (a pair of Deuces)
Cret20: shows [Jc 6d] (a pair of Sixes)
Cret20 collected $2.38 from pot
*** SUMMARY ***
Total pot $2.50 | Rake $0.12 
Board [7s Ah 6c 2s 3s]
Seat 4: Aleqseuka
Seat 1: Kreayshawn folded before Flop (didn't bet)
Seat 2: Cret20 showed [Jc 6d] and won ($2.38) with a pair of Sixes
Seat 3: rao999 (button) folded before Flop (didn't bet)
Seat 5: AlexEliseev7 (small blind) folded before Flop
Seat 6: shootingGRID (big blind) showed [9h 2d] and lost with a pair of Deuces



PokerStars Hand #254575730584:  Hold'em No Limit ($0.50/$1.00 USD) - 2025/01/27 6:10:07 WET [2025/01/27 1:10:07 ET]
Table 'Alkurah III' 6-max Seat #5 is the button
Seat 4: Aleqseuka ($292.67 in chips) is sitting out
Seat 1: Kreayshawn ($100 in chips) 
Seat 2: Cret20 ($140.14 in chips) 
Seat 3: rao999 ($137.52 in chips) 
Seat 5: AlexEliseev7 ($140.34 in chips) 
Seat 6: shootingGRID ($118.35 in chips) 
shootingGRID: posts small blind $0.50
Kreayshawn: posts big blind $1
*** HOLE CARDS ***
Cret20: calls $1
rao999: raises $2.50 to $3.50
AlexEliseev7: folds 
shootingGRID: folds 
Kreayshawn: folds 
Cret20: calls $2.50
*** FLOP *** [5s Td 2c]
Cret20: checks 
rao999: bets $4
Cret20: folds 
Uncalled bet ($4) returned to rao999
rao999 collected $8.08 from pot
rao999: doesn't show hand 
*** SUMMARY ***
Total pot $8.50 | Rake $0.42 
Board [5s Td 2c]
Seat 4: Aleqseuka
Seat 1: Kreayshawn (big blind) folded before Flop
Seat 2: Cret20 folded on the Flop
Seat 3: rao999 collected ($8.08)
Seat 5: AlexEliseev7 (button) folded before Flop (didn't bet)
Seat 6: shootingGRID (small blind) folded before Flop



PokerStars Hand #254575734482:  Hold'em No Limit ($0.50/$1.00 USD) - 2025/01/27 6:11:05 WET [2025/01/27 1:11:05 ET]
Table 'Alkurah III' 6-max Seat #6 is the button
Seat 4: Aleqseuka ($292.67 in chips) is sitting out
Seat 1: Kreayshawn ($100 in chips) 
Seat 2: Cret20 ($136.64 in chips) 
Seat 3: rao999 ($142.10 in chips) 
Seat 5: AlexEliseev7 ($140.34 in chips) 
Seat 6: shootingGRID ($117.85 in chips) 
Kreayshawn: posts small blind $0.50
Cret20: posts big blind $1
*** HOLE CARDS ***
rao999: folds 
AlexEliseev7: folds 
shootingGRID: folds 
Kreayshawn: folds 
Uncalled bet ($0.50) returned to Cret20
Cret20 collected $1 from pot
*** SUMMARY ***
Total pot $1 | Rake $0 
Seat 4: Aleqseuka
Seat 1: Kreayshawn (small blind) folded before Flop
Seat 2: Cret20 (big blind) collected ($1)
Seat 3: rao999 folded before Flop (didn't bet)
Seat 5: AlexEliseev7 folded before Flop (didn't bet)
Seat 6: shootingGRID (button) folded before Flop (didn't bet)



PokerStars Hand #254575735733:  Hold'em No Limit ($0.50/$1.00 USD) - 2025/01/27 6:11:23 WET [2025/01/27 1:11:23 ET]
Table 'Alkurah III' 6-max Seat #1 is the button
Seat 4: Aleqseuka ($292.67 in chips) is sitting out
Seat 1: Kreayshawn ($100 in chips) 
Seat 2: Cret20 ($137.14 in chips) 
Seat 3: rao999 ($142.10 in chips) 
Seat 5: AlexEliseev7 ($140.34 in chips) 
Seat 6: shootingGRID ($117.85 in chips) 
Cret20: posts small blind $0.50
rao999: posts big blind $1
*** HOLE CARDS ***
AlexEliseev7: folds 
shootingGRID: raises $1.25 to $2.25
Kreayshawn: folds 
Cret20: folds 
rao999: folds 
Uncalled bet ($1.25) returned to shootingGRID
shootingGRID collected $2.50 from pot
*** SUMMARY ***
Total pot $2.50 | Rake $0 
Seat 4: Aleqseuka
Seat 1: Kreayshawn (button) folded before Flop (didn't bet)
Seat 2: Cret20 (small blind) folded before Flop
Seat 3: rao999 (big blind) folded before Flop
Seat 5: AlexEliseev7 folded before Flop (didn't bet)
Seat 6: shootingGRID collected ($2.50)



PokerStars Hand #254575738043:  Hold'em No Limit ($0.50/$1.00 USD) - 2025/01/27 6:11:57 WET [2025/01/27 1:11:57 ET]
Table 'Alkurah III' 6-max Seat #2 is the button
Seat 4: Aleqseuka ($292.67 in chips) is sitting out
Seat 1: Kreayshawn ($100 in chips) 
Seat 2: Cret20 ($136.64 in chips) 
Seat 3: rao999 ($141.10 in chips) 
Seat 5: AlexEliseev7 ($140.34 in chips) 
Seat 6: shootingGRID ($119.35 in chips) 
rao999: posts small blind $0.50
AlexEliseev7: posts big blind $1
*** HOLE CARDS ***
shootingGRID: raises $1.25 to $2.25
Kreayshawn: folds 
Cret20: calls $2.25
rao999: folds 
AlexEliseev7: folds 
*** FLOP *** [6c Js 8d]
shootingGRID: checks 
Cret20: checks 
*** TURN *** [6c Js 8d] [Ks]
shootingGRID: checks 
Cret20: checks 
*** RIVER *** [6c Js 8d Ks] [2h]
shootingGRID: checks 
Cret20: checks 
*** SHOW DOWN ***
shootingGRID: shows [4c 4d] (a pair of Fours)
Cret20: shows [6h Qc] (a pair of Sixes)
Cret20 collected $5.70 from pot
*** SUMMARY ***
Total pot $6 | Rake $0.30 
Board [6c Js 8d Ks 2h]
Seat 4: Aleqseuka
Seat 1: Kreayshawn folded before Flop (didn't bet)
Seat 2: Cret20 (button) showed [6h Qc] and won ($5.70) with a pair of Sixes
Seat 3: rao999 (small blind) folded before Flop
Seat 5: AlexEliseev7 (big blind) folded before Flop
Seat 6: shootingGRID showed [4c 4d] and lost with a pair of Fours



PokerStars Hand #254575739820:  Hold'em No Limit ($0.50/$1.00 USD) - 2025/01/27 6:12:24 WET [2025/01/27 1:12:24 ET]
Table 'Alkurah III' 6-max Seat #3 is the button
Seat 4: Aleqseuka ($292.67 in chips) is sitting out
Seat 1: Kreayshawn ($100 in chips) 
Seat 2: Cret20 ($140.09 in chips) 
Seat 3: rao999 ($140.60 in chips) 
Seat 5: AlexEliseev7 ($139.34 in chips) 
Seat 6: shootingGRID ($117.10 in chips) 
AlexEliseev7: posts small blind $0.50
shootingGRID: posts big blind $1
*** HOLE CARDS ***
Kreayshawn: raises $1.50 to $2.50
Cret20: calls $2.50
rao999: folds 
AlexEliseev7: raises $12 to $14.50
shootingGRID: calls $13.50
Kreayshawn: folds 
Cret20: folds 
*** FLOP *** [6c Jd 8c]
AlexEliseev7: checks 
shootingGRID: bets $10.66
AlexEliseev7: calls $10.66
*** TURN *** [6c Jd 8c] [9h]
AlexEliseev7: checks 
shootingGRID: checks 
*** RIVER *** [6c Jd 8c 9h] [6h]
AlexEliseev7: checks 
shootingGRID: checks 
*** SHOW DOWN ***
AlexEliseev7: shows [Ac Ad] (two pair, Aces and Sixes)
shootingGRID: mucks hand 
AlexEliseev7 collected $52.82 from pot
*** SUMMARY ***
Total pot $55.32 | Rake $2.50 
Board [6c Jd 8c 9h 6h]
Seat 4: Aleqseuka
Seat 1: Kreayshawn folded before Flop
Seat 2: Cret20 folded before Flop
Seat 3: rao999 (button) folded before Flop (didn't bet)
Seat 5: AlexEliseev7 (small blind) showed [Ac Ad] and won ($52.82) with two pair, Aces and Sixes
Seat 6: shootingGRID (big blind) mucked



PokerStars Hand #254575748070:  Hold'em No Limit ($0.50/$1.00 USD) - 2025/01/27 6:14:26 WET [2025/01/27 1:14:26 ET]
Table 'Alkurah III' 6-max Seat #5 is the button
Seat 4: Aleqseuka ($292.67 in chips) is sitting out
Seat 1: Kreayshawn ($100 in chips) 
Seat 2: Cret20 ($137.59 in chips) 
Seat 3: rao999 ($140.60 in chips) 
Seat 5: AlexEliseev7 ($167 in chips) 
Seat 6: shootingGRID ($100 in chips) 
shootingGRID: posts small blind $0.50
Kreayshawn: posts big blind $1
Aleqseuka: sits out 
*** HOLE CARDS ***
Cret20: calls $1
rao999: folds 
AlexEliseev7: folds 
shootingGRID: folds 
Kreayshawn: raises $4 to $5
Cret20: calls $4
*** FLOP *** [7s 3h 9c]
Kreayshawn: checks 
Cret20: bets $4.99
Kreayshawn: calls $4.99
*** TURN *** [7s 3h 9c] [3c]
Kreayshawn: checks 
Cret20: bets $9.73
Kreayshawn: calls $9.73
*** RIVER *** [7s 3h 9c 3c] [4h]
Kreayshawn: checks 
Cret20: checks 
*** SHOW DOWN ***
Kreayshawn: shows [Jc As] (a pair of Threes)
Cret20: shows [Qh 9s] (two pair, Nines and Threes)
Cret20 collected $37.94 from pot
*** SUMMARY ***
Total pot $39.94 | Rake $2 
Board [7s 3h 9c 3c 4h]
Seat 4: Aleqseuka
Seat 1: Kreayshawn (big blind) showed [Jc As] and lost with a pair of Threes
Seat 2: Cret20 showed [Qh 9s] and won ($37.94) with two pair, Nines and Threes
Seat 3: rao999 folded before Flop (didn't bet)
Seat 5: AlexEliseev7 (button) folded before Flop (didn't bet)
Seat 6: shootingGRID (small blind) folded before Flop



PokerStars Hand #254575758219:  Hold'em No Limit ($0.50/$1.00 USD) - 2025/01/27 6:17:00 WET [2025/01/27 1:17:00 ET]
Table 'Alkurah III' 6-max Seat #3 is the button
Seat 1: Kreayshawn ($103.75 in chips) 
Seat 2: Cret20 ($150.56 in chips) 
Seat 3: rao999 ($145.10 in chips) 
Seat 4: Aleqseuka ($291.67 in chips) 
Seat 5: AlexEliseev7 ($167 in chips) 
Seat 6: shootingGRID ($100 in chips) 
Aleqseuka: posts small blind $0.50
AlexEliseev7: posts big blind $1
*** HOLE CARDS ***
shootingGRID: folds 
Kreayshawn: folds 
Cret20: calls $1
rao999: folds 
Aleqseuka: folds 
AlexEliseev7: checks 
*** FLOP *** [6s 8h 7s]
AlexEliseev7: bets $1.86
Cret20: calls $1.86
*** TURN *** [6s 8h 7s] [5h]
AlexEliseev7: checks 
Cret20: bets $2.96
AlexEliseev7: folds 
Uncalled bet ($2.96) returned to Cret20
Cret20 collected $5.91 from pot
*** SUMMARY ***
Total pot $6.22 | Rake $0.31 
Board [6s 8h 7s 5h]
Seat 1: Kreayshawn folded before Flop (didn't bet)
Seat 2: Cret20 collected ($5.91)
Seat 3: rao999 (button) folded before Flop (didn't bet)
Seat 4: Aleqseuka (small blind) folded before Flop
Seat 5: AlexEliseev7 (big blind) folded on the Turn
Seat 6: shootingGRID folded before Flop (didn't bet)



PokerStars Hand #254575762308:  Hold'em No Limit ($0.50/$1.00 USD) - 2025/01/27 6:18:02 WET [2025/01/27 1:18:02 ET]
Table 'Alkurah III' 6-max Seat #4 is the button
Seat 1: Kreayshawn ($103.75 in chips) 
Seat 2: Cret20 ($153.61 in chips) 
Seat 3: rao999 ($145.10 in chips) 
Seat 4: Aleqseuka ($291.17 in chips) 
Seat 5: AlexEliseev7 ($164.14 in chips) 
Seat 6: shootingGRID ($100 in chips) 
AlexEliseev7: posts small blind $0.50
shootingGRID: posts big blind $1
*** HOLE CARDS ***
Kreayshawn: folds 
Cret20: folds 
rao999: raises $1.50 to $2.50
Aleqseuka: folds 
AlexEliseev7: raises $10.50 to $13
shootingGRID: folds 
rao999: folds 
Uncalled bet ($10.50) returned to AlexEliseev7
AlexEliseev7 collected $6 from pot
AlexEliseev7: doesn't show hand 
*** SUMMARY ***
Total pot $6 | Rake $0 
Seat 1: Kreayshawn folded before Flop (didn't bet)
Seat 2: Cret20 folded before Flop (didn't bet)
Seat 3: rao999 folded before Flop
Seat 4: Aleqseuka (button) folded before Flop (didn't bet)
Seat 5: AlexEliseev7 (small blind) collected ($6)
Seat 6: shootingGRID (big blind) folded before Flop



PokerStars Hand #254575764048:  Hold'em No Limit ($0.50/$1.00 USD) - 2025/01/27 6:18:29 WET [2025/01/27 1:18:29 ET]
Table 'Alkurah III' 6-max Seat #5 is the button
Seat 1: Kreayshawn ($103.75 in chips) 
Seat 2: Cret20 ($153.61 in chips) 
Seat 3: rao999 ($142.60 in chips) 
Seat 4: Aleqseuka ($291.17 in chips) 
Seat 5: AlexEliseev7 ($167.64 in chips) 
Seat 6: shootingGRID ($100 in chips) 
shootingGRID: posts small blind $0.50
Kreayshawn: posts big blind $1
*** HOLE CARDS ***
Cret20: calls $1
rao999: folds 
Aleqseuka: folds 
AlexEliseev7: folds 
shootingGRID: folds 
Kreayshawn: checks 
*** FLOP *** [9d Qd 8d]
Kreayshawn: bets $2
Cret20: calls $2
*** TURN *** [9d Qd 8d] [8c]
Kreayshawn: bets $9.76
Cret20: folds 
Uncalled bet ($9.76) returned to Kreayshawn
Kreayshawn collected $6.18 from pot
*** SUMMARY ***
Total pot $6.50 | Rake $0.32 
Board [9d Qd 8d 8c]
Seat 1: Kreayshawn (big blind) collected ($6.18)
Seat 2: Cret20 folded on the Turn
Seat 3: rao999 folded before Flop (didn't bet)
Seat 4: Aleqseuka folded before Flop (didn't bet)
Seat 5: AlexEliseev7 (button) folded before Flop (didn't bet)
Seat 6: shootingGRID (small blind) folded before Flop



PokerStars Hand #254575766315:  Hold'em No Limit ($0.50/$1.00 USD) - 2025/01/27 6:19:04 WET [2025/01/27 1:19:04 ET]
Table 'Alkurah III' 6-max Seat #6 is the button
Seat 1: Kreayshawn ($106.93 in chips) 
Seat 2: Cret20 ($150.61 in chips) 
Seat 3: rao999 ($142.60 in chips) 
Seat 4: Aleqseuka ($291.17 in chips) 
Seat 5: AlexEliseev7 ($167.64 in chips) 
Seat 6: shootingGRID ($100 in chips) 
Kreayshawn: posts small blind $0.50
Cret20: posts big blind $1
*** HOLE CARDS ***
rao999: folds 
Aleqseuka: folds 
AlexEliseev7: folds 
shootingGRID: raises $1.50 to $2.50
Kreayshawn: folds 
Cret20: calls $1.50
*** FLOP *** [5s 5h 2h]
Cret20: checks 
shootingGRID: bets $1.72
Cret20: folds 
Uncalled bet ($1.72) returned to shootingGRID
shootingGRID collected $5.22 from pot
*** SUMMARY ***
Total pot $5.50 | Rake $0.28 
Board [5s 5h 2h]
Seat 1: Kreayshawn (small blind) folded before Flop
Seat 2: Cret20 (big blind) folded on the Flop
Seat 3: rao999 folded before Flop (didn't bet)
Seat 4: Aleqseuka folded before Flop (didn't bet)
Seat 5: AlexEliseev7 folded before Flop (didn't bet)
Seat 6: shootingGRID (button) collected ($5.22)



PokerStars Hand #254575768500:  Hold'em No Limit ($0.50/$1.00 USD) - 2025/01/27 6:19:38 WET [2025/01/27 1:19:38 ET]
Table 'Alkurah III' 6-max Seat #1 is the button
Seat 1: Kreayshawn ($106.43 in chips) 
Seat 2: Cret20 ($148.11 in chips) 
Seat 3: rao999 ($142.60 in chips) 
Seat 4: Aleqseuka ($291.17 in chips) 
Seat 5: AlexEliseev7 ($167.64 in chips) 
Seat 6: shootingGRID ($102.72 in chips) 
Cret20: posts small blind $0.50
rao999: posts big blind $1
*** HOLE CARDS ***
Aleqseuka: folds 
AlexEliseev7: raises $1.50 to $2.50
shootingGRID: folds 
Kreayshawn: folds 
Cret20: calls $2
rao999: raises $10.50 to $13
AlexEliseev7: folds 
Cret20: folds 
Uncalled bet ($10.50) returned to rao999
rao999 collected $7.50 from pot
rao999: doesn't show hand 
*** SUMMARY ***
Total pot $7.50 | Rake $0 
Seat 1: Kreayshawn (button) folded before Flop (didn't bet)
Seat 2: Cret20 (small blind) folded before Flop
Seat 3: rao999 (big blind) collected ($7.50)
Seat 4: Aleqseuka folded before Flop (didn't bet)
Seat 5: AlexEliseev7 folded before Flop
Seat 6: shootingGRID folded before Flop (didn't bet)



PokerStars Hand #254575770636:  Hold'em No Limit ($0.50/$1.00 USD) - 2025/01/27 6:20:11 WET [2025/01/27 1:20:11 ET]
Table 'Alkurah III' 6-max Seat #2 is the button
Seat 1: Kreayshawn ($106.43 in chips) 
Seat 2: Cret20 ($145.61 in chips) 
Seat 3: rao999 ($147.60 in chips) 
Seat 4: Aleqseuka ($291.17 in chips) 
Seat 5: AlexEliseev7 ($165.14 in chips) 
Seat 6: shootingGRID ($102.72 in chips) 
rao999: posts small blind $0.50
Aleqseuka: posts big blind $1
*** HOLE CARDS ***
AlexEliseev7: folds 
shootingGRID: folds 
Kreayshawn: folds 
Cret20: calls $1
rao999: raises $3.50 to $4.50
Aleqseuka: folds 
Cret20: calls $3.50
*** FLOP *** [5d 7s Js]
rao999: bets $3.14
Cret20: calls $3.14
*** TURN *** [5d 7s Js] [Ks]
rao999: bets $10.21
Cret20: calls $10.21
*** RIVER *** [5d 7s Js Ks] [Td]
rao999: bets $23.01
Cret20: folds 
Uncalled bet ($23.01) returned to rao999
rao999 collected $34.86 from pot
rao999: doesn't show hand 
*** SUMMARY ***
Total pot $36.70 | Rake $1.84 
Board [5d 7s Js Ks Td]
Seat 1: Kreayshawn folded before Flop (didn't bet)
Seat 2: Cret20 (button) folded on the River
Seat 3: rao999 (small blind) collected ($34.86)
Seat 4: Aleqseuka (big blind) folded before Flop
Seat 5: AlexEliseev7 folded before Flop (didn't bet)
Seat 6: shootingGRID folded before Flop (didn't bet)



PokerStars Hand #254575773668:  Hold'em No Limit ($0.50/$1.00 USD) - 2025/01/27 6:20:57 WET [2025/01/27 1:20:57 ET]
Table 'Alkurah III' 6-max Seat #3 is the button
Seat 1: Kreayshawn ($106.43 in chips) 
Seat 2: Cret20 ($127.76 in chips) 
Seat 3: rao999 ($164.61 in chips) 
Seat 4: Aleqseuka ($290.17 in chips) 
Seat 5: AlexEliseev7 ($165.14 in chips) 
Seat 6: shootingGRID ($102.72 in chips) 
Aleqseuka: posts small blind $0.50
AlexEliseev7: posts big blind $1
*** HOLE CARDS ***
shootingGRID: folds 
Kreayshawn: folds 
Cret20: calls $1
rao999: folds 
Aleqseuka: raises $4 to $5
AlexEliseev7: folds 
Cret20: calls $4
*** FLOP *** [5d 7h 6s]
Aleqseuka: checks 
Cret20: bets $10.45
Aleqseuka: folds 
Uncalled bet ($10.45) returned to Cret20
Cret20 collected $10.45 from pot
*** SUMMARY ***
Total pot $11 | Rake $0.55 
Board [5d 7h 6s]
Seat 1: Kreayshawn folded before Flop (didn't bet)
Seat 2: Cret20 collected ($10.45)
Seat 3: rao999 (button) folded before Flop (didn't bet)
Seat 4: Aleqseuka (small blind) folded on the Flop
Seat 5: AlexEliseev7 (big blind) folded before Flop
Seat 6: shootingGRID folded before Flop (didn't bet)



PokerStars Hand #254575778957:  Hold'em No Limit ($0.50/$1.00 USD) - 2025/01/27 6:22:18 WET [2025/01/27 1:22:18 ET]
Table 'Alkurah III' 6-max Seat #4 is the button
Seat 1: Kreayshawn ($106.43 in chips) 
Seat 2: Cret20 ($133.21 in chips) 
Seat 3: rao999 ($164.61 in chips) 
Seat 4: Aleqseuka ($285.17 in chips) 
Seat 5: AlexEliseev7 ($164.14 in chips) 
Seat 6: shootingGRID ($102.72 in chips) 
AlexEliseev7: posts small blind $0.50
shootingGRID: posts big blind $1
*** HOLE CARDS ***
Kreayshawn: folds 
Cret20: raises $2 to $3
rao999: folds 
Aleqseuka: folds 
AlexEliseev7: folds 
shootingGRID: calls $2
*** FLOP *** [5s Js 9d]
shootingGRID: checks 
Cret20: bets $3.09
shootingGRID: folds 
Uncalled bet ($3.09) returned to Cret20
Cret20 collected $6.18 from pot
*** SUMMARY ***
Total pot $6.50 | Rake $0.32 
Board [5s Js 9d]
Seat 1: Kreayshawn folded before Flop (didn't bet)
Seat 2: Cret20 collected ($6.18)
Seat 3: rao999 folded before Flop (didn't bet)
Seat 4: Aleqseuka (button) folded before Flop (didn't bet)
Seat 5: AlexEliseev7 (small blind) folded before Flop
Seat 6: shootingGRID (big blind) folded on the Flop



PokerStars Hand #254575781004:  Hold'em No Limit ($0.50/$1.00 USD) - 2025/01/27 6:22:49 WET [2025/01/27 1:22:49 ET]
Table 'Alkurah III' 6-max Seat #5 is the button
Seat 1: Kreayshawn ($106.43 in chips) 
Seat 2: Cret20 ($136.39 in chips) 
Seat 3: rao999 ($164.61 in chips) 
Seat 4: Aleqseuka ($285.17 in chips) 
Seat 5: AlexEliseev7 ($163.64 in chips) 
Seat 6: shootingGRID ($100 in chips) 
shootingGRID: posts small blind $0.50
Kreayshawn: posts big blind $1
*** HOLE CARDS ***
Cret20: calls $1
rao999: folds 
Aleqseuka: raises $3 to $4
AlexEliseev7: folds 
shootingGRID: folds 
Kreayshawn: folds 
Cret20: calls $3
*** FLOP *** [Jc 2s 8c]
Cret20: checks 
Aleqseuka: checks 
*** TURN *** [Jc 2s 8c] [Kd]
Cret20: checks 
Aleqseuka: bets $6.76
Cret20: folds 
Uncalled bet ($6.76) returned to Aleqseuka
Aleqseuka collected $9.02 from pot
Aleqseuka: doesn't show hand 
*** SUMMARY ***
Total pot $9.50 | Rake $0.48 
Board [Jc 2s 8c Kd]
Seat 1: Kreayshawn (big blind) folded before Flop
Seat 2: Cret20 folded on the Turn
Seat 3: rao999 folded before Flop (didn't bet)
Seat 4: Aleqseuka collected ($9.02)
Seat 5: AlexEliseev7 (button) folded before Flop (didn't bet)
Seat 6: shootingGRID (small blind) folded before Flop



PokerStars Hand #254575785442:  Hold'em No Limit ($0.50/$1.00 USD) - 2025/01/27 6:23:57 WET [2025/01/27 1:23:57 ET]
Table 'Alkurah III' 6-max Seat #6 is the button
Seat 1: Kreayshawn ($105.43 in chips) 
Seat 2: Cret20 ($132.39 in chips) 
Seat 3: rao999 ($164.61 in chips) 
Seat 4: Aleqseuka ($290.19 in chips) 
Seat 5: AlexEliseev7 ($163.64 in chips) 
Seat 6: shootingGRID ($100 in chips) 
Kreayshawn: posts small blind $0.50
Cret20: posts big blind $1
*** HOLE CARDS ***
rao999: folds 
Aleqseuka: folds 
AlexEliseev7: folds 
shootingGRID: raises $1.50 to $2.50
Kreayshawn: folds 
Cret20: calls $1.50
*** FLOP *** [7s Ac 3h]
Cret20: checks 
shootingGRID: bets $1.72
Cret20: calls $1.72
*** TURN *** [7s Ac 3h] [7d]
Cret20: checks 
shootingGRID: checks 
*** RIVER *** [7s Ac 3h 7d] [Ad]
Cret20: checks 
shootingGRID: checks 
*** SHOW DOWN ***
Cret20: shows [3c 5h] (two pair, Aces and Sevens)
shootingGRID: shows [8h 9h] (two pair, Aces and Sevens - Nine kicker)
shootingGRID collected $8.49 from pot
*** SUMMARY ***
Total pot $8.94 | Rake $0.45 
Board [7s Ac 3h 7d Ad]
Seat 1: Kreayshawn (small blind) folded before Flop
Seat 2: Cret20 (big blind) showed [3c 5h] and lost with two pair, Aces and Sevens
Seat 3: rao999 folded before Flop (didn't bet)
Seat 4: Aleqseuka folded before Flop (didn't bet)
Seat 5: AlexEliseev7 folded before Flop (didn't bet)
Seat 6: shootingGRID (button) showed [8h 9h] and won ($8.49) with two pair, Aces and Sevens



PokerStars Hand #254575788646:  Hold'em No Limit ($0.50/$1.00 USD) - 2025/01/27 6:24:46 WET [2025/01/27 1:24:46 ET]
Table 'Alkurah III' 6-max Seat #1 is the button
Seat 1: Kreayshawn ($104.93 in chips) 
Seat 2: Cret20 ($128.17 in chips) 
Seat 3: rao999 ($164.61 in chips) 
Seat 4: Aleqseuka ($290.19 in chips) 
Seat 5: AlexEliseev7 ($163.64 in chips) 
Seat 6: shootingGRID ($104.27 in chips) 
Cret20: posts small blind $0.50
rao999: posts big blind $1
*** HOLE CARDS ***
Aleqseuka: folds 
AlexEliseev7: folds 
shootingGRID: folds 
Kreayshawn: raises $1.50 to $2.50
Cret20: calls $2
rao999: folds 
*** FLOP *** [9s 8h Qs]
Cret20: checks 
Kreayshawn: checks 
*** TURN *** [9s 8h Qs] [Jd]
Cret20: checks 
Kreayshawn: checks 
*** RIVER *** [9s 8h Qs Jd] [Tc]
Cret20: checks 
Kreayshawn: checks 
*** SHOW DOWN ***
Cret20: shows [9c 8d] (a straight, Eight to Queen)
Kreayshawn: shows [5s 7s] (a straight, Eight to Queen)
Cret20 collected $2.85 from pot
Kreayshawn collected $2.85 from pot
*** SUMMARY ***
Total pot $6 | Rake $0.30 
Board [9s 8h Qs Jd Tc]
Seat 1: Kreayshawn (button) showed [5s 7s] and won ($2.85) with a straight, Eight to Queen
Seat 2: Cret20 (small blind) showed [9c 8d] and won ($2.85) with a straight, Eight to Queen
Seat 3: rao999 (big blind) folded before Flop
Seat 4: Aleqseuka folded before Flop (didn't bet)
Seat 5: AlexEliseev7 folded before Flop (didn't bet)
Seat 6: shootingGRID folded before Flop (didn't bet)



PokerStars Hand #254575791630:  Hold'em No Limit ($0.50/$1.00 USD) - 2025/01/27 6:25:33 WET [2025/01/27 1:25:33 ET]
Table 'Alkurah III' 6-max Seat #2 is the button
Seat 1: Kreayshawn ($105.28 in chips) 
Seat 2: Cret20 ($128.52 in chips) 
Seat 3: rao999 ($163.61 in chips) 
Seat 4: Aleqseuka ($290.19 in chips) 
Seat 5: AlexEliseev7 ($163.64 in chips) 
Seat 6: shootingGRID ($104.27 in chips) 
rao999: posts small blind $0.50
Aleqseuka: posts big blind $1
*** HOLE CARDS ***
AlexEliseev7: raises $1.50 to $2.50
shootingGRID: raises $5 to $7.50
Kreayshawn: folds 
Cret20: folds 
rao999: folds 
Aleqseuka: folds 
AlexEliseev7: calls $5
*** FLOP *** [4s 7c 5d]
AlexEliseev7: checks 
shootingGRID: bets $7.84
AlexEliseev7: folds 
Uncalled bet ($7.84) returned to shootingGRID
shootingGRID collected $15.68 from pot
*** SUMMARY ***
Total pot $16.50 | Rake $0.82 
Board [4s 7c 5d]
Seat 1: Kreayshawn folded before Flop (didn't bet)
Seat 2: Cret20 (button) folded before Flop (didn't bet)
Seat 3: rao999 (small blind) folded before Flop
Seat 4: Aleqseuka (big blind) folded before Flop
Seat 5: AlexEliseev7 folded on the Flop
Seat 6: shootingGRID collected ($15.68)



PokerStars Hand #254575795172:  Hold'em No Limit ($0.50/$1.00 USD) - 2025/01/27 6:26:27 WET [2025/01/27 1:26:27 ET]
Table 'Alkurah III' 6-max Seat #3 is the button
Seat 1: Kreayshawn ($105.28 in chips) 
Seat 2: Cret20 ($128.52 in chips) 
Seat 3: rao999 ($163.11 in chips) 
Seat 4: Aleqseuka ($289.19 in chips) 
Seat 5: AlexEliseev7 ($156.14 in chips) 
Seat 6: shootingGRID ($112.45 in chips) 
Aleqseuka: posts small blind $0.50
AlexEliseev7: posts big blind $1
*** HOLE CARDS ***
shootingGRID: folds 
Kreayshawn: raises $1.50 to $2.50
Cret20: calls $2.50
rao999: raises $8 to $10.50
Aleqseuka: folds 
AlexEliseev7: folds 
Kreayshawn: calls $8
Cret20: calls $8
*** FLOP *** [4c Js Qh]
Kreayshawn: checks 
Cret20: checks 
rao999: checks 
*** TURN *** [4c Js Qh] [Kc]
Kreayshawn: checks 
Cret20: checks 
rao999: checks 
*** RIVER *** [4c Js Qh Kc] [7c]
Kreayshawn: checks 
Cret20: checks 
rao999: checks 
*** SHOW DOWN ***
Kreayshawn: shows [5c 5h] (a pair of Fives)
Cret20: mucks hand 
rao999: shows [Kd Ac] (a pair of Kings)
rao999 collected $31.35 from pot
*** SUMMARY ***
Total pot $33 | Rake $1.65 
Board [4c Js Qh Kc 7c]
Seat 1: Kreayshawn showed [5c 5h] and lost with a pair of Fives
Seat 2: Cret20 mucked
Seat 3: rao999 (button) showed [Kd Ac] and won ($31.35) with a pair of Kings
Seat 4: Aleqseuka (small blind) folded before Flop
Seat 5: AlexEliseev7 (big blind) folded before Flop
Seat 6: shootingGRID folded before Flop (didn't bet)



PokerStars Hand #254575798637:  Hold'em No Limit ($0.50/$1.00 USD) - 2025/01/27 6:27:22 WET [2025/01/27 1:27:22 ET]
Table 'Alkurah III' 6-max Seat #4 is the button
Seat 1: Kreayshawn ($100 in chips) 
Seat 2: Cret20 ($118.02 in chips) 
Seat 3: rao999 ($183.96 in chips) 
Seat 4: Aleqseuka ($288.69 in chips) 
Seat 5: AlexEliseev7 ($155.14 in chips) 
Seat 6: shootingGRID ($112.45 in chips) 
AlexEliseev7: posts small blind $0.50
shootingGRID: posts big blind $1
*** HOLE CARDS ***
Kreayshawn: folds 
Cret20: calls $1
rao999: folds 
Aleqseuka: folds 
AlexEliseev7: folds 
shootingGRID: raises $5 to $6
Cret20: calls $5
*** FLOP *** [4d 3s Jh]
shootingGRID: bets $3.92
Cret20: calls $3.92
*** TURN *** [4d 3s Jh] [Kh]
shootingGRID: bets $14.49
Cret20: folds 
Uncalled bet ($14.49) returned to shootingGRID
shootingGRID collected $19.32 from pot
*** SUMMARY ***
Total pot $20.34 | Rake $1.02 
Board [4d 3s Jh Kh]
Seat 1: Kreayshawn folded before Flop (didn't bet)
Seat 2: Cret20 folded on the Turn
Seat 3: rao999 folded before Flop (didn't bet)
Seat 4: Aleqseuka (button) folded before Flop (didn't bet)
Seat 5: AlexEliseev7 (small blind) folded before Flop
Seat 6: shootingGRID (big blind) collected ($19.32)



PokerStars Hand #254575802290:  Hold'em No Limit ($0.50/$1.00 USD) - 2025/01/27 6:28:19 WET [2025/01/27 1:28:19 ET]
Table 'Alkurah III' 6-max Seat #5 is the button
Seat 1: Kreayshawn ($100 in chips) 
Seat 2: Cret20 ($108.10 in chips) 
Seat 3: rao999 ($183.96 in chips) 
Seat 4: Aleqseuka ($288.69 in chips) 
Seat 5: AlexEliseev7 ($154.64 in chips) 
Seat 6: shootingGRID ($121.85 in chips) 
shootingGRID: posts small blind $0.50
Kreayshawn: posts big blind $1
*** HOLE CARDS ***
Cret20: folds 
rao999: folds 
Aleqseuka: folds 
AlexEliseev7: raises $1.50 to $2.50
shootingGRID: raises $9.50 to $12
Kreayshawn: folds 
AlexEliseev7: folds 
Uncalled bet ($9.50) returned to shootingGRID
shootingGRID collected $6 from pot
*** SUMMARY ***
Total pot $6 | Rake $0 
Seat 1: Kreayshawn (big blind) folded before Flop
Seat 2: Cret20 folded before Flop (didn't bet)
Seat 3: rao999 folded before Flop (didn't bet)
Seat 4: Aleqseuka folded before Flop (didn't bet)
Seat 5: AlexEliseev7 (button) folded before Flop
Seat 6: shootingGRID (small blind) collected ($6)



PokerStars Hand #254575804280:  Hold'em No Limit ($0.50/$1.00 USD) - 2025/01/27 6:28:51 WET [2025/01/27 1:28:51 ET]
Table 'Alkurah III' 6-max Seat #6 is the button
Seat 1: Kreayshawn ($100 in chips) 
Seat 2: Cret20 ($108.10 in chips) 
Seat 3: rao999 ($183.96 in chips) 
Seat 4: Aleqseuka ($288.69 in chips) 
Seat 5: AlexEliseev7 ($152.14 in chips) 
Seat 6: shootingGRID ($125.35 in chips) 
Kreayshawn: posts small blind $0.50
Cret20: posts big blind $1
*** HOLE CARDS ***
rao999: raises $1.50 to $2.50
Aleqseuka: folds 
AlexEliseev7: folds 
shootingGRID: folds 
Kreayshawn: calls $2
Cret20: calls $1.50
*** FLOP *** [2d 5c Qd]
Kreayshawn: checks 
Cret20: checks 
rao999: bets $2.35
Kreayshawn: folds 
Cret20: folds 
Uncalled bet ($2.35) returned to rao999
rao999 collected $7.12 from pot
rao999: doesn't show hand 
*** SUMMARY ***
Total pot $7.50 | Rake $0.38 
Board [2d 5c Qd]
Seat 1: Kreayshawn (small blind) folded on the Flop
Seat 2: Cret20 (big blind) folded on the Flop
Seat 3: rao999 collected ($7.12)
Seat 4: Aleqseuka folded before Flop (didn't bet)
Seat 5: AlexEliseev7 folded before Flop (didn't bet)
Seat 6: shootingGRID (button) folded before Flop (didn't bet)



PokerStars Hand #254575806395:  Hold'em No Limit ($0.50/$1.00 USD) - 2025/01/27 6:29:25 WET [2025/01/27 1:29:25 ET]
Table 'Alkurah III' 6-max Seat #1 is the button
Seat 1: Kreayshawn ($100 in chips) 
Seat 2: Cret20 ($105.60 in chips) 
Seat 3: rao999 ($188.58 in chips) 
Seat 4: Aleqseuka ($288.69 in chips) 
Seat 5: AlexEliseev7 ($152.14 in chips) 
Seat 6: shootingGRID ($125.35 in chips) 
Cret20: posts small blind $0.50
rao999: posts big blind $1
*** HOLE CARDS ***
Aleqseuka: folds 
AlexEliseev7: folds 
shootingGRID: folds 
Kreayshawn: folds 
Cret20: calls $0.50
rao999: checks 
*** FLOP *** [Qd Qs 3c]
Cret20: checks 
rao999: checks 
*** TURN *** [Qd Qs 3c] [Jd]
Cret20: checks 
rao999: bets $1
Cret20: calls $1
*** RIVER *** [Qd Qs 3c Jd] [9d]
Cret20: checks 
rao999: bets $1.25
Cret20: raises $4.25 to $5.50
rao999: folds 
Uncalled bet ($4.25) returned to Cret20
Cret20 collected $6.18 from pot
*** SUMMARY ***
Total pot $6.50 | Rake $0.32 
Board [Qd Qs 3c Jd 9d]
Seat 1: Kreayshawn (button) folded before Flop (didn't bet)
Seat 2: Cret20 (small blind) collected ($6.18)
Seat 3: rao999 (big blind) folded on the River
Seat 4: Aleqseuka folded before Flop (didn't bet)
Seat 5: AlexEliseev7 folded before Flop (didn't bet)
Seat 6: shootingGRID folded before Flop (didn't bet)



PokerStars Hand #254575809470:  Hold'em No Limit ($0.50/$1.00 USD) - 2025/01/27 6:30:12 WET [2025/01/27 1:30:12 ET]
Table 'Alkurah III' 6-max Seat #2 is the button
Seat 1: Kreayshawn ($100 in chips) 
Seat 2: Cret20 ($108.53 in chips) 
Seat 3: rao999 ($185.33 in chips) 
Seat 4: Aleqseuka ($288.69 in chips) 
Seat 5: AlexEliseev7 ($152.14 in chips) 
Seat 6: shootingGRID ($125.35 in chips) 
rao999: posts small blind $0.50
Aleqseuka: posts big blind $1
*** HOLE CARDS ***
AlexEliseev7: folds 
shootingGRID: folds 
Kreayshawn: raises $1.50 to $2.50
Cret20: raises $4.50 to $7
rao999: folds 
Aleqseuka: folds 
Kreayshawn: calls $4.50
*** FLOP *** [5c Ad 6c]
Kreayshawn: checks 
Cret20: bets $7.36
Kreayshawn: folds 
Uncalled bet ($7.36) returned to Cret20
Cret20 collected $14.72 from pot
*** SUMMARY ***
Total pot $15.50 | Rake $0.78 
Board [5c Ad 6c]
Seat 1: Kreayshawn folded on the Flop
Seat 2: Cret20 (button) collected ($14.72)
Seat 3: rao999 (small blind) folded before Flop
Seat 4: Aleqseuka (big blind) folded before Flop
Seat 5: AlexEliseev7 folded before Flop (didn't bet)
Seat 6: shootingGRID folded before Flop (didn't bet)



PokerStars Hand #254575811417:  Hold'em No Limit ($0.50/$1.00 USD) - 2025/01/27 6:30:43 WET [2025/01/27 1:30:43 ET]
Table 'Alkurah III' 6-max Seat #3 is the button
Seat 1: Kreayshawn ($100 in chips) 
Seat 2: Cret20 ($116.25 in chips) 
Seat 3: rao999 ($184.83 in chips) 
Seat 4: Aleqseuka ($287.69 in chips) 
Seat 5: AlexEliseev7 ($152.14 in chips) 
Seat 6: shootingGRID ($125.35 in chips) 
Aleqseuka: posts small blind $0.50
AlexEliseev7: posts big blind $1
*** HOLE CARDS ***
shootingGRID: folds 
Kreayshawn: folds 
Cret20: calls $1
rao999: folds 
Aleqseuka: folds 
AlexEliseev7: checks 
*** FLOP *** [4c 7s 7c]
AlexEliseev7: checks 
Cret20: checks 
*** TURN *** [4c 7s 7c] [4s]
AlexEliseev7: bets $1.86
Cret20: calls $1.86
*** RIVER *** [4c 7s 7c 4s] [As]
AlexEliseev7: bets $4.61
Cret20: folds 
Uncalled bet ($4.61) returned to AlexEliseev7
AlexEliseev7 collected $5.91 from pot
AlexEliseev7: doesn't show hand 
*** SUMMARY ***
Total pot $6.22 | Rake $0.31 
Board [4c 7s 7c 4s As]
Seat 1: Kreayshawn folded before Flop (didn't bet)
Seat 2: Cret20 folded on the River
Seat 3: rao999 (button) folded before Flop (didn't bet)
Seat 4: Aleqseuka (small blind) folded before Flop
Seat 5: AlexEliseev7 (big blind) collected ($5.91)
Seat 6: shootingGRID folded before Flop (didn't bet)



PokerStars Hand #254575813437:  Hold'em No Limit ($0.50/$1.00 USD) - 2025/01/27 6:31:14 WET [2025/01/27 1:31:14 ET]
Table 'Alkurah III' 6-max Seat #4 is the button
Seat 1: Kreayshawn ($100 in chips) 
Seat 2: Cret20 ($113.39 in chips) 
Seat 3: rao999 ($184.83 in chips) 
Seat 4: Aleqseuka ($287.19 in chips) 
Seat 5: AlexEliseev7 ($155.19 in chips) 
Seat 6: shootingGRID ($125.35 in chips) 
AlexEliseev7: posts small blind $0.50
shootingGRID: posts big blind $1
*** HOLE CARDS ***
Kreayshawn: folds 
Cret20: calls $1
rao999: folds 
Aleqseuka: folds 
AlexEliseev7: folds 
shootingGRID: raises $7 to $8
Cret20: calls $7
*** FLOP *** [9s 8c Td]
shootingGRID: bets $7.84
Cret20: folds 
Uncalled bet ($7.84) returned to shootingGRID
shootingGRID collected $15.68 from pot
*** SUMMARY ***
Total pot $16.50 | Rake $0.82 
Board [9s 8c Td]
Seat 1: Kreayshawn folded before Flop (didn't bet)
Seat 2: Cret20 folded on the Flop
Seat 3: rao999 folded before Flop (didn't bet)
Seat 4: Aleqseuka (button) folded before Flop (didn't bet)
Seat 5: AlexEliseev7 (small blind) folded before Flop
Seat 6: shootingGRID (big blind) collected ($15.68)



PokerStars Hand #254575815695:  Hold'em No Limit ($0.50/$1.00 USD) - 2025/01/27 6:31:50 WET [2025/01/27 1:31:50 ET]
Table 'Alkurah III' 6-max Seat #5 is the button
Seat 1: Kreayshawn ($100 in chips) 
Seat 2: Cret20 ($105.39 in chips) 
Seat 3: rao999 ($184.83 in chips) 
Seat 4: Aleqseuka ($287.19 in chips) 
Seat 5: AlexEliseev7 ($154.69 in chips) 
Seat 6: shootingGRID ($133.03 in chips) 
shootingGRID: posts small blind $0.50
Kreayshawn: posts big blind $1
*** HOLE CARDS ***
Cret20: calls $1
rao999: folds 
Aleqseuka: folds 
AlexEliseev7: folds 
shootingGRID: calls $0.50
Kreayshawn: checks 
*** FLOP *** [2h Jd 4h]
shootingGRID: checks 
Kreayshawn: checks 
Cret20: checks 
*** TURN *** [2h Jd 4h] [3s]
shootingGRID: checks 
Kreayshawn: checks 
Cret20: checks 
*** RIVER *** [2h Jd 4h 3s] [5s]
shootingGRID: checks 
Kreayshawn: checks 
Cret20: bets $2.85
shootingGRID: folds 
Kreayshawn: folds 
Uncalled bet ($2.85) returned to Cret20
Cret20 collected $2.85 from pot
*** SUMMARY ***
Total pot $3 | Rake $0.15 
Board [2h Jd 4h 3s 5s]
Seat 1: Kreayshawn (big blind) folded on the River
Seat 2: Cret20 collected ($2.85)
Seat 3: rao999 folded before Flop (didn't bet)
Seat 4: Aleqseuka folded before Flop (didn't bet)
Seat 5: AlexEliseev7 (button) folded before Flop (didn't bet)
Seat 6: shootingGRID (small blind) folded on the River



PokerStars Hand #254575818861:  Hold'em No Limit ($0.50/$1.00 USD) - 2025/01/27 6:32:41 WET [2025/01/27 1:32:41 ET]
Table 'Alkurah III' 6-max Seat #6 is the button
Seat 1: Kreayshawn ($100 in chips) 
Seat 2: Cret20 ($107.24 in chips) 
Seat 3: rao999 ($184.83 in chips) 
Seat 4: Aleqseuka ($287.19 in chips) 
Seat 5: AlexEliseev7 ($154.69 in chips) 
Seat 6: shootingGRID ($132.03 in chips) 
Kreayshawn: posts small blind $0.50
Cret20: posts big blind $1
*** HOLE CARDS ***
rao999: folds 
Aleqseuka: folds 
AlexEliseev7: folds 
shootingGRID: folds 
Kreayshawn: folds 
Uncalled bet ($0.50) returned to Cret20
Cret20 collected $1 from pot
*** SUMMARY ***
Total pot $1 | Rake $0 
Seat 1: Kreayshawn (small blind) folded before Flop
Seat 2: Cret20 (big blind) collected ($1)
Seat 3: rao999 folded before Flop (didn't bet)
Seat 4: Aleqseuka folded before Flop (didn't bet)
Seat 5: AlexEliseev7 folded before Flop (didn't bet)
Seat 6: shootingGRID (button) folded before Flop (didn't bet)



PokerStars Hand #254575819872:  Hold'em No Limit ($0.50/$1.00 USD) - 2025/01/27 6:32:57 WET [2025/01/27 1:32:57 ET]
Table 'Alkurah III' 6-max Seat #1 is the button
Seat 1: Kreayshawn ($100 in chips) 
Seat 2: Cret20 ($107.74 in chips) 
Seat 3: rao999 ($184.83 in chips) 
Seat 4: Aleqseuka ($287.19 in chips) 
Seat 5: AlexEliseev7 ($154.69 in chips) 
Seat 6: shootingGRID ($132.03 in chips) 
Cret20: posts small blind $0.50
rao999: posts big blind $1
*** HOLE CARDS ***
Aleqseuka: folds 
AlexEliseev7: folds 
shootingGRID: raises $1.25 to $2.25
Kreayshawn: folds 
Cret20: calls $1.75
rao999: folds 
*** FLOP *** [3d 2s 5d]
Cret20: checks 
shootingGRID: checks 
*** TURN *** [3d 2s 5d] [9h]
Cret20: checks 
shootingGRID: checks 
*** RIVER *** [3d 2s 5d 9h] [9s]
Cret20: checks 
shootingGRID: checks 
*** SHOW DOWN ***
Cret20: shows [7s Td] (a pair of Nines)
shootingGRID: shows [7h Jh] (a pair of Nines - Jack kicker)
shootingGRID collected $5.22 from pot
*** SUMMARY ***
Total pot $5.50 | Rake $0.28 
Board [3d 2s 5d 9h 9s]
Seat 1: Kreayshawn (button) folded before Flop (didn't bet)
Seat 2: Cret20 (small blind) showed [7s Td] and lost with a pair of Nines
Seat 3: rao999 (big blind) folded before Flop
Seat 4: Aleqseuka folded before Flop (didn't bet)
Seat 5: AlexEliseev7 folded before Flop (didn't bet)
Seat 6: shootingGRID showed [7h Jh] and won ($5.22) with a pair of Nines



PokerStars Hand #254575825235:  Hold'em No Limit ($0.50/$1.00 USD) - 2025/01/27 6:34:22 WET [2025/01/27 1:34:22 ET]
Table 'Alkurah III' 6-max Seat #2 is the button
Seat 4: Aleqseuka ($287.19 in chips) is sitting out
Seat 1: Kreayshawn ($100 in chips) 
Seat 2: Cret20 ($105.49 in chips) 
Seat 3: rao999 ($183.83 in chips) 
Seat 5: AlexEliseev7 ($154.69 in chips) 
Seat 6: shootingGRID ($135 in chips) 
rao999: posts small blind $0.50
Aleqseuka: is sitting out 
AlexEliseev7: posts big blind $1
*** HOLE CARDS ***
shootingGRID: folds 
Kreayshawn: folds 
Cret20: calls $1
rao999: calls $0.50
AlexEliseev7: checks 
*** FLOP *** [Kd Qh 9s]
rao999: checks 
AlexEliseev7: checks 
Cret20: checks 
*** TURN *** [Kd Qh 9s] [6c]
rao999: checks 
AlexEliseev7: checks 
Cret20: checks 
*** RIVER *** [Kd Qh 9s 6c] [8c]
rao999: checks 
AlexEliseev7: checks 
Cret20: checks 
*** SHOW DOWN ***
rao999: shows [4s 7s] (high card King)
AlexEliseev7: shows [8d Jd] (a pair of Eights)
Cret20: mucks hand 
AlexEliseev7 collected $2.85 from pot
*** SUMMARY ***
Total pot $3 | Rake $0.15 
Board [Kd Qh 9s 6c 8c]
Seat 4: Aleqseuka
Seat 1: Kreayshawn folded before Flop (didn't bet)
Seat 2: Cret20 (button) mucked
Seat 3: rao999 (small blind) showed [4s 7s] and lost with high card King
Seat 5: AlexEliseev7 (big blind) showed [8d Jd] and won ($2.85) with a pair of Eights
Seat 6: shootingGRID folded before Flop (didn't bet)



PokerStars Hand #254575829640:  Hold'em No Limit ($0.50/$1.00 USD) - 2025/01/27 6:35:30 WET [2025/01/27 1:35:30 ET]
Table 'Alkurah III' 6-max Seat #3 is the button
Seat 4: Aleqseuka ($287.19 in chips) is sitting out
Seat 1: Kreayshawn ($100 in chips) 
Seat 2: Cret20 ($104.49 in chips) 
Seat 3: rao999 ($182.83 in chips) 
Seat 5: AlexEliseev7 ($156.54 in chips) 
Seat 6: shootingGRID ($135 in chips) 
AlexEliseev7: posts small blind $0.50
shootingGRID: posts big blind $1
*** HOLE CARDS ***
Kreayshawn: folds 
Cret20: calls $1
rao999: raises $2.50 to $3.50
AlexEliseev7: folds 
shootingGRID: raises $9 to $12.50
Cret20: folds 
rao999: folds 
Uncalled bet ($9) returned to shootingGRID
Aleqseuka leaves the table
shootingGRID collected $8.50 from pot
*** SUMMARY ***
Total pot $8.50 | Rake $0 
Seat 4: Aleqseuka
Seat 1: Kreayshawn folded before Flop (didn't bet)
Seat 2: Cret20 folded before Flop
Seat 3: rao999 (button) folded before Flop
Seat 5: AlexEliseev7 (small blind) folded before Flop
Seat 6: shootingGRID (big blind) collected ($8.50)



PokerStars Hand #254575832030:  Hold'em No Limit ($0.50/$1.00 USD) - 2025/01/27 6:36:09 WET [2025/01/27 1:36:09 ET]
Table 'Alkurah III' 6-max Seat #5 is the button
Seat 1: Kreayshawn ($100 in chips) 
Seat 2: Cret20 ($103.49 in chips) 
Seat 3: rao999 ($179.33 in chips) 
Seat 5: AlexEliseev7 ($156.04 in chips) 
Seat 6: shootingGRID ($140 in chips) 
shootingGRID: posts small blind $0.50
Kreayshawn: posts big blind $1
*** HOLE CARDS ***
Cret20: calls $1
rao999: folds 
AlexEliseev7: folds 
shootingGRID: folds 
Kreayshawn: checks 
*** FLOP *** [3c 6d Td]
Kreayshawn: checks 
Cret20: checks 
*** TURN *** [3c 6d Td] [As]
Kreayshawn: checks 
Cret20: checks 
*** RIVER *** [3c 6d Td As] [Qs]
Melenya joins the table at seat #4 
Kreayshawn: checks 
Cret20: checks 
*** SHOW DOWN ***
Kreayshawn: shows [2h Tc] (a pair of Tens)
Cret20: mucks hand 
Kreayshawn collected $2.38 from pot
*** SUMMARY ***
Total pot $2.50 | Rake $0.12 
Board [3c 6d Td As Qs]
Seat 1: Kreayshawn (big blind) showed [2h Tc] and won ($2.38) with a pair of Tens
Seat 2: Cret20 mucked
Seat 3: rao999 folded before Flop (didn't bet)
Seat 5: AlexEliseev7 (button) folded before Flop (didn't bet)
Seat 6: shootingGRID (small blind) folded before Flop



PokerStars Hand #254575836004:  Hold'em No Limit ($0.50/$1.00 USD) - 2025/01/27 6:37:12 WET [2025/01/27 1:37:12 ET]
Table 'Alkurah III' 6-max Seat #6 is the button
Seat 4: Melenya ($100 in chips) is sitting out
Seat 1: Kreayshawn ($101.38 in chips) 
Seat 2: Cret20 ($102.49 in chips) 
Seat 3: rao999 ($179.33 in chips) 
Seat 5: AlexEliseev7 ($156.04 in chips) 
Seat 6: shootingGRID ($139.50 in chips) 
Kreayshawn: posts small blind $0.50
Cret20: posts big blind $1
Melenya: sits out 
*** HOLE CARDS ***
rao999: folds 
AlexEliseev7: folds 
shootingGRID: folds 
Kreayshawn: folds 
Uncalled bet ($0.50) returned to Cret20
Cret20 collected $1 from pot
Cret20: doesn't show hand 
*** SUMMARY ***
Total pot $1 | Rake $0 
Seat 4: Melenya
Seat 1: Kreayshawn (small blind) folded before Flop
Seat 2: Cret20 (big blind) collected ($1)
Seat 3: rao999 folded before Flop (didn't bet)
Seat 5: AlexEliseev7 folded before Flop (didn't bet)
Seat 6: shootingGRID (button) folded before Flop (didn't bet)



PokerStars Hand #254575837169:  Hold'em No Limit ($0.50/$1.00 USD) - 2025/01/27 6:37:31 WET [2025/01/27 1:37:31 ET]
Table 'Alkurah III' 6-max Seat #1 is the button
Seat 1: Kreayshawn ($100.88 in chips) 
Seat 3: rao999 ($179.33 in chips) 
Seat 4: Melenya ($100 in chips) 
Seat 5: AlexEliseev7 ($156.04 in chips) 
Seat 6: shootingGRID ($139.50 in chips) 
rao999: posts small blind $0.50
Melenya: posts big blind $1
*** HOLE CARDS ***
AlexEliseev7: folds 
shootingGRID: folds 
Kreayshawn: folds 
Kreayshawn leaves the table
rao999: folds 
Uncalled bet ($0.50) returned to Melenya
Melenya collected $1 from pot
Melenya: doesn't show hand 
*** SUMMARY ***
Total pot $1 | Rake $0 
Seat 1: Kreayshawn (button) folded before Flop (didn't bet)
Seat 3: rao999 (small blind) folded before Flop
Seat 4: Melenya (big blind) collected ($1)
Seat 5: AlexEliseev7 folded before Flop (didn't bet)
Seat 6: shootingGRID folded before Flop (didn't bet)



PokerStars Hand #254575839042:  Hold'em No Limit ($0.50/$1.00 USD) - 2025/01/27 6:38:01 WET [2025/01/27 1:38:01 ET]
Table 'Alkurah III' 6-max Seat #3 is the button
Seat 3: rao999 ($178.83 in chips) 
Seat 4: Melenya ($100.50 in chips) 
Seat 5: AlexEliseev7 ($156.04 in chips) 
Seat 6: shootingGRID ($139.50 in chips) 
Melenya: posts small blind $0.50
AlexEliseev7: posts big blind $1
*** HOLE CARDS ***
shootingGRID: folds 
rao999: raises $1.50 to $2.50
Melenya: folds 
AlexEliseev7: folds 
Uncalled bet ($1.50) returned to rao999
rao999 collected $2.50 from pot
rao999: doesn't show hand 
*** SUMMARY ***
Total pot $2.50 | Rake $0 
Seat 3: rao999 (button) collected ($2.50)
Seat 4: Melenya (small blind) folded before Flop
Seat 5: AlexEliseev7 (big blind) folded before Flop
Seat 6: shootingGRID folded before Flop (didn't bet)



PokerStars Hand #254575840490:  Hold'em No Limit ($0.50/$1.00 USD) - 2025/01/27 6:38:24 WET [2025/01/27 1:38:24 ET]
Table 'Alkurah III' 6-max Seat #4 is the button
Seat 3: rao999 ($180.33 in chips) 
Seat 4: Melenya ($100 in chips) 
Seat 5: AlexEliseev7 ($155.04 in chips) 
Seat 6: shootingGRID ($139.50 in chips) 
AlexEliseev7: posts small blind $0.50
shootingGRID: posts big blind $1
*** HOLE CARDS ***
rao999: raises $1.50 to $2.50
Melenya: folds 
AlexEliseev7: folds 
shootingGRID: folds 
Uncalled bet ($1.50) returned to rao999
rao999 collected $2.50 from pot
rao999: doesn't show hand 
*** SUMMARY ***
Total pot $2.50 | Rake $0 
Seat 3: rao999 collected ($2.50)
Seat 4: Melenya (button) folded before Flop (didn't bet)
Seat 5: AlexEliseev7 (small blind) folded before Flop
Seat 6: shootingGRID (big blind) folded before Flop



PokerStars Hand #254575841390:  Hold'em No Limit ($0.50/$1.00 USD) - 2025/01/27 6:38:38 WET [2025/01/27 1:38:38 ET]
Table 'Alkurah III' 6-max Seat #5 is the button
Seat 3: rao999 ($181.83 in chips) is sitting out
Seat 4: Melenya ($100 in chips) 
Seat 5: AlexEliseev7 ($154.54 in chips) 
Seat 6: shootingGRID ($138.50 in chips) 
shootingGRID: posts small blind $0.50
rao999: is sitting out 
Melenya: posts big blind $1
*** HOLE CARDS ***
AlexEliseev7: folds 
shootingGRID: raises $2 to $3
Melenya: folds 
Uncalled bet ($2) returned to shootingGRID
shootingGRID collected $2 from pot
*** SUMMARY ***
Total pot $2 | Rake $0 
Seat 3: rao999
Seat 4: Melenya (big blind) folded before Flop
Seat 5: AlexEliseev7 (button) folded before Flop (didn't bet)
Seat 6: shootingGRID (small blind) collected ($2)



