PokerStars Hand #254583921613:  Hold'em No Limit ($0.50/$1.00 USD) - 2025/01/27 20:15:52 WET [2025/01/27 15:15:52 ET]
Table 'Centesima V' 6-max Seat #3 is the button
Seat 4: SorinS28 ($156.42 in chips) is sitting out
Seat 5: michasia ($100 in chips) is sitting out
Seat 1: ImaPeppaPig ($101 in chips) 
Seat 3: Xenicide ($100 in chips) 
Xenicide: posts small blind $0.50
SorinS28: is sitting out 
michasia: is sitting out 
ImaPeppaPig: posts big blind $1
*** HOLE CARDS ***
SorinS28 leaves the table
Xenicide: raises $1.25 to $2.25
ImaPeppaPig: calls $1.25
*** FLOP *** [9c Jc 2s]
ImaPeppaPig: checks 
Xenicide: bets $1.07
michasia leaves the table
ImaPeppaPig: calls $1.07
*** TURN *** [9c Jc 2s] [6s]
ImaPeppaPig: checks 
Xenicide: checks 
*** RIVER *** [9c Jc 2s 6s] [8c]
ImaPeppaPig: bets $1.96
Xenicide: calls $1.96
*** SHOW DOWN ***
ImaPeppaPig: shows [5h Jh] (a pair of Jacks)
Xenicide: mucks hand 
ImaPeppaPig collected $10.03 from pot
*** SUMMARY ***
Total pot $10.56 | Rake $0.53 
Board [9c Jc 2s 6s 8c]
Seat 4: SorinS28
Seat 5: michasia
Seat 1: ImaPeppaPig (big blind) showed [5h Jh] and won ($10.03) with a pair of Jacks
Seat 3: Xenicide (button) (small blind) mucked



PokerStars Hand #254583941813:  Hold'em No Limit ($0.50/$1.00 USD) - 2025/01/27 20:16:52 WET [2025/01/27 15:16:52 ET]
Table 'Centesima V' 6-max Seat #1 is the button
Seat 1: ImaPeppaPig ($105.75 in chips) 
Seat 3: Xenicide ($100 in chips) 
ImaPeppaPig: posts small blind $0.50
Xenicide: posts big blind $1
*** HOLE CARDS ***
ImaPeppaPig: raises $1.50 to $2.50
blackclan7 joins the table at seat #5 
Xenicide: calls $1.50
*** FLOP *** [3d Qs 3s]
Xenicide: checks 
ImaPeppaPig: bets $2.47
Manifestorr joins the table at seat #2 
Xenicide: folds 
Uncalled bet ($2.47) returned to ImaPeppaPig
ImaPeppaPig collected $4.75 from pot
ImaPeppaPig: doesn't show hand 
*** SUMMARY ***
Total pot $5 | Rake $0.25 
Board [3d Qs 3s]
Seat 1: ImaPeppaPig (button) (small blind) collected ($4.75)
Seat 3: Xenicide (big blind) folded on the Flop



PokerStars Hand #254583959820:  Hold'em No Limit ($0.50/$1.00 USD) - 2025/01/27 20:17:46 WET [2025/01/27 15:17:46 ET]
Table 'Centesima V' 6-max Seat #3 is the button
Seat 5: blackclan7 ($100 in chips) is sitting out
Seat 1: ImaPeppaPig ($108 in chips) 
Seat 2: Manifestorr ($100 in chips) 
Seat 3: Xenicide ($100 in chips) 
ImaPeppaPig: posts small blind $0.50
Manifestorr: posts big blind $1
*** HOLE CARDS ***
Xenicide: folds 
ImaPeppaPig: folds 
Uncalled bet ($0.50) returned to Manifestorr
Manifestorr collected $1 from pot
*** SUMMARY ***
Total pot $1 | Rake $0 
Seat 5: blackclan7
Seat 1: ImaPeppaPig (small blind) folded before Flop
Seat 2: Manifestorr (big blind) collected ($1)
Seat 3: Xenicide (button) folded before Flop (didn't bet)



PokerStars Hand #254583962809:  Hold'em No Limit ($0.50/$1.00 USD) - 2025/01/27 20:17:55 WET [2025/01/27 15:17:55 ET]
Table 'Centesima V' 6-max Seat #1 is the button
Seat 5: blackclan7 ($100 in chips) is sitting out
Seat 1: ImaPeppaPig ($107.50 in chips) 
Seat 2: Manifestorr ($100.50 in chips) 
Seat 3: Xenicide ($100 in chips) 
Manifestorr: posts small blind $0.50
Xenicide: posts big blind $1
blackclan7: sits out 
*** HOLE CARDS ***
ImaPeppaPig: folds 
Manifestorr: raises $2 to $3
Xenicide: folds 
Uncalled bet ($2) returned to Manifestorr
Manifestorr collected $2 from pot
*** SUMMARY ***
Total pot $2 | Rake $0 
Seat 5: blackclan7
Seat 1: ImaPeppaPig (button) folded before Flop (didn't bet)
Seat 2: Manifestorr (small blind) collected ($2)
Seat 3: Xenicide (big blind) folded before Flop



PokerStars Hand #254583966431:  Hold'em No Limit ($0.50/$1.00 USD) - 2025/01/27 20:18:06 WET [2025/01/27 15:18:06 ET]
Table 'Centesima V' 6-max Seat #2 is the button
Seat 1: ImaPeppaPig ($107.50 in chips) 
Seat 2: Manifestorr ($101.50 in chips) 
Seat 3: Xenicide ($100 in chips) 
Seat 5: blackclan7 ($100 in chips) 
Xenicide: posts small blind $0.50
blackclan7: posts big blind $1
*** HOLE CARDS ***
ImaPeppaPig: raises $1.50 to $2.50
Manifestorr: folds 
joshua19702 joins the table at seat #6 
joshua19702 is disconnected 
tintin641 joins the table at seat #4 
Xenicide: raises $7 to $9.50
blackclan7: folds 
ImaPeppaPig: raises $98 to $107.50 and is all-in
Xenicide: calls $90.50 and is all-in
Uncalled bet ($7.50) returned to ImaPeppaPig
*** FIRST FLOP *** [Qc Td 4c]
*** FIRST TURN *** [Qc Td 4c] [Js]
*** FIRST RIVER *** [Qc Td 4c Js] [8d]
*** SECOND FLOP *** [Jc 5d 9h]
*** SECOND TURN *** [Jc 5d 9h] [3h]
*** SECOND RIVER *** [Jc 5d 9h 3h] [Kd]
*** FIRST SHOW DOWN ***
Xenicide: shows [Qs Qd] (three of a kind, Queens)
ImaPeppaPig: shows [Ts Tc] (three of a kind, Tens)
Xenicide collected $100 from pot
*** SECOND SHOW DOWN ***
Xenicide: shows [Qs Qd] (a pair of Queens)
ImaPeppaPig: shows [Ts Tc] (a pair of Tens)
Xenicide collected $100 from pot
*** SUMMARY ***
Total pot $201 | Rake $1 
Hand was run twice
FIRST Board [Qc Td 4c Js 8d]
SECOND Board [Jc 5d 9h 3h Kd]
Seat 1: ImaPeppaPig showed [Ts Tc] and lost with three of a kind, Tens, and lost with a pair of Tens
Seat 2: Manifestorr (button) folded before Flop (didn't bet)
Seat 3: Xenicide (small blind) showed [Qs Qd] and won ($100) with three of a kind, Queens, and won ($100) with a pair of Queens
Seat 5: blackclan7 (big blind) folded before Flop



PokerStars Hand #254583986406:  Hold'em No Limit ($0.50/$1.00 USD) - 2025/01/27 20:19:06 WET [2025/01/27 15:19:06 ET]
Table 'Centesima V' 6-max Seat #3 is the button
Seat 4: tintin641 ($100 in chips) is sitting out
Seat 1: ImaPeppaPig ($100 in chips) 
Seat 2: Manifestorr ($101.50 in chips) 
Seat 3: Xenicide ($200 in chips) 
Seat 5: blackclan7 ($100 in chips) 
Seat 6: joshua19702 ($100 in chips) 
blackclan7: posts small blind $0.50
joshua19702: posts big blind $1
*** HOLE CARDS ***
ImaPeppaPig: raises $1.50 to $2.50
Manifestorr: folds 
Xenicide: folds 
blackclan7: folds 
joshua19702: folds 
Uncalled bet ($1.50) returned to ImaPeppaPig
ImaPeppaPig collected $2.50 from pot
ImaPeppaPig: doesn't show hand 
*** SUMMARY ***
Total pot $2.50 | Rake $0 
Seat 4: tintin641
Seat 1: ImaPeppaPig collected ($2.50)
Seat 2: Manifestorr folded before Flop (didn't bet)
Seat 3: Xenicide (button) folded before Flop (didn't bet)
Seat 5: blackclan7 (small blind) folded before Flop
Seat 6: joshua19702 (big blind) folded before Flop



PokerStars Hand #254583993811:  Hold'em No Limit ($0.50/$1.00 USD) - 2025/01/27 20:19:28 WET [2025/01/27 15:19:28 ET]
Table 'Centesima V' 6-max Seat #5 is the button
Seat 4: tintin641 ($100 in chips) is sitting out
Seat 1: ImaPeppaPig ($101.50 in chips) 
Seat 2: Manifestorr ($101.50 in chips) 
Seat 3: Xenicide ($200 in chips) 
Seat 5: blackclan7 ($100 in chips) 
Seat 6: joshua19702 ($99 in chips) 
joshua19702: posts small blind $0.50
ImaPeppaPig: posts big blind $1
tintin641: sits out 
*** HOLE CARDS ***
Manifestorr: raises $1.20 to $2.20
Xenicide: folds 
blackclan7: folds 
joshua19702: folds 
ImaPeppaPig: calls $1.20
*** FLOP *** [3s Ad 2h]
ImaPeppaPig: checks 
Manifestorr: checks 
*** TURN *** [3s Ad 2h] [6d]
ImaPeppaPig: checks 
Manifestorr: bets $1.54
ImaPeppaPig: folds 
Uncalled bet ($1.54) returned to Manifestorr
Manifestorr collected $4.66 from pot
*** SUMMARY ***
Total pot $4.90 | Rake $0.24 
Board [3s Ad 2h 6d]
Seat 4: tintin641
Seat 1: ImaPeppaPig (big blind) folded on the Turn
Seat 2: Manifestorr collected ($4.66)
Seat 3: Xenicide folded before Flop (didn't bet)
Seat 5: blackclan7 (button) folded before Flop (didn't bet)
Seat 6: joshua19702 (small blind) folded before Flop



PokerStars Hand #254584010213:  Hold'em No Limit ($0.50/$1.00 USD) - 2025/01/27 20:20:17 WET [2025/01/27 15:20:17 ET]
Table 'Centesima V' 6-max Seat #6 is the button
Seat 4: tintin641 ($100 in chips) is sitting out
Seat 1: ImaPeppaPig ($100 in chips) 
Seat 2: Manifestorr ($103.96 in chips) 
Seat 3: Xenicide ($200 in chips) 
Seat 5: blackclan7 ($100 in chips) 
Seat 6: joshua19702 ($98.50 in chips) 
ImaPeppaPig: posts small blind $0.50
Manifestorr: posts big blind $1
tintin641: sits out 
*** HOLE CARDS ***
Xenicide: raises $1 to $2
blackclan7: folds 
joshua19702: folds 
ImaPeppaPig: folds 
Manifestorr: calls $1
*** FLOP *** [5h 7d 9c]
Manifestorr: bets $1.41
Xenicide: calls $1.41
*** TURN *** [5h 7d 9c] [3c]
Manifestorr: bets $5.21
Xenicide: folds 
Uncalled bet ($5.21) returned to Manifestorr
Manifestorr collected $6.95 from pot
*** SUMMARY ***
Total pot $7.32 | Rake $0.37 
Board [5h 7d 9c 3c]
Seat 4: tintin641
Seat 1: ImaPeppaPig (small blind) folded before Flop
Seat 2: Manifestorr (big blind) collected ($6.95)
Seat 3: Xenicide folded on the Turn
Seat 5: blackclan7 folded before Flop (didn't bet)
Seat 6: joshua19702 (button) folded before Flop (didn't bet)



PokerStars Hand #254584028690:  Hold'em No Limit ($0.50/$1.00 USD) - 2025/01/27 20:21:13 WET [2025/01/27 15:21:13 ET]
Table 'Centesima V' 6-max Seat #1 is the button
Seat 4: tintin641 ($100 in chips) is sitting out
Seat 1: ImaPeppaPig ($100 in chips) 
Seat 2: Manifestorr ($107.50 in chips) 
Seat 3: Xenicide ($196.59 in chips) 
Seat 5: blackclan7 ($100 in chips) 
Seat 6: joshua19702 ($98.50 in chips) 
Manifestorr: posts small blind $0.50
Xenicide: posts big blind $1
tintin641: sits out 
*** HOLE CARDS ***
blackclan7: folds 
joshua19702: folds 
ImaPeppaPig: raises $1.50 to $2.50
Manifestorr: raises $8.50 to $11
Xenicide: folds 
ImaPeppaPig: raises $12 to $23
Manifestorr: folds 
Uncalled bet ($12) returned to ImaPeppaPig
ImaPeppaPig collected $23 from pot
ImaPeppaPig: doesn't show hand 
*** SUMMARY ***
Total pot $23 | Rake $0 
Seat 4: tintin641
Seat 1: ImaPeppaPig (button) collected ($23)
Seat 2: Manifestorr (small blind) folded before Flop
Seat 3: Xenicide (big blind) folded before Flop
Seat 5: blackclan7 folded before Flop (didn't bet)
Seat 6: joshua19702 folded before Flop (didn't bet)



PokerStars Hand #254584035821:  Hold'em No Limit ($0.50/$1.00 USD) - 2025/01/27 20:21:34 WET [2025/01/27 15:21:34 ET]
Table 'Centesima V' 6-max Seat #2 is the button
Seat 1: ImaPeppaPig ($112 in chips) 
Seat 2: Manifestorr ($100 in chips) 
Seat 3: Xenicide ($195.59 in chips) 
Seat 4: tintin641 ($100 in chips) 
Seat 5: blackclan7 ($100 in chips) 
Seat 6: joshua19702 ($98.50 in chips) 
Xenicide: posts small blind $0.50
tintin641: posts big blind $1
*** HOLE CARDS ***
blackclan7: folds 
joshua19702: calls $1
blackclan7 leaves the table
ImaPeppaPig: folds 
Manifestorr: raises $3 to $4
michasia joins the table at seat #5 
Xenicide: folds 
tintin641: folds 
joshua19702: folds 
Uncalled bet ($3) returned to Manifestorr
Manifestorr collected $3.50 from pot
*** SUMMARY ***
Total pot $3.50 | Rake $0 
Seat 1: ImaPeppaPig folded before Flop (didn't bet)
Seat 2: Manifestorr (button) collected ($3.50)
Seat 3: Xenicide (small blind) folded before Flop
Seat 4: tintin641 (big blind) folded before Flop
Seat 5: blackclan7 folded before Flop (didn't bet)
Seat 6: joshua19702 folded before Flop



PokerStars Hand #254584048936:  Hold'em No Limit ($0.50/$1.00 USD) - 2025/01/27 20:22:14 WET [2025/01/27 15:22:14 ET]
Table 'Centesima V' 6-max Seat #3 is the button
Seat 1: ImaPeppaPig ($112 in chips) 
Seat 2: Manifestorr ($102.50 in chips) 
Seat 3: Xenicide ($195.09 in chips) 
Seat 4: tintin641 ($100 in chips) 
Seat 5: michasia ($100 in chips) 
Seat 6: joshua19702 ($97.50 in chips) 
tintin641: posts small blind $0.50
michasia: posts big blind $1
*** HOLE CARDS ***
joshua19702: folds 
ImaPeppaPig: folds 
Manifestorr: raises $1.20 to $2.20
Xenicide: folds 
tintin641: folds 
michasia: calls $1.20
*** FLOP *** [6h 6d Tc]
michasia: checks 
Manifestorr: bets $1.54
michasia: calls $1.54
*** TURN *** [6h 6d Tc] [Ah]
michasia: checks 
Manifestorr: bets $5.69
michasia: folds 
Uncalled bet ($5.69) returned to Manifestorr
Manifestorr collected $7.58 from pot
*** SUMMARY ***
Total pot $7.98 | Rake $0.40 
Board [6h 6d Tc Ah]
Seat 1: ImaPeppaPig folded before Flop (didn't bet)
Seat 2: Manifestorr collected ($7.58)
Seat 3: Xenicide (button) folded before Flop (didn't bet)
Seat 4: tintin641 (small blind) folded before Flop
Seat 5: michasia (big blind) folded on the Turn
Seat 6: joshua19702 folded before Flop (didn't bet)



PokerStars Hand #254584059999:  Hold'em No Limit ($0.50/$1.00 USD) - 2025/01/27 20:22:47 WET [2025/01/27 15:22:47 ET]
Table 'Centesima V' 6-max Seat #4 is the button
Seat 1: ImaPeppaPig ($112 in chips) 
Seat 2: Manifestorr ($106.34 in chips) 
Seat 3: Xenicide ($195.09 in chips) 
Seat 4: tintin641 ($100 in chips) 
Seat 5: michasia ($100 in chips) 
Seat 6: joshua19702 ($97.50 in chips) 
michasia: posts small blind $0.50
joshua19702: posts big blind $1
*** HOLE CARDS ***
ImaPeppaPig: folds 
Manifestorr: folds 
Xenicide: folds 
tintin641: folds 
michasia: folds 
Uncalled bet ($0.50) returned to joshua19702
joshua19702 collected $1 from pot
*** SUMMARY ***
Total pot $1 | Rake $0 
Seat 1: ImaPeppaPig folded before Flop (didn't bet)
Seat 2: Manifestorr folded before Flop (didn't bet)
Seat 3: Xenicide folded before Flop (didn't bet)
Seat 4: tintin641 (button) folded before Flop (didn't bet)
Seat 5: michasia (small blind) folded before Flop
Seat 6: joshua19702 (big blind) collected ($1)



PokerStars Hand #254584066128:  Hold'em No Limit ($0.50/$1.00 USD) - 2025/01/27 20:23:06 WET [2025/01/27 15:23:06 ET]
Table 'Centesima V' 6-max Seat #5 is the button
Seat 1: ImaPeppaPig ($112 in chips) 
Seat 2: Manifestorr ($106.34 in chips) 
Seat 3: Xenicide ($195.09 in chips) 
Seat 4: tintin641 ($100 in chips) 
Seat 5: michasia ($100 in chips) 
Seat 6: joshua19702 ($98 in chips) 
joshua19702: posts small blind $0.50
ImaPeppaPig: posts big blind $1
*** HOLE CARDS ***
Manifestorr: folds 
Xenicide: folds 
tintin641: raises $1.50 to $2.50
michasia: folds 
joshua19702: folds 
ImaPeppaPig: folds 
Uncalled bet ($1.50) returned to tintin641
tintin641 collected $2.50 from pot
tintin641: doesn't show hand 
*** SUMMARY ***
Total pot $2.50 | Rake $0 
Seat 1: ImaPeppaPig (big blind) folded before Flop
Seat 2: Manifestorr folded before Flop (didn't bet)
Seat 3: Xenicide folded before Flop (didn't bet)
Seat 4: tintin641 collected ($2.50)
Seat 5: michasia (button) folded before Flop (didn't bet)
Seat 6: joshua19702 (small blind) folded before Flop



PokerStars Hand #254584071602:  Hold'em No Limit ($0.50/$1.00 USD) - 2025/01/27 20:23:22 WET [2025/01/27 15:23:22 ET]
Table 'Centesima V' 6-max Seat #6 is the button
Seat 2: Manifestorr ($106.34 in chips) is sitting out
Seat 1: ImaPeppaPig ($111 in chips) 
Seat 3: Xenicide ($195.09 in chips) 
Seat 4: tintin641 ($101.50 in chips) 
Seat 5: michasia ($100 in chips) 
Seat 6: joshua19702 ($97.50 in chips) 
ImaPeppaPig: posts small blind $0.50
Manifestorr: is sitting out 
Xenicide: posts big blind $1
*** HOLE CARDS ***
tintin641: folds 
Manifestorr leaves the table
michasia: folds 
joshua19702: calls $1
BoyLoc0 joins the table at seat #2 
ImaPeppaPig: raises $5 to $6
Xenicide: folds 
joshua19702: calls $5
*** FLOP *** [4d 3h Kc]
ImaPeppaPig: bets $6.42
joshua19702: folds 
Uncalled bet ($6.42) returned to ImaPeppaPig
ImaPeppaPig collected $12.35 from pot
ImaPeppaPig: doesn't show hand 
*** SUMMARY ***
Total pot $13 | Rake $0.65 
Board [4d 3h Kc]
Seat 2: Manifestorr
Seat 1: ImaPeppaPig (small blind) collected ($12.35)
Seat 3: Xenicide (big blind) folded before Flop
Seat 4: tintin641 folded before Flop (didn't bet)
Seat 5: michasia folded before Flop (didn't bet)
Seat 6: joshua19702 (button) folded on the Flop



PokerStars Hand #254584083293:  Hold'em No Limit ($0.50/$1.00 USD) - 2025/01/27 20:23:57 WET [2025/01/27 15:23:57 ET]
Table 'Centesima V' 6-max Seat #1 is the button
Seat 2: BoyLoc0 ($100 in chips) is sitting out
Seat 1: ImaPeppaPig ($117.35 in chips) 
Seat 3: Xenicide ($194.09 in chips) 
Seat 4: tintin641 ($101.50 in chips) 
Seat 5: michasia ($100 in chips) 
Seat 6: joshua19702 ($91.50 in chips) 
Xenicide: posts small blind $0.50
tintin641: posts big blind $1
*** HOLE CARDS ***
michasia: folds 
joshua19702: raises $1 to $2
ImaPeppaPig: folds 
Xenicide: folds 
tintin641: folds 
Uncalled bet ($1) returned to joshua19702
joshua19702 collected $2.50 from pot
*** SUMMARY ***
Total pot $2.50 | Rake $0 
Seat 2: BoyLoc0
Seat 1: ImaPeppaPig (button) folded before Flop (didn't bet)
Seat 3: Xenicide (small blind) folded before Flop
Seat 4: tintin641 (big blind) folded before Flop
Seat 5: michasia folded before Flop (didn't bet)
Seat 6: joshua19702 collected ($2.50)



PokerStars Hand #254584089203:  Hold'em No Limit ($0.50/$1.00 USD) - 2025/01/27 20:24:15 WET [2025/01/27 15:24:15 ET]
Table 'Centesima V' 6-max Seat #3 is the button
Seat 2: BoyLoc0 ($100 in chips) is sitting out
Seat 1: ImaPeppaPig ($117.35 in chips) 
Seat 3: Xenicide ($193.59 in chips) 
Seat 4: tintin641 ($100.50 in chips) 
Seat 5: michasia ($100 in chips) 
Seat 6: joshua19702 ($93 in chips) 
tintin641: posts small blind $0.50
michasia: posts big blind $1
BoyLoc0: sits out 
*** HOLE CARDS ***
joshua19702: folds 
ImaPeppaPig: folds 
Xenicide: folds 
tintin641: folds 
Uncalled bet ($0.50) returned to michasia
michasia collected $1 from pot
michasia: doesn't show hand 
*** SUMMARY ***
Total pot $1 | Rake $0 
Seat 2: BoyLoc0
Seat 1: ImaPeppaPig folded before Flop (didn't bet)
Seat 3: Xenicide (button) folded before Flop (didn't bet)
Seat 4: tintin641 (small blind) folded before Flop
Seat 5: michasia (big blind) collected ($1)
Seat 6: joshua19702 folded before Flop (didn't bet)



PokerStars Hand #254584092995:  Hold'em No Limit ($0.50/$1.00 USD) - 2025/01/27 20:24:26 WET [2025/01/27 15:24:26 ET]
Table 'Centesima V' 6-max Seat #4 is the button
Seat 2: BoyLoc0 ($100 in chips) is sitting out
Seat 1: ImaPeppaPig ($117.35 in chips) 
Seat 3: Xenicide ($193.59 in chips) 
Seat 4: tintin641 ($100 in chips) 
Seat 5: michasia ($100.50 in chips) 
Seat 6: joshua19702 ($93 in chips) 
michasia: posts small blind $0.50
joshua19702: posts big blind $1
BoyLoc0: sits out 
*** HOLE CARDS ***
ImaPeppaPig: folds 
Xenicide: folds 
tintin641: raises $1.50 to $2.50
michasia: folds 
joshua19702: calls $1.50
*** FLOP *** [Ah Kc 2s]
joshua19702: checks 
tintin641: bets $1.72
joshua19702: calls $1.72
*** TURN *** [Ah Kc 2s] [5h]
joshua19702: checks 
tintin641: checks 
*** RIVER *** [Ah Kc 2s 5h] [3c]
joshua19702: checks 
tintin641: bets $6.37
joshua19702: calls $6.37
*** SHOW DOWN ***
tintin641: shows [Th 8d] (high card Ace)
joshua19702: shows [Ks Jc] (a pair of Kings)
joshua19702 collected $20.33 from pot
*** SUMMARY ***
Total pot $21.68 | Rake $1.35 
Board [Ah Kc 2s 5h 3c]
Seat 2: BoyLoc0
Seat 1: ImaPeppaPig folded before Flop (didn't bet)
Seat 3: Xenicide folded before Flop (didn't bet)
Seat 4: tintin641 (button) showed [Th 8d] and lost with high card Ace
Seat 5: michasia (small blind) folded before Flop
Seat 6: joshua19702 (big blind) showed [Ks Jc] and won ($20.33) with a pair of Kings



PokerStars Hand #254584114884:  Hold'em No Limit ($0.50/$1.00 USD) - 2025/01/27 20:25:32 WET [2025/01/27 15:25:32 ET]
Table 'Centesima V' 6-max Seat #5 is the button
Seat 2: BoyLoc0 ($100 in chips) is sitting out
Seat 1: ImaPeppaPig ($117.35 in chips) 
Seat 3: Xenicide ($193.59 in chips) 
Seat 4: tintin641 ($100 in chips) 
Seat 5: michasia ($100 in chips) 
Seat 6: joshua19702 ($102.74 in chips) 
joshua19702: posts small blind $0.50
ImaPeppaPig: posts big blind $1
BoyLoc0: sits out 
*** HOLE CARDS ***
Xenicide: folds 
tintin641: folds 
michasia: folds 
joshua19702: folds 
Uncalled bet ($0.50) returned to ImaPeppaPig
ImaPeppaPig collected $1 from pot
ImaPeppaPig: doesn't show hand 
*** SUMMARY ***
Total pot $1 | Rake $0 
Seat 2: BoyLoc0
Seat 1: ImaPeppaPig (big blind) collected ($1)
Seat 3: Xenicide folded before Flop (didn't bet)
Seat 4: tintin641 folded before Flop (didn't bet)
Seat 5: michasia (button) folded before Flop (didn't bet)
Seat 6: joshua19702 (small blind) folded before Flop



PokerStars Hand #254584119586:  Hold'em No Limit ($0.50/$1.00 USD) - 2025/01/27 20:25:46 WET [2025/01/27 15:25:46 ET]
Table 'Centesima V' 6-max Seat #6 is the button
Seat 1: ImaPeppaPig ($117.85 in chips) 
Seat 2: BoyLoc0 ($100 in chips) 
Seat 3: Xenicide ($193.59 in chips) 
Seat 4: tintin641 ($100 in chips) 
Seat 5: michasia ($100 in chips) 
Seat 6: joshua19702 ($102.24 in chips) 
ImaPeppaPig: posts small blind $0.50
BoyLoc0: posts big blind $1
*** HOLE CARDS ***
Xenicide: raises $1 to $2
tintin641: folds 
michasia: folds 
joshua19702: folds 
ImaPeppaPig: folds 
BoyLoc0: folds 
Uncalled bet ($1) returned to Xenicide
Xenicide collected $2.50 from pot
*** SUMMARY ***
Total pot $2.50 | Rake $0 
Seat 1: ImaPeppaPig (small blind) folded before Flop
Seat 2: BoyLoc0 (big blind) folded before Flop
Seat 3: Xenicide collected ($2.50)
Seat 4: tintin641 folded before Flop (didn't bet)
Seat 5: michasia folded before Flop (didn't bet)
Seat 6: joshua19702 (button) folded before Flop (didn't bet)



PokerStars Hand #254584123851:  Hold'em No Limit ($0.50/$1.00 USD) - 2025/01/27 20:25:59 WET [2025/01/27 15:25:59 ET]
Table 'Centesima V' 6-max Seat #1 is the button
Seat 1: ImaPeppaPig ($117.35 in chips) 
Seat 2: BoyLoc0 ($100 in chips) 
Seat 3: Xenicide ($195.09 in chips) 
Seat 4: tintin641 ($100 in chips) 
Seat 5: michasia ($100 in chips) 
Seat 6: joshua19702 ($102.24 in chips) 
BoyLoc0: posts small blind $0.50
Xenicide: posts big blind $1
*** HOLE CARDS ***
tintin641: folds 
michasia: folds 
joshua19702: calls $1
ImaPeppaPig: folds 
BoyLoc0: calls $0.50
Xenicide: checks 
*** FLOP *** [7c 8c Jh]
BoyLoc0: bets $2.14
Xenicide: folds 
joshua19702: folds 
Uncalled bet ($2.14) returned to BoyLoc0
BoyLoc0 collected $2.85 from pot
BoyLoc0: doesn't show hand 
*** SUMMARY ***
Total pot $3 | Rake $0.15 
Board [7c 8c Jh]
Seat 1: ImaPeppaPig (button) folded before Flop (didn't bet)
Seat 2: BoyLoc0 (small blind) collected ($2.85)
Seat 3: Xenicide (big blind) folded on the Flop
Seat 4: tintin641 folded before Flop (didn't bet)
Seat 5: michasia folded before Flop (didn't bet)
Seat 6: joshua19702 folded on the Flop



PokerStars Hand #254584136285:  Hold'em No Limit ($0.50/$1.00 USD) - 2025/01/27 20:26:36 WET [2025/01/27 15:26:36 ET]
Table 'Centesima V' 6-max Seat #2 is the button
Seat 1: ImaPeppaPig ($117.35 in chips) 
Seat 2: BoyLoc0 ($101.85 in chips) 
Seat 3: Xenicide ($194.09 in chips) 
Seat 4: tintin641 ($100 in chips) 
Seat 5: michasia ($100 in chips) 
Seat 6: joshua19702 ($101.24 in chips) 
Xenicide: posts small blind $0.50
tintin641: posts big blind $1
*** HOLE CARDS ***
michasia: folds 
joshua19702: folds 
ImaPeppaPig: folds 
BoyLoc0: raises $1.50 to $2.50
Xenicide: folds 
tintin641: folds 
Uncalled bet ($1.50) returned to BoyLoc0
BoyLoc0 collected $2.50 from pot
BoyLoc0: doesn't show hand 
*** SUMMARY ***
Total pot $2.50 | Rake $0 
Seat 1: ImaPeppaPig folded before Flop (didn't bet)
Seat 2: BoyLoc0 (button) collected ($2.50)
Seat 3: Xenicide (small blind) folded before Flop
Seat 4: tintin641 (big blind) folded before Flop
Seat 5: michasia folded before Flop (didn't bet)
Seat 6: joshua19702 folded before Flop (didn't bet)



PokerStars Hand #254584145571:  Hold'em No Limit ($0.50/$1.00 USD) - 2025/01/27 20:27:04 WET [2025/01/27 15:27:04 ET]
Table 'Centesima V' 6-max Seat #3 is the button
Seat 1: ImaPeppaPig ($117.35 in chips) 
Seat 2: BoyLoc0 ($103.35 in chips) 
Seat 3: Xenicide ($193.59 in chips) 
Seat 4: tintin641 ($100 in chips) 
Seat 5: michasia ($100 in chips) 
Seat 6: joshua19702 ($101.24 in chips) 
tintin641: posts small blind $0.50
michasia: posts big blind $1
*** HOLE CARDS ***
joshua19702: calls $1
ImaPeppaPig: folds 
BoyLoc0: folds 
Xenicide: raises $3.50 to $4.50
tintin641: folds 
michasia: folds 
joshua19702: folds 
Uncalled bet ($3.50) returned to Xenicide
Xenicide collected $3.50 from pot
*** SUMMARY ***
Total pot $3.50 | Rake $0 
Seat 1: ImaPeppaPig folded before Flop (didn't bet)
Seat 2: BoyLoc0 folded before Flop (didn't bet)
Seat 3: Xenicide (button) collected ($3.50)
Seat 4: tintin641 (small blind) folded before Flop
Seat 5: michasia (big blind) folded before Flop
Seat 6: joshua19702 folded before Flop



PokerStars Hand #254584155554:  Hold'em No Limit ($0.50/$1.00 USD) - 2025/01/27 20:27:34 WET [2025/01/27 15:27:34 ET]
Table 'Centesima V' 6-max Seat #4 is the button
Seat 1: ImaPeppaPig ($117.35 in chips) 
Seat 2: BoyLoc0 ($103.35 in chips) 
Seat 3: Xenicide ($196.09 in chips) 
Seat 4: tintin641 ($100 in chips) 
Seat 5: michasia ($100 in chips) 
Seat 6: joshua19702 ($100.24 in chips) 
michasia: posts small blind $0.50
joshua19702: posts big blind $1
*** HOLE CARDS ***
ImaPeppaPig: folds 
BoyLoc0: folds 
Xenicide: folds 
tintin641: folds 
michasia: raises $2 to $3
joshua19702: folds 
Uncalled bet ($2) returned to michasia
michasia collected $2 from pot
michasia: doesn't show hand 
*** SUMMARY ***
Total pot $2 | Rake $0 
Seat 1: ImaPeppaPig folded before Flop (didn't bet)
Seat 2: BoyLoc0 folded before Flop (didn't bet)
Seat 3: Xenicide folded before Flop (didn't bet)
Seat 4: tintin641 (button) folded before Flop (didn't bet)
Seat 5: michasia (small blind) collected ($2)
Seat 6: joshua19702 (big blind) folded before Flop



PokerStars Hand #254584163061:  Hold'em No Limit ($0.50/$1.00 USD) - 2025/01/27 20:27:57 WET [2025/01/27 15:27:57 ET]
Table 'Centesima V' 6-max Seat #5 is the button
Seat 1: ImaPeppaPig ($117.35 in chips) 
Seat 2: BoyLoc0 ($103.35 in chips) 
Seat 3: Xenicide ($196.09 in chips) 
Seat 4: tintin641 ($100 in chips) 
Seat 5: michasia ($101 in chips) 
Seat 6: joshua19702 ($99.24 in chips) 
joshua19702: posts small blind $0.50
ImaPeppaPig: posts big blind $1
*** HOLE CARDS ***
BoyLoc0: folds 
Xenicide: folds 
tintin641: raises $1.50 to $2.50
michasia: folds 
joshua19702: folds 
ImaPeppaPig: folds 
Uncalled bet ($1.50) returned to tintin641
tintin641 collected $2.50 from pot
tintin641: doesn't show hand 
*** SUMMARY ***
Total pot $2.50 | Rake $0 
Seat 1: ImaPeppaPig (big blind) folded before Flop
Seat 2: BoyLoc0 folded before Flop (didn't bet)
Seat 3: Xenicide folded before Flop (didn't bet)
Seat 4: tintin641 collected ($2.50)
Seat 5: michasia (button) folded before Flop (didn't bet)
Seat 6: joshua19702 (small blind) folded before Flop



PokerStars Hand #254584168582:  Hold'em No Limit ($0.50/$1.00 USD) - 2025/01/27 20:28:13 WET [2025/01/27 15:28:13 ET]
Table 'Centesima V' 6-max Seat #6 is the button
Seat 1: ImaPeppaPig ($116.35 in chips) 
Seat 2: BoyLoc0 ($103.35 in chips) 
Seat 3: Xenicide ($196.09 in chips) 
Seat 4: tintin641 ($101.50 in chips) 
Seat 5: michasia ($101 in chips) 
Seat 6: joshua19702 ($98.74 in chips) 
ImaPeppaPig: posts small blind $0.50
BoyLoc0: posts big blind $1
*** HOLE CARDS ***
Xenicide: folds 
tintin641: folds 
michasia: folds 
joshua19702: calls $1
ImaPeppaPig: folds 
BoyLoc0: raises $4 to $5
joshua19702: calls $4
*** FLOP *** [Ah Kh 6c]
BoyLoc0: checks 
joshua19702: checks 
*** TURN *** [Ah Kh 6c] [7d]
BoyLoc0: checks 
joshua19702: checks 
*** RIVER *** [Ah Kh 6c 7d] [5c]
BoyLoc0: bets $7.49
joshua19702: folds 
Uncalled bet ($7.49) returned to BoyLoc0
BoyLoc0 collected $9.98 from pot
BoyLoc0: doesn't show hand 
*** SUMMARY ***
Total pot $10.50 | Rake $0.52 
Board [Ah Kh 6c 7d 5c]
Seat 1: ImaPeppaPig (small blind) folded before Flop
Seat 2: BoyLoc0 (big blind) collected ($9.98)
Seat 3: Xenicide folded before Flop (didn't bet)
Seat 4: tintin641 folded before Flop (didn't bet)
Seat 5: michasia folded before Flop (didn't bet)
Seat 6: joshua19702 (button) folded on the River



PokerStars Hand #254584183637:  Hold'em No Limit ($0.50/$1.00 USD) - 2025/01/27 20:28:58 WET [2025/01/27 15:28:58 ET]
Table 'Centesima V' 6-max Seat #1 is the button
Seat 1: ImaPeppaPig ($115.85 in chips) 
Seat 2: BoyLoc0 ($108.33 in chips) 
Seat 3: Xenicide ($196.09 in chips) 
Seat 4: tintin641 ($101.50 in chips) 
Seat 5: michasia ($101 in chips) 
Seat 6: joshua19702 ($93.74 in chips) 
BoyLoc0: posts small blind $0.50
Xenicide: posts big blind $1
*** HOLE CARDS ***
tintin641: folds 
michasia: folds 
joshua19702: calls $1
ImaPeppaPig: folds 
BoyLoc0: folds 
Xenicide: checks 
*** FLOP *** [9c Kh 7h]
Xenicide: checks 
joshua19702: checks 
*** TURN *** [9c Kh 7h] [7s]
Xenicide: checks 
joshua19702: bets $2
Xenicide: raises $5.42 to $7.42
joshua19702: folds 
Uncalled bet ($5.42) returned to Xenicide
Xenicide collected $6.18 from pot
*** SUMMARY ***
Total pot $6.50 | Rake $0.32 
Board [9c Kh 7h 7s]
Seat 1: ImaPeppaPig (button) folded before Flop (didn't bet)
Seat 2: BoyLoc0 (small blind) folded before Flop
Seat 3: Xenicide (big blind) collected ($6.18)
Seat 4: tintin641 folded before Flop (didn't bet)
Seat 5: michasia folded before Flop (didn't bet)
Seat 6: joshua19702 folded on the Turn



PokerStars Hand #254584205074:  Hold'em No Limit ($0.50/$1.00 USD) - 2025/01/27 20:30:02 WET [2025/01/27 15:30:02 ET]
Table 'Centesima V' 6-max Seat #2 is the button
Seat 1: ImaPeppaPig ($115.85 in chips) 
Seat 2: BoyLoc0 ($107.83 in chips) 
Seat 3: Xenicide ($199.27 in chips) 
Seat 4: tintin641 ($101.50 in chips) 
Seat 5: michasia ($101 in chips) 
Seat 6: joshua19702 ($90.74 in chips) 
Xenicide: posts small blind $0.50
tintin641: posts big blind $1
*** HOLE CARDS ***
michasia: folds 
joshua19702: folds 
ImaPeppaPig: folds 
BoyLoc0: raises $1.50 to $2.50
Xenicide: folds 
joshua19702 leaves the table
tintin641: calls $1.50
*** FLOP *** [8c 9d Kh]
tintin641: checks 
BoyLoc0: checks 
*** TURN *** [8c 9d Kh] [Qc]
tintin641: checks 
BoyLoc0: checks 
*** RIVER *** [8c 9d Kh Qc] [Kd]
tintin641: bets $3.92
BoyLoc0: folds 
Uncalled bet ($3.92) returned to tintin641
tintin641 collected $5.22 from pot
tintin641: doesn't show hand 
*** SUMMARY ***
Total pot $5.50 | Rake $0.28 
Board [8c 9d Kh Qc Kd]
Seat 1: ImaPeppaPig folded before Flop (didn't bet)
Seat 2: BoyLoc0 (button) folded on the River
Seat 3: Xenicide (small blind) folded before Flop
Seat 4: tintin641 (big blind) collected ($5.22)
Seat 5: michasia folded before Flop (didn't bet)
Seat 6: joshua19702 folded before Flop (didn't bet)



PokerStars Hand #254584224352:  Hold'em No Limit ($0.50/$1.00 USD) - 2025/01/27 20:30:59 WET [2025/01/27 15:30:59 ET]
Table 'Centesima V' 6-max Seat #3 is the button
Seat 5: michasia ($101 in chips) is sitting out
Seat 1: ImaPeppaPig ($115.85 in chips) 
Seat 2: BoyLoc0 ($105.33 in chips) 
Seat 3: Xenicide ($198.77 in chips) 
Seat 4: tintin641 ($104.22 in chips) 
tintin641: posts small blind $0.50
ImaPeppaPig: posts big blind $1
*** HOLE CARDS ***
BoyLoc0: raises $1.50 to $2.50
Xenicide: folds 
tintin641: folds 
ImaPeppaPig: calls $1.50
*** FLOP *** [Ac Ts 8s]
ImaPeppaPig: checks 
BoyLoc0: bets $1.72
ImaPeppaPig: folds 
Uncalled bet ($1.72) returned to BoyLoc0
BoyLoc0 collected $5.22 from pot
BoyLoc0: doesn't show hand 
*** SUMMARY ***
Total pot $5.50 | Rake $0.28 
Board [Ac Ts 8s]
Seat 5: michasia
Seat 1: ImaPeppaPig (big blind) folded on the Flop
Seat 2: BoyLoc0 collected ($5.22)
Seat 3: Xenicide (button) folded before Flop (didn't bet)
Seat 4: tintin641 (small blind) folded before Flop



PokerStars Hand #254584235842:  Hold'em No Limit ($0.50/$1.00 USD) - 2025/01/27 20:31:34 WET [2025/01/27 15:31:34 ET]
Table 'Centesima V' 6-max Seat #4 is the button
Seat 2: BoyLoc0 ($108.05 in chips) is sitting out
Seat 5: michasia ($101 in chips) is sitting out
Seat 1: ImaPeppaPig ($113.35 in chips) 
Seat 3: Xenicide ($198.77 in chips) 
Seat 4: tintin641 ($103.72 in chips) 
ImaPeppaPig: posts small blind $0.50
BoyLoc0: is sitting out 
Xenicide: posts big blind $1
*** HOLE CARDS ***
tintin641: folds 
BoyLoc0 leaves the table
ImaPeppaPig: folds 
Uncalled bet ($0.50) returned to Xenicide
Xenicide collected $1 from pot
*** SUMMARY ***
Total pot $1 | Rake $0 
Seat 2: BoyLoc0
Seat 5: michasia
Seat 1: ImaPeppaPig (small blind) folded before Flop
Seat 3: Xenicide (big blind) collected ($1)
Seat 4: tintin641 (button) folded before Flop (didn't bet)



PokerStars Hand #254584495514:  Hold'em No Limit ($0.50/$1.00 USD) - 2025/01/27 20:44:39 WET [2025/01/27 15:44:39 ET]
Table 'Centesima V' 6-max Seat #3 is the button
Seat 3: Diamondplaces ($15.18 in chips) 
Seat 4: m0nTTu ($10 in chips) 
Diamondplaces: posts small blind $0.50
m0nTTu: posts big blind $1
*** HOLE CARDS ***
blackclan7 joins the table at seat #1 
Diamondplaces: raises $14.18 to $15.18 and is all-in
franbasualdo10 joins the table at seat #6 
franbasualdo10 is disconnected 
m0nTTu: folds 
Uncalled bet ($14.18) returned to Diamondplaces
Diamondplaces collected $2 from pot
*** SUMMARY ***
Total pot $2 | Rake $0 
Seat 3: Diamondplaces (button) (small blind) collected ($2)
Seat 4: m0nTTu (big blind) folded before Flop



PokerStars Hand #254584499759:  Hold'em No Limit ($0.50/$1.00 USD) - 2025/01/27 20:44:52 WET [2025/01/27 15:44:52 ET]
Table 'Centesima V' 6-max Seat #3 is the button
Seat 1: blackclan7 ($100 in chips) is sitting out
Seat 3: Diamondplaces ($16.18 in chips) 
Seat 4: m0nTTu ($10 in chips) 
Seat 6: franbasualdo10 ($35.45 in chips) 
m0nTTu: posts small blind $0.50
franbasualdo10: posts big blind $1
blackclan7: sits out 
*** HOLE CARDS ***
Diamondplaces: raises $15.18 to $16.18 and is all-in
m0nTTu: folds 
franbasualdo10: folds 
Uncalled bet ($15.18) returned to Diamondplaces
Diamondplaces collected $2.50 from pot
z00mba joins the table at seat #2 
*** SUMMARY ***
Total pot $2.50 | Rake $0 
Seat 1: blackclan7
Seat 3: Diamondplaces (button) collected ($2.50)
Seat 4: m0nTTu (small blind) folded before Flop
Seat 6: franbasualdo10 (big blind) folded before Flop



PokerStars Hand #254584505610:  Hold'em No Limit ($0.50/$1.00 USD) - 2025/01/27 20:45:09 WET [2025/01/27 15:45:09 ET]
Table 'Centesima V' 6-max Seat #4 is the button
Seat 2: z00mba ($100 in chips) is sitting out
Seat 1: blackclan7 ($100 in chips) 
Seat 3: Diamondplaces ($17.68 in chips) 
Seat 4: m0nTTu ($10 in chips) 
Seat 6: franbasualdo10 ($34.45 in chips) 
franbasualdo10: posts small blind $0.50
blackclan7: posts big blind $1
*** HOLE CARDS ***
Diamondplaces: calls $1
m0nTTu: folds 
franbasualdo10: calls $0.50
blackclan7: checks 
*** FLOP *** [6h Qd Th]
franbasualdo10: checks 
blackclan7: checks 
Diamondplaces: bets $1
franbasualdo10: folds 
blackclan7: folds 
Uncalled bet ($1) returned to Diamondplaces
Diamondplaces collected $2.85 from pot
*** SUMMARY ***
Total pot $3 | Rake $0.15 
Board [6h Qd Th]
Seat 2: z00mba
Seat 1: blackclan7 (big blind) folded on the Flop
Seat 3: Diamondplaces collected ($2.85)
Seat 4: m0nTTu (button) folded before Flop (didn't bet)
Seat 6: franbasualdo10 (small blind) folded on the Flop



PokerStars Hand #254584518147:  Hold'em No Limit ($0.50/$1.00 USD) - 2025/01/27 20:45:48 WET [2025/01/27 15:45:48 ET]
Table 'Centesima V' 6-max Seat #6 is the button
Seat 1: blackclan7 ($100 in chips) 
Seat 2: z00mba ($100 in chips) 
Seat 3: Diamondplaces ($19.53 in chips) 
Seat 4: m0nTTu ($10 in chips) 
Seat 6: franbasualdo10 ($33.45 in chips) 
blackclan7: posts small blind $0.50
z00mba: posts big blind $1
*** HOLE CARDS ***
Diamondplaces: calls $1
m0nTTu: folds 
franbasualdo10: folds 
blackclan7: folds 
z00mba: checks 
*** FLOP *** [6c 2d 6d]
rafaelzin321 joins the table at seat #5 
rafaelzin321 is disconnected 
z00mba: checks 
Diamondplaces: bets $4
z00mba: folds 
Uncalled bet ($4) returned to Diamondplaces
Diamondplaces collected $2.38 from pot
*** SUMMARY ***
Total pot $2.50 | Rake $0.12 
Board [6c 2d 6d]
Seat 1: blackclan7 (small blind) folded before Flop
Seat 2: z00mba (big blind) folded on the Flop
Seat 3: Diamondplaces collected ($2.38)
Seat 4: m0nTTu folded before Flop (didn't bet)
Seat 6: franbasualdo10 (button) folded before Flop (didn't bet)



PokerStars Hand #254584532964:  Hold'em No Limit ($0.50/$1.00 USD) - 2025/01/27 20:46:33 WET [2025/01/27 15:46:33 ET]
Table 'Centesima V' 6-max Seat #1 is the button
Seat 1: blackclan7 ($100 in chips) 
Seat 2: z00mba ($100 in chips) 
Seat 3: Diamondplaces ($20.91 in chips) 
Seat 4: m0nTTu ($10 in chips) 
Seat 5: rafaelzin321 ($10 in chips) 
Seat 6: franbasualdo10 ($33.45 in chips) 
z00mba: posts small blind $0.50
Diamondplaces: posts big blind $1
rafaelzin321: posts big blind $1
*** HOLE CARDS ***
m0nTTu: folds 
rafaelzin321: checks 
franbasualdo10: folds 
blackclan7: raises $1.50 to $2.50
z00mba: folds 
Diamondplaces: folds 
rafaelzin321: folds 
Uncalled bet ($1.50) returned to blackclan7
blackclan7 collected $3.50 from pot
blackclan7: doesn't show hand 
*** SUMMARY ***
Total pot $3.50 | Rake $0 
Seat 1: blackclan7 (button) collected ($3.50)
Seat 2: z00mba (small blind) folded before Flop
Seat 3: Diamondplaces (big blind) folded before Flop
Seat 4: m0nTTu folded before Flop (didn't bet)
Seat 5: rafaelzin321 folded before Flop (didn't bet)
Seat 6: franbasualdo10 folded before Flop (didn't bet)



PokerStars Hand #254584540437:  Hold'em No Limit ($0.50/$1.00 USD) - 2025/01/27 20:46:56 WET [2025/01/27 15:46:56 ET]
Table 'Centesima V' 6-max Seat #2 is the button
Seat 1: blackclan7 ($102.50 in chips) 
Seat 2: z00mba ($100 in chips) 
Seat 3: Diamondplaces ($19.91 in chips) 
Seat 4: m0nTTu ($10 in chips) 
Seat 5: rafaelzin321 ($9 in chips) 
Seat 6: franbasualdo10 ($33.45 in chips) 
Diamondplaces: posts small blind $0.50
m0nTTu: posts big blind $1
*** HOLE CARDS ***
rafaelzin321: raises $1 to $2
franbasualdo10: folds 
blackclan7: raises $4.13 to $6.13
z00mba: folds 
Diamondplaces: folds 
m0nTTu: folds 
rafaelzin321: folds 
Uncalled bet ($4.13) returned to blackclan7
blackclan7 collected $5.50 from pot
blackclan7: doesn't show hand 
*** SUMMARY ***
Total pot $5.50 | Rake $0 
Seat 1: blackclan7 collected ($5.50)
Seat 2: z00mba (button) folded before Flop (didn't bet)
Seat 3: Diamondplaces (small blind) folded before Flop
Seat 4: m0nTTu (big blind) folded before Flop
Seat 5: rafaelzin321 folded before Flop
Seat 6: franbasualdo10 folded before Flop (didn't bet)



PokerStars Hand #254584551123:  Hold'em No Limit ($0.50/$1.00 USD) - 2025/01/27 20:47:28 WET [2025/01/27 15:47:28 ET]
Table 'Centesima V' 6-max Seat #3 is the button
Seat 1: blackclan7 ($106 in chips) 
Seat 2: z00mba ($100 in chips) 
Seat 3: Diamondplaces ($19.41 in chips) 
Seat 4: m0nTTu ($10 in chips) 
Seat 5: rafaelzin321 ($7 in chips) 
Seat 6: franbasualdo10 ($33.45 in chips) 
m0nTTu: posts small blind $0.50
rafaelzin321: posts big blind $1
*** HOLE CARDS ***
franbasualdo10: folds 
blackclan7: folds 
z00mba: folds 
Diamondplaces: folds 
m0nTTu: raises $9 to $10 and is all-in
rafaelzin321: folds 
Uncalled bet ($9) returned to m0nTTu
m0nTTu collected $2 from pot
m0nTTu: doesn't show hand 
*** SUMMARY ***
Total pot $2 | Rake $0 
Seat 1: blackclan7 folded before Flop (didn't bet)
Seat 2: z00mba folded before Flop (didn't bet)
Seat 3: Diamondplaces (button) folded before Flop (didn't bet)
Seat 4: m0nTTu (small blind) collected ($2)
Seat 5: rafaelzin321 (big blind) folded before Flop
Seat 6: franbasualdo10 folded before Flop (didn't bet)



PokerStars Hand #254584559043:  Hold'em No Limit ($0.50/$1.00 USD) - 2025/01/27 20:47:52 WET [2025/01/27 15:47:52 ET]
Table 'Centesima V' 6-max Seat #4 is the button
Seat 1: blackclan7 ($106 in chips) 
Seat 2: z00mba ($100 in chips) 
Seat 3: Diamondplaces ($19.41 in chips) 
Seat 4: m0nTTu ($11 in chips) 
Seat 5: rafaelzin321 ($6 in chips) 
Seat 6: franbasualdo10 ($33.45 in chips) 
rafaelzin321: posts small blind $0.50
franbasualdo10: posts big blind $1
*** HOLE CARDS ***
blackclan7: folds 
z00mba: folds 
Diamondplaces: folds 
m0nTTu: folds 
rafaelzin321: folds 
Uncalled bet ($0.50) returned to franbasualdo10
franbasualdo10 collected $1 from pot
*** SUMMARY ***
Total pot $1 | Rake $0 
Seat 1: blackclan7 folded before Flop (didn't bet)
Seat 2: z00mba folded before Flop (didn't bet)
Seat 3: Diamondplaces folded before Flop (didn't bet)
Seat 4: m0nTTu (button) folded before Flop (didn't bet)
Seat 5: rafaelzin321 (small blind) folded before Flop
Seat 6: franbasualdo10 (big blind) collected ($1)



PokerStars Hand #254584563878:  Hold'em No Limit ($0.50/$1.00 USD) - 2025/01/27 20:48:07 WET [2025/01/27 15:48:07 ET]
Table 'Centesima V' 6-max Seat #5 is the button
Seat 1: blackclan7 ($106 in chips) is sitting out
Seat 2: z00mba ($100 in chips) 
Seat 3: Diamondplaces ($19.41 in chips) 
Seat 4: m0nTTu ($11 in chips) 
Seat 5: rafaelzin321 ($5.50 in chips) 
Seat 6: franbasualdo10 ($33.95 in chips) 
franbasualdo10: posts small blind $0.50
blackclan7: is sitting out 
z00mba: posts big blind $1
*** HOLE CARDS ***
blackclan7 leaves the table
Diamondplaces: folds 
m0nTTu: folds 
rafaelzin321: folds 
YeeesMan joins the table at seat #1 
franbasualdo10: folds 
Uncalled bet ($0.50) returned to z00mba
z00mba collected $1 from pot
z00mba: doesn't show hand 
*** SUMMARY ***
Total pot $1 | Rake $0 
Seat 1: blackclan7
Seat 2: z00mba (big blind) collected ($1)
Seat 3: Diamondplaces folded before Flop (didn't bet)
Seat 4: m0nTTu folded before Flop (didn't bet)
Seat 5: rafaelzin321 (button) folded before Flop (didn't bet)
Seat 6: franbasualdo10 (small blind) folded before Flop



PokerStars Hand #254584569053:  Hold'em No Limit ($0.50/$1.00 USD) - 2025/01/27 20:48:23 WET [2025/01/27 15:48:23 ET]
Table 'Centesima V' 6-max Seat #6 is the button
Seat 1: YeeesMan ($100 in chips) is sitting out
Seat 2: z00mba ($100.50 in chips) 
Seat 3: Diamondplaces ($19.41 in chips) 
Seat 4: m0nTTu ($11 in chips) 
Seat 5: rafaelzin321 ($5.50 in chips) 
Seat 6: franbasualdo10 ($33.45 in chips) 
z00mba: posts small blind $0.50
Diamondplaces: posts big blind $1
*** HOLE CARDS ***
m0nTTu: folds 
rafaelzin321: raises $4.50 to $5.50 and is all-in
franbasualdo10: folds 
z00mba: folds 
Diamondplaces: folds 
Uncalled bet ($4.50) returned to rafaelzin321
rafaelzin321 collected $2.50 from pot
*** SUMMARY ***
Total pot $2.50 | Rake $0 
Seat 1: YeeesMan
Seat 2: z00mba (small blind) folded before Flop
Seat 3: Diamondplaces (big blind) folded before Flop
Seat 4: m0nTTu folded before Flop (didn't bet)
Seat 5: rafaelzin321 collected ($2.50)
Seat 6: franbasualdo10 (button) folded before Flop (didn't bet)



PokerStars Hand #254584573951:  Hold'em No Limit ($0.50/$1.00 USD) - 2025/01/27 20:48:38 WET [2025/01/27 15:48:38 ET]
Table 'Centesima V' 6-max Seat #2 is the button
Seat 1: YeeesMan ($100 in chips) is sitting out
Seat 4: m0nTTu ($11 in chips) is sitting out
Seat 2: z00mba ($100 in chips) 
Seat 3: Diamondplaces ($18.41 in chips) 
Seat 5: rafaelzin321 ($7 in chips) 
Seat 6: franbasualdo10 ($33.45 in chips) 
Diamondplaces: posts small blind $0.50
m0nTTu: is sitting out 
rafaelzin321: posts big blind $1
YeeesMan: sits out 
*** HOLE CARDS ***
m0nTTu leaves the table
franbasualdo10: calls $1
z00mba: folds 
Diamondplaces: folds 
rafaelzin321: checks 
*** FLOP *** [7h Kh Kd]
rafaelzin321: checks 
franbasualdo10: checks 
*** TURN *** [7h Kh Kd] [3c]
rafaelzin321: checks 
franbasualdo10: checks 
*** RIVER *** [7h Kh Kd 3c] [4d]
rafaelzin321: checks 
franbasualdo10: checks 
*** SHOW DOWN ***
rafaelzin321: shows [Qd 8s] (a pair of Kings)
franbasualdo10: shows [As 6d] (a pair of Kings - Ace kicker)
franbasualdo10 collected $2.38 from pot
*** SUMMARY ***
Total pot $2.50 | Rake $0.12 
Board [7h Kh Kd 3c 4d]
Seat 1: YeeesMan
Seat 4: m0nTTu
Seat 2: z00mba (button) folded before Flop (didn't bet)
Seat 3: Diamondplaces (small blind) folded before Flop
Seat 5: rafaelzin321 (big blind) showed [Qd 8s] and lost with a pair of Kings
Seat 6: franbasualdo10 showed [As 6d] and won ($2.38) with a pair of Kings



PokerStars Hand #254584585885:  Hold'em No Limit ($0.50/$1.00 USD) - 2025/01/27 20:49:14 WET [2025/01/27 15:49:14 ET]
Table 'Centesima V' 6-max Seat #3 is the button
Seat 1: YeeesMan ($100 in chips) is sitting out
Seat 2: z00mba ($100 in chips) 
Seat 3: Diamondplaces ($17.91 in chips) 
Seat 5: rafaelzin321 ($6 in chips) 
Seat 6: franbasualdo10 ($34.83 in chips) 
rafaelzin321: posts small blind $0.50
franbasualdo10: posts big blind $1
YeeesMan has timed out
YeeesMan: is sitting out 
*** HOLE CARDS ***
z00mba: folds 
YeeesMan is disconnected 
Diamondplaces: folds 
rafaelzin321: calls $0.50
franbasualdo10: raises $5 to $6
rafaelzin321: calls $5 and is all-in
*** FLOP *** [2h 6c 9d]
*** TURN *** [2h 6c 9d] [7c]
*** RIVER *** [2h 6c 9d 7c] [7h]
*** SHOW DOWN ***
rafaelzin321: shows [8d 7s] (three of a kind, Sevens)
franbasualdo10: shows [4s 4h] (two pair, Sevens and Fours)
rafaelzin321 collected $11.40 from pot
*** SUMMARY ***
Total pot $12 | Rake $0.60 
Board [2h 6c 9d 7c 7h]
Seat 1: YeeesMan
Seat 2: z00mba folded before Flop (didn't bet)
Seat 3: Diamondplaces (button) folded before Flop (didn't bet)
Seat 5: rafaelzin321 (small blind) showed [8d 7s] and won ($11.40) with three of a kind, Sevens
Seat 6: franbasualdo10 (big blind) showed [4s 4h] and lost with two pair, Sevens and Fours



PokerStars Hand #254584596523:  Hold'em No Limit ($0.50/$1.00 USD) - 2025/01/27 20:49:47 WET [2025/01/27 15:49:47 ET]
Table 'Centesima V' 6-max Seat #5 is the button
Seat 1: YeeesMan ($100 in chips) is sitting out
Seat 2: z00mba ($100 in chips) 
Seat 3: Diamondplaces ($17.91 in chips) 
Seat 5: rafaelzin321 ($11.40 in chips) 
Seat 6: franbasualdo10 ($28.83 in chips) 
franbasualdo10: posts small blind $0.50
z00mba: posts big blind $1
*** HOLE CARDS ***
BGS013 joins the table at seat #4 
Diamondplaces: folds 
rafaelzin321: folds 
franbasualdo10: raises $2 to $3
z00mba: folds 
Uncalled bet ($2) returned to franbasualdo10
franbasualdo10 collected $2 from pot
*** SUMMARY ***
Total pot $2 | Rake $0 
Seat 1: YeeesMan
Seat 2: z00mba (big blind) folded before Flop
Seat 3: Diamondplaces folded before Flop (didn't bet)
Seat 5: rafaelzin321 (button) folded before Flop (didn't bet)
Seat 6: franbasualdo10 (small blind) collected ($2)



PokerStars Hand #254584601295:  Hold'em No Limit ($0.50/$1.00 USD) - 2025/01/27 20:50:02 WET [2025/01/27 15:50:02 ET]
Table 'Centesima V' 6-max Seat #6 is the button
Seat 1: YeeesMan ($100 in chips) is sitting out
Seat 4: BGS013 ($100 in chips) is sitting out
Seat 2: z00mba ($100 in chips) 
Seat 3: Diamondplaces ($17.91 in chips) 
Seat 5: rafaelzin321 ($11.40 in chips) 
Seat 6: franbasualdo10 ($29.83 in chips) 
z00mba: posts small blind $0.50
Diamondplaces: posts big blind $1
BGS013: sits out 
*** HOLE CARDS ***
rafaelzin321: folds 
franbasualdo10: folds 
z00mba: raises $2 to $3
Diamondplaces: folds 
Uncalled bet ($2) returned to z00mba
z00mba collected $2 from pot
z00mba: doesn't show hand 
*** SUMMARY ***
Total pot $2 | Rake $0 
Seat 1: YeeesMan
Seat 4: BGS013
Seat 2: z00mba (small blind) collected ($2)
Seat 3: Diamondplaces (big blind) folded before Flop
Seat 5: rafaelzin321 folded before Flop (didn't bet)
Seat 6: franbasualdo10 (button) folded before Flop (didn't bet)



PokerStars Hand #254584611048:  Hold'em No Limit ($0.50/$1.00 USD) - 2025/01/27 20:50:32 WET [2025/01/27 15:50:32 ET]
Table 'Centesima V' 6-max Seat #2 is the button
Seat 1: YeeesMan ($100 in chips) is sitting out
Seat 2: z00mba ($101 in chips) 
Seat 3: Diamondplaces ($16.91 in chips) 
Seat 4: BGS013 ($100 in chips) 
Seat 5: rafaelzin321 ($11.40 in chips) 
Seat 6: franbasualdo10 ($29.83 in chips) 
Diamondplaces: posts small blind $0.50
BGS013: posts big blind $1
YeeesMan: sits out 
*** HOLE CARDS ***
rafaelzin321: folds 
franbasualdo10: folds 
z00mba: raises $1.50 to $2.50
Diamondplaces: raises $14.41 to $16.91 and is all-in
YeeesMan leaves the table
BGS013: folds 
z00mba: calls $14.41
*** FLOP *** [Qh Jd Qs]
*** TURN *** [Qh Jd Qs] [5c]
*** RIVER *** [Qh Jd Qs 5c] [Ah]
*** SHOW DOWN ***
Diamondplaces: shows [6h 6d] (two pair, Queens and Sixes)
z00mba: shows [Ts Tc] (two pair, Queens and Tens)
JUANS2 joins the table at seat #1 
z00mba collected $33.08 from pot
Diamondplaces cashed out the hand for $6.40 | Cash Out Fee $0.13
*** SUMMARY ***
Total pot $34.82 | Rake $1.74 
Board [Qh Jd Qs 5c Ah]
Seat 1: YeeesMan
Seat 2: z00mba (button) showed [Ts Tc] and won ($33.08) with two pair, Queens and Tens
Seat 3: Diamondplaces (small blind) showed [6h 6d] and lost with two pair, Queens and Sixes (cashed out).
Seat 4: BGS013 (big blind) folded before Flop
Seat 5: rafaelzin321 folded before Flop (didn't bet)
Seat 6: franbasualdo10 folded before Flop (didn't bet)



PokerStars Hand #254584621492:  Hold'em No Limit ($0.50/$1.00 USD) - 2025/01/27 20:51:03 WET [2025/01/27 15:51:03 ET]
Table 'Centesima V' 6-max Seat #3 is the button
Seat 1: JUANS2 ($100 in chips) is sitting out
Seat 2: z00mba ($117.17 in chips) 
Seat 3: Diamondplaces ($6.40 in chips) 
Seat 4: BGS013 ($100 in chips) 
Seat 5: rafaelzin321 ($11.40 in chips) 
Seat 6: franbasualdo10 ($29.83 in chips) 
BGS013: posts small blind $0.50
rafaelzin321: posts big blind $1
JUANS2: sits out 
*** HOLE CARDS ***
franbasualdo10: folds 
z00mba: folds 
Diamondplaces: folds 
BGS013: folds 
Uncalled bet ($0.50) returned to rafaelzin321
rafaelzin321 collected $1 from pot
*** SUMMARY ***
Total pot $1 | Rake $0 
Seat 1: JUANS2
Seat 2: z00mba folded before Flop (didn't bet)
Seat 3: Diamondplaces (button) folded before Flop (didn't bet)
Seat 4: BGS013 (small blind) folded before Flop
Seat 5: rafaelzin321 (big blind) collected ($1)
Seat 6: franbasualdo10 folded before Flop (didn't bet)



PokerStars Hand #254584626630:  Hold'em No Limit ($0.50/$1.00 USD) - 2025/01/27 20:51:20 WET [2025/01/27 15:51:20 ET]
Table 'Centesima V' 6-max Seat #4 is the button
Seat 1: JUANS2 ($100 in chips) is sitting out
Seat 2: z00mba ($117.17 in chips) 
Seat 3: Diamondplaces ($6.40 in chips) 
Seat 4: BGS013 ($100 in chips) 
Seat 5: rafaelzin321 ($11.90 in chips) 
Seat 6: franbasualdo10 ($29.83 in chips) 
rafaelzin321: posts small blind $0.50
franbasualdo10: posts big blind $1
JUANS2: sits out 
*** HOLE CARDS ***
z00mba: raises $1.50 to $2.50
Diamondplaces: folds 
BGS013: folds 
rafaelzin321: folds 
franbasualdo10: folds 
Uncalled bet ($1.50) returned to z00mba
z00mba collected $2.50 from pot
z00mba: doesn't show hand 
*** SUMMARY ***
Total pot $2.50 | Rake $0 
Seat 1: JUANS2
Seat 2: z00mba collected ($2.50)
Seat 3: Diamondplaces folded before Flop (didn't bet)
Seat 4: BGS013 (button) folded before Flop (didn't bet)
Seat 5: rafaelzin321 (small blind) folded before Flop
Seat 6: franbasualdo10 (big blind) folded before Flop



PokerStars Hand #254584634958:  Hold'em No Limit ($0.50/$1.00 USD) - 2025/01/27 20:51:45 WET [2025/01/27 15:51:45 ET]
Table 'Centesima V' 6-max Seat #5 is the button
Seat 1: JUANS2 ($100 in chips) 
Seat 2: z00mba ($118.67 in chips) 
Seat 3: Diamondplaces ($6.40 in chips) 
Seat 4: BGS013 ($100 in chips) 
Seat 5: rafaelzin321 ($11.40 in chips) 
Seat 6: franbasualdo10 ($28.83 in chips) 
franbasualdo10: posts small blind $0.50
JUANS2: posts big blind $1
*** HOLE CARDS ***
z00mba: folds 
Diamondplaces: folds 
BGS013: folds 
rafaelzin321: folds 
franbasualdo10: calls $0.50
JUANS2: checks 
*** FLOP *** [5h Qd 5s]
franbasualdo10: checks 
JUANS2: checks 
*** TURN *** [5h Qd 5s] [9c]
franbasualdo10: checks 
JUANS2: checks 
*** RIVER *** [5h Qd 5s 9c] [Js]
franbasualdo10: checks 
JUANS2: bets $2
franbasualdo10: folds 
Uncalled bet ($2) returned to JUANS2
JUANS2 collected $1.90 from pot
JUANS2: doesn't show hand 
*** SUMMARY ***
Total pot $2 | Rake $0.10 
Board [5h Qd 5s 9c Js]
Seat 1: JUANS2 (big blind) collected ($1.90)
Seat 2: z00mba folded before Flop (didn't bet)
Seat 3: Diamondplaces folded before Flop (didn't bet)
Seat 4: BGS013 folded before Flop (didn't bet)
Seat 5: rafaelzin321 (button) folded before Flop (didn't bet)
Seat 6: franbasualdo10 (small blind) folded on the River



PokerStars Hand #254584643567:  Hold'em No Limit ($0.50/$1.00 USD) - 2025/01/27 20:52:12 WET [2025/01/27 15:52:12 ET]
Table 'Centesima V' 6-max Seat #6 is the button
Seat 1: JUANS2 ($100.90 in chips) 
Seat 2: z00mba ($118.67 in chips) 
Seat 3: Diamondplaces ($6.40 in chips) 
Seat 4: BGS013 ($100 in chips) 
Seat 5: rafaelzin321 ($11.40 in chips) 
Seat 6: franbasualdo10 ($27.83 in chips) 
JUANS2: posts small blind $0.50
z00mba: posts big blind $1
*** HOLE CARDS ***
Diamondplaces: folds 
BGS013: folds 
rafaelzin321: folds 
franbasualdo10: raises $1 to $2
JUANS2: folds 
z00mba: calls $1
*** FLOP *** [6c Jd Ac]
z00mba: checks 
franbasualdo10: checks 
*** TURN *** [6c Jd Ac] [Ts]
z00mba: checks 
franbasualdo10: checks 
*** RIVER *** [6c Jd Ac Ts] [Ks]
z00mba: checks 
franbasualdo10: checks 
*** SHOW DOWN ***
z00mba: shows [Th Kc] (two pair, Kings and Tens)
franbasualdo10: mucks hand 
z00mba collected $4.28 from pot
*** SUMMARY ***
Total pot $4.50 | Rake $0.22 
Board [6c Jd Ac Ts Ks]
Seat 1: JUANS2 (small blind) folded before Flop
Seat 2: z00mba (big blind) showed [Th Kc] and won ($4.28) with two pair, Kings and Tens
Seat 3: Diamondplaces folded before Flop (didn't bet)
Seat 4: BGS013 folded before Flop (didn't bet)
Seat 5: rafaelzin321 folded before Flop (didn't bet)
Seat 6: franbasualdo10 (button) mucked



PokerStars Hand #254584654686:  Hold'em No Limit ($0.50/$1.00 USD) - 2025/01/27 20:52:45 WET [2025/01/27 15:52:45 ET]
Table 'Centesima V' 6-max Seat #1 is the button
Seat 1: JUANS2 ($100.40 in chips) 
Seat 2: z00mba ($120.95 in chips) 
Seat 3: Diamondplaces ($6.40 in chips) 
Seat 4: BGS013 ($100 in chips) 
Seat 5: rafaelzin321 ($11.40 in chips) 
Seat 6: franbasualdo10 ($25.83 in chips) 
z00mba: posts small blind $0.50
Diamondplaces: posts big blind $1
*** HOLE CARDS ***
BGS013: folds 
rafaelzin321: raises $1 to $2
franbasualdo10: raises $3 to $5
JUANS2: folds 
z00mba: folds 
Diamondplaces: folds 
rafaelzin321: raises $6.40 to $11.40 and is all-in
franbasualdo10: calls $6.40
*** FLOP *** [2d 3c 9s]
*** TURN *** [2d 3c 9s] [4h]
*** RIVER *** [2d 3c 9s 4h] [Qh]
*** SHOW DOWN ***
rafaelzin321: shows [4s 4c] (three of a kind, Fours)
franbasualdo10: shows [9c 9d] (three of a kind, Nines)
franbasualdo10 collected $23.08 from pot
rafaelzin321 cashed out the hand for $4.23 | Cash Out Fee $0.09
*** SUMMARY ***
Total pot $24.30 | Rake $1.22 
Board [2d 3c 9s 4h Qh]
Seat 1: JUANS2 (button) folded before Flop (didn't bet)
Seat 2: z00mba (small blind) folded before Flop
Seat 3: Diamondplaces (big blind) folded before Flop
Seat 4: BGS013 folded before Flop (didn't bet)
Seat 5: rafaelzin321 showed [4s 4c] and lost with three of a kind, Fours (cashed out).
Seat 6: franbasualdo10 showed [9c 9d] and won ($23.08) with three of a kind, Nines



PokerStars Hand #254584666314:  Hold'em No Limit ($0.50/$1.00 USD) - 2025/01/27 20:53:21 WET [2025/01/27 15:53:21 ET]
Table 'Centesima V' 6-max Seat #2 is the button
Seat 1: JUANS2 ($100.40 in chips) 
Seat 2: z00mba ($120.45 in chips) 
Seat 3: Diamondplaces ($5.40 in chips) 
Seat 4: BGS013 ($100 in chips) 
Seat 5: rafaelzin321 ($4.23 in chips) 
Seat 6: franbasualdo10 ($37.51 in chips) 
Diamondplaces: posts small blind $0.50
BGS013: posts big blind $1
*** HOLE CARDS ***
rafaelzin321: folds 
franbasualdo10: folds 
JUANS2: folds 
z00mba: raises $1.50 to $2.50
Diamondplaces: folds 
BGS013: raises $8.50 to $11
z00mba: folds 
Uncalled bet ($8.50) returned to BGS013
BGS013 collected $5.50 from pot
BGS013: doesn't show hand 
*** SUMMARY ***
Total pot $5.50 | Rake $0 
Seat 1: JUANS2 folded before Flop (didn't bet)
Seat 2: z00mba (button) folded before Flop
Seat 3: Diamondplaces (small blind) folded before Flop
Seat 4: BGS013 (big blind) collected ($5.50)
Seat 5: rafaelzin321 folded before Flop (didn't bet)
Seat 6: franbasualdo10 folded before Flop (didn't bet)



PokerStars Hand #254584676443:  Hold'em No Limit ($0.50/$1.00 USD) - 2025/01/27 20:53:52 WET [2025/01/27 15:53:52 ET]
Table 'Centesima V' 6-max Seat #3 is the button
Seat 1: JUANS2 ($100.40 in chips) 
Seat 2: z00mba ($117.95 in chips) 
Seat 3: Diamondplaces ($4.90 in chips) 
Seat 4: BGS013 ($103 in chips) 
Seat 5: rafaelzin321 ($4.23 in chips) 
Seat 6: franbasualdo10 ($37.51 in chips) 
BGS013: posts small blind $0.50
rafaelzin321: posts big blind $1
*** HOLE CARDS ***
franbasualdo10: calls $1
JUANS2: folds 
z00mba: calls $1
Diamondplaces: raises $3.90 to $4.90 and is all-in
BGS013: folds 
rafaelzin321: folds 
franbasualdo10: calls $3.90
z00mba: raises $113.05 to $117.95 and is all-in
franbasualdo10: folds 
Uncalled bet ($113.05) returned to z00mba
*** FLOP *** [5c Ah 7c]
*** TURN *** [5c Ah 7c] [Tc]
*** RIVER *** [5c Ah 7c Tc] [4s]
*** SHOW DOWN ***
z00mba: shows [6h 6c] (a pair of Sixes)
Diamondplaces: shows [Js As] (a pair of Aces)
Diamondplaces cashed out the hand for $7.33 | Cash Out Fee $0.15
*** SUMMARY ***
Total pot $16.20 | Rake $0.81 
Board [5c Ah 7c Tc 4s]
Seat 1: JUANS2 folded before Flop (didn't bet)
Seat 2: z00mba showed [6h 6c] and lost with a pair of Sixes
Seat 3: Diamondplaces (button) showed [Js As] and won ($15.39) with a pair of Aces (pot not awarded as player cashed out)
Seat 4: BGS013 (small blind) folded before Flop
Seat 5: rafaelzin321 (big blind) folded before Flop
Seat 6: franbasualdo10 folded before Flop



PokerStars Hand #254584691397:  Hold'em No Limit ($0.50/$1.00 USD) - 2025/01/27 20:54:38 WET [2025/01/27 15:54:38 ET]
Table 'Centesima V' 6-max Seat #4 is the button
Seat 1: JUANS2 ($100.40 in chips) 
Seat 2: z00mba ($113.05 in chips) 
Seat 3: Diamondplaces ($7.33 in chips) 
Seat 4: BGS013 ($102.50 in chips) 
Seat 5: rafaelzin321 ($3.23 in chips) 
Seat 6: franbasualdo10 ($32.61 in chips) 
rafaelzin321: posts small blind $0.50
franbasualdo10: posts big blind $1
*** HOLE CARDS ***
JUANS2: folds 
z00mba: raises $1.50 to $2.50
Diamondplaces: raises $4.83 to $7.33 and is all-in
BGS013: folds 
rafaelzin321: folds 
franbasualdo10: folds 
z00mba: calls $4.83
*** FLOP *** [9c 5c Kh]
*** TURN *** [9c 5c Kh] [Th]
*** RIVER *** [9c 5c Kh Th] [Qs]
*** SHOW DOWN ***
z00mba: shows [As Td] (a pair of Tens)
Diamondplaces: shows [9d 9s] (three of a kind, Nines)
Diamondplaces collected $15.35 from pot
*** SUMMARY ***
Total pot $16.16 | Rake $0.81 
Board [9c 5c Kh Th Qs]
Seat 1: JUANS2 folded before Flop (didn't bet)
Seat 2: z00mba showed [As Td] and lost with a pair of Tens
Seat 3: Diamondplaces showed [9d 9s] and won ($15.35) with three of a kind, Nines
Seat 4: BGS013 (button) folded before Flop (didn't bet)
Seat 5: rafaelzin321 (small blind) folded before Flop
Seat 6: franbasualdo10 (big blind) folded before Flop



PokerStars Hand #254584702017:  Hold'em No Limit ($0.50/$1.00 USD) - 2025/01/27 20:55:12 WET [2025/01/27 15:55:12 ET]
Table 'Centesima V' 6-max Seat #5 is the button
Seat 1: JUANS2 ($100.40 in chips) 
Seat 2: z00mba ($105.72 in chips) 
Seat 3: Diamondplaces ($15.35 in chips) 
Seat 4: BGS013 ($102.50 in chips) 
Seat 5: rafaelzin321 ($2.73 in chips) 
Seat 6: franbasualdo10 ($31.61 in chips) 
franbasualdo10: posts small blind $0.50
JUANS2: posts big blind $1
*** HOLE CARDS ***
z00mba: folds 
Diamondplaces: folds 
BGS013: folds 
rafaelzin321: folds 
franbasualdo10: folds 
Uncalled bet ($0.50) returned to JUANS2
JUANS2 collected $1 from pot
JUANS2: doesn't show hand 
*** SUMMARY ***
Total pot $1 | Rake $0 
Seat 1: JUANS2 (big blind) collected ($1)
Seat 2: z00mba folded before Flop (didn't bet)
Seat 3: Diamondplaces folded before Flop (didn't bet)
Seat 4: BGS013 folded before Flop (didn't bet)
Seat 5: rafaelzin321 (button) folded before Flop (didn't bet)
Seat 6: franbasualdo10 (small blind) folded before Flop



PokerStars Hand #254584705071:  Hold'em No Limit ($0.50/$1.00 USD) - 2025/01/27 20:55:26 WET [2025/01/27 15:55:26 ET]
Table 'Centesima V' 6-max Seat #6 is the button
Seat 1: JUANS2 ($100.90 in chips) 
Seat 2: z00mba ($105.72 in chips) 
Seat 3: Diamondplaces ($15.35 in chips) 
Seat 4: BGS013 ($102.50 in chips) 
Seat 5: rafaelzin321 ($2.73 in chips) 
Seat 6: franbasualdo10 ($31.11 in chips) 
JUANS2: posts small blind $0.50
z00mba: posts big blind $1
*** HOLE CARDS ***
Diamondplaces: folds 
BGS013: folds 
rafaelzin321: folds 
franbasualdo10: calls $1
JUANS2: folds 
z00mba: raises $4 to $5
franbasualdo10: calls $4
*** FLOP *** [6d 8h Qc]
z00mba: checks 
franbasualdo10: checks 
*** TURN *** [6d 8h Qc] [Ah]
z00mba: bets $4.89
franbasualdo10: folds 
Uncalled bet ($4.89) returned to z00mba
z00mba collected $9.98 from pot
z00mba: doesn't show hand 
*** SUMMARY ***
Total pot $10.50 | Rake $0.52 
Board [6d 8h Qc Ah]
Seat 1: JUANS2 (small blind) folded before Flop
Seat 2: z00mba (big blind) collected ($9.98)
Seat 3: Diamondplaces folded before Flop (didn't bet)
Seat 4: BGS013 folded before Flop (didn't bet)
Seat 5: rafaelzin321 folded before Flop (didn't bet)
Seat 6: franbasualdo10 (button) folded on the Turn



PokerStars Hand #254584712402:  Hold'em No Limit ($0.50/$1.00 USD) - 2025/01/27 20:56:00 WET [2025/01/27 15:56:00 ET]
Table 'Centesima V' 6-max Seat #1 is the button
Seat 1: JUANS2 ($100.40 in chips) 
Seat 2: z00mba ($110.70 in chips) 
Seat 3: Diamondplaces ($15.35 in chips) 
Seat 4: BGS013 ($102.50 in chips) 
Seat 5: rafaelzin321 ($2.73 in chips) 
Seat 6: franbasualdo10 ($26.11 in chips) 
z00mba: posts small blind $0.50
Diamondplaces: posts big blind $1
*** HOLE CARDS ***
BGS013: folds 
rafaelzin321: raises $1.73 to $2.73 and is all-in
franbasualdo10: folds 
JUANS2: folds 
z00mba: folds 
Diamondplaces: folds 
Uncalled bet ($1.73) returned to rafaelzin321
rafaelzin321 collected $2.50 from pot
*** SUMMARY ***
Total pot $2.50 | Rake $0 
Seat 1: JUANS2 (button) folded before Flop (didn't bet)
Seat 2: z00mba (small blind) folded before Flop
Seat 3: Diamondplaces (big blind) folded before Flop
Seat 4: BGS013 folded before Flop (didn't bet)
Seat 5: rafaelzin321 collected ($2.50)
Seat 6: franbasualdo10 folded before Flop (didn't bet)



PokerStars Hand #254584715430:  Hold'em No Limit ($0.50/$1.00 USD) - 2025/01/27 20:56:14 WET [2025/01/27 15:56:14 ET]
Table 'Centesima V' 6-max Seat #2 is the button
Seat 1: JUANS2 ($100.40 in chips) 
Seat 2: z00mba ($110.20 in chips) 
Seat 3: Diamondplaces ($14.35 in chips) 
Seat 4: BGS013 ($102.50 in chips) 
Seat 5: rafaelzin321 ($4.23 in chips) 
Seat 6: franbasualdo10 ($26.11 in chips) 
Diamondplaces: posts small blind $0.50
BGS013: posts big blind $1
*** HOLE CARDS ***
rafaelzin321: folds 
franbasualdo10: folds 
JUANS2: raises $1.50 to $2.50
z00mba: folds 
Diamondplaces: folds 
BGS013: calls $1.50
*** FLOP *** [3d 4c Jc]
BGS013: checks 
JUANS2: bets $1.72
BGS013: folds 
Uncalled bet ($1.72) returned to JUANS2
JUANS2 collected $5.22 from pot
JUANS2: doesn't show hand 
*** SUMMARY ***
Total pot $5.50 | Rake $0.28 
Board [3d 4c Jc]
Seat 1: JUANS2 collected ($5.22)
Seat 2: z00mba (button) folded before Flop (didn't bet)
Seat 3: Diamondplaces (small blind) folded before Flop
Seat 4: BGS013 (big blind) folded on the Flop
Seat 5: rafaelzin321 folded before Flop (didn't bet)
Seat 6: franbasualdo10 folded before Flop (didn't bet)



PokerStars Hand #254584724381:  Hold'em No Limit ($0.50/$1.00 USD) - 2025/01/27 20:56:55 WET [2025/01/27 15:56:55 ET]
Table 'Centesima V' 6-max Seat #3 is the button
Seat 1: JUANS2 ($103.12 in chips) 
Seat 2: z00mba ($110.20 in chips) 
Seat 3: Diamondplaces ($13.85 in chips) 
Seat 4: BGS013 ($100 in chips) 
Seat 5: rafaelzin321 ($4.23 in chips) 
Seat 6: franbasualdo10 ($26.11 in chips) 
BGS013: posts small blind $0.50
rafaelzin321: posts big blind $1
*** HOLE CARDS ***
franbasualdo10: calls $1
JUANS2: folds 
z00mba: folds 
Diamondplaces: folds 
BGS013: calls $0.50
rafaelzin321: checks 
*** FLOP *** [5d Ad Ts]
BGS013: checks 
rafaelzin321: checks 
franbasualdo10: bets $1
BGS013: folds 
rafaelzin321: calls $1
*** TURN *** [5d Ad Ts] [Th]
rafaelzin321: checks 
franbasualdo10: bets $1
rafaelzin321: folds 
Uncalled bet ($1) returned to franbasualdo10
franbasualdo10 collected $4.75 from pot
*** SUMMARY ***
Total pot $5 | Rake $0.25 
Board [5d Ad Ts Th]
Seat 1: JUANS2 folded before Flop (didn't bet)
Seat 2: z00mba folded before Flop (didn't bet)
Seat 3: Diamondplaces (button) folded before Flop (didn't bet)
Seat 4: BGS013 (small blind) folded on the Flop
Seat 5: rafaelzin321 (big blind) folded on the Turn
Seat 6: franbasualdo10 collected ($4.75)



PokerStars Hand #254584733641:  Hold'em No Limit ($0.50/$1.00 USD) - 2025/01/27 20:57:37 WET [2025/01/27 15:57:37 ET]
Table 'Centesima V' 6-max Seat #4 is the button
Seat 1: JUANS2 ($103.12 in chips) 
Seat 2: z00mba ($110.20 in chips) 
Seat 3: Diamondplaces ($13.85 in chips) 
Seat 4: BGS013 ($100 in chips) 
Seat 5: rafaelzin321 ($2.23 in chips) 
Seat 6: franbasualdo10 ($28.86 in chips) 
rafaelzin321: posts small blind $0.50
franbasualdo10: posts big blind $1
*** HOLE CARDS ***
JUANS2: folds 
z00mba: folds 
Diamondplaces: folds 
BGS013: folds 
rafaelzin321: raises $1.23 to $2.23 and is all-in
franbasualdo10: calls $1.23
*** FLOP *** [6c Ks Ac]
*** TURN *** [6c Ks Ac] [Js]
*** RIVER *** [6c Ks Ac Js] [8s]
*** SHOW DOWN ***
rafaelzin321: shows [4c 5d] (high card Ace)
franbasualdo10: shows [2d Ah] (a pair of Aces)
rafaelzin321 is disconnected 
franbasualdo10 collected $4.24 from pot
*** SUMMARY ***
Total pot $4.46 | Rake $0.22 
Board [6c Ks Ac Js 8s]
Seat 1: JUANS2 folded before Flop (didn't bet)
Seat 2: z00mba folded before Flop (didn't bet)
Seat 3: Diamondplaces folded before Flop (didn't bet)
Seat 4: BGS013 (button) folded before Flop (didn't bet)
Seat 5: rafaelzin321 (small blind) showed [4c 5d] and lost with high card Ace
Seat 6: franbasualdo10 (big blind) showed [2d Ah] and won ($4.24) with a pair of Aces



PokerStars Hand #254584740812:  Hold'em No Limit ($0.50/$1.00 USD) - 2025/01/27 20:58:09 WET [2025/01/27 15:58:09 ET]
Table 'Centesima V' 6-max Seat #6 is the button
Seat 5: rafaelzin321 ($0 in chips) is sitting out
Seat 1: JUANS2 ($103.12 in chips) 
Seat 2: z00mba ($110.20 in chips) 
Seat 3: Diamondplaces ($13.85 in chips) 
Seat 4: BGS013 ($100 in chips) 
Seat 6: franbasualdo10 ($30.87 in chips) 
JUANS2: posts small blind $0.50
z00mba: posts big blind $1
*** HOLE CARDS ***
Diamondplaces: folds 
BGS013: folds 
franbasualdo10: folds 
JUANS2: raises $2 to $3
z00mba: calls $2
*** FLOP *** [Ks Ac Kc]
JUANS2: checks 
z00mba: checks 
*** TURN *** [Ks Ac Kc] [2h]
JUANS2: bets $1.50
z00mba: folds 
Uncalled bet ($1.50) returned to JUANS2
JUANS2 collected $5.70 from pot
JUANS2: doesn't show hand 
*** SUMMARY ***
Total pot $6 | Rake $0.30 
Board [Ks Ac Kc 2h]
Seat 5: rafaelzin321
Seat 1: JUANS2 (small blind) collected ($5.70)
Seat 2: z00mba (big blind) folded on the Turn
Seat 3: Diamondplaces folded before Flop (didn't bet)
Seat 4: BGS013 folded before Flop (didn't bet)
Seat 6: franbasualdo10 (button) folded before Flop (didn't bet)



PokerStars Hand #254584749735:  Hold'em No Limit ($0.50/$1.00 USD) - 2025/01/27 20:58:48 WET [2025/01/27 15:58:48 ET]
Table 'Centesima V' 6-max Seat #1 is the button
Seat 5: rafaelzin321 ($0 in chips) is sitting out
Seat 1: JUANS2 ($105.82 in chips) 
Seat 2: z00mba ($107.20 in chips) 
Seat 3: Diamondplaces ($13.85 in chips) 
Seat 4: BGS013 ($100 in chips) 
Seat 6: franbasualdo10 ($30.87 in chips) 
z00mba: posts small blind $0.50
Diamondplaces: posts big blind $1
*** HOLE CARDS ***
BGS013: folds 
franbasualdo10: calls $1
JUANS2: raises $3 to $4
z00mba: folds 
Diamondplaces: folds 
franbasualdo10: folds 
Uncalled bet ($3) returned to JUANS2
JUANS2 collected $3.50 from pot
JUANS2: doesn't show hand 
*** SUMMARY ***
Total pot $3.50 | Rake $0 
Seat 5: rafaelzin321
Seat 1: JUANS2 (button) collected ($3.50)
Seat 2: z00mba (small blind) folded before Flop
Seat 3: Diamondplaces (big blind) folded before Flop
Seat 4: BGS013 folded before Flop (didn't bet)
Seat 6: franbasualdo10 folded before Flop



PokerStars Hand #254584760873:  Hold'em No Limit ($0.50/$1.00 USD) - 2025/01/27 20:59:38 WET [2025/01/27 15:59:38 ET]
Table 'Centesima V' 6-max Seat #2 is the button
Seat 5: rafaelzin321 ($0 in chips) is sitting out
Seat 1: JUANS2 ($108.32 in chips) 
Seat 2: z00mba ($106.70 in chips) 
Seat 3: Diamondplaces ($12.85 in chips) 
Seat 4: BGS013 ($100 in chips) 
Seat 6: franbasualdo10 ($29.87 in chips) 
Diamondplaces: posts small blind $0.50
BGS013: posts big blind $1
*** HOLE CARDS ***
franbasualdo10: raises $1 to $2
JUANS2: folds 
z00mba: folds 
Diamondplaces: folds 
BGS013: calls $1
*** FLOP *** [7d 5h 8c]
BGS013: checks 
franbasualdo10: checks 
*** TURN *** [7d 5h 8c] [Qd]
BGS013: checks 
franbasualdo10: checks 
*** RIVER *** [7d 5h 8c Qd] [7s]
BGS013: checks 
franbasualdo10: checks 
*** SHOW DOWN ***
BGS013: shows [Ac 9d] (a pair of Sevens)
franbasualdo10: shows [As Kc] (a pair of Sevens - Ace+King kicker)
franbasualdo10 collected $4.28 from pot
*** SUMMARY ***
Total pot $4.50 | Rake $0.22 
Board [7d 5h 8c Qd 7s]
Seat 5: rafaelzin321
Seat 1: JUANS2 folded before Flop (didn't bet)
Seat 2: z00mba (button) folded before Flop (didn't bet)
Seat 3: Diamondplaces (small blind) folded before Flop
Seat 4: BGS013 (big blind) showed [Ac 9d] and lost with a pair of Sevens
Seat 6: franbasualdo10 showed [As Kc] and won ($4.28) with a pair of Sevens



PokerStars Hand #254584769987:  Hold'em No Limit ($0.50/$1.00 USD) - 2025/01/27 21:00:18 WET [2025/01/27 16:00:18 ET]
Table 'Centesima V' 6-max Seat #3 is the button
Seat 5: rafaelzin321 ($0 in chips) is sitting out
Seat 1: JUANS2 ($108.32 in chips) 
Seat 2: z00mba ($106.70 in chips) 
Seat 3: Diamondplaces ($12.35 in chips) 
Seat 4: BGS013 ($100 in chips) 
Seat 6: franbasualdo10 ($32.15 in chips) 
BGS013: posts small blind $0.50
franbasualdo10: posts big blind $1
*** HOLE CARDS ***
JUANS2: folds 
z00mba: raises $1.50 to $2.50
Diamondplaces: folds 
BGS013: folds 
franbasualdo10: folds 
Uncalled bet ($1.50) returned to z00mba
z00mba collected $2.50 from pot
z00mba: doesn't show hand 
*** SUMMARY ***
Total pot $2.50 | Rake $0 
Seat 5: rafaelzin321
Seat 1: JUANS2 folded before Flop (didn't bet)
Seat 2: z00mba collected ($2.50)
Seat 3: Diamondplaces (button) folded before Flop (didn't bet)
Seat 4: BGS013 (small blind) folded before Flop
Seat 6: franbasualdo10 (big blind) folded before Flop



PokerStars Hand #254584774059:  Hold'em No Limit ($0.50/$1.00 USD) - 2025/01/27 21:00:35 WET [2025/01/27 16:00:35 ET]
Table 'Centesima V' 6-max Seat #4 is the button
Seat 5: rafaelzin321 ($0 in chips) is sitting out
Seat 1: JUANS2 ($108.32 in chips) 
Seat 2: z00mba ($108.20 in chips) 
Seat 3: Diamondplaces ($12.35 in chips) 
Seat 4: BGS013 ($100 in chips) 
Seat 6: franbasualdo10 ($31.15 in chips) 
franbasualdo10: posts small blind $0.50
JUANS2: posts big blind $1
*** HOLE CARDS ***
z00mba: folds 
Diamondplaces: raises $11.35 to $12.35 and is all-in
BGS013: folds 
franbasualdo10: folds 
JUANS2: folds 
Uncalled bet ($11.35) returned to Diamondplaces
Diamondplaces collected $2.50 from pot
*** SUMMARY ***
Total pot $2.50 | Rake $0 
Seat 5: rafaelzin321
Seat 1: JUANS2 (big blind) folded before Flop
Seat 2: z00mba folded before Flop (didn't bet)
Seat 3: Diamondplaces collected ($2.50)
Seat 4: BGS013 (button) folded before Flop (didn't bet)
Seat 6: franbasualdo10 (small blind) folded before Flop



PokerStars Hand #254584777838:  Hold'em No Limit ($0.50/$1.00 USD) - 2025/01/27 21:00:50 WET [2025/01/27 16:00:50 ET]
Table 'Centesima V' 6-max Seat #6 is the button
Seat 5: rafaelzin321 ($0 in chips) is sitting out
Seat 1: JUANS2 ($107.32 in chips) 
Seat 2: z00mba ($108.20 in chips) 
Seat 3: Diamondplaces ($13.85 in chips) 
Seat 4: BGS013 ($100 in chips) 
Seat 6: franbasualdo10 ($30.65 in chips) 
JUANS2: posts small blind $0.50
z00mba: posts big blind $1
*** HOLE CARDS ***
Diamondplaces: folds 
BGS013: raises $1.50 to $2.50
franbasualdo10 has timed out
franbasualdo10: folds 
JUANS2: folds 
z00mba: folds 
Uncalled bet ($1.50) returned to BGS013
BGS013 collected $2.50 from pot
BGS013: doesn't show hand 
*** SUMMARY ***
Total pot $2.50 | Rake $0 
Seat 5: rafaelzin321
Seat 1: JUANS2 (small blind) folded before Flop
Seat 2: z00mba (big blind) folded before Flop
Seat 3: Diamondplaces folded before Flop (didn't bet)
Seat 4: BGS013 collected ($2.50)
Seat 6: franbasualdo10 (button) folded before Flop (didn't bet)



PokerStars Hand #254584787343:  Hold'em No Limit ($0.50/$1.00 USD) - 2025/01/27 21:01:25 WET [2025/01/27 16:01:25 ET]
Table 'Centesima V' 6-max Seat #1 is the button
Seat 5: rafaelzin321 ($0 in chips) is sitting out
Seat 6: franbasualdo10 ($30.65 in chips) is sitting out
Seat 1: JUANS2 ($106.82 in chips) 
Seat 2: z00mba ($107.20 in chips) 
Seat 3: Diamondplaces ($13.85 in chips) 
Seat 4: BGS013 ($101.50 in chips) 
z00mba: posts small blind $0.50
Diamondplaces: posts big blind $1
*** HOLE CARDS ***
BGS013: raises $1.50 to $2.50
JUANS2: folds 
z00mba: folds 
Diamondplaces: folds 
Uncalled bet ($1.50) returned to BGS013
BGS013 collected $2.50 from pot
BGS013: doesn't show hand 
*** SUMMARY ***
Total pot $2.50 | Rake $0 
Seat 5: rafaelzin321
Seat 6: franbasualdo10
Seat 1: JUANS2 (button) folded before Flop (didn't bet)
Seat 2: z00mba (small blind) folded before Flop
Seat 3: Diamondplaces (big blind) folded before Flop
Seat 4: BGS013 collected ($2.50)



PokerStars Hand #254584790703:  Hold'em No Limit ($0.50/$1.00 USD) - 2025/01/27 21:01:37 WET [2025/01/27 16:01:37 ET]
Table 'Centesima V' 6-max Seat #2 is the button
Seat 5: rafaelzin321 ($0 in chips) is sitting out
Seat 6: franbasualdo10 ($30.65 in chips) is sitting out
Seat 1: JUANS2 ($106.82 in chips) 
Seat 2: z00mba ($106.70 in chips) 
Seat 3: Diamondplaces ($12.85 in chips) 
Seat 4: BGS013 ($103 in chips) 
Diamondplaces: posts small blind $0.50
BGS013: posts big blind $1
*** HOLE CARDS ***
JUANS2: raises $1.50 to $2.50
z00mba: folds 
Diamondplaces: folds 
BGS013: calls $1.50
*** FLOP *** [Qh 8c 7d]
BGS013: checks 
JUANS2: bets $2.61
BGS013: calls $2.61
*** TURN *** [Qh 8c 7d] [6s]
BGS013: checks 
JUANS2: bets $8.80
BGS013: folds 
Uncalled bet ($8.80) returned to JUANS2
JUANS2 collected $10.18 from pot
JUANS2: doesn't show hand 
*** SUMMARY ***
Total pot $10.72 | Rake $0.54 
Board [Qh 8c 7d 6s]
Seat 5: rafaelzin321
Seat 6: franbasualdo10
Seat 1: JUANS2 collected ($10.18)
Seat 2: z00mba (button) folded before Flop (didn't bet)
Seat 3: Diamondplaces (small blind) folded before Flop
Seat 4: BGS013 (big blind) folded on the Turn



PokerStars Hand #254584806966:  Hold'em No Limit ($0.50/$1.00 USD) - 2025/01/27 21:02:30 WET [2025/01/27 16:02:30 ET]
Table 'Centesima V' 6-max Seat #3 is the button
Seat 5: rafaelzin321 ($0 in chips) is sitting out
Seat 1: JUANS2 ($111.89 in chips) 
Seat 2: z00mba ($106.70 in chips) 
Seat 3: Diamondplaces ($12.35 in chips) 
Seat 4: BGS013 ($100 in chips) 
Seat 6: franbasualdo10 ($30.65 in chips) 
BGS013: posts small blind $0.50
franbasualdo10: posts big blind $1
*** HOLE CARDS ***
JUANS2: folds 
z00mba: folds 
Diamondplaces: folds 
BGS013: folds 
Uncalled bet ($0.50) returned to franbasualdo10
franbasualdo10 collected $1 from pot
*** SUMMARY ***
Total pot $1 | Rake $0 
Seat 5: rafaelzin321
Seat 1: JUANS2 folded before Flop (didn't bet)
Seat 2: z00mba folded before Flop (didn't bet)
Seat 3: Diamondplaces (button) folded before Flop (didn't bet)
Seat 4: BGS013 (small blind) folded before Flop
Seat 6: franbasualdo10 (big blind) collected ($1)



PokerStars Hand #254584811028:  Hold'em No Limit ($0.50/$1.00 USD) - 2025/01/27 21:02:44 WET [2025/01/27 16:02:44 ET]
Table 'Centesima V' 6-max Seat #4 is the button
Seat 5: rafaelzin321 ($0 in chips) is sitting out
Seat 1: JUANS2 ($111.89 in chips) 
Seat 2: z00mba ($106.70 in chips) 
Seat 3: Diamondplaces ($12.35 in chips) 
Seat 4: BGS013 ($100 in chips) 
Seat 6: franbasualdo10 ($31.15 in chips) 
franbasualdo10: posts small blind $0.50
JUANS2: posts big blind $1
*** HOLE CARDS ***
z00mba: raises $1.50 to $2.50
Diamondplaces: folds 
BGS013: folds 
franbasualdo10: calls $2
JUANS2: folds 
*** FLOP *** [Td 3d 9c]
franbasualdo10: checks 
z00mba: bets $3
franbasualdo10: calls $3
*** TURN *** [Td 3d 9c] [Ah]
franbasualdo10: checks 
z00mba: bets $8.66
franbasualdo10: calls $8.66
*** RIVER *** [Td 3d 9c Ah] [4s]
franbasualdo10: checks 
z00mba: bets $21.17
franbasualdo10: calls $16.99 and is all-in
Uncalled bet ($4.18) returned to z00mba
*** SHOW DOWN ***
z00mba: shows [7h 7d] (a pair of Sevens)
franbasualdo10: shows [Jc Th] (a pair of Tens)
franbasualdo10 collected $60.80 from pot
*** SUMMARY ***
Total pot $63.30 | Rake $2.50 
Board [Td 3d 9c Ah 4s]
Seat 5: rafaelzin321
Seat 1: JUANS2 (big blind) folded before Flop
Seat 2: z00mba showed [7h 7d] and lost with a pair of Sevens
Seat 3: Diamondplaces folded before Flop (didn't bet)
Seat 4: BGS013 (button) folded before Flop (didn't bet)
Seat 6: franbasualdo10 (small blind) showed [Jc Th] and won ($60.80) with a pair of Tens



PokerStars Hand #254584827421:  Hold'em No Limit ($0.50/$1.00 USD) - 2025/01/27 21:03:35 WET [2025/01/27 16:03:35 ET]
Table 'Centesima V' 6-max Seat #6 is the button
Seat 5: rafaelzin321 ($0 in chips) is sitting out
Seat 1: JUANS2 ($110.89 in chips) 
Seat 2: z00mba ($100 in chips) 
Seat 3: Diamondplaces ($12.35 in chips) 
Seat 4: BGS013 ($100 in chips) 
Seat 6: franbasualdo10 ($60.80 in chips) 
JUANS2: posts small blind $0.50
z00mba: posts big blind $1
*** HOLE CARDS ***
Diamondplaces: folds 
BGS013: raises $1.50 to $2.50
franbasualdo10: folds 
JUANS2: folds 
z00mba: folds 
Uncalled bet ($1.50) returned to BGS013
BGS013 collected $2.50 from pot
BGS013: doesn't show hand 
*** SUMMARY ***
Total pot $2.50 | Rake $0 
Seat 5: rafaelzin321
Seat 1: JUANS2 (small blind) folded before Flop
Seat 2: z00mba (big blind) folded before Flop
Seat 3: Diamondplaces folded before Flop (didn't bet)
Seat 4: BGS013 collected ($2.50)
Seat 6: franbasualdo10 (button) folded before Flop (didn't bet)



PokerStars Hand #254584835528:  Hold'em No Limit ($0.50/$1.00 USD) - 2025/01/27 21:04:00 WET [2025/01/27 16:04:00 ET]
Table 'Centesima V' 6-max Seat #1 is the button
Seat 5: rafaelzin321 ($0 in chips) is sitting out
Seat 1: JUANS2 ($110.39 in chips) 
Seat 2: z00mba ($100 in chips) 
Seat 3: Diamondplaces ($12.35 in chips) 
Seat 4: BGS013 ($101.50 in chips) 
Seat 6: franbasualdo10 ($60.80 in chips) 
z00mba: posts small blind $0.50
Diamondplaces: posts big blind $1
*** HOLE CARDS ***
BGS013: folds 
franbasualdo10: calls $1
JUANS2: folds 
z00mba: calls $0.50
Diamondplaces: checks 
*** FLOP *** [5s Jc Ac]
z00mba: bets $1.50
Diamondplaces: folds 
franbasualdo10: folds 
Uncalled bet ($1.50) returned to z00mba
z00mba collected $2.85 from pot
z00mba: doesn't show hand 
*** SUMMARY ***
Total pot $3 | Rake $0.15 
Board [5s Jc Ac]
Seat 5: rafaelzin321
Seat 1: JUANS2 (button) folded before Flop (didn't bet)
Seat 2: z00mba (small blind) collected ($2.85)
Seat 3: Diamondplaces (big blind) folded on the Flop
Seat 4: BGS013 folded before Flop (didn't bet)
Seat 6: franbasualdo10 folded on the Flop



PokerStars Hand #254584845868:  Hold'em No Limit ($0.50/$1.00 USD) - 2025/01/27 21:04:32 WET [2025/01/27 16:04:32 ET]
Table 'Centesima V' 6-max Seat #2 is the button
Seat 5: rafaelzin321 ($0 in chips) is sitting out
Seat 1: JUANS2 ($110.39 in chips) 
Seat 2: z00mba ($101.85 in chips) 
Seat 3: Diamondplaces ($11.35 in chips) 
Seat 4: BGS013 ($101.50 in chips) 
Seat 6: franbasualdo10 ($59.80 in chips) 
Diamondplaces: posts small blind $0.50
BGS013: posts big blind $1
*** HOLE CARDS ***
franbasualdo10: raises $1 to $2
JUANS2: folds 
z00mba: folds 
Diamondplaces: folds 
BGS013: calls $1
*** FLOP *** [Kh 6c 7h]
BGS013: checks 
franbasualdo10: bets $2
BGS013: folds 
Uncalled bet ($2) returned to franbasualdo10
franbasualdo10 collected $4.28 from pot
Diamondplaces leaves the table
*** SUMMARY ***
Total pot $4.50 | Rake $0.22 
Board [Kh 6c 7h]
Seat 5: rafaelzin321
Seat 1: JUANS2 folded before Flop (didn't bet)
Seat 2: z00mba (button) folded before Flop (didn't bet)
Seat 3: Diamondplaces (small blind) folded before Flop
Seat 4: BGS013 (big blind) folded on the Flop
Seat 6: franbasualdo10 collected ($4.28)



PokerStars Hand #254584852703:  Hold'em No Limit ($0.50/$1.00 USD) - 2025/01/27 21:04:53 WET [2025/01/27 16:04:53 ET]
Table 'Centesima V' 6-max Seat #4 is the button
Seat 5: rafaelzin321 ($0 in chips) is sitting out
Seat 1: JUANS2 ($110.39 in chips) 
Seat 2: z00mba ($101.85 in chips) 
Seat 4: BGS013 ($100 in chips) 
Seat 6: franbasualdo10 ($62.08 in chips) 
franbasualdo10: posts small blind $0.50
JUANS2: posts big blind $1
*** HOLE CARDS ***
z00mba: folds 
BGS013: raises $1.50 to $2.50
franbasualdo10: calls $2
JUANS2: calls $1.50
*** FLOP *** [4d 7d Td]
BoyLoc0 joins the table at seat #3 
franbasualdo10: checks 
JUANS2: checks 
BGS013: bets $1.85
franbasualdo10: calls $1.85
JUANS2: folds 
*** TURN *** [4d 7d Td] [5h]
franbasualdo10: checks 
BGS013: bets $9
franbasualdo10: folds 
Uncalled bet ($9) returned to BGS013
BGS013 collected $10.64 from pot
BGS013: doesn't show hand 
*** SUMMARY ***
Total pot $11.20 | Rake $0.56 
Board [4d 7d Td 5h]
Seat 5: rafaelzin321
Seat 1: JUANS2 (big blind) folded on the Flop
Seat 2: z00mba folded before Flop (didn't bet)
Seat 4: BGS013 (button) collected ($10.64)
Seat 6: franbasualdo10 (small blind) folded on the Turn



PokerStars Hand #254584868725:  Hold'em No Limit ($0.50/$1.00 USD) - 2025/01/27 21:05:41 WET [2025/01/27 16:05:41 ET]
Table 'Centesima V' 6-max Seat #6 is the button
Seat 3: BoyLoc0 ($108.05 in chips) is sitting out
Seat 5: rafaelzin321 ($0 in chips) is sitting out
Seat 1: JUANS2 ($107.89 in chips) 
Seat 2: z00mba ($101.85 in chips) 
Seat 4: BGS013 ($106.29 in chips) 
Seat 6: franbasualdo10 ($57.73 in chips) 
JUANS2: posts small blind $0.50
z00mba: posts big blind $1
BoyLoc0: sits out 
*** HOLE CARDS ***
BGS013: folds 
franbasualdo10: folds 
franbasualdo10 leaves the table
JUANS2: folds 
Uncalled bet ($0.50) returned to z00mba
z00mba collected $1 from pot
z00mba: doesn't show hand 
*** SUMMARY ***
Total pot $1 | Rake $0 
Seat 3: BoyLoc0
Seat 5: rafaelzin321
Seat 1: JUANS2 (small blind) folded before Flop
Seat 2: z00mba (big blind) collected ($1)
Seat 4: BGS013 folded before Flop (didn't bet)
Seat 6: franbasualdo10 (button) folded before Flop (didn't bet)



PokerStars Hand #254584872031:  Hold'em No Limit ($0.50/$1.00 USD) - 2025/01/27 21:05:51 WET [2025/01/27 16:05:51 ET]
Table 'Centesima V' 6-max Seat #1 is the button
Seat 5: rafaelzin321 ($0 in chips) is sitting out
Seat 1: JUANS2 ($107.39 in chips) 
Seat 2: z00mba ($102.35 in chips) 
Seat 3: BoyLoc0 ($108.05 in chips) 
Seat 4: BGS013 ($106.29 in chips) 
z00mba: posts small blind $0.50
BoyLoc0: posts big blind $1
*** HOLE CARDS ***
BGS013: folds 
JUANS2: folds 
z00mba: raises $2 to $3
BGS013 leaves the table
BoyLoc0: raises $7 to $10
z00mba: folds 
Uncalled bet ($7) returned to BoyLoc0
BoyLoc0 collected $6 from pot
BoyLoc0: doesn't show hand 
*** SUMMARY ***
Total pot $6 | Rake $0 
Seat 5: rafaelzin321
Seat 1: JUANS2 (button) folded before Flop (didn't bet)
Seat 2: z00mba (small blind) folded before Flop
Seat 3: BoyLoc0 (big blind) collected ($6)
Seat 4: BGS013 folded before Flop (didn't bet)



PokerStars Hand #254584879406:  Hold'em No Limit ($0.50/$1.00 USD) - 2025/01/27 21:06:14 WET [2025/01/27 16:06:14 ET]
Table 'Centesima V' 6-max Seat #2 is the button
Seat 5: rafaelzin321 ($0 in chips) is sitting out
Seat 1: JUANS2 ($107.39 in chips) 
Seat 2: z00mba ($100 in chips) 
Seat 3: BoyLoc0 ($111.05 in chips) 
BoyLoc0: posts small blind $0.50
JUANS2: posts big blind $1
*** HOLE CARDS ***
z00mba: raises $1.50 to $2.50
BoyLoc0: folds 
JUANS2: folds 
Uncalled bet ($1.50) returned to z00mba
z00mba collected $2.50 from pot
rafaelzin321 leaves the table
z00mba: doesn't show hand 
*** SUMMARY ***
Total pot $2.50 | Rake $0 
Seat 5: rafaelzin321
Seat 1: JUANS2 (big blind) folded before Flop
Seat 2: z00mba (button) collected ($2.50)
Seat 3: BoyLoc0 (small blind) folded before Flop



