PokerStars Hand #254581329249:  Hold'em No Limit ($0.50/$1.00 USD) - 2025/01/27 17:41:16 WET [2025/01/27 12:41:16 ET]
Table 'Rana V' 6-max Seat #1 is the button
Seat 1: tijolo001 ($16.75 in chips) 
Seat 2: paramourx ($100 in chips) 
Seat 3: yzuk ($101.50 in chips) 
Seat 4: BoyLoc0 ($100 in chips) 
Seat 5: kel3vr4_23 ($8.50 in chips) 
Seat 6: NoonTime1991 ($100 in chips) 
paramourx: posts small blind $0.50
yzuk: posts big blind $1
*** HOLE CARDS ***
BoyLoc0: folds 
kel3vr4_23: folds 
NoonTime1991: folds 
tijolo001: raises $15.75 to $16.75 and is all-in
paramourx: folds 
yzuk: calls $15.75
*** FLOP *** [9s 5d Ks]
*** TURN *** [9s 5d Ks] [9d]
*** RIVER *** [9s 5d Ks 9d] [Ts]
*** SHOW DOWN ***
yzuk: shows [As Qs] (a flush, Ace high)
tijolo001: shows [Td Qd] (two pair, Tens and Nines)
yzuk collected $32.30 from pot
*** SUMMARY ***
Total pot $34 | Rake $1.70 
Board [9s 5d Ks 9d Ts]
Seat 1: tijolo001 (button) showed [Td Qd] and lost with two pair, Tens and Nines
Seat 2: paramourx (small blind) folded before Flop
Seat 3: yzuk (big blind) showed [As Qs] and won ($32.30) with a flush, Ace high
Seat 4: BoyLoc0 folded before Flop (didn't bet)
Seat 5: kel3vr4_23 folded before Flop (didn't bet)
Seat 6: NoonTime1991 folded before Flop (didn't bet)



PokerStars Hand #254581334821:  Hold'em No Limit ($0.50/$1.00 USD) - 2025/01/27 17:41:38 WET [2025/01/27 12:41:38 ET]
Table 'Rana V' 6-max Seat #2 is the button
Seat 1: tijolo001 ($0 in chips) is sitting out
Seat 2: paramourx ($100 in chips) 
Seat 3: yzuk ($117.05 in chips) 
Seat 4: BoyLoc0 ($100 in chips) 
Seat 5: kel3vr4_23 ($8.50 in chips) 
Seat 6: NoonTime1991 ($100 in chips) 
yzuk: posts small blind $0.50
BoyLoc0: posts big blind $1
*** HOLE CARDS ***
tijolo001 leaves the table
kel3vr4_23: folds 
NoonTime1991: folds 
paramourx: folds 
yzuk: raises $2 to $3
BoyLoc0: calls $2
*** FLOP *** [9c As 8c]
yzuk: bets $2.91
BoyLoc0: calls $2.91
*** TURN *** [9c As 8c] [6s]
yzuk: bets $8.65
BoyLoc0: calls $8.65
*** RIVER *** [9c As 8c 6s] [8d]
yzuk: checks 
BoyLoc0: bets $9.13
yzuk: calls $9.13
*** SHOW DOWN ***
BoyLoc0: shows [5c Jc] (a pair of Eights)
yzuk: shows [Jh Js] (two pair, Jacks and Eights)
yzuk collected $45.01 from pot
*** SUMMARY ***
Total pot $47.38 | Rake $2.37 
Board [9c As 8c 6s 8d]
Seat 1: tijolo001
Seat 2: paramourx (button) folded before Flop (didn't bet)
Seat 3: yzuk (small blind) showed [Jh Js] and won ($45.01) with two pair, Jacks and Eights
Seat 4: BoyLoc0 (big blind) showed [5c Jc] and lost with a pair of Eights
Seat 5: kel3vr4_23 folded before Flop (didn't bet)
Seat 6: NoonTime1991 folded before Flop (didn't bet)



PokerStars Hand #254581349948:  Hold'em No Limit ($0.50/$1.00 USD) - 2025/01/27 17:42:36 WET [2025/01/27 12:42:36 ET]
Table 'Rana V' 6-max Seat #3 is the button
Seat 2: paramourx ($100 in chips) 
Seat 3: yzuk ($138.37 in chips) 
Seat 4: BoyLoc0 ($100 in chips) 
Seat 5: kel3vr4_23 ($8.50 in chips) 
Seat 6: NoonTime1991 ($100 in chips) 
BoyLoc0: posts small blind $0.50
kel3vr4_23: posts big blind $1
*** HOLE CARDS ***
NoonTime1991: raises $1 to $2
paramourx: folds 
yzuk: folds 
BoyLoc0: folds 
kel3vr4_23: folds 
Uncalled bet ($1) returned to NoonTime1991
NoonTime1991 collected $2.50 from pot
NoonTime1991: doesn't show hand 
*** SUMMARY ***
Total pot $2.50 | Rake $0 
Seat 2: paramourx folded before Flop (didn't bet)
Seat 3: yzuk (button) folded before Flop (didn't bet)
Seat 4: BoyLoc0 (small blind) folded before Flop
Seat 5: kel3vr4_23 (big blind) folded before Flop
Seat 6: NoonTime1991 collected ($2.50)



PokerStars Hand #254581352262:  Hold'em No Limit ($0.50/$1.00 USD) - 2025/01/27 17:42:45 WET [2025/01/27 12:42:45 ET]
Table 'Rana V' 6-max Seat #4 is the button
Seat 6: NoonTime1991 ($101.50 in chips) is sitting out
Seat 2: paramourx ($100 in chips) 
Seat 3: yzuk ($138.37 in chips) 
Seat 4: BoyLoc0 ($100 in chips) 
Seat 5: kel3vr4_23 ($7.50 in chips) 
kel3vr4_23: posts small blind $0.50
NoonTime1991: is sitting out 
paramourx: posts big blind $1
*** HOLE CARDS ***
yzuk: folds 
NoonTime1991 leaves the table
BoyLoc0: folds 
kel3vr4_23: calls $0.50
paramourx: checks 
*** FLOP *** [8h 7d Kc]
kel3vr4_23: checks 
paramourx: checks 
*** TURN *** [8h 7d Kc] [9d]
kel3vr4_23: bets $2
paramourx: raises $9.15 to $11.15
kel3vr4_23: folds 
Uncalled bet ($9.15) returned to paramourx
paramourx collected $5.70 from pot
paramourx: doesn't show hand 
*** SUMMARY ***
Total pot $6 | Rake $0.30 
Board [8h 7d Kc 9d]
Seat 6: NoonTime1991
Seat 2: paramourx (big blind) collected ($5.70)
Seat 3: yzuk folded before Flop (didn't bet)
Seat 4: BoyLoc0 (button) folded before Flop (didn't bet)
Seat 5: kel3vr4_23 (small blind) folded on the Turn



PokerStars Hand #254581358599:  Hold'em No Limit ($0.50/$1.00 USD) - 2025/01/27 17:43:10 WET [2025/01/27 12:43:10 ET]
Table 'Rana V' 6-max Seat #5 is the button
Seat 3: yzuk ($138.37 in chips) is sitting out
Seat 2: paramourx ($102.70 in chips) 
Seat 4: BoyLoc0 ($100 in chips) 
Seat 5: kel3vr4_23 ($4.50 in chips) 
paramourx: posts small blind $0.50
yzuk: is sitting out 
BoyLoc0: posts big blind $1
*** HOLE CARDS ***
kel3vr4_23: folds 
paramourx: folds 
Uncalled bet ($0.50) returned to BoyLoc0
BoyLoc0 collected $1 from pot
BoyLoc0: doesn't show hand 
*** SUMMARY ***
Total pot $1 | Rake $0 
Seat 3: yzuk
Seat 2: paramourx (small blind) folded before Flop
Seat 4: BoyLoc0 (big blind) collected ($1)
Seat 5: kel3vr4_23 (button) folded before Flop (didn't bet)



PokerStars Hand #254581360581:  Hold'em No Limit ($0.50/$1.00 USD) - 2025/01/27 17:43:17 WET [2025/01/27 12:43:17 ET]
Table 'Rana V' 6-max Seat #2 is the button
Seat 3: yzuk ($138.37 in chips) is sitting out
Seat 2: paramourx ($102.20 in chips) 
Seat 4: BoyLoc0 ($100.50 in chips) 
Seat 5: kel3vr4_23 ($4.50 in chips) 
BoyLoc0: posts small blind $0.50
kel3vr4_23: posts big blind $1
*** HOLE CARDS ***
paramourx: raises $2 to $3
BoyLoc0: calls $2.50
kel3vr4_23: folds 
*** FLOP *** [9s Js Kc]
BoyLoc0: checks 
yzuk leaves the table
paramourx: bets $2.06
BoyLoc0: calls $2.06
*** TURN *** [9s Js Kc] [7s]
BoyLoc0: checks 
paramourx: checks 
*** RIVER *** [9s Js Kc 7s] [7c]
BoyLoc0: checks 
paramourx: checks 
*** SHOW DOWN ***
BoyLoc0: shows [Kh 6h] (two pair, Kings and Sevens)
paramourx: mucks hand 
BoyLoc0 collected $10.56 from pot
*** SUMMARY ***
Total pot $11.12 | Rake $0.56 
Board [9s Js Kc 7s 7c]
Seat 3: yzuk
Seat 2: paramourx (button) mucked
Seat 4: BoyLoc0 (small blind) showed [Kh 6h] and won ($10.56) with two pair, Kings and Sevens
Seat 5: kel3vr4_23 (big blind) folded before Flop



PokerStars Hand #254581369973:  Hold'em No Limit ($0.50/$1.00 USD) - 2025/01/27 17:43:54 WET [2025/01/27 12:43:54 ET]
Table 'Rana V' 6-max Seat #5 is the button
Seat 2: paramourx ($100 in chips) is sitting out
Seat 4: BoyLoc0 ($106 in chips) 
Seat 5: kel3vr4_23 ($3.50 in chips) 
kel3vr4_23: posts small blind $0.50
paramourx: is sitting out 
BoyLoc0: posts big blind $1
*** HOLE CARDS ***
kel3vr4_23: raises $1 to $2
paramourx leaves the table
BoyLoc0: raises $5.50 to $7.50
kel3vr4_23: calls $1.50 and is all-in
Uncalled bet ($4) returned to BoyLoc0
*** FLOP *** [3c Td Kc]
*** TURN *** [3c Td Kc] [4h]
*** RIVER *** [3c Td Kc 4h] [9s]
*** SHOW DOWN ***
BoyLoc0: shows [6s Kd] (a pair of Kings)
kel3vr4_23: shows [9d 8d] (a pair of Nines)
BoyLoc0 collected $6.65 from pot
*** SUMMARY ***
Total pot $7 | Rake $0.35 
Board [3c Td Kc 4h 9s]
Seat 2: paramourx
Seat 4: BoyLoc0 (big blind) showed [6s Kd] and won ($6.65) with a pair of Kings
Seat 5: kel3vr4_23 (button) (small blind) showed [9d 8d] and lost with a pair of Nines



PokerStars Hand #254581412988:  Hold'em No Limit ($0.50/$1.00 USD) - 2025/01/27 17:46:41 WET [2025/01/27 12:46:41 ET]
Table 'Rana V' 6-max Seat #4 is the button
Seat 1: kel3vr4_23 ($10 in chips) 
Seat 4: BoyLoc0 ($108.95 in chips) 
BoyLoc0: posts small blind $0.50
kel3vr4_23: posts big blind $1
*** HOLE CARDS ***
BoyLoc0: raises $1 to $2
kel3vr4_23: folds 
Uncalled bet ($1) returned to BoyLoc0
BoyLoc0 collected $2 from pot
BoyLoc0: doesn't show hand 
*** SUMMARY ***
Total pot $2 | Rake $0 
Seat 1: kel3vr4_23 (big blind) folded before Flop
Seat 4: BoyLoc0 (button) (small blind) collected ($2)



PokerStars Hand #254581414905:  Hold'em No Limit ($0.50/$1.00 USD) - 2025/01/27 17:46:49 WET [2025/01/27 12:46:49 ET]
Table 'Rana V' 6-max Seat #1 is the button
Seat 1: kel3vr4_23 ($9 in chips) 
Seat 4: BoyLoc0 ($109.95 in chips) 
kel3vr4_23: posts small blind $0.50
BoyLoc0: posts big blind $1
*** HOLE CARDS ***
kel3vr4_23: raises $1 to $2
BoyLoc0: raises $10 to $12
kel3vr4_23: calls $7 and is all-in
Uncalled bet ($3) returned to BoyLoc0
*** FLOP *** [2c Td 6d]
*** TURN *** [2c Td 6d] [7d]
*** RIVER *** [2c Td 6d 7d] [Kh]
*** SHOW DOWN ***
BoyLoc0: shows [Ks 8c] (a pair of Kings)
kel3vr4_23: shows [5s 4c] (high card King)
BoyLoc0 collected $17.10 from pot
*** SUMMARY ***
Total pot $18 | Rake $0.90 
Board [2c Td 6d 7d Kh]
Seat 1: kel3vr4_23 (button) (small blind) showed [5s 4c] and lost with high card King
Seat 4: BoyLoc0 (big blind) showed [Ks 8c] and won ($17.10) with a pair of Kings



PokerStars Hand #254581423681:  Hold'em No Limit ($0.50/$1.00 USD) - 2025/01/27 17:47:23 WET [2025/01/27 12:47:23 ET]
Table 'Rana V' 6-max Seat #4 is the button
Seat 1: kel3vr4_23 ($10 in chips) 
Seat 4: BoyLoc0 ($118.05 in chips) 
BoyLoc0: posts small blind $0.50
kel3vr4_23: posts big blind $1
*** HOLE CARDS ***
BoyLoc0: raises $1 to $2
kel3vr4_23: folds 
Uncalled bet ($1) returned to BoyLoc0
BoyLoc0 collected $2 from pot
BoyLoc0: doesn't show hand 
*** SUMMARY ***
Total pot $2 | Rake $0 
Seat 1: kel3vr4_23 (big blind) folded before Flop
Seat 4: BoyLoc0 (button) (small blind) collected ($2)



PokerStars Hand #254581425366:  Hold'em No Limit ($0.50/$1.00 USD) - 2025/01/27 17:47:30 WET [2025/01/27 12:47:30 ET]
Table 'Rana V' 6-max Seat #1 is the button
Seat 1: kel3vr4_23 ($9 in chips) 
Seat 4: BoyLoc0 ($119.05 in chips) 
kel3vr4_23: posts small blind $0.50
BoyLoc0: posts big blind $1
*** HOLE CARDS ***
kel3vr4_23: raises $1 to $2
BoyLoc0: calls $1
*** FLOP *** [6s 2h Jd]
BoyLoc0: checks 
kel3vr4_23: bets $2
BoyLoc0: raises $5.85 to $7.85
kel3vr4_23: calls $5 and is all-in
Uncalled bet ($0.85) returned to BoyLoc0
*** TURN *** [6s 2h Jd] [Ac]
*** RIVER *** [6s 2h Jd Ac] [5s]
*** SHOW DOWN ***
BoyLoc0: shows [6h 7c] (a pair of Sixes)
kel3vr4_23: shows [6c Kd] (a pair of Sixes - Ace+King kicker)
kel3vr4_23 collected $17.10 from pot
*** SUMMARY ***
Total pot $18 | Rake $0.90 
Board [6s 2h Jd Ac 5s]
Seat 1: kel3vr4_23 (button) (small blind) showed [6c Kd] and won ($17.10) with a pair of Sixes
Seat 4: BoyLoc0 (big blind) showed [6h 7c] and lost with a pair of Sixes



PokerStars Hand #254581430565:  Hold'em No Limit ($0.50/$1.00 USD) - 2025/01/27 17:47:51 WET [2025/01/27 12:47:51 ET]
Table 'Rana V' 6-max Seat #4 is the button
Seat 1: kel3vr4_23 ($17.10 in chips) 
Seat 4: BoyLoc0 ($110.05 in chips) 
BoyLoc0: posts small blind $0.50
kel3vr4_23: posts big blind $1
*** HOLE CARDS ***
BoyLoc0: raises $1 to $2
kel3vr4_23: folds 
Uncalled bet ($1) returned to BoyLoc0
BoyLoc0 collected $2 from pot
BoyLoc0: doesn't show hand 
*** SUMMARY ***
Total pot $2 | Rake $0 
Seat 1: kel3vr4_23 (big blind) folded before Flop
Seat 4: BoyLoc0 (button) (small blind) collected ($2)



PokerStars Hand #254581432702:  Hold'em No Limit ($0.50/$1.00 USD) - 2025/01/27 17:47:59 WET [2025/01/27 12:47:59 ET]
Table 'Rana V' 6-max Seat #1 is the button
Seat 1: kel3vr4_23 ($16.10 in chips) 
Seat 4: BoyLoc0 ($111.05 in chips) 
kel3vr4_23: posts small blind $0.50
BoyLoc0: posts big blind $1
*** HOLE CARDS ***
kel3vr4_23: raises $1 to $2
BoyLoc0: folds 
Uncalled bet ($1) returned to kel3vr4_23
kel3vr4_23 collected $2 from pot
*** SUMMARY ***
Total pot $2 | Rake $0 
Seat 1: kel3vr4_23 (button) (small blind) collected ($2)
Seat 4: BoyLoc0 (big blind) folded before Flop



PokerStars Hand #254581438055:  Hold'em No Limit ($0.50/$1.00 USD) - 2025/01/27 17:48:20 WET [2025/01/27 12:48:20 ET]
Table 'Rana V' 6-max Seat #4 is the button
Seat 1: kel3vr4_23 ($17.10 in chips) 
Seat 4: BoyLoc0 ($110.05 in chips) 
BoyLoc0: posts small blind $0.50
kel3vr4_23: posts big blind $1
*** HOLE CARDS ***
BoyLoc0: folds 
Uncalled bet ($0.50) returned to kel3vr4_23
kel3vr4_23 collected $1 from pot
*** SUMMARY ***
Total pot $1 | Rake $0 
Seat 1: kel3vr4_23 (big blind) collected ($1)
Seat 4: BoyLoc0 (button) (small blind) folded before Flop



PokerStars Hand #254581440507:  Hold'em No Limit ($0.50/$1.00 USD) - 2025/01/27 17:48:30 WET [2025/01/27 12:48:30 ET]
Table 'Rana V' 6-max Seat #1 is the button
Seat 1: kel3vr4_23 ($17.60 in chips) 
Seat 4: BoyLoc0 ($109.55 in chips) 
kel3vr4_23: posts small blind $0.50
BoyLoc0: posts big blind $1
*** HOLE CARDS ***
kel3vr4_23: raises $1 to $2
BoyLoc0: calls $1
*** FLOP *** [8c 3s Qd]
BoyLoc0: checks 
kel3vr4_23: checks 
*** TURN *** [8c 3s Qd] [4c]
BoyLoc0: bets $2.85
kel3vr4_23: calls $2.85
*** RIVER *** [8c 3s Qd 4c] [7c]
BoyLoc0: bets $13.83
kel3vr4_23: calls $12.75 and is all-in
Uncalled bet ($1.08) returned to BoyLoc0
*** SHOW DOWN ***
BoyLoc0: shows [Qc 7d] (two pair, Queens and Sevens)
kel3vr4_23: shows [6h Qh] (a pair of Queens)
AlexEliseev7 joins the table at seat #2 
BoyLoc0 collected $34.20 from pot
*** SUMMARY ***
Total pot $35.20 | Rake $1 
Board [8c 3s Qd 4c 7c]
Seat 1: kel3vr4_23 (button) (small blind) showed [6h Qh] and lost with a pair of Queens
Seat 4: BoyLoc0 (big blind) showed [Qc 7d] and won ($34.20) with two pair, Queens and Sevens



PokerStars Hand #254581447781:  Hold'em No Limit ($0.50/$1.00 USD) - 2025/01/27 17:48:58 WET [2025/01/27 12:48:58 ET]
Table 'Rana V' 6-max Seat #4 is the button
Seat 1: kel3vr4_23 ($0 in chips) is sitting out
Seat 2: AlexEliseev7 ($100 in chips) 
Seat 4: BoyLoc0 ($126.15 in chips) 
BoyLoc0: posts small blind $0.50
AlexEliseev7: posts big blind $1
*** HOLE CARDS ***
BoyLoc0: raises $1.50 to $2.50
AlexEliseev7: calls $1.50
*** FLOP *** [9s 6c 4s]
AlexEliseev7: checks 
BoyLoc0: bets $1.57
AlexEliseev7: folds 
Uncalled bet ($1.57) returned to BoyLoc0
BoyLoc0 collected $4.75 from pot
BoyLoc0: doesn't show hand 
*** SUMMARY ***
Total pot $5 | Rake $0.25 
Board [9s 6c 4s]
Seat 1: kel3vr4_23
Seat 2: AlexEliseev7 (big blind) folded on the Flop
Seat 4: BoyLoc0 (button) (small blind) collected ($4.75)



PokerStars Hand #254581455886:  Hold'em No Limit ($0.50/$1.00 USD) - 2025/01/27 17:49:30 WET [2025/01/27 12:49:30 ET]
Table 'Rana V' 6-max Seat #2 is the button
Seat 1: kel3vr4_23 ($10 in chips) 
Seat 2: AlexEliseev7 ($100 in chips) 
Seat 4: BoyLoc0 ($128.40 in chips) 
BoyLoc0: posts small blind $0.50
kel3vr4_23: posts big blind $1
*** HOLE CARDS ***
AlexEliseev7: raises $1.50 to $2.50
BoyLoc0: raises $7.50 to $10
kel3vr4_23: folds 
AlexEliseev7: raises $14 to $24
BoyLoc0: raises $104.40 to $128.40 and is all-in
AlexEliseev7: folds 
Uncalled bet ($104.40) returned to BoyLoc0
BoyLoc0 collected $49 from pot
BoyLoc0: doesn't show hand 
*** SUMMARY ***
Total pot $49 | Rake $0 
Seat 1: kel3vr4_23 (big blind) folded before Flop
Seat 2: AlexEliseev7 (button) folded before Flop
Seat 4: BoyLoc0 (small blind) collected ($49)



PokerStars Hand #254581465823:  Hold'em No Limit ($0.50/$1.00 USD) - 2025/01/27 17:50:09 WET [2025/01/27 12:50:09 ET]
Table 'Rana V' 6-max Seat #4 is the button
Seat 1: kel3vr4_23 ($9 in chips) 
Seat 2: AlexEliseev7 ($100 in chips) 
Seat 4: BoyLoc0 ($153.40 in chips) 
kel3vr4_23: posts small blind $0.50
AlexEliseev7: posts big blind $1
*** HOLE CARDS ***
BoyLoc0: folds 
kel3vr4_23: raises $1 to $2
AlexEliseev7: folds 
Uncalled bet ($1) returned to kel3vr4_23
kel3vr4_23 collected $2 from pot
*** SUMMARY ***
Total pot $2 | Rake $0 
Seat 1: kel3vr4_23 (small blind) collected ($2)
Seat 2: AlexEliseev7 (big blind) folded before Flop
Seat 4: BoyLoc0 (button) folded before Flop (didn't bet)



PokerStars Hand #254581468190:  Hold'em No Limit ($0.50/$1.00 USD) - 2025/01/27 17:50:18 WET [2025/01/27 12:50:18 ET]
Table 'Rana V' 6-max Seat #1 is the button
Seat 1: kel3vr4_23 ($10 in chips) 
Seat 2: AlexEliseev7 ($100 in chips) 
Seat 4: BoyLoc0 ($153.40 in chips) 
AlexEliseev7: posts small blind $0.50
BoyLoc0: posts big blind $1
*** HOLE CARDS ***
kel3vr4_23: raises $1 to $2
AlexEliseev7: folds 
BoyLoc0: calls $1
*** FLOP *** [Ad 9s 8c]
BoyLoc0: checks 
kel3vr4_23: checks 
*** TURN *** [Ad 9s 8c] [2d]
BoyLoc0: bets $2.14
kel3vr4_23: calls $2.14
*** RIVER *** [Ad 9s 8c 2d] [Qs]
BoyLoc0: bets $6.26
kel3vr4_23: folds 
Uncalled bet ($6.26) returned to BoyLoc0
BoyLoc0 collected $8.34 from pot
BoyLoc0: doesn't show hand 
*** SUMMARY ***
Total pot $8.78 | Rake $0.44 
Board [Ad 9s 8c 2d Qs]
Seat 1: kel3vr4_23 (button) folded on the River
Seat 2: AlexEliseev7 (small blind) folded before Flop
Seat 4: BoyLoc0 (big blind) collected ($8.34)



PokerStars Hand #254581474992:  Hold'em No Limit ($0.50/$1.00 USD) - 2025/01/27 17:50:45 WET [2025/01/27 12:50:45 ET]
Table 'Rana V' 6-max Seat #2 is the button
Seat 1: kel3vr4_23 ($5.86 in chips) 
Seat 2: AlexEliseev7 ($100 in chips) 
Seat 4: BoyLoc0 ($157.60 in chips) 
BoyLoc0: posts small blind $0.50
kel3vr4_23: posts big blind $1
*** HOLE CARDS ***
AlexEliseev7: folds 
BoyLoc0: raises $6.50 to $7.50
kel3vr4_23: folds 
Uncalled bet ($6.50) returned to BoyLoc0
BoyLoc0 collected $2 from pot
BoyLoc0: doesn't show hand 
*** SUMMARY ***
Total pot $2 | Rake $0 
Seat 1: kel3vr4_23 (big blind) folded before Flop
Seat 2: AlexEliseev7 (button) folded before Flop (didn't bet)
Seat 4: BoyLoc0 (small blind) collected ($2)



PokerStars Hand #254581478035:  Hold'em No Limit ($0.50/$1.00 USD) - 2025/01/27 17:50:57 WET [2025/01/27 12:50:57 ET]
Table 'Rana V' 6-max Seat #4 is the button
Seat 1: kel3vr4_23 ($4.86 in chips) 
Seat 2: AlexEliseev7 ($100 in chips) 
Seat 4: BoyLoc0 ($158.60 in chips) 
kel3vr4_23: posts small blind $0.50
AlexEliseev7: posts big blind $1
*** HOLE CARDS ***
BoyLoc0: folds 
kel3vr4_23: folds 
Uncalled bet ($0.50) returned to AlexEliseev7
AlexEliseev7 collected $1 from pot
AlexEliseev7: doesn't show hand 
*** SUMMARY ***
Total pot $1 | Rake $0 
Seat 1: kel3vr4_23 (small blind) folded before Flop
Seat 2: AlexEliseev7 (big blind) collected ($1)
Seat 4: BoyLoc0 (button) folded before Flop (didn't bet)



PokerStars Hand #254581479679:  Hold'em No Limit ($0.50/$1.00 USD) - 2025/01/27 17:51:03 WET [2025/01/27 12:51:03 ET]
Table 'Rana V' 6-max Seat #1 is the button
Seat 1: kel3vr4_23 ($4.36 in chips) 
Seat 2: AlexEliseev7 ($100.50 in chips) 
Seat 4: BoyLoc0 ($158.60 in chips) 
AlexEliseev7: posts small blind $0.50
BoyLoc0: posts big blind $1
*** HOLE CARDS ***
kel3vr4_23: raises $1 to $2
AlexEliseev7: folds 
BoyLoc0: calls $1
*** FLOP *** [2h 7d 9s]
BoyLoc0: bets $3.21
kel3vr4_23: calls $2.36 and is all-in
Uncalled bet ($0.85) returned to BoyLoc0
*** TURN *** [2h 7d 9s] [Kd]
*** RIVER *** [2h 7d 9s Kd] [9d]
*** SHOW DOWN ***
BoyLoc0: shows [6d 8s] (a pair of Nines)
kel3vr4_23: shows [5s 6s] (a pair of Nines - lower kicker)
BoyLoc0 collected $8.76 from pot
*** SUMMARY ***
Total pot $9.22 | Rake $0.46 
Board [2h 7d 9s Kd 9d]
Seat 1: kel3vr4_23 (button) showed [5s 6s] and lost with a pair of Nines
Seat 2: AlexEliseev7 (small blind) folded before Flop
Seat 4: BoyLoc0 (big blind) showed [6d 8s] and won ($8.76) with a pair of Nines



PokerStars Hand #254581486535:  Hold'em No Limit ($0.50/$1.00 USD) - 2025/01/27 17:51:30 WET [2025/01/27 12:51:30 ET]
Table 'Rana V' 6-max Seat #4 is the button
Seat 1: kel3vr4_23 ($0 in chips) is sitting out
Seat 2: AlexEliseev7 ($100 in chips) 
Seat 4: BoyLoc0 ($163 in chips) 
BoyLoc0: posts small blind $0.50
AlexEliseev7: posts big blind $1
*** HOLE CARDS ***
BoyLoc0: raises $1.50 to $2.50
kel3vr4_23 leaves the table
AlexEliseev7: raises $9.50 to $12
BoyLoc0: calls $9.50
*** FLOP *** [4h Qs Ac]
AlexEliseev7: bets $7.59
BoyLoc0: calls $7.59
*** TURN *** [4h Qs Ac] [Kd]
AlexEliseev7: checks 
BoyLoc0: checks 
*** RIVER *** [4h Qs Ac Kd] [Js]
AlexEliseev7: checks 
BoyLoc0: checks 
*** SHOW DOWN ***
AlexEliseev7: shows [Kc Qh] (two pair, Kings and Queens)
BoyLoc0: mucks hand 
AlexEliseev7 collected $38.18 from pot
*** SUMMARY ***
Total pot $39.18 | Rake $1 
Board [4h Qs Ac Kd Js]
Seat 1: kel3vr4_23
Seat 2: AlexEliseev7 (big blind) showed [Kc Qh] and won ($38.18) with two pair, Kings and Queens
Seat 4: BoyLoc0 (button) (small blind) mucked



PokerStars Hand #254581502031:  Hold'em No Limit ($0.50/$1.00 USD) - 2025/01/27 17:52:29 WET [2025/01/27 12:52:29 ET]
Table 'Rana V' 6-max Seat #2 is the button
Seat 2: AlexEliseev7 ($118.59 in chips) 
Seat 4: BoyLoc0 ($143.41 in chips) 
AlexEliseev7: posts small blind $0.50
BoyLoc0: posts big blind $1
*** HOLE CARDS ***
AlexEliseev7: raises $1.50 to $2.50
BoyLoc0: calls $1.50
*** FLOP *** [3d 8s 5h]
BoyLoc0: checks 
AlexEliseev7: checks 
*** TURN *** [3d 8s 5h] [Qc]
BoyLoc0: bets $3.56
AlexEliseev7: calls $3.56
*** RIVER *** [3d 8s 5h Qc] [4s]
BoyLoc0: bets $8.63
AlexEliseev7: calls $8.63
*** SHOW DOWN ***
BoyLoc0: shows [7s 8d] (a pair of Eights)
AlexEliseev7: shows [9s Qh] (a pair of Queens)
AlexEliseev7 collected $28.38 from pot
*** SUMMARY ***
Total pot $29.38 | Rake $1 
Board [3d 8s 5h Qc 4s]
Seat 2: AlexEliseev7 (button) (small blind) showed [9s Qh] and won ($28.38) with a pair of Queens
Seat 4: BoyLoc0 (big blind) showed [7s 8d] and lost with a pair of Eights



