PokerStars Hand #254578591942:  Hold'em No Limit ($0.50/$1.00 USD) - 2025/01/27 14:02:08 WET [2025/01/27 9:02:08 ET]
Table 'Norma IV' 6-max Seat #3 is the button
Seat 1: poker_soul11 ($100 in chips) 
Seat 3: habib beye ($100 in chips) 
Seat 5: joaquin612 ($100 in chips) 
joaquin612: posts small blind $0.50
poker_soul11: posts big blind $1
*** HOLE CARDS ***
habib beye: folds 
joaquin612: raises $2 to $3
poker_soul11: folds 
Uncalled bet ($2) returned to joaquin612
joaquin612 collected $2 from pot
joaquin612: doesn't show hand 
*** SUMMARY ***
Total pot $2 | Rake $0 
Seat 1: poker_soul11 (big blind) folded before Flop
Seat 3: habib beye (button) folded before Flop (didn't bet)
Seat 5: joaquin612 (small blind) collected ($2)



PokerStars Hand #254578593925:  Hold'em No Limit ($0.50/$1.00 USD) - 2025/01/27 14:02:19 WET [2025/01/27 9:02:19 ET]
Table 'Norma IV' 6-max Seat #5 is the button
Seat 1: poker_soul11 ($100 in chips) 
Seat 3: habib beye ($100 in chips) 
Seat 5: joaquin612 ($101 in chips) 
poker_soul11: posts small blind $0.50
habib beye: posts big blind $1
*** HOLE CARDS ***
joaquin612: folds 
poker_soul11: folds 
Uncalled bet ($0.50) returned to habib beye
habib beye collected $1 from pot
*** SUMMARY ***
Total pot $1 | Rake $0 
Seat 1: poker_soul11 (small blind) folded before Flop
Seat 3: habib beye (big blind) collected ($1)
Seat 5: joaquin612 (button) folded before Flop (didn't bet)



PokerStars Hand #254578595807:  Hold'em No Limit ($0.50/$1.00 USD) - 2025/01/27 14:02:30 WET [2025/01/27 9:02:30 ET]
Table 'Norma IV' 6-max Seat #1 is the button
Seat 1: poker_soul11 ($100 in chips) 
Seat 3: habib beye ($100.50 in chips) 
Seat 5: joaquin612 ($101 in chips) 
habib beye: posts small blind $0.50
joaquin612: posts big blind $1
*** HOLE CARDS ***
poker_soul11: raises $1.20 to $2.20
habib beye: folds 
nastja336 joins the table at seat #6 
janarr5 joins the table at seat #4 
joaquin612: folds 
Uncalled bet ($1.20) returned to poker_soul11
poker_soul11 collected $2.50 from pot
poker_soul11: doesn't show hand 
*** SUMMARY ***
Total pot $2.50 | Rake $0 
Seat 1: poker_soul11 (button) collected ($2.50)
Seat 3: habib beye (small blind) folded before Flop
Seat 5: joaquin612 (big blind) folded before Flop



PokerStars Hand #254578600239:  Hold'em No Limit ($0.50/$1.00 USD) - 2025/01/27 14:02:57 WET [2025/01/27 9:02:57 ET]
Table 'Norma IV' 6-max Seat #3 is the button
Seat 4: janarr5 ($100 in chips) is sitting out
Seat 1: poker_soul11 ($101.50 in chips) 
Seat 3: habib beye ($100 in chips) 
Seat 5: joaquin612 ($100 in chips) 
Seat 6: nastja336 ($100 in chips) 
joaquin612: posts small blind $0.50
nastja336: posts big blind $1
*** HOLE CARDS ***
poker_soul11: folds 
habib beye: folds 
joaquin612: folds 
Uncalled bet ($0.50) returned to nastja336
nastja336 collected $1 from pot
nastja336: doesn't show hand 
*** SUMMARY ***
Total pot $1 | Rake $0 
Seat 4: janarr5
Seat 1: poker_soul11 folded before Flop (didn't bet)
Seat 3: habib beye (button) folded before Flop (didn't bet)
Seat 5: joaquin612 (small blind) folded before Flop
Seat 6: nastja336 (big blind) collected ($1)



PokerStars Hand #254578601665:  Hold'em No Limit ($0.50/$1.00 USD) - 2025/01/27 14:03:05 WET [2025/01/27 9:03:05 ET]
Table 'Norma IV' 6-max Seat #5 is the button
Seat 4: janarr5 ($100 in chips) is sitting out
Seat 1: poker_soul11 ($101.50 in chips) 
Seat 3: habib beye ($100 in chips) 
Seat 5: joaquin612 ($100 in chips) 
Seat 6: nastja336 ($100.50 in chips) 
nastja336: posts small blind $0.50
poker_soul11: posts big blind $1
janarr5: sits out 
*** HOLE CARDS ***
habib beye: folds 
joaquin612: folds 
nastja336: folds 
Uncalled bet ($0.50) returned to poker_soul11
poker_soul11 collected $1 from pot
poker_soul11: doesn't show hand 
*** SUMMARY ***
Total pot $1 | Rake $0 
Seat 4: janarr5
Seat 1: poker_soul11 (big blind) collected ($1)
Seat 3: habib beye folded before Flop (didn't bet)
Seat 5: joaquin612 (button) folded before Flop (didn't bet)
Seat 6: nastja336 (small blind) folded before Flop



PokerStars Hand #254578603949:  Hold'em No Limit ($0.50/$1.00 USD) - 2025/01/27 14:03:19 WET [2025/01/27 9:03:19 ET]
Table 'Norma IV' 6-max Seat #6 is the button
Seat 4: janarr5 ($100 in chips) is sitting out
Seat 1: poker_soul11 ($102 in chips) 
Seat 3: habib beye ($100 in chips) 
Seat 5: joaquin612 ($100 in chips) 
Seat 6: nastja336 ($100 in chips) 
poker_soul11: posts small blind $0.50
habib beye: posts big blind $1
janarr5: sits out 
*** HOLE CARDS ***
joaquin612: folds 
nastja336: raises $1.50 to $2.50
poker_soul11: folds 
habib beye: folds 
Uncalled bet ($1.50) returned to nastja336
nastja336 collected $2.50 from pot
nastja336: doesn't show hand 
*** SUMMARY ***
Total pot $2.50 | Rake $0 
Seat 4: janarr5
Seat 1: poker_soul11 (small blind) folded before Flop
Seat 3: habib beye (big blind) folded before Flop
Seat 5: joaquin612 folded before Flop (didn't bet)
Seat 6: nastja336 (button) collected ($2.50)



PokerStars Hand #254578605859:  Hold'em No Limit ($0.50/$1.00 USD) - 2025/01/27 14:03:30 WET [2025/01/27 9:03:30 ET]
Table 'Norma IV' 6-max Seat #1 is the button
Seat 1: poker_soul11 ($101.50 in chips) 
Seat 3: habib beye ($100 in chips) 
Seat 4: janarr5 ($100 in chips) 
Seat 5: joaquin612 ($100 in chips) 
Seat 6: nastja336 ($101.50 in chips) 
habib beye: posts small blind $0.50
janarr5: posts big blind $1
*** HOLE CARDS ***
joaquin612: raises $1.50 to $2.50
nastja336: folds 
poker_soul11: folds 
habib beye: folds 
janarr5: folds 
Uncalled bet ($1.50) returned to joaquin612
joaquin612 collected $2.50 from pot
joaquin612: doesn't show hand 
*** SUMMARY ***
Total pot $2.50 | Rake $0 
Seat 1: poker_soul11 (button) folded before Flop (didn't bet)
Seat 3: habib beye (small blind) folded before Flop
Seat 4: janarr5 (big blind) folded before Flop
Seat 5: joaquin612 collected ($2.50)
Seat 6: nastja336 folded before Flop (didn't bet)



PokerStars Hand #254578608152:  Hold'em No Limit ($0.50/$1.00 USD) - 2025/01/27 14:03:43 WET [2025/01/27 9:03:43 ET]
Table 'Norma IV' 6-max Seat #3 is the button
Seat 5: joaquin612 ($101.50 in chips) is sitting out
Seat 6: nastja336 ($101.50 in chips) is sitting out
Seat 1: poker_soul11 ($101.50 in chips) 
Seat 3: habib beye ($100 in chips) 
Seat 4: janarr5 ($100 in chips) 
janarr5: posts small blind $0.50
joaquin612: is sitting out 
nastja336: is sitting out 
poker_soul11: posts big blind $1
*** HOLE CARDS ***
nastja336 leaves the table
habib beye: raises $1.50 to $2.50
joaquin612 leaves the table
janarr5: folds 
poker_soul11: folds 
Uncalled bet ($1.50) returned to habib beye
habib beye collected $2.50 from pot
*** SUMMARY ***
Total pot $2.50 | Rake $0 
Seat 5: joaquin612
Seat 6: nastja336
Seat 1: poker_soul11 (big blind) folded before Flop
Seat 3: habib beye (button) collected ($2.50)
Seat 4: janarr5 (small blind) folded before Flop



PokerStars Hand #254578609896:  Hold'em No Limit ($0.50/$1.00 USD) - 2025/01/27 14:03:54 WET [2025/01/27 9:03:54 ET]
Table 'Norma IV' 6-max Seat #4 is the button
Seat 1: poker_soul11 ($100.50 in chips) 
Seat 3: habib beye ($101.50 in chips) 
Seat 4: janarr5 ($100 in chips) 
poker_soul11: posts small blind $0.50
habib beye: posts big blind $1
*** HOLE CARDS ***
janarr5: raises $1.50 to $2.50
poker_soul11: folds 
habib beye: raises $10.50 to $13
janarr5: folds 
Uncalled bet ($10.50) returned to habib beye
habib beye collected $5.50 from pot
*** SUMMARY ***
Total pot $5.50 | Rake $0 
Seat 1: poker_soul11 (small blind) folded before Flop
Seat 3: habib beye (big blind) collected ($5.50)
Seat 4: janarr5 (button) folded before Flop



PokerStars Hand #254578612602:  Hold'em No Limit ($0.50/$1.00 USD) - 2025/01/27 14:04:10 WET [2025/01/27 9:04:10 ET]
Table 'Norma IV' 6-max Seat #1 is the button
Seat 1: poker_soul11 ($100 in chips) 
Seat 3: habib beye ($104.50 in chips) 
Seat 4: janarr5 ($100 in chips) 
habib beye: posts small blind $0.50
janarr5: posts big blind $1
*** HOLE CARDS ***
poker_soul11: folds 
habib beye: raises $2 to $3
janarr5: calls $2
*** FLOP *** [8h 2d 2c]
habib beye: checks 
janarr5: bets $2.85
habib beye: calls $2.85
*** TURN *** [8h 2d 2c] [Jd]
habib beye: checks 
janarr5: bets $7.34
habib beye: folds 
Uncalled bet ($7.34) returned to janarr5
janarr5 collected $11.12 from pot
janarr5: doesn't show hand 
pipza05 joins the table at seat #5 
pipza05 is disconnected 
nastja336 joins the table at seat #6 
*** SUMMARY ***
Total pot $11.70 | Rake $0.58 
Board [8h 2d 2c Jd]
Seat 1: poker_soul11 (button) folded before Flop (didn't bet)
Seat 3: habib beye (small blind) folded on the Turn
Seat 4: janarr5 (big blind) collected ($11.12)



PokerStars Hand #254578621721:  Hold'em No Limit ($0.50/$1.00 USD) - 2025/01/27 14:05:03 WET [2025/01/27 9:05:03 ET]
Table 'Norma IV' 6-max Seat #3 is the button
Seat 6: nastja336 ($101.50 in chips) is sitting out
Seat 1: poker_soul11 ($100 in chips) 
Seat 3: habib beye ($100 in chips) 
Seat 4: janarr5 ($105.27 in chips) 
Seat 5: pipza05 ($42.08 in chips) 
janarr5: posts small blind $0.50
pipza05: posts big blind $1
*** HOLE CARDS ***
poker_soul11: folds 
whlzor joins the table at seat #2 
habib beye: raises $1.50 to $2.50
janarr5: folds 
pipza05: calls $1.50
*** FLOP *** [8s 6c 5h]
pipza05: checks 
whlzor leaves the table
Nicedaymybro joins the table at seat #2 
habib beye: bets $3.97
pipza05: calls $3.97
*** TURN *** [8s 6c 5h] [4h]
pipza05: checks 
habib beye: checks 
*** RIVER *** [8s 6c 5h 4h] [Jh]
pipza05: checks 
habib beye: checks 
*** SHOW DOWN ***
pipza05: shows [Ac 5d] (a pair of Fives)
habib beye: shows [Jc Qd] (a pair of Jacks)
habib beye collected $12.77 from pot
*** SUMMARY ***
Total pot $13.44 | Rake $0.67 
Board [8s 6c 5h 4h Jh]
Seat 6: nastja336
Seat 1: poker_soul11 folded before Flop (didn't bet)
Seat 3: habib beye (button) showed [Jc Qd] and won ($12.77) with a pair of Jacks
Seat 4: janarr5 (small blind) folded before Flop
Seat 5: pipza05 (big blind) showed [Ac 5d] and lost with a pair of Fives



PokerStars Hand #254578627391:  Hold'em No Limit ($0.50/$1.00 USD) - 2025/01/27 14:05:36 WET [2025/01/27 9:05:36 ET]
Table 'Norma IV' 6-max Seat #4 is the button
Seat 2: Nicedaymybro ($100 in chips) is sitting out
Seat 1: poker_soul11 ($100 in chips) 
Seat 3: habib beye ($106.30 in chips) 
Seat 4: janarr5 ($104.77 in chips) 
Seat 5: pipza05 ($35.61 in chips) 
Seat 6: nastja336 ($101.50 in chips) 
pipza05: posts small blind $0.50
nastja336: posts big blind $1
Nicedaymybro: sits out 
*** HOLE CARDS ***
poker_soul11: raises $1.20 to $2.20
habib beye: raises $4.80 to $7
janarr5: folds 
pipza05: folds 
nastja336: folds 
poker_soul11: folds 
Uncalled bet ($4.80) returned to habib beye
habib beye collected $5.90 from pot
*** SUMMARY ***
Total pot $5.90 | Rake $0 
Seat 2: Nicedaymybro
Seat 1: poker_soul11 folded before Flop
Seat 3: habib beye collected ($5.90)
Seat 4: janarr5 (button) folded before Flop (didn't bet)
Seat 5: pipza05 (small blind) folded before Flop
Seat 6: nastja336 (big blind) folded before Flop



PokerStars Hand #254578631095:  Hold'em No Limit ($0.50/$1.00 USD) - 2025/01/27 14:05:58 WET [2025/01/27 9:05:58 ET]
Table 'Norma IV' 6-max Seat #5 is the button
Seat 1: poker_soul11 ($100 in chips) is sitting out
Seat 2: Nicedaymybro ($100 in chips) 
Seat 3: habib beye ($110 in chips) 
Seat 4: janarr5 ($104.77 in chips) 
Seat 5: pipza05 ($35.11 in chips) 
Seat 6: nastja336 ($100.50 in chips) 
nastja336: posts small blind $0.50
poker_soul11: is sitting out 
Nicedaymybro: posts big blind $1
*** HOLE CARDS ***
habib beye: raises $1.25 to $2.25
janarr5: raises $5.25 to $7.50
pipza05: folds 
nastja336: folds 
Nicedaymybro: folds 
habib beye: folds 
Uncalled bet ($5.25) returned to janarr5
janarr5 collected $6 from pot
janarr5: doesn't show hand 
*** SUMMARY ***
Total pot $6 | Rake $0 
Seat 1: poker_soul11
Seat 2: Nicedaymybro (big blind) folded before Flop
Seat 3: habib beye folded before Flop
Seat 4: janarr5 collected ($6)
Seat 5: pipza05 (button) folded before Flop (didn't bet)
Seat 6: nastja336 (small blind) folded before Flop



PokerStars Hand #254578634557:  Hold'em No Limit ($0.50/$1.00 USD) - 2025/01/27 14:06:18 WET [2025/01/27 9:06:18 ET]
Table 'Norma IV' 6-max Seat #6 is the button
Seat 1: poker_soul11 ($100 in chips) is sitting out
Seat 2: Nicedaymybro ($100 in chips) 
Seat 3: habib beye ($107.75 in chips) 
Seat 4: janarr5 ($108.52 in chips) 
Seat 5: pipza05 ($35.11 in chips) 
Seat 6: nastja336 ($100 in chips) 
Nicedaymybro: posts small blind $0.50
habib beye: posts big blind $1
*** HOLE CARDS ***
janarr5: folds 
pipza05: folds 
nastja336: folds 
Nicedaymybro: raises $2 to $3
habib beye: raises $7 to $10
Nicedaymybro: raises $11 to $21
habib beye: calls $11
*** FLOP *** [3c Js 3s]
Nicedaymybro: bets $13.17
habib beye: calls $13.17
*** TURN *** [3c Js 3s] [Td]
Nicedaymybro: checks 
habib beye: checks 
*** RIVER *** [3c Js 3s Td] [Qd]
Nicedaymybro: checks 
habib beye: checks 
*** SHOW DOWN ***
Nicedaymybro: shows [Ts Ad] (two pair, Tens and Threes)
habib beye: mucks hand 
Nicedaymybro collected $65.84 from pot
*** SUMMARY ***
Total pot $68.34 | Rake $2.50 
Board [3c Js 3s Td Qd]
Seat 1: poker_soul11
Seat 2: Nicedaymybro (small blind) showed [Ts Ad] and won ($65.84) with two pair, Tens and Threes
Seat 3: habib beye (big blind) mucked
Seat 4: janarr5 folded before Flop (didn't bet)
Seat 5: pipza05 folded before Flop (didn't bet)
Seat 6: nastja336 (button) folded before Flop (didn't bet)



PokerStars Hand #254578649609:  Hold'em No Limit ($0.50/$1.00 USD) - 2025/01/27 14:07:46 WET [2025/01/27 9:07:46 ET]
Table 'Norma IV' 6-max Seat #2 is the button
Seat 1: poker_soul11 ($100 in chips) is sitting out
Seat 2: Nicedaymybro ($131.67 in chips) 
Seat 3: habib beye ($100 in chips) 
Seat 4: janarr5 ($108.52 in chips) 
Seat 5: pipza05 ($35.11 in chips) 
Seat 6: nastja336 ($100 in chips) 
habib beye: posts small blind $0.50
janarr5: posts big blind $1
poker_soul11: sits out 
*** HOLE CARDS ***
pipza05: folds 
nastja336: folds 
Nicedaymybro: raises $1.50 to $2.50
habib beye: folds 
janarr5: folds 
Uncalled bet ($1.50) returned to Nicedaymybro
Nicedaymybro collected $2.50 from pot
Nicedaymybro: doesn't show hand 
*** SUMMARY ***
Total pot $2.50 | Rake $0 
Seat 1: poker_soul11
Seat 2: Nicedaymybro (button) collected ($2.50)
Seat 3: habib beye (small blind) folded before Flop
Seat 4: janarr5 (big blind) folded before Flop
Seat 5: pipza05 folded before Flop (didn't bet)
Seat 6: nastja336 folded before Flop (didn't bet)



PokerStars Hand #254578654401:  Hold'em No Limit ($0.50/$1.00 USD) - 2025/01/27 14:08:14 WET [2025/01/27 9:08:14 ET]
Table 'Norma IV' 6-max Seat #3 is the button
Seat 1: poker_soul11 ($100 in chips) is sitting out
Seat 2: Nicedaymybro ($133.17 in chips) 
Seat 3: habib beye ($100 in chips) 
Seat 4: janarr5 ($107.52 in chips) 
Seat 5: pipza05 ($35.11 in chips) 
Seat 6: nastja336 ($100 in chips) 
janarr5: posts small blind $0.50
pipza05: posts big blind $1
poker_soul11: sits out 
*** HOLE CARDS ***
nastja336: folds 
Nicedaymybro: raises $1.50 to $2.50
habib beye: folds 
janarr5: folds 
pipza05: folds 
Uncalled bet ($1.50) returned to Nicedaymybro
Nicedaymybro collected $2.50 from pot
Nicedaymybro: doesn't show hand 
*** SUMMARY ***
Total pot $2.50 | Rake $0 
Seat 1: poker_soul11
Seat 2: Nicedaymybro collected ($2.50)
Seat 3: habib beye (button) folded before Flop (didn't bet)
Seat 4: janarr5 (small blind) folded before Flop
Seat 5: pipza05 (big blind) folded before Flop
Seat 6: nastja336 folded before Flop (didn't bet)



PokerStars Hand #254578658130:  Hold'em No Limit ($0.50/$1.00 USD) - 2025/01/27 14:08:35 WET [2025/01/27 9:08:35 ET]
Table 'Norma IV' 6-max Seat #4 is the button
Seat 6: nastja336 ($100 in chips) is sitting out
Seat 1: poker_soul11 ($100 in chips) 
Seat 2: Nicedaymybro ($134.67 in chips) 
Seat 3: habib beye ($100 in chips) 
Seat 4: janarr5 ($107.02 in chips) 
Seat 5: pipza05 ($34.11 in chips) 
pipza05: posts small blind $0.50
nastja336: is sitting out 
poker_soul11: posts big blind $1
*** HOLE CARDS ***
nastja336 leaves the table
Nicedaymybro: folds 
habib beye: folds 
dreimis190 joins the table at seat #6 
janarr5: folds 
pipza05: raises $1 to $2
poker_soul11: calls $1
*** FLOP *** [Qd 6h Jh]
pipza05: checks 
poker_soul11: bets $1
pipza05: raises $2 to $3
poker_soul11: folds 
Uncalled bet ($2) returned to pipza05
pipza05 collected $5.62 from pot
*** SUMMARY ***
Total pot $6 | Rake $0.38 
Board [Qd 6h Jh]
Seat 6: nastja336
Seat 1: poker_soul11 (big blind) folded on the Flop
Seat 2: Nicedaymybro folded before Flop (didn't bet)
Seat 3: habib beye folded before Flop (didn't bet)
Seat 4: janarr5 (button) folded before Flop (didn't bet)
Seat 5: pipza05 (small blind) collected ($5.62)



PokerStars Hand #254578664124:  Hold'em No Limit ($0.50/$1.00 USD) - 2025/01/27 14:09:09 WET [2025/01/27 9:09:09 ET]
Table 'Norma IV' 6-max Seat #5 is the button
Seat 6: dreimis190 ($100 in chips) is sitting out
Seat 1: poker_soul11 ($100 in chips) 
Seat 2: Nicedaymybro ($134.67 in chips) 
Seat 3: habib beye ($100 in chips) 
Seat 4: janarr5 ($107.02 in chips) 
Seat 5: pipza05 ($36.73 in chips) 
poker_soul11: posts small blind $0.50
Nicedaymybro: posts big blind $1
*** HOLE CARDS ***
habib beye: folds 
janarr5: folds 
pipza05: folds 
poker_soul11: folds 
Uncalled bet ($0.50) returned to Nicedaymybro
Nicedaymybro collected $1 from pot
Nicedaymybro: doesn't show hand 
*** SUMMARY ***
Total pot $1 | Rake $0 
Seat 6: dreimis190
Seat 1: poker_soul11 (small blind) folded before Flop
Seat 2: Nicedaymybro (big blind) collected ($1)
Seat 3: habib beye folded before Flop (didn't bet)
Seat 4: janarr5 folded before Flop (didn't bet)
Seat 5: pipza05 (button) folded before Flop (didn't bet)



PokerStars Hand #254578665734:  Hold'em No Limit ($0.50/$1.00 USD) - 2025/01/27 14:09:19 WET [2025/01/27 9:09:19 ET]
Table 'Norma IV' 6-max Seat #1 is the button
Seat 6: dreimis190 ($100 in chips) is sitting out
Seat 1: poker_soul11 ($100 in chips) 
Seat 2: Nicedaymybro ($135.17 in chips) 
Seat 3: habib beye ($100 in chips) 
Seat 4: janarr5 ($107.02 in chips) 
Seat 5: pipza05 ($36.73 in chips) 
Nicedaymybro: posts small blind $0.50
habib beye: posts big blind $1
dreimis190: sits out 
*** HOLE CARDS ***
janarr5: folds 
pipza05: folds 
poker_soul11: folds 
Nicedaymybro: raises $2 to $3
habib beye: calls $2
*** FLOP *** [4s 6s Ac]
Nicedaymybro: checks 
habib beye: checks 
*** TURN *** [4s 6s Ac] [Js]
Nicedaymybro: bets $7.98
habib beye: folds 
Uncalled bet ($7.98) returned to Nicedaymybro
Nicedaymybro collected $5.70 from pot
Nicedaymybro: doesn't show hand 
*** SUMMARY ***
Total pot $6 | Rake $0.30 
Board [4s 6s Ac Js]
Seat 6: dreimis190
Seat 1: poker_soul11 (button) folded before Flop (didn't bet)
Seat 2: Nicedaymybro (small blind) collected ($5.70)
Seat 3: habib beye (big blind) folded on the Turn
Seat 4: janarr5 folded before Flop (didn't bet)
Seat 5: pipza05 folded before Flop (didn't bet)



PokerStars Hand #254578672154:  Hold'em No Limit ($0.50/$1.00 USD) - 2025/01/27 14:09:55 WET [2025/01/27 9:09:55 ET]
Table 'Norma IV' 6-max Seat #2 is the button
Seat 6: dreimis190 ($100 in chips) is sitting out
Seat 1: poker_soul11 ($100 in chips) 
Seat 2: Nicedaymybro ($137.87 in chips) 
Seat 3: habib beye ($100 in chips) 
Seat 4: janarr5 ($107.02 in chips) 
Seat 5: pipza05 ($36.73 in chips) 
habib beye: posts small blind $0.50
janarr5: posts big blind $1
dreimis190: sits out 
*** HOLE CARDS ***
pipza05: calls $1
poker_soul11: raises $2.50 to $3.50
Nicedaymybro: folds 
habib beye: folds 
janarr5: folds 
pipza05: calls $2.50
*** FLOP *** [9c 2d 7c]
pipza05: checks 
poker_soul11: checks 
*** TURN *** [9c 2d 7c] [4h]
pipza05: checks 
poker_soul11: checks 
*** RIVER *** [9c 2d 7c 4h] [Kh]
pipza05: checks 
poker_soul11: checks 
*** SHOW DOWN ***
pipza05: shows [Qc Ts] (high card King)
poker_soul11: shows [Qh As] (high card Ace)
poker_soul11 collected $8.08 from pot
*** SUMMARY ***
Total pot $8.50 | Rake $0.42 
Board [9c 2d 7c 4h Kh]
Seat 6: dreimis190
Seat 1: poker_soul11 showed [Qh As] and won ($8.08) with high card Ace
Seat 2: Nicedaymybro (button) folded before Flop (didn't bet)
Seat 3: habib beye (small blind) folded before Flop
Seat 4: janarr5 (big blind) folded before Flop
Seat 5: pipza05 showed [Qc Ts] and lost with high card King



PokerStars Hand #254578680628:  Hold'em No Limit ($0.50/$1.00 USD) - 2025/01/27 14:10:43 WET [2025/01/27 9:10:43 ET]
Table 'Norma IV' 6-max Seat #3 is the button
Seat 6: dreimis190 ($100 in chips) is sitting out
Seat 1: poker_soul11 ($104.58 in chips) 
Seat 2: Nicedaymybro ($137.87 in chips) 
Seat 3: habib beye ($100 in chips) 
Seat 4: janarr5 ($106.02 in chips) 
Seat 5: pipza05 ($33.23 in chips) 
janarr5: posts small blind $0.50
pipza05: posts big blind $1
dreimis190: sits out 
*** HOLE CARDS ***
poker_soul11: folds 
Nicedaymybro: folds 
habib beye: folds 
janarr5: folds 
Uncalled bet ($0.50) returned to pipza05
pipza05 collected $1 from pot
*** SUMMARY ***
Total pot $1 | Rake $0 
Seat 6: dreimis190
Seat 1: poker_soul11 folded before Flop (didn't bet)
Seat 2: Nicedaymybro folded before Flop (didn't bet)
Seat 3: habib beye (button) folded before Flop (didn't bet)
Seat 4: janarr5 (small blind) folded before Flop
Seat 5: pipza05 (big blind) collected ($1)



PokerStars Hand #254578683412:  Hold'em No Limit ($0.50/$1.00 USD) - 2025/01/27 14:10:59 WET [2025/01/27 9:10:59 ET]
Table 'Norma IV' 6-max Seat #4 is the button
Seat 1: poker_soul11 ($104.58 in chips) 
Seat 2: Nicedaymybro ($137.87 in chips) 
Seat 3: habib beye ($100 in chips) 
Seat 4: janarr5 ($105.52 in chips) 
Seat 5: pipza05 ($33.73 in chips) 
Seat 6: dreimis190 ($100 in chips) 
pipza05: posts small blind $0.50
dreimis190: posts big blind $1
*** HOLE CARDS ***
poker_soul11: folds 
Nicedaymybro: folds 
habib beye: folds 
janarr5: raises $1.50 to $2.50
pipza05: raises $1.50 to $4
dreimis190: raises $11 to $15
janarr5: folds 
pipza05: raises $18.73 to $33.73 and is all-in
dreimis190: calls $18.73
*** FLOP *** [Td Qd 2h]
*** TURN *** [Td Qd 2h] [2c]
*** RIVER *** [Td Qd 2h 2c] [3s]
*** SHOW DOWN ***
pipza05: shows [Kh Ah] (a pair of Deuces)
dreimis190: shows [Ad Kc] (a pair of Deuces)
pipza05 collected $33.42 from pot
dreimis190 collected $33.73 from pot
*** SUMMARY ***
Total pot $69.96 | Rake $2.81 
Board [Td Qd 2h 2c 3s]
Seat 1: poker_soul11 folded before Flop (didn't bet)
Seat 2: Nicedaymybro folded before Flop (didn't bet)
Seat 3: habib beye folded before Flop (didn't bet)
Seat 4: janarr5 (button) folded before Flop
Seat 5: pipza05 (small blind) showed [Kh Ah] and won ($33.42) with a pair of Deuces
Seat 6: dreimis190 (big blind) showed [Ad Kc] and won ($33.73) with a pair of Deuces



PokerStars Hand #254578689091:  Hold'em No Limit ($0.50/$1.00 USD) - 2025/01/27 14:11:31 WET [2025/01/27 9:11:31 ET]
Table 'Norma IV' 6-max Seat #5 is the button
Seat 1: poker_soul11 ($104.58 in chips) 
Seat 2: Nicedaymybro ($137.87 in chips) 
Seat 3: habib beye ($100 in chips) 
Seat 4: janarr5 ($103.02 in chips) 
Seat 5: pipza05 ($33.42 in chips) 
Seat 6: dreimis190 ($100 in chips) 
dreimis190: posts small blind $0.50
poker_soul11: posts big blind $1
*** HOLE CARDS ***
Nicedaymybro: folds 
habib beye: folds 
janarr5: raises $1.25 to $2.25
pipza05: raises $1.25 to $3.50
dreimis190: folds 
poker_soul11: folds 
janarr5: raises $99.52 to $103.02 and is all-in
pipza05: calls $29.92 and is all-in
Uncalled bet ($69.60) returned to janarr5
*** FLOP *** [6d Jc 8c]
*** TURN *** [6d Jc 8c] [6h]
*** RIVER *** [6d Jc 8c 6h] [5d]
*** SHOW DOWN ***
janarr5: shows [Qd As] (a pair of Sixes)
pipza05: shows [Kc Ac] (a pair of Sixes - Ace+King kicker)
pipza05 collected $65.22 from pot
*** SUMMARY ***
Total pot $68.34 | Rake $3.12 
Board [6d Jc 8c 6h 5d]
Seat 1: poker_soul11 (big blind) folded before Flop
Seat 2: Nicedaymybro folded before Flop (didn't bet)
Seat 3: habib beye folded before Flop (didn't bet)
Seat 4: janarr5 showed [Qd As] and lost with a pair of Sixes
Seat 5: pipza05 (button) showed [Kc Ac] and won ($65.22) with a pair of Sixes
Seat 6: dreimis190 (small blind) folded before Flop



PokerStars Hand #254578692629:  Hold'em No Limit ($0.50/$1.00 USD) - 2025/01/27 14:11:52 WET [2025/01/27 9:11:52 ET]
Table 'Norma IV' 6-max Seat #6 is the button
Seat 1: poker_soul11 ($103.58 in chips) 
Seat 2: Nicedaymybro ($137.87 in chips) 
Seat 3: habib beye ($100 in chips) 
Seat 4: janarr5 ($100 in chips) 
Seat 5: pipza05 ($65.22 in chips) 
Seat 6: dreimis190 ($100 in chips) 
poker_soul11: posts small blind $0.50
Nicedaymybro: posts big blind $1
*** HOLE CARDS ***
habib beye: folds 
janarr5: folds 
pipza05: calls $1
dreimis190: folds 
poker_soul11: folds 
Nicedaymybro: checks 
*** FLOP *** [9s Ah Ad]
Nicedaymybro: checks 
pipza05: checks 
*** TURN *** [9s Ah Ad] [4s]
Nicedaymybro: checks 
pipza05: bets $1
Nicedaymybro: folds 
Uncalled bet ($1) returned to pipza05
pipza05 collected $2.35 from pot
*** SUMMARY ***
Total pot $2.50 | Rake $0.15 
Board [9s Ah Ad 4s]
Seat 1: poker_soul11 (small blind) folded before Flop
Seat 2: Nicedaymybro (big blind) folded on the Turn
Seat 3: habib beye folded before Flop (didn't bet)
Seat 4: janarr5 folded before Flop (didn't bet)
Seat 5: pipza05 collected ($2.35)
Seat 6: dreimis190 (button) folded before Flop (didn't bet)



PokerStars Hand #254578697944:  Hold'em No Limit ($0.50/$1.00 USD) - 2025/01/27 14:12:22 WET [2025/01/27 9:12:22 ET]
Table 'Norma IV' 6-max Seat #1 is the button
Seat 1: poker_soul11 ($103.08 in chips) 
Seat 2: Nicedaymybro ($136.87 in chips) 
Seat 3: habib beye ($100 in chips) 
Seat 4: janarr5 ($100 in chips) 
Seat 5: pipza05 ($66.57 in chips) 
Seat 6: dreimis190 ($100 in chips) 
Nicedaymybro: posts small blind $0.50
habib beye: posts big blind $1
*** HOLE CARDS ***
janarr5: folds 
pipza05: calls $1
dreimis190: folds 
poker_soul11: folds 
Nicedaymybro: folds 
habib beye: checks 
*** FLOP *** [3c 8h 4c]
habib beye: checks 
pipza05: checks 
*** TURN *** [3c 8h 4c] [Kh]
habib beye: checks 
pipza05: bets $1
habib beye: calls $1
*** RIVER *** [3c 8h 4c Kh] [Qs]
habib beye: checks 
pipza05: checks 
*** SHOW DOWN ***
habib beye: shows [3d Jc] (a pair of Threes)
pipza05: shows [7c 7s] (a pair of Sevens)
pipza05 collected $4.22 from pot
*** SUMMARY ***
Total pot $4.50 | Rake $0.28 
Board [3c 8h 4c Kh Qs]
Seat 1: poker_soul11 (button) folded before Flop (didn't bet)
Seat 2: Nicedaymybro (small blind) folded before Flop
Seat 3: habib beye (big blind) showed [3d Jc] and lost with a pair of Threes
Seat 4: janarr5 folded before Flop (didn't bet)
Seat 5: pipza05 showed [7c 7s] and won ($4.22) with a pair of Sevens
Seat 6: dreimis190 folded before Flop (didn't bet)



PokerStars Hand #254578701564:  Hold'em No Limit ($0.50/$1.00 USD) - 2025/01/27 14:12:43 WET [2025/01/27 9:12:43 ET]
Table 'Norma IV' 6-max Seat #2 is the button
Seat 1: poker_soul11 ($103.08 in chips) 
Seat 2: Nicedaymybro ($136.37 in chips) 
Seat 3: habib beye ($100 in chips) 
Seat 4: janarr5 ($100 in chips) 
Seat 5: pipza05 ($68.79 in chips) 
Seat 6: dreimis190 ($100 in chips) 
habib beye: posts small blind $0.50
janarr5: posts big blind $1
*** HOLE CARDS ***
pipza05: calls $1
dreimis190: folds 
poker_soul11: folds 
Nicedaymybro: folds 
habib beye: folds 
janarr5: checks 
*** FLOP *** [7c 6c Kh]
janarr5: checks 
pipza05: bets $1
janarr5: calls $1
*** TURN *** [7c 6c Kh] [9c]
janarr5: checks 
pipza05: checks 
*** RIVER *** [7c 6c Kh 9c] [8s]
janarr5: checks 
pipza05: bets $66.79 and is all-in
janarr5: folds 
Uncalled bet ($66.79) returned to pipza05
pipza05 collected $4.22 from pot
*** SUMMARY ***
Total pot $4.50 | Rake $0.28 
Board [7c 6c Kh 9c 8s]
Seat 1: poker_soul11 folded before Flop (didn't bet)
Seat 2: Nicedaymybro (button) folded before Flop (didn't bet)
Seat 3: habib beye (small blind) folded before Flop
Seat 4: janarr5 (big blind) folded on the River
Seat 5: pipza05 collected ($4.22)
Seat 6: dreimis190 folded before Flop (didn't bet)



PokerStars Hand #254578707090:  Hold'em No Limit ($0.50/$1.00 USD) - 2025/01/27 14:13:15 WET [2025/01/27 9:13:15 ET]
Table 'Norma IV' 6-max Seat #3 is the button
Seat 1: poker_soul11 ($103.08 in chips) 
Seat 2: Nicedaymybro ($136.37 in chips) 
Seat 3: habib beye ($100 in chips) 
Seat 4: janarr5 ($100 in chips) 
Seat 5: pipza05 ($71.01 in chips) 
Seat 6: dreimis190 ($100 in chips) 
janarr5: posts small blind $0.50
pipza05: posts big blind $1
*** HOLE CARDS ***
dreimis190: folds 
poker_soul11: raises $1.20 to $2.20
Nicedaymybro: folds 
habib beye: folds 
janarr5: folds 
pipza05: folds 
Uncalled bet ($1.20) returned to poker_soul11
poker_soul11 collected $2.50 from pot
poker_soul11: doesn't show hand 
*** SUMMARY ***
Total pot $2.50 | Rake $0 
Seat 1: poker_soul11 collected ($2.50)
Seat 2: Nicedaymybro folded before Flop (didn't bet)
Seat 3: habib beye (button) folded before Flop (didn't bet)
Seat 4: janarr5 (small blind) folded before Flop
Seat 5: pipza05 (big blind) folded before Flop
Seat 6: dreimis190 folded before Flop (didn't bet)



PokerStars Hand #254578709658:  Hold'em No Limit ($0.50/$1.00 USD) - 2025/01/27 14:13:29 WET [2025/01/27 9:13:29 ET]
Table 'Norma IV' 6-max Seat #4 is the button
Seat 1: poker_soul11 ($104.58 in chips) 
Seat 2: Nicedaymybro ($136.37 in chips) 
Seat 3: habib beye ($100 in chips) 
Seat 4: janarr5 ($100 in chips) 
Seat 5: pipza05 ($70.01 in chips) 
Seat 6: dreimis190 ($100 in chips) 
pipza05: posts small blind $0.50
dreimis190: posts big blind $1
*** HOLE CARDS ***
poker_soul11: folds 
Nicedaymybro: folds 
habib beye: folds 
janarr5: folds 
pipza05: folds 
Uncalled bet ($0.50) returned to dreimis190
dreimis190 collected $1 from pot
dreimis190: doesn't show hand 
*** SUMMARY ***
Total pot $1 | Rake $0 
Seat 1: poker_soul11 folded before Flop (didn't bet)
Seat 2: Nicedaymybro folded before Flop (didn't bet)
Seat 3: habib beye folded before Flop (didn't bet)
Seat 4: janarr5 (button) folded before Flop (didn't bet)
Seat 5: pipza05 (small blind) folded before Flop
Seat 6: dreimis190 (big blind) collected ($1)



PokerStars Hand #254578711417:  Hold'em No Limit ($0.50/$1.00 USD) - 2025/01/27 14:13:39 WET [2025/01/27 9:13:39 ET]
Table 'Norma IV' 6-max Seat #5 is the button
Seat 1: poker_soul11 ($104.58 in chips) 
Seat 2: Nicedaymybro ($136.37 in chips) 
Seat 3: habib beye ($100 in chips) 
Seat 4: janarr5 ($100 in chips) 
Seat 5: pipza05 ($69.51 in chips) 
Seat 6: dreimis190 ($100.50 in chips) 
dreimis190: posts small blind $0.50
poker_soul11: posts big blind $1
*** HOLE CARDS ***
Nicedaymybro: folds 
habib beye: folds 
janarr5: folds 
pipza05: folds 
dreimis190: folds 
Uncalled bet ($0.50) returned to poker_soul11
poker_soul11 collected $1 from pot
poker_soul11: doesn't show hand 
*** SUMMARY ***
Total pot $1 | Rake $0 
Seat 1: poker_soul11 (big blind) collected ($1)
Seat 2: Nicedaymybro folded before Flop (didn't bet)
Seat 3: habib beye folded before Flop (didn't bet)
Seat 4: janarr5 folded before Flop (didn't bet)
Seat 5: pipza05 (button) folded before Flop (didn't bet)
Seat 6: dreimis190 (small blind) folded before Flop



PokerStars Hand #254578713536:  Hold'em No Limit ($0.50/$1.00 USD) - 2025/01/27 14:13:51 WET [2025/01/27 9:13:51 ET]
Table 'Norma IV' 6-max Seat #6 is the button
Seat 1: poker_soul11 ($105.08 in chips) 
Seat 2: Nicedaymybro ($136.37 in chips) 
Seat 3: habib beye ($100 in chips) 
Seat 4: janarr5 ($100 in chips) 
Seat 5: pipza05 ($69.51 in chips) 
Seat 6: dreimis190 ($100 in chips) 
poker_soul11: posts small blind $0.50
Nicedaymybro: posts big blind $1
*** HOLE CARDS ***
habib beye: folds 
janarr5: folds 
pipza05: calls $1
dreimis190: folds 
poker_soul11: calls $0.50
Nicedaymybro: checks 
*** FLOP *** [6s 3c Ad]
poker_soul11: checks 
Nicedaymybro: checks 
pipza05: checks 
*** TURN *** [6s 3c Ad] [Qs]
poker_soul11: bets $2.14
Nicedaymybro: folds 
pipza05: calls $2.14
*** RIVER *** [6s 3c Ad Qs] [3h]
poker_soul11: bets $5.19
pipza05: calls $5.19
*** SHOW DOWN ***
poker_soul11: shows [Ac 5c] (two pair, Aces and Threes)
pipza05: mucks hand 
poker_soul11 collected $16.78 from pot
*** SUMMARY ***
Total pot $17.66 | Rake $0.88 
Board [6s 3c Ad Qs 3h]
Seat 1: poker_soul11 (small blind) showed [Ac 5c] and won ($16.78) with two pair, Aces and Threes
Seat 2: Nicedaymybro (big blind) folded on the Turn
Seat 3: habib beye folded before Flop (didn't bet)
Seat 4: janarr5 folded before Flop (didn't bet)
Seat 5: pipza05 mucked
Seat 6: dreimis190 (button) folded before Flop (didn't bet)



PokerStars Hand #254578719039:  Hold'em No Limit ($0.50/$1.00 USD) - 2025/01/27 14:14:23 WET [2025/01/27 9:14:23 ET]
Table 'Norma IV' 6-max Seat #1 is the button
Seat 1: poker_soul11 ($113.53 in chips) 
Seat 2: Nicedaymybro ($135.37 in chips) 
Seat 3: habib beye ($100 in chips) 
Seat 4: janarr5 ($100 in chips) 
Seat 5: pipza05 ($61.18 in chips) 
Seat 6: dreimis190 ($100 in chips) 
Nicedaymybro: posts small blind $0.50
habib beye: posts big blind $1
*** HOLE CARDS ***
janarr5: folds 
pipza05: calls $1
dreimis190: raises $2.50 to $3.50
poker_soul11: folds 
Nicedaymybro: folds 
habib beye: folds 
pipza05: folds 
Uncalled bet ($2.50) returned to dreimis190
dreimis190 collected $3.50 from pot
dreimis190: doesn't show hand 
*** SUMMARY ***
Total pot $3.50 | Rake $0 
Seat 1: poker_soul11 (button) folded before Flop (didn't bet)
Seat 2: Nicedaymybro (small blind) folded before Flop
Seat 3: habib beye (big blind) folded before Flop
Seat 4: janarr5 folded before Flop (didn't bet)
Seat 5: pipza05 folded before Flop
Seat 6: dreimis190 collected ($3.50)



PokerStars Hand #254578721508:  Hold'em No Limit ($0.50/$1.00 USD) - 2025/01/27 14:14:38 WET [2025/01/27 9:14:38 ET]
Table 'Norma IV' 6-max Seat #2 is the button
Seat 1: poker_soul11 ($113.53 in chips) 
Seat 2: Nicedaymybro ($134.87 in chips) 
Seat 3: habib beye ($100 in chips) 
Seat 4: janarr5 ($100 in chips) 
Seat 5: pipza05 ($60.18 in chips) 
Seat 6: dreimis190 ($102.50 in chips) 
habib beye: posts small blind $0.50
janarr5: posts big blind $1
*** HOLE CARDS ***
pipza05: calls $1
dreimis190: folds 
poker_soul11: folds 
Nicedaymybro: folds 
habib beye: folds 
janarr5: checks 
*** FLOP *** [7c 5h Jc]
janarr5: checks 
pipza05: checks 
*** TURN *** [7c 5h Jc] [4d]
janarr5: checks 
pipza05: checks 
*** RIVER *** [7c 5h Jc 4d] [Ah]
janarr5: checks 
pipza05: checks 
*** SHOW DOWN ***
janarr5: shows [6d 6s] (a pair of Sixes)
pipza05: mucks hand 
janarr5 collected $2.38 from pot
*** SUMMARY ***
Total pot $2.50 | Rake $0.12 
Board [7c 5h Jc 4d Ah]
Seat 1: poker_soul11 folded before Flop (didn't bet)
Seat 2: Nicedaymybro (button) folded before Flop (didn't bet)
Seat 3: habib beye (small blind) folded before Flop
Seat 4: janarr5 (big blind) showed [6d 6s] and won ($2.38) with a pair of Sixes
Seat 5: pipza05 mucked
Seat 6: dreimis190 folded before Flop (didn't bet)



PokerStars Hand #254578727328:  Hold'em No Limit ($0.50/$1.00 USD) - 2025/01/27 14:15:10 WET [2025/01/27 9:15:10 ET]
Table 'Norma IV' 6-max Seat #3 is the button
Seat 1: poker_soul11 ($113.53 in chips) 
Seat 2: Nicedaymybro ($134.87 in chips) 
Seat 3: habib beye ($100 in chips) 
Seat 4: janarr5 ($101.38 in chips) 
Seat 5: pipza05 ($59.18 in chips) 
Seat 6: dreimis190 ($102.50 in chips) 
janarr5: posts small blind $0.50
pipza05: posts big blind $1
*** HOLE CARDS ***
dreimis190: folds 
poker_soul11: raises $1.20 to $2.20
Nicedaymybro: raises $5.30 to $7.50
habib beye: folds 
janarr5: folds 
pipza05: folds 
poker_soul11: folds 
Uncalled bet ($5.30) returned to Nicedaymybro
Nicedaymybro collected $5.90 from pot
Nicedaymybro: doesn't show hand 
*** SUMMARY ***
Total pot $5.90 | Rake $0 
Seat 1: poker_soul11 folded before Flop
Seat 2: Nicedaymybro collected ($5.90)
Seat 3: habib beye (button) folded before Flop (didn't bet)
Seat 4: janarr5 (small blind) folded before Flop
Seat 5: pipza05 (big blind) folded before Flop
Seat 6: dreimis190 folded before Flop (didn't bet)



PokerStars Hand #254578748055:  Hold'em No Limit ($0.50/$1.00 USD) - 2025/01/27 14:17:07 WET [2025/01/27 9:17:07 ET]
Table 'Norma IV' 6-max Seat #4 is the button
Seat 1: poker_soul11 ($111.33 in chips) 
Seat 2: Nicedaymybro ($138.57 in chips) 
Seat 3: habib beye ($100 in chips) 
Seat 4: janarr5 ($100.88 in chips) 
Seat 5: pipza05 ($56.68 in chips) 
Seat 6: dreimis190 ($105.50 in chips) 
pipza05: posts small blind $0.50
dreimis190: posts big blind $1
*** HOLE CARDS ***
poker_soul11: raises $1.20 to $2.20
Nicedaymybro: folds 
habib beye: folds 
janarr5: folds 
pipza05: calls $1.70
dreimis190: folds 
*** FLOP *** [3s Qh 3h]
pipza05: checks 
poker_soul11: bets $1.69
pipza05: calls $1.69
*** TURN *** [3s Qh 3h] [Ad]
pipza05: checks 
poker_soul11: bets $6.26
pipza05: folds 
Uncalled bet ($6.26) returned to poker_soul11
poker_soul11 collected $8.34 from pot
poker_soul11: doesn't show hand 
*** SUMMARY ***
Total pot $8.78 | Rake $0.44 
Board [3s Qh 3h Ad]
Seat 1: poker_soul11 collected ($8.34)
Seat 2: Nicedaymybro folded before Flop (didn't bet)
Seat 3: habib beye folded before Flop (didn't bet)
Seat 4: janarr5 (button) folded before Flop (didn't bet)
Seat 5: pipza05 (small blind) folded on the Turn
Seat 6: dreimis190 (big blind) folded before Flop



PokerStars Hand #254578754485:  Hold'em No Limit ($0.50/$1.00 USD) - 2025/01/27 14:17:43 WET [2025/01/27 9:17:43 ET]
Table 'Norma IV' 6-max Seat #5 is the button
Seat 1: poker_soul11 ($115.78 in chips) 
Seat 2: Nicedaymybro ($138.57 in chips) 
Seat 3: habib beye ($100 in chips) 
Seat 4: janarr5 ($100.88 in chips) 
Seat 5: pipza05 ($52.79 in chips) 
Seat 6: dreimis190 ($104.50 in chips) 
dreimis190: posts small blind $0.50
poker_soul11: posts big blind $1
*** HOLE CARDS ***
Nicedaymybro: folds 
habib beye: folds 
janarr5: folds 
pipza05: folds 
dreimis190: raises $2 to $3
poker_soul11: calls $2
*** FLOP *** [6c 8h Js]
dreimis190: bets $1.38
poker_soul11: raises $4.23 to $5.61
dreimis190: calls $4.23
*** TURN *** [6c 8h Js] [5c]
dreimis190: checks 
poker_soul11: bets $12.27
dreimis190: raises $20.45 to $32.72
poker_soul11: raises $74.45 to $107.17 and is all-in
dreimis190: calls $63.17 and is all-in
Uncalled bet ($11.28) returned to poker_soul11
*** RIVER *** [6c 8h Js 5c] [Jh]
*** SHOW DOWN ***
dreimis190: shows [7c 4c] (a straight, Four to Eight)
poker_soul11: shows [8d 6d] (two pair, Jacks and Eights)
dreimis190 collected $206.50 from pot
*** SUMMARY ***
Total pot $209 | Rake $2.50 
Board [6c 8h Js 5c Jh]
Seat 1: poker_soul11 (big blind) showed [8d 6d] and lost with two pair, Jacks and Eights
Seat 2: Nicedaymybro folded before Flop (didn't bet)
Seat 3: habib beye folded before Flop (didn't bet)
Seat 4: janarr5 folded before Flop (didn't bet)
Seat 5: pipza05 (button) folded before Flop (didn't bet)
Seat 6: dreimis190 (small blind) showed [7c 4c] and won ($206.50) with a straight, Four to Eight



PokerStars Hand #254578770563:  Hold'em No Limit ($0.50/$1.00 USD) - 2025/01/27 14:19:13 WET [2025/01/27 9:19:13 ET]
Table 'Norma IV' 6-max Seat #6 is the button
Seat 1: poker_soul11 ($100 in chips) 
Seat 2: Nicedaymybro ($138.57 in chips) 
Seat 3: habib beye ($100 in chips) 
Seat 4: janarr5 ($100.88 in chips) 
Seat 5: pipza05 ($52.79 in chips) 
Seat 6: dreimis190 ($206.50 in chips) 
poker_soul11: posts small blind $0.50
Nicedaymybro: posts big blind $1
*** HOLE CARDS ***
habib beye: folds 
janarr5: folds 
pipza05: folds 
dreimis190: folds 
poker_soul11: folds 
Uncalled bet ($0.50) returned to Nicedaymybro
Nicedaymybro collected $1 from pot
Nicedaymybro: doesn't show hand 
*** SUMMARY ***
Total pot $1 | Rake $0 
Seat 1: poker_soul11 (small blind) folded before Flop
Seat 2: Nicedaymybro (big blind) collected ($1)
Seat 3: habib beye folded before Flop (didn't bet)
Seat 4: janarr5 folded before Flop (didn't bet)
Seat 5: pipza05 folded before Flop (didn't bet)
Seat 6: dreimis190 (button) folded before Flop (didn't bet)



PokerStars Hand #254578772359:  Hold'em No Limit ($0.50/$1.00 USD) - 2025/01/27 14:19:23 WET [2025/01/27 9:19:23 ET]
Table 'Norma IV' 6-max Seat #1 is the button
Seat 1: poker_soul11 ($100 in chips) 
Seat 2: Nicedaymybro ($139.07 in chips) 
Seat 3: habib beye ($100 in chips) 
Seat 4: janarr5 ($100.88 in chips) 
Seat 5: pipza05 ($52.79 in chips) 
Seat 6: dreimis190 ($206.50 in chips) 
Nicedaymybro: posts small blind $0.50
habib beye: posts big blind $1
*** HOLE CARDS ***
janarr5: folds 
pipza05: folds 
dreimis190: folds 
poker_soul11: raises $1.20 to $2.20
Nicedaymybro: raises $7.80 to $10
habib beye: folds 
poker_soul11: folds 
Uncalled bet ($7.80) returned to Nicedaymybro
Nicedaymybro collected $5.40 from pot
Nicedaymybro: doesn't show hand 
*** SUMMARY ***
Total pot $5.40 | Rake $0 
Seat 1: poker_soul11 (button) folded before Flop
Seat 2: Nicedaymybro (small blind) collected ($5.40)
Seat 3: habib beye (big blind) folded before Flop
Seat 4: janarr5 folded before Flop (didn't bet)
Seat 5: pipza05 folded before Flop (didn't bet)
Seat 6: dreimis190 folded before Flop (didn't bet)



PokerStars Hand #254578779815:  Hold'em No Limit ($0.50/$1.00 USD) - 2025/01/27 14:20:05 WET [2025/01/27 9:20:05 ET]
Table 'Norma IV' 6-max Seat #2 is the button
Seat 1: poker_soul11 ($100 in chips) 
Seat 2: Nicedaymybro ($142.27 in chips) 
Seat 3: habib beye ($100 in chips) 
Seat 4: janarr5 ($100.88 in chips) 
Seat 5: pipza05 ($52.79 in chips) 
Seat 6: dreimis190 ($206.50 in chips) 
habib beye: posts small blind $0.50
janarr5: posts big blind $1
*** HOLE CARDS ***
pipza05: calls $1
dreimis190: raises $2.50 to $3.50
poker_soul11: folds 
Nicedaymybro: folds 
habib beye: folds 
janarr5: folds 
pipza05: calls $2.50
*** FLOP *** [2s 2h Js]
pipza05: checks 
dreimis190: bets $2.67
pipza05: calls $2.67
*** TURN *** [2s 2h Js] [As]
pipza05: checks 
dreimis190: checks 
*** RIVER *** [2s 2h Js As] [4c]
pipza05: bets $2
dreimis190: folds 
Uncalled bet ($2) returned to pipza05
pipza05 collected $12.98 from pot
*** SUMMARY ***
Total pot $13.84 | Rake $0.86 
Board [2s 2h Js As 4c]
Seat 1: poker_soul11 folded before Flop (didn't bet)
Seat 2: Nicedaymybro (button) folded before Flop (didn't bet)
Seat 3: habib beye (small blind) folded before Flop
Seat 4: janarr5 (big blind) folded before Flop
Seat 5: pipza05 collected ($12.98)
Seat 6: dreimis190 folded on the River



PokerStars Hand #254578790621:  Hold'em No Limit ($0.50/$1.00 USD) - 2025/01/27 14:21:07 WET [2025/01/27 9:21:07 ET]
Table 'Norma IV' 6-max Seat #3 is the button
Seat 1: poker_soul11 ($100 in chips) 
Seat 2: Nicedaymybro ($142.27 in chips) 
Seat 3: habib beye ($100 in chips) 
Seat 4: janarr5 ($100 in chips) 
Seat 5: pipza05 ($59.60 in chips) 
Seat 6: dreimis190 ($200.33 in chips) 
janarr5: posts small blind $0.50
pipza05: posts big blind $1
*** HOLE CARDS ***
dreimis190: raises $1 to $2
poker_soul11: folds 
Nicedaymybro: folds 
habib beye: raises $5.50 to $7.50
janarr5: folds 
pipza05: folds 
dreimis190: raises $13 to $20.50
habib beye: calls $13
*** FLOP *** [3s Ah 7s]
dreimis190: bets $8
habib beye: calls $8
*** TURN *** [3s Ah 7s] [Qh]
dreimis190: checks 
habib beye: checks 
*** RIVER *** [3s Ah 7s Qh] [6h]
dreimis190: checks 
habib beye: checks 
*** SHOW DOWN ***
dreimis190: shows [Kh Ks] (a pair of Kings)
habib beye: shows [Kc Kd] (a pair of Kings)
dreimis190 collected $28 from pot
habib beye collected $28 from pot
*** SUMMARY ***
Total pot $58.50 | Rake $2.50 
Board [3s Ah 7s Qh 6h]
Seat 1: poker_soul11 folded before Flop (didn't bet)
Seat 2: Nicedaymybro folded before Flop (didn't bet)
Seat 3: habib beye (button) showed [Kc Kd] and won ($28) with a pair of Kings
Seat 4: janarr5 (small blind) folded before Flop
Seat 5: pipza05 (big blind) folded before Flop
Seat 6: dreimis190 showed [Kh Ks] and won ($28) with a pair of Kings



PokerStars Hand #254578805839:  Hold'em No Limit ($0.50/$1.00 USD) - 2025/01/27 14:22:32 WET [2025/01/27 9:22:32 ET]
Table 'Norma IV' 6-max Seat #4 is the button
Seat 1: poker_soul11 ($100 in chips) 
Seat 2: Nicedaymybro ($142.27 in chips) 
Seat 3: habib beye ($100 in chips) 
Seat 4: janarr5 ($100 in chips) 
Seat 5: pipza05 ($58.60 in chips) 
Seat 6: dreimis190 ($199.83 in chips) 
pipza05: posts small blind $0.50
dreimis190: posts big blind $1
*** HOLE CARDS ***
poker_soul11: folds 
Nicedaymybro: folds 
habib beye: folds 
janarr5: folds 
pipza05: folds 
Uncalled bet ($0.50) returned to dreimis190
dreimis190 collected $1 from pot
dreimis190: doesn't show hand 
*** SUMMARY ***
Total pot $1 | Rake $0 
Seat 1: poker_soul11 folded before Flop (didn't bet)
Seat 2: Nicedaymybro folded before Flop (didn't bet)
Seat 3: habib beye folded before Flop (didn't bet)
Seat 4: janarr5 (button) folded before Flop (didn't bet)
Seat 5: pipza05 (small blind) folded before Flop
Seat 6: dreimis190 (big blind) collected ($1)



PokerStars Hand #254578808276:  Hold'em No Limit ($0.50/$1.00 USD) - 2025/01/27 14:22:45 WET [2025/01/27 9:22:45 ET]
Table 'Norma IV' 6-max Seat #5 is the button
Seat 1: poker_soul11 ($100 in chips) 
Seat 2: Nicedaymybro ($142.27 in chips) 
Seat 3: habib beye ($100 in chips) 
Seat 4: janarr5 ($100 in chips) 
Seat 5: pipza05 ($58.10 in chips) 
Seat 6: dreimis190 ($200.33 in chips) 
dreimis190: posts small blind $0.50
poker_soul11: posts big blind $1
*** HOLE CARDS ***
Nicedaymybro: folds 
habib beye: raises $1.25 to $2.25
janarr5: folds 
pipza05: folds 
dreimis190: folds 
poker_soul11: calls $1.25
*** FLOP *** [Qh 2s Js]
poker_soul11: checks 
habib beye: bets $2.09
poker_soul11: calls $2.09
*** TURN *** [Qh 2s Js] [8c]
poker_soul11: checks 
habib beye: checks 
*** RIVER *** [Qh 2s Js 8c] [8h]
poker_soul11: checks 
habib beye: checks 
*** SHOW DOWN ***
poker_soul11: shows [Jc 9c] (two pair, Jacks and Eights)
habib beye: mucks hand 
poker_soul11 collected $8.72 from pot
*** SUMMARY ***
Total pot $9.18 | Rake $0.46 
Board [Qh 2s Js 8c 8h]
Seat 1: poker_soul11 (big blind) showed [Jc 9c] and won ($8.72) with two pair, Jacks and Eights
Seat 2: Nicedaymybro folded before Flop (didn't bet)
Seat 3: habib beye mucked
Seat 4: janarr5 folded before Flop (didn't bet)
Seat 5: pipza05 (button) folded before Flop (didn't bet)
Seat 6: dreimis190 (small blind) folded before Flop



PokerStars Hand #254578820950:  Hold'em No Limit ($0.50/$1.00 USD) - 2025/01/27 14:23:57 WET [2025/01/27 9:23:57 ET]
Table 'Norma IV' 6-max Seat #6 is the button
Seat 1: poker_soul11 ($104.38 in chips) 
Seat 2: Nicedaymybro ($142.27 in chips) 
Seat 3: habib beye ($100 in chips) 
Seat 4: janarr5 ($100 in chips) 
Seat 5: pipza05 ($58.10 in chips) 
Seat 6: dreimis190 ($199.83 in chips) 
poker_soul11: posts small blind $0.50
Nicedaymybro: posts big blind $1
*** HOLE CARDS ***
habib beye: raises $1.25 to $2.25
janarr5: folds 
pipza05: calls $2.25
dreimis190: folds 
poker_soul11: folds 
Nicedaymybro: folds 
*** FLOP *** [2s 7h 9s]
habib beye: checks 
pipza05: checks 
*** TURN *** [2s 7h 9s] [Qs]
habib beye: checks 
pipza05: bets $2
habib beye: folds 
Uncalled bet ($2) returned to pipza05
pipza05 collected $5.62 from pot
*** SUMMARY ***
Total pot $6 | Rake $0.38 
Board [2s 7h 9s Qs]
Seat 1: poker_soul11 (small blind) folded before Flop
Seat 2: Nicedaymybro (big blind) folded before Flop
Seat 3: habib beye folded on the Turn
Seat 4: janarr5 folded before Flop (didn't bet)
Seat 5: pipza05 collected ($5.62)
Seat 6: dreimis190 (button) folded before Flop (didn't bet)



PokerStars Hand #254578826131:  Hold'em No Limit ($0.50/$1.00 USD) - 2025/01/27 14:24:26 WET [2025/01/27 9:24:26 ET]
Table 'Norma IV' 6-max Seat #1 is the button
Seat 1: poker_soul11 ($103.88 in chips) 
Seat 2: Nicedaymybro ($141.27 in chips) 
Seat 3: habib beye ($100 in chips) 
Seat 4: janarr5 ($100 in chips) 
Seat 5: pipza05 ($61.47 in chips) 
Seat 6: dreimis190 ($199.83 in chips) 
Nicedaymybro: posts small blind $0.50
habib beye: posts big blind $1
*** HOLE CARDS ***
janarr5: folds 
pipza05: folds 
dreimis190: raises $1.50 to $2.50
poker_soul11: folds 
Nicedaymybro: folds 
habib beye: folds 
Uncalled bet ($1.50) returned to dreimis190
dreimis190 collected $2.50 from pot
dreimis190: doesn't show hand 
*** SUMMARY ***
Total pot $2.50 | Rake $0 
Seat 1: poker_soul11 (button) folded before Flop (didn't bet)
Seat 2: Nicedaymybro (small blind) folded before Flop
Seat 3: habib beye (big blind) folded before Flop
Seat 4: janarr5 folded before Flop (didn't bet)
Seat 5: pipza05 folded before Flop (didn't bet)
Seat 6: dreimis190 collected ($2.50)



PokerStars Hand #254578828730:  Hold'em No Limit ($0.50/$1.00 USD) - 2025/01/27 14:24:40 WET [2025/01/27 9:24:40 ET]
Table 'Norma IV' 6-max Seat #2 is the button
Seat 1: poker_soul11 ($103.88 in chips) 
Seat 2: Nicedaymybro ($140.77 in chips) 
Seat 3: habib beye ($100 in chips) 
Seat 4: janarr5 ($100 in chips) 
Seat 5: pipza05 ($61.47 in chips) 
Seat 6: dreimis190 ($201.33 in chips) 
habib beye: posts small blind $0.50
janarr5: posts big blind $1
*** HOLE CARDS ***
pipza05: folds 
dreimis190: raises $1 to $2
poker_soul11: folds 
Nicedaymybro: folds 
habib beye: folds 
janarr5: calls $1
*** FLOP *** [2c 2d Jd]
janarr5: checks 
dreimis190: bets $1
janarr5: calls $1
*** TURN *** [2c 2d Jd] [3c]
janarr5: checks 
dreimis190: checks 
*** RIVER *** [2c 2d Jd 3c] [5h]
janarr5: checks 
dreimis190: bets $4.64
janarr5: folds 
Uncalled bet ($4.64) returned to dreimis190
dreimis190 collected $6.18 from pot
dreimis190: doesn't show hand 
*** SUMMARY ***
Total pot $6.50 | Rake $0.32 
Board [2c 2d Jd 3c 5h]
Seat 1: poker_soul11 folded before Flop (didn't bet)
Seat 2: Nicedaymybro (button) folded before Flop (didn't bet)
Seat 3: habib beye (small blind) folded before Flop
Seat 4: janarr5 (big blind) folded on the River
Seat 5: pipza05 folded before Flop (didn't bet)
Seat 6: dreimis190 collected ($6.18)



PokerStars Hand #254578841806:  Hold'em No Limit ($0.50/$1.00 USD) - 2025/01/27 14:25:53 WET [2025/01/27 9:25:53 ET]
Table 'Norma IV' 6-max Seat #3 is the button
Seat 1: poker_soul11 ($103.88 in chips) 
Seat 2: Nicedaymybro ($140.77 in chips) 
Seat 3: habib beye ($100 in chips) 
Seat 4: janarr5 ($100 in chips) 
Seat 5: pipza05 ($61.47 in chips) 
Seat 6: dreimis190 ($204.51 in chips) 
janarr5: posts small blind $0.50
pipza05: posts big blind $1
*** HOLE CARDS ***
dreimis190: folds 
poker_soul11: folds 
Nicedaymybro: folds 
habib beye: folds 
janarr5: raises $2 to $3
pipza05: calls $2
*** FLOP *** [Kc 7c 2h]
janarr5: bets $1.88
pipza05: calls $1.88
*** TURN *** [Kc 7c 2h] [3s]
janarr5: bets $6.95
pipza05: folds 
Uncalled bet ($6.95) returned to janarr5
janarr5 collected $9.27 from pot
janarr5: doesn't show hand 
*** SUMMARY ***
Total pot $9.76 | Rake $0.49 
Board [Kc 7c 2h 3s]
Seat 1: poker_soul11 folded before Flop (didn't bet)
Seat 2: Nicedaymybro folded before Flop (didn't bet)
Seat 3: habib beye (button) folded before Flop (didn't bet)
Seat 4: janarr5 (small blind) collected ($9.27)
Seat 5: pipza05 (big blind) folded on the Turn
Seat 6: dreimis190 folded before Flop (didn't bet)



PokerStars Hand #254578845016:  Hold'em No Limit ($0.50/$1.00 USD) - 2025/01/27 14:26:11 WET [2025/01/27 9:26:11 ET]
Table 'Norma IV' 6-max Seat #4 is the button
Seat 1: poker_soul11 ($103.88 in chips) 
Seat 2: Nicedaymybro ($140.77 in chips) 
Seat 3: habib beye ($100 in chips) 
Seat 4: janarr5 ($104.39 in chips) 
Seat 5: pipza05 ($56.59 in chips) 
Seat 6: dreimis190 ($204.51 in chips) 
pipza05: posts small blind $0.50
dreimis190: posts big blind $1
*** HOLE CARDS ***
poker_soul11: folds 
Nicedaymybro: folds 
habib beye: folds 
janarr5: folds 
pipza05: folds 
Uncalled bet ($0.50) returned to dreimis190
dreimis190 collected $1 from pot
dreimis190: doesn't show hand 
*** SUMMARY ***
Total pot $1 | Rake $0 
Seat 1: poker_soul11 folded before Flop (didn't bet)
Seat 2: Nicedaymybro folded before Flop (didn't bet)
Seat 3: habib beye folded before Flop (didn't bet)
Seat 4: janarr5 (button) folded before Flop (didn't bet)
Seat 5: pipza05 (small blind) folded before Flop
Seat 6: dreimis190 (big blind) collected ($1)



PokerStars Hand #254578846550:  Hold'em No Limit ($0.50/$1.00 USD) - 2025/01/27 14:26:20 WET [2025/01/27 9:26:20 ET]
Table 'Norma IV' 6-max Seat #5 is the button
Seat 1: poker_soul11 ($103.88 in chips) is sitting out
Seat 2: Nicedaymybro ($140.77 in chips) 
Seat 3: habib beye ($100 in chips) 
Seat 4: janarr5 ($104.39 in chips) 
Seat 5: pipza05 ($56.09 in chips) 
Seat 6: dreimis190 ($205.01 in chips) 
dreimis190: posts small blind $0.50
poker_soul11: is sitting out 
Nicedaymybro: posts big blind $1
*** HOLE CARDS ***
habib beye: folds 
janarr5: folds 
pipza05: folds 
dreimis190: folds 
Uncalled bet ($0.50) returned to Nicedaymybro
Nicedaymybro collected $1 from pot
Nicedaymybro: doesn't show hand 
*** SUMMARY ***
Total pot $1 | Rake $0 
Seat 1: poker_soul11
Seat 2: Nicedaymybro (big blind) collected ($1)
Seat 3: habib beye folded before Flop (didn't bet)
Seat 4: janarr5 folded before Flop (didn't bet)
Seat 5: pipza05 (button) folded before Flop (didn't bet)
Seat 6: dreimis190 (small blind) folded before Flop



PokerStars Hand #254578848882:  Hold'em No Limit ($0.50/$1.00 USD) - 2025/01/27 14:26:33 WET [2025/01/27 9:26:33 ET]
Table 'Norma IV' 6-max Seat #6 is the button
Seat 1: poker_soul11 ($103.88 in chips) is sitting out
Seat 2: Nicedaymybro ($141.27 in chips) 
Seat 3: habib beye ($100 in chips) 
Seat 4: janarr5 ($104.39 in chips) 
Seat 5: pipza05 ($56.09 in chips) 
Seat 6: dreimis190 ($204.51 in chips) 
Nicedaymybro: posts small blind $0.50
habib beye: posts big blind $1
*** HOLE CARDS ***
poker_soul11 leaves the table
janarr5: folds 
pipza05: folds 
dreimis190: raises $1.50 to $2.50
Nicedaymybro: folds 
habib beye: folds 
Uncalled bet ($1.50) returned to dreimis190
dreimis190 collected $2.50 from pot
dreimis190: doesn't show hand 
*** SUMMARY ***
Total pot $2.50 | Rake $0 
Seat 1: poker_soul11
Seat 2: Nicedaymybro (small blind) folded before Flop
Seat 3: habib beye (big blind) folded before Flop
Seat 4: janarr5 folded before Flop (didn't bet)
Seat 5: pipza05 folded before Flop (didn't bet)
Seat 6: dreimis190 (button) collected ($2.50)



PokerStars Hand #254578850809:  Hold'em No Limit ($0.50/$1.00 USD) - 2025/01/27 14:26:43 WET [2025/01/27 9:26:43 ET]
Table 'Norma IV' 6-max Seat #2 is the button
Seat 2: Nicedaymybro ($140.77 in chips) 
Seat 3: habib beye ($100 in chips) 
Seat 5: pipza05 ($56.09 in chips) 
Seat 6: dreimis190 ($206.01 in chips) 
janarr5 leaves the table
habib beye: posts small blind $0.50
pipza05: posts big blind $1
*** HOLE CARDS ***
dreimis190: raises $1.50 to $2.50
Nicedaymybro: folds 
habib beye: raises $8.50 to $11
pipza05: folds 
BoyLoc0 joins the table at seat #1 
dreimis190: calls $8.50
*** FLOP *** [8c Jd 5h]
habib beye: bets $10.68
BGS013 joins the table at seat #4 
dreimis190: calls $10.68
*** TURN *** [8c Jd 5h] [Tc]
habib beye: bets $18.08
dreimis190: folds 
Uncalled bet ($18.08) returned to habib beye
habib beye collected $43.36 from pot
*** SUMMARY ***
Total pot $44.36 | Rake $1 
Board [8c Jd 5h Tc]
Seat 2: Nicedaymybro (button) folded before Flop (didn't bet)
Seat 3: habib beye (small blind) collected ($43.36)
Seat 5: pipza05 (big blind) folded before Flop
Seat 6: dreimis190 folded on the Turn



PokerStars Hand #254578865824:  Hold'em No Limit ($0.50/$1.00 USD) - 2025/01/27 14:28:06 WET [2025/01/27 9:28:06 ET]
Table 'Norma IV' 6-max Seat #3 is the button
Seat 1: BoyLoc0 ($100 in chips) is sitting out
Seat 4: BGS013 ($100 in chips) is sitting out
Seat 2: Nicedaymybro ($140.77 in chips) 
Seat 3: habib beye ($121.68 in chips) 
Seat 5: pipza05 ($55.09 in chips) 
Seat 6: dreimis190 ($184.33 in chips) 
pipza05: posts small blind $0.50
dreimis190: posts big blind $1
BoyLoc0: sits out 
*** HOLE CARDS ***
Nicedaymybro: folds 
habib beye: folds 
pipza05: calls $0.50
dreimis190: raises $2.50 to $3.50
pipza05: calls $2.50
*** FLOP *** [3h Kh Kc]
pipza05: checks 
dreimis190: bets $2.19
pipza05: calls $2.19
*** TURN *** [3h Kh Kc] [2s]
pipza05: checks 
dreimis190: bets $6.50
pipza05: calls $6.50
*** RIVER *** [3h Kh Kc 2s] [4c]
pipza05: checks 
dreimis190: checks 
*** SHOW DOWN ***
pipza05: shows [3c 3d] (a full house, Threes full of Kings)
dreimis190: mucks hand 
pipza05 collected $23.13 from pot
*** SUMMARY ***
Total pot $24.38 | Rake $1.25 
Board [3h Kh Kc 2s 4c]
Seat 1: BoyLoc0
Seat 4: BGS013
Seat 2: Nicedaymybro folded before Flop (didn't bet)
Seat 3: habib beye (button) folded before Flop (didn't bet)
Seat 5: pipza05 (small blind) showed [3c 3d] and won ($23.13) with a full house, Threes full of Kings
Seat 6: dreimis190 (big blind) mucked



PokerStars Hand #254578873066:  Hold'em No Limit ($0.50/$1.00 USD) - 2025/01/27 14:28:47 WET [2025/01/27 9:28:47 ET]
Table 'Norma IV' 6-max Seat #5 is the button
Seat 4: BGS013 ($100 in chips) is sitting out
Seat 1: BoyLoc0 ($100 in chips) 
Seat 2: Nicedaymybro ($140.77 in chips) 
Seat 3: habib beye ($121.68 in chips) 
Seat 5: pipza05 ($66.03 in chips) 
Seat 6: dreimis190 ($172.14 in chips) 
dreimis190: posts small blind $0.50
BoyLoc0: posts big blind $1
BGS013: sits out 
*** HOLE CARDS ***
Nicedaymybro: folds 
habib beye: raises $1.30 to $2.30
pipza05: calls $2.30
dreimis190: folds 
BoyLoc0: calls $1.30
*** FLOP *** [2h Jh Ad]
BoyLoc0: checks 
habib beye: bets $2.32
pipza05: folds 
BoyLoc0: folds 
Uncalled bet ($2.32) returned to habib beye
habib beye collected $7.03 from pot
*** SUMMARY ***
Total pot $7.40 | Rake $0.37 
Board [2h Jh Ad]
Seat 4: BGS013
Seat 1: BoyLoc0 (big blind) folded on the Flop
Seat 2: Nicedaymybro folded before Flop (didn't bet)
Seat 3: habib beye collected ($7.03)
Seat 5: pipza05 (button) folded on the Flop
Seat 6: dreimis190 (small blind) folded before Flop



PokerStars Hand #254578877591:  Hold'em No Limit ($0.50/$1.00 USD) - 2025/01/27 14:29:11 WET [2025/01/27 9:29:11 ET]
Table 'Norma IV' 6-max Seat #6 is the button
Seat 4: BGS013 ($100 in chips) is sitting out
Seat 1: BoyLoc0 ($100 in chips) 
Seat 2: Nicedaymybro ($140.77 in chips) 
Seat 3: habib beye ($126.41 in chips) 
Seat 5: pipza05 ($63.73 in chips) 
Seat 6: dreimis190 ($171.64 in chips) 
BoyLoc0: posts small blind $0.50
Nicedaymybro: posts big blind $1
BGS013: sits out 
*** HOLE CARDS ***
habib beye: folds 
pipza05: folds 
dreimis190: folds 
BoyLoc0: folds 
Uncalled bet ($0.50) returned to Nicedaymybro
Nicedaymybro collected $1 from pot
Nicedaymybro: doesn't show hand 
*** SUMMARY ***
Total pot $1 | Rake $0 
Seat 4: BGS013
Seat 1: BoyLoc0 (small blind) folded before Flop
Seat 2: Nicedaymybro (big blind) collected ($1)
Seat 3: habib beye folded before Flop (didn't bet)
Seat 5: pipza05 folded before Flop (didn't bet)
Seat 6: dreimis190 (button) folded before Flop (didn't bet)



PokerStars Hand #254578879645:  Hold'em No Limit ($0.50/$1.00 USD) - 2025/01/27 14:29:23 WET [2025/01/27 9:29:23 ET]
Table 'Norma IV' 6-max Seat #1 is the button
Seat 4: BGS013 ($100 in chips) is sitting out
Seat 1: BoyLoc0 ($100 in chips) 
Seat 2: Nicedaymybro ($141.27 in chips) 
Seat 3: habib beye ($126.41 in chips) 
Seat 5: pipza05 ($63.73 in chips) 
Seat 6: dreimis190 ($171.64 in chips) 
Nicedaymybro: posts small blind $0.50
habib beye: posts big blind $1
BGS013: sits out 
*** HOLE CARDS ***
pipza05: folds 
dreimis190: folds 
BoyLoc0: raises $1.50 to $2.50
Nicedaymybro: folds 
habib beye: folds 
Uncalled bet ($1.50) returned to BoyLoc0
BoyLoc0 collected $2.50 from pot
BoyLoc0: doesn't show hand 
*** SUMMARY ***
Total pot $2.50 | Rake $0 
Seat 4: BGS013
Seat 1: BoyLoc0 (button) collected ($2.50)
Seat 2: Nicedaymybro (small blind) folded before Flop
Seat 3: habib beye (big blind) folded before Flop
Seat 5: pipza05 folded before Flop (didn't bet)
Seat 6: dreimis190 folded before Flop (didn't bet)



PokerStars Hand #254578883116:  Hold'em No Limit ($0.50/$1.00 USD) - 2025/01/27 14:29:42 WET [2025/01/27 9:29:42 ET]
Table 'Norma IV' 6-max Seat #2 is the button
Seat 1: BoyLoc0 ($101.50 in chips) 
Seat 2: Nicedaymybro ($140.77 in chips) 
Seat 3: habib beye ($125.41 in chips) 
Seat 4: BGS013 ($100 in chips) 
Seat 5: pipza05 ($63.73 in chips) 
Seat 6: dreimis190 ($171.64 in chips) 
habib beye: posts small blind $0.50
BGS013: posts big blind $1
*** HOLE CARDS ***
pipza05: folds 
dreimis190: folds 
BoyLoc0: folds 
Nicedaymybro: raises $1.50 to $2.50
habib beye: folds 
BGS013: folds 
Uncalled bet ($1.50) returned to Nicedaymybro
Nicedaymybro collected $2.50 from pot
Nicedaymybro: doesn't show hand 
*** SUMMARY ***
Total pot $2.50 | Rake $0 
Seat 1: BoyLoc0 folded before Flop (didn't bet)
Seat 2: Nicedaymybro (button) collected ($2.50)
Seat 3: habib beye (small blind) folded before Flop
Seat 4: BGS013 (big blind) folded before Flop
Seat 5: pipza05 folded before Flop (didn't bet)
Seat 6: dreimis190 folded before Flop (didn't bet)



PokerStars Hand #254578885481:  Hold'em No Limit ($0.50/$1.00 USD) - 2025/01/27 14:29:55 WET [2025/01/27 9:29:55 ET]
Table 'Norma IV' 6-max Seat #3 is the button
Seat 1: BoyLoc0 ($101.50 in chips) 
Seat 2: Nicedaymybro ($142.27 in chips) 
Seat 3: habib beye ($124.91 in chips) 
Seat 4: BGS013 ($100 in chips) 
Seat 5: pipza05 ($63.73 in chips) 
Seat 6: dreimis190 ($171.64 in chips) 
BGS013: posts small blind $0.50
pipza05: posts big blind $1
*** HOLE CARDS ***
dreimis190: folds 
BoyLoc0: folds 
Nicedaymybro: folds 
habib beye: folds 
BGS013: raises $2 to $3
pipza05: folds 
Uncalled bet ($2) returned to BGS013
BGS013 collected $2 from pot
BGS013: doesn't show hand 
*** SUMMARY ***
Total pot $2 | Rake $0 
Seat 1: BoyLoc0 folded before Flop (didn't bet)
Seat 2: Nicedaymybro folded before Flop (didn't bet)
Seat 3: habib beye (button) folded before Flop (didn't bet)
Seat 4: BGS013 (small blind) collected ($2)
Seat 5: pipza05 (big blind) folded before Flop
Seat 6: dreimis190 folded before Flop (didn't bet)



PokerStars Hand #254578887688:  Hold'em No Limit ($0.50/$1.00 USD) - 2025/01/27 14:30:07 WET [2025/01/27 9:30:07 ET]
Table 'Norma IV' 6-max Seat #4 is the button
Seat 1: BoyLoc0 ($101.50 in chips) 
Seat 2: Nicedaymybro ($142.27 in chips) 
Seat 3: habib beye ($124.91 in chips) 
Seat 4: BGS013 ($101 in chips) 
Seat 5: pipza05 ($62.73 in chips) 
Seat 6: dreimis190 ($171.64 in chips) 
pipza05: posts small blind $0.50
dreimis190: posts big blind $1
*** HOLE CARDS ***
BoyLoc0: folds 
Nicedaymybro: folds 
habib beye: raises $1.30 to $2.30
BGS013: folds 
pipza05: calls $1.80
dreimis190: folds 
*** FLOP *** [Kh 3d 2h]
pipza05: checks 
habib beye: bets $2.34
pipza05: calls $2.34
*** TURN *** [Kh 3d 2h] [Qs]
pipza05: checks 
habib beye: bets $9.43
pipza05: calls $9.43
*** RIVER *** [Kh 3d 2h Qs] [3s]
pipza05: checks 
habib beye: checks 
*** SHOW DOWN ***
pipza05: shows [As Tc] (a pair of Threes)
habib beye: shows [5d Ad] (a pair of Threes)
pipza05 collected $13.66 from pot
habib beye collected $13.84 from pot
*** SUMMARY ***
Total pot $29.14 | Rake $1.64 
Board [Kh 3d 2h Qs 3s]
Seat 1: BoyLoc0 folded before Flop (didn't bet)
Seat 2: Nicedaymybro folded before Flop (didn't bet)
Seat 3: habib beye showed [5d Ad] and won ($13.84) with a pair of Threes
Seat 4: BGS013 (button) folded before Flop (didn't bet)
Seat 5: pipza05 (small blind) showed [As Tc] and won ($13.66) with a pair of Threes
Seat 6: dreimis190 (big blind) folded before Flop



PokerStars Hand #254578895672:  Hold'em No Limit ($0.50/$1.00 USD) - 2025/01/27 14:30:51 WET [2025/01/27 9:30:51 ET]
Table 'Norma IV' 6-max Seat #5 is the button
Seat 1: BoyLoc0 ($101.50 in chips) 
Seat 2: Nicedaymybro ($142.27 in chips) 
Seat 3: habib beye ($124.68 in chips) 
Seat 4: BGS013 ($101 in chips) 
Seat 5: pipza05 ($62.32 in chips) 
Seat 6: dreimis190 ($170.64 in chips) 
dreimis190: posts small blind $0.50
BoyLoc0: posts big blind $1
*** HOLE CARDS ***
Nicedaymybro: folds 
habib beye: folds 
BGS013: folds 
pipza05: folds 
dreimis190: raises $2 to $3
BoyLoc0: folds 
Uncalled bet ($2) returned to dreimis190
dreimis190 collected $2 from pot
dreimis190: doesn't show hand 
*** SUMMARY ***
Total pot $2 | Rake $0 
Seat 1: BoyLoc0 (big blind) folded before Flop
Seat 2: Nicedaymybro folded before Flop (didn't bet)
Seat 3: habib beye folded before Flop (didn't bet)
Seat 4: BGS013 folded before Flop (didn't bet)
Seat 5: pipza05 (button) folded before Flop (didn't bet)
Seat 6: dreimis190 (small blind) collected ($2)



PokerStars Hand #254578899115:  Hold'em No Limit ($0.50/$1.00 USD) - 2025/01/27 14:31:10 WET [2025/01/27 9:31:10 ET]
Table 'Norma IV' 6-max Seat #6 is the button
Seat 1: BoyLoc0 ($100.50 in chips) 
Seat 2: Nicedaymybro ($142.27 in chips) 
Seat 3: habib beye ($124.68 in chips) 
Seat 4: BGS013 ($101 in chips) 
Seat 5: pipza05 ($62.32 in chips) 
Seat 6: dreimis190 ($171.64 in chips) 
BoyLoc0: posts small blind $0.50
Nicedaymybro: posts big blind $1
*** HOLE CARDS ***
habib beye: folds 
BGS013: folds 
pipza05: calls $1
dreimis190: folds 
BoyLoc0: folds 
Nicedaymybro: checks 
*** FLOP *** [8d 7s 5d]
Nicedaymybro: bets $1
pipza05: calls $1
*** TURN *** [8d 7s 5d] [Kh]
Nicedaymybro: bets $9
pipza05: folds 
Uncalled bet ($9) returned to Nicedaymybro
Nicedaymybro collected $4.28 from pot
Nicedaymybro: doesn't show hand 
*** SUMMARY ***
Total pot $4.50 | Rake $0.22 
Board [8d 7s 5d Kh]
Seat 1: BoyLoc0 (small blind) folded before Flop
Seat 2: Nicedaymybro (big blind) collected ($4.28)
Seat 3: habib beye folded before Flop (didn't bet)
Seat 4: BGS013 folded before Flop (didn't bet)
Seat 5: pipza05 folded on the Turn
Seat 6: dreimis190 (button) folded before Flop (didn't bet)



PokerStars Hand #254578903927:  Hold'em No Limit ($0.50/$1.00 USD) - 2025/01/27 14:31:37 WET [2025/01/27 9:31:37 ET]
Table 'Norma IV' 6-max Seat #1 is the button
Seat 1: BoyLoc0 ($100 in chips) 
Seat 2: Nicedaymybro ($144.55 in chips) 
Seat 3: habib beye ($124.68 in chips) 
Seat 4: BGS013 ($101 in chips) 
Seat 5: pipza05 ($60.32 in chips) 
Seat 6: dreimis190 ($171.64 in chips) 
Nicedaymybro: posts small blind $0.50
habib beye: posts big blind $1
*** HOLE CARDS ***
BGS013: folds 
pipza05: calls $1
dreimis190: folds 
BoyLoc0: folds 
Nicedaymybro: folds 
habib beye: checks 
*** FLOP *** [Qh 4c Jd]
habib beye: checks 
pipza05: bets $1
habib beye: calls $1
*** TURN *** [Qh 4c Jd] [8c]
habib beye: checks 
pipza05: bets $2
habib beye: folds 
Uncalled bet ($2) returned to pipza05
pipza05 collected $4.22 from pot
*** SUMMARY ***
Total pot $4.50 | Rake $0.28 
Board [Qh 4c Jd 8c]
Seat 1: BoyLoc0 (button) folded before Flop (didn't bet)
Seat 2: Nicedaymybro (small blind) folded before Flop
Seat 3: habib beye (big blind) folded on the Turn
Seat 4: BGS013 folded before Flop (didn't bet)
Seat 5: pipza05 collected ($4.22)
Seat 6: dreimis190 folded before Flop (didn't bet)



PokerStars Hand #254578910065:  Hold'em No Limit ($0.50/$1.00 USD) - 2025/01/27 14:32:10 WET [2025/01/27 9:32:10 ET]
Table 'Norma IV' 6-max Seat #2 is the button
Seat 1: BoyLoc0 ($100 in chips) 
Seat 2: Nicedaymybro ($144.05 in chips) 
Seat 3: habib beye ($122.68 in chips) 
Seat 4: BGS013 ($101 in chips) 
Seat 5: pipza05 ($62.54 in chips) 
Seat 6: dreimis190 ($171.64 in chips) 
habib beye: posts small blind $0.50
BGS013: posts big blind $1
*** HOLE CARDS ***
pipza05: folds 
dreimis190: folds 
BoyLoc0: raises $1.50 to $2.50
Nicedaymybro: folds 
habib beye: raises $8.50 to $11
BGS013: folds 
BoyLoc0: folds 
Uncalled bet ($8.50) returned to habib beye
habib beye collected $6 from pot
*** SUMMARY ***
Total pot $6 | Rake $0 
Seat 1: BoyLoc0 folded before Flop
Seat 2: Nicedaymybro (button) folded before Flop (didn't bet)
Seat 3: habib beye (small blind) collected ($6)
Seat 4: BGS013 (big blind) folded before Flop
Seat 5: pipza05 folded before Flop (didn't bet)
Seat 6: dreimis190 folded before Flop (didn't bet)



PokerStars Hand #254578914415:  Hold'em No Limit ($0.50/$1.00 USD) - 2025/01/27 14:32:34 WET [2025/01/27 9:32:34 ET]
Table 'Norma IV' 6-max Seat #3 is the button
Seat 1: BoyLoc0 ($100 in chips) 
Seat 2: Nicedaymybro ($144.05 in chips) 
Seat 3: habib beye ($126.18 in chips) 
Seat 4: BGS013 ($100 in chips) 
Seat 5: pipza05 ($62.54 in chips) 
Seat 6: dreimis190 ($171.64 in chips) 
BGS013: posts small blind $0.50
pipza05: posts big blind $1
*** HOLE CARDS ***
dreimis190: folds 
BoyLoc0: raises $1.50 to $2.50
Nicedaymybro: folds 
habib beye: folds 
BGS013: folds 
pipza05: calls $1.50
*** FLOP *** [2h 6d As]
pipza05: checks 
BoyLoc0: checks 
*** TURN *** [2h 6d As] [Jh]
pipza05: checks 
BoyLoc0: checks 
*** RIVER *** [2h 6d As Jh] [Ac]
pipza05: checks 
BoyLoc0: bets $3.92
pipza05: folds 
Uncalled bet ($3.92) returned to BoyLoc0
BoyLoc0 collected $5.22 from pot
BoyLoc0: doesn't show hand 
*** SUMMARY ***
Total pot $5.50 | Rake $0.28 
Board [2h 6d As Jh Ac]
Seat 1: BoyLoc0 collected ($5.22)
Seat 2: Nicedaymybro folded before Flop (didn't bet)
Seat 3: habib beye (button) folded before Flop (didn't bet)
Seat 4: BGS013 (small blind) folded before Flop
Seat 5: pipza05 (big blind) folded on the River
Seat 6: dreimis190 folded before Flop (didn't bet)



PokerStars Hand #254578922298:  Hold'em No Limit ($0.50/$1.00 USD) - 2025/01/27 14:33:16 WET [2025/01/27 9:33:16 ET]
Table 'Norma IV' 6-max Seat #4 is the button
Seat 1: BoyLoc0 ($102.72 in chips) 
Seat 2: Nicedaymybro ($144.05 in chips) 
Seat 3: habib beye ($126.18 in chips) 
Seat 4: BGS013 ($100 in chips) 
Seat 5: pipza05 ($60.04 in chips) 
Seat 6: dreimis190 ($171.64 in chips) 
pipza05: posts small blind $0.50
dreimis190: posts big blind $1
*** HOLE CARDS ***
BoyLoc0: folds 
Nicedaymybro: folds 
habib beye: folds 
BGS013: raises $1.50 to $2.50
pipza05: folds 
dreimis190: folds 
Uncalled bet ($1.50) returned to BGS013
BGS013 collected $2.50 from pot
BGS013: doesn't show hand 
*** SUMMARY ***
Total pot $2.50 | Rake $0 
Seat 1: BoyLoc0 folded before Flop (didn't bet)
Seat 2: Nicedaymybro folded before Flop (didn't bet)
Seat 3: habib beye folded before Flop (didn't bet)
Seat 4: BGS013 (button) collected ($2.50)
Seat 5: pipza05 (small blind) folded before Flop
Seat 6: dreimis190 (big blind) folded before Flop



PokerStars Hand #254578924619:  Hold'em No Limit ($0.50/$1.00 USD) - 2025/01/27 14:33:28 WET [2025/01/27 9:33:28 ET]
Table 'Norma IV' 6-max Seat #5 is the button
Seat 1: BoyLoc0 ($102.72 in chips) 
Seat 2: Nicedaymybro ($144.05 in chips) 
Seat 3: habib beye ($126.18 in chips) 
Seat 4: BGS013 ($101.50 in chips) 
Seat 5: pipza05 ($59.54 in chips) 
Seat 6: dreimis190 ($170.64 in chips) 
dreimis190: posts small blind $0.50
BoyLoc0: posts big blind $1
*** HOLE CARDS ***
Nicedaymybro: folds 
habib beye: folds 
BGS013: folds 
pipza05: folds 
dreimis190: raises $2 to $3
BoyLoc0: folds 
Uncalled bet ($2) returned to dreimis190
dreimis190 collected $2 from pot
dreimis190: doesn't show hand 
*** SUMMARY ***
Total pot $2 | Rake $0 
Seat 1: BoyLoc0 (big blind) folded before Flop
Seat 2: Nicedaymybro folded before Flop (didn't bet)
Seat 3: habib beye folded before Flop (didn't bet)
Seat 4: BGS013 folded before Flop (didn't bet)
Seat 5: pipza05 (button) folded before Flop (didn't bet)
Seat 6: dreimis190 (small blind) collected ($2)



PokerStars Hand #254578928197:  Hold'em No Limit ($0.50/$1.00 USD) - 2025/01/27 14:33:47 WET [2025/01/27 9:33:47 ET]
Table 'Norma IV' 6-max Seat #6 is the button
Seat 1: BoyLoc0 ($101.72 in chips) 
Seat 2: Nicedaymybro ($144.05 in chips) 
Seat 3: habib beye ($126.18 in chips) 
Seat 4: BGS013 ($101.50 in chips) 
Seat 5: pipza05 ($59.54 in chips) 
Seat 6: dreimis190 ($171.64 in chips) 
BoyLoc0: posts small blind $0.50
Nicedaymybro: posts big blind $1
*** HOLE CARDS ***
habib beye: folds 
BGS013: folds 
pipza05: folds 
dreimis190: raises $1.50 to $2.50
BoyLoc0: folds 
Nicedaymybro: raises $11 to $13.50
dreimis190: folds 
Uncalled bet ($11) returned to Nicedaymybro
Nicedaymybro collected $5.50 from pot
Nicedaymybro: doesn't show hand 
*** SUMMARY ***
Total pot $5.50 | Rake $0 
Seat 1: BoyLoc0 (small blind) folded before Flop
Seat 2: Nicedaymybro (big blind) collected ($5.50)
Seat 3: habib beye folded before Flop (didn't bet)
Seat 4: BGS013 folded before Flop (didn't bet)
Seat 5: pipza05 folded before Flop (didn't bet)
Seat 6: dreimis190 (button) folded before Flop



PokerStars Hand #254578933146:  Hold'em No Limit ($0.50/$1.00 USD) - 2025/01/27 14:34:15 WET [2025/01/27 9:34:15 ET]
Table 'Norma IV' 6-max Seat #1 is the button
Seat 1: BoyLoc0 ($101.22 in chips) 
Seat 2: Nicedaymybro ($147.05 in chips) 
Seat 3: habib beye ($126.18 in chips) 
Seat 4: BGS013 ($101.50 in chips) 
Seat 5: pipza05 ($59.54 in chips) 
Seat 6: dreimis190 ($169.14 in chips) 
Nicedaymybro: posts small blind $0.50
habib beye: posts big blind $1
*** HOLE CARDS ***
BGS013: folds 
pipza05: folds 
dreimis190: raises $1.50 to $2.50
BoyLoc0: folds 
Nicedaymybro: folds 
habib beye: calls $1.50
*** FLOP *** [8h Kc 3s]
habib beye: checks 
dreimis190: bets $1.22
habib beye: folds 
Uncalled bet ($1.22) returned to dreimis190
dreimis190 collected $5.22 from pot
dreimis190: doesn't show hand 
*** SUMMARY ***
Total pot $5.50 | Rake $0.28 
Board [8h Kc 3s]
Seat 1: BoyLoc0 (button) folded before Flop (didn't bet)
Seat 2: Nicedaymybro (small blind) folded before Flop
Seat 3: habib beye (big blind) folded on the Flop
Seat 4: BGS013 folded before Flop (didn't bet)
Seat 5: pipza05 folded before Flop (didn't bet)
Seat 6: dreimis190 collected ($5.22)



PokerStars Hand #254578940692:  Hold'em No Limit ($0.50/$1.00 USD) - 2025/01/27 14:34:55 WET [2025/01/27 9:34:55 ET]
Table 'Norma IV' 6-max Seat #2 is the button
Seat 1: BoyLoc0 ($101.22 in chips) 
Seat 2: Nicedaymybro ($146.55 in chips) 
Seat 3: habib beye ($123.68 in chips) 
Seat 4: BGS013 ($101.50 in chips) 
Seat 5: pipza05 ($59.54 in chips) 
Seat 6: dreimis190 ($171.86 in chips) 
habib beye: posts small blind $0.50
BGS013: posts big blind $1
*** HOLE CARDS ***
pipza05: folds 
dreimis190: folds 
BoyLoc0: folds 
Nicedaymybro: raises $1.50 to $2.50
habib beye: folds 
BGS013: raises $8.50 to $11
Nicedaymybro: folds 
Uncalled bet ($8.50) returned to BGS013
BGS013 collected $5.50 from pot
BGS013: doesn't show hand 
*** SUMMARY ***
Total pot $5.50 | Rake $0 
Seat 1: BoyLoc0 folded before Flop (didn't bet)
Seat 2: Nicedaymybro (button) folded before Flop
Seat 3: habib beye (small blind) folded before Flop
Seat 4: BGS013 (big blind) collected ($5.50)
Seat 5: pipza05 folded before Flop (didn't bet)
Seat 6: dreimis190 folded before Flop (didn't bet)



PokerStars Hand #254578944755:  Hold'em No Limit ($0.50/$1.00 USD) - 2025/01/27 14:35:18 WET [2025/01/27 9:35:18 ET]
Table 'Norma IV' 6-max Seat #3 is the button
Seat 1: BoyLoc0 ($101.22 in chips) 
Seat 2: Nicedaymybro ($144.05 in chips) 
Seat 3: habib beye ($123.18 in chips) 
Seat 4: BGS013 ($104.50 in chips) 
Seat 5: pipza05 ($59.54 in chips) 
Seat 6: dreimis190 ($171.86 in chips) 
BGS013: posts small blind $0.50
pipza05: posts big blind $1
*** HOLE CARDS ***
dreimis190: folds 
BoyLoc0: folds 
Nicedaymybro: folds 
habib beye: raises $1.50 to $2.50
BGS013: folds 
pipza05: calls $1.50
*** FLOP *** [7s 5s 4h]
pipza05: checks 
habib beye: bets $3.97
pipza05: folds 
Uncalled bet ($3.97) returned to habib beye
habib beye collected $5.22 from pot
*** SUMMARY ***
Total pot $5.50 | Rake $0.28 
Board [7s 5s 4h]
Seat 1: BoyLoc0 folded before Flop (didn't bet)
Seat 2: Nicedaymybro folded before Flop (didn't bet)
Seat 3: habib beye (button) collected ($5.22)
Seat 4: BGS013 (small blind) folded before Flop
Seat 5: pipza05 (big blind) folded on the Flop
Seat 6: dreimis190 folded before Flop (didn't bet)



PokerStars Hand #254578949104:  Hold'em No Limit ($0.50/$1.00 USD) - 2025/01/27 14:35:41 WET [2025/01/27 9:35:41 ET]
Table 'Norma IV' 6-max Seat #4 is the button
Seat 1: BoyLoc0 ($101.22 in chips) 
Seat 2: Nicedaymybro ($144.05 in chips) 
Seat 3: habib beye ($125.90 in chips) 
Seat 4: BGS013 ($104 in chips) 
Seat 5: pipza05 ($57.04 in chips) 
Seat 6: dreimis190 ($171.86 in chips) 
pipza05: posts small blind $0.50
dreimis190: posts big blind $1
*** HOLE CARDS ***
BoyLoc0: folds 
Nicedaymybro: folds 
habib beye: raises $1.30 to $2.30
BGS013: folds 
pipza05: folds 
dreimis190: calls $1.30
*** FLOP *** [9s Qs 7h]
dreimis190: checks 
habib beye: checks 
*** TURN *** [9s Qs 7h] [7s]
dreimis190: checks 
habib beye: checks 
*** RIVER *** [9s Qs 7h 7s] [9h]
dreimis190: bets $1
habib beye: calls $1
*** SHOW DOWN ***
dreimis190: shows [8d 8h] (two pair, Nines and Eights)
habib beye: shows [Th Tc] (two pair, Tens and Nines)
habib beye collected $6.74 from pot
*** SUMMARY ***
Total pot $7.10 | Rake $0.36 
Board [9s Qs 7h 7s 9h]
Seat 1: BoyLoc0 folded before Flop (didn't bet)
Seat 2: Nicedaymybro folded before Flop (didn't bet)
Seat 3: habib beye showed [Th Tc] and won ($6.74) with two pair, Tens and Nines
Seat 4: BGS013 (button) folded before Flop (didn't bet)
Seat 5: pipza05 (small blind) folded before Flop
Seat 6: dreimis190 (big blind) showed [8d 8h] and lost with two pair, Nines and Eights



PokerStars Hand #254578962373:  Hold'em No Limit ($0.50/$1.00 USD) - 2025/01/27 14:36:52 WET [2025/01/27 9:36:52 ET]
Table 'Norma IV' 6-max Seat #5 is the button
Seat 1: BoyLoc0 ($101.22 in chips) 
Seat 2: Nicedaymybro ($144.05 in chips) 
Seat 3: habib beye ($129.34 in chips) 
Seat 4: BGS013 ($104 in chips) 
Seat 5: pipza05 ($56.54 in chips) 
Seat 6: dreimis190 ($168.56 in chips) 
dreimis190: posts small blind $0.50
BoyLoc0: posts big blind $1
*** HOLE CARDS ***
Nicedaymybro: folds 
habib beye: raises $1.25 to $2.25
BGS013: folds 
pipza05: folds 
dreimis190: folds 
BoyLoc0: folds 
Uncalled bet ($1.25) returned to habib beye
habib beye collected $2.50 from pot
*** SUMMARY ***
Total pot $2.50 | Rake $0 
Seat 1: BoyLoc0 (big blind) folded before Flop
Seat 2: Nicedaymybro folded before Flop (didn't bet)
Seat 3: habib beye collected ($2.50)
Seat 4: BGS013 folded before Flop (didn't bet)
Seat 5: pipza05 (button) folded before Flop (didn't bet)
Seat 6: dreimis190 (small blind) folded before Flop



PokerStars Hand #254578966386:  Hold'em No Limit ($0.50/$1.00 USD) - 2025/01/27 14:37:14 WET [2025/01/27 9:37:14 ET]
Table 'Norma IV' 6-max Seat #6 is the button
Seat 1: BoyLoc0 ($100.22 in chips) 
Seat 2: Nicedaymybro ($144.05 in chips) 
Seat 3: habib beye ($130.84 in chips) 
Seat 4: BGS013 ($104 in chips) 
Seat 5: pipza05 ($56.54 in chips) 
Seat 6: dreimis190 ($168.06 in chips) 
BoyLoc0: posts small blind $0.50
Nicedaymybro: posts big blind $1
*** HOLE CARDS ***
habib beye: folds 
BGS013: raises $1 to $2
pipza05: folds 
dreimis190: folds 
BoyLoc0: folds 
Nicedaymybro: folds 
Uncalled bet ($1) returned to BGS013
BGS013 collected $2.50 from pot
BGS013: doesn't show hand 
*** SUMMARY ***
Total pot $2.50 | Rake $0 
Seat 1: BoyLoc0 (small blind) folded before Flop
Seat 2: Nicedaymybro (big blind) folded before Flop
Seat 3: habib beye folded before Flop (didn't bet)
Seat 4: BGS013 collected ($2.50)
Seat 5: pipza05 folded before Flop (didn't bet)
Seat 6: dreimis190 (button) folded before Flop (didn't bet)



PokerStars Hand #254578972182:  Hold'em No Limit ($0.50/$1.00 USD) - 2025/01/27 14:37:44 WET [2025/01/27 9:37:44 ET]
Table 'Norma IV' 6-max Seat #1 is the button
Seat 1: BoyLoc0 ($100 in chips) 
Seat 2: Nicedaymybro ($143.05 in chips) 
Seat 3: habib beye ($130.84 in chips) 
Seat 4: BGS013 ($105.50 in chips) 
Seat 5: pipza05 ($56.54 in chips) 
Seat 6: dreimis190 ($168.06 in chips) 
Nicedaymybro: posts small blind $0.50
habib beye: posts big blind $1
*** HOLE CARDS ***
BGS013: folds 
pipza05: calls $1
dreimis190: raises $2.50 to $3.50
BoyLoc0: folds 
Nicedaymybro: folds 
habib beye: raises $9.50 to $13
pipza05: folds 
dreimis190: folds 
Uncalled bet ($9.50) returned to habib beye
habib beye collected $8.50 from pot
*** SUMMARY ***
Total pot $8.50 | Rake $0 
Seat 1: BoyLoc0 (button) folded before Flop (didn't bet)
Seat 2: Nicedaymybro (small blind) folded before Flop
Seat 3: habib beye (big blind) collected ($8.50)
Seat 4: BGS013 folded before Flop (didn't bet)
Seat 5: pipza05 folded before Flop
Seat 6: dreimis190 folded before Flop



PokerStars Hand #254578978405:  Hold'em No Limit ($0.50/$1.00 USD) - 2025/01/27 14:38:18 WET [2025/01/27 9:38:18 ET]
Table 'Norma IV' 6-max Seat #2 is the button
Seat 1: BoyLoc0 ($100 in chips) 
Seat 2: Nicedaymybro ($142.55 in chips) 
Seat 3: habib beye ($135.84 in chips) 
Seat 4: BGS013 ($105.50 in chips) 
Seat 5: pipza05 ($55.54 in chips) 
Seat 6: dreimis190 ($164.56 in chips) 
habib beye: posts small blind $0.50
BGS013: posts big blind $1
*** HOLE CARDS ***
pipza05: folds 
dreimis190: folds 
BoyLoc0: folds 
Nicedaymybro: folds 
Nicedaymybro leaves the table
habib beye: folds 
Uncalled bet ($0.50) returned to BGS013
BGS013 collected $1 from pot
BGS013: doesn't show hand 
ponchua joins the table at seat #2 
*** SUMMARY ***
Total pot $1 | Rake $0 
Seat 1: BoyLoc0 folded before Flop (didn't bet)
Seat 2: Nicedaymybro (button) folded before Flop (didn't bet)
Seat 3: habib beye (small blind) folded before Flop
Seat 4: BGS013 (big blind) collected ($1)
Seat 5: pipza05 folded before Flop (didn't bet)
Seat 6: dreimis190 folded before Flop (didn't bet)



PokerStars Hand #254578980858:  Hold'em No Limit ($0.50/$1.00 USD) - 2025/01/27 14:38:31 WET [2025/01/27 9:38:31 ET]
Table 'Norma IV' 6-max Seat #3 is the button
Seat 2: ponchua ($100 in chips) is sitting out
Seat 1: BoyLoc0 ($100 in chips) 
Seat 3: habib beye ($135.34 in chips) 
Seat 4: BGS013 ($106 in chips) 
Seat 5: pipza05 ($55.54 in chips) 
Seat 6: dreimis190 ($164.56 in chips) 
BGS013: posts small blind $0.50
pipza05: posts big blind $1
ponchua: sits out 
*** HOLE CARDS ***
dreimis190: folds 
BoyLoc0: folds 
habib beye: raises $1.50 to $2.50
BGS013: folds 
pipza05: folds 
Uncalled bet ($1.50) returned to habib beye
habib beye collected $2.50 from pot
*** SUMMARY ***
Total pot $2.50 | Rake $0 
Seat 2: ponchua
Seat 1: BoyLoc0 folded before Flop (didn't bet)
Seat 3: habib beye (button) collected ($2.50)
Seat 4: BGS013 (small blind) folded before Flop
Seat 5: pipza05 (big blind) folded before Flop
Seat 6: dreimis190 folded before Flop (didn't bet)



PokerStars Hand #254578983682:  Hold'em No Limit ($0.50/$1.00 USD) - 2025/01/27 14:38:47 WET [2025/01/27 9:38:47 ET]
Table 'Norma IV' 6-max Seat #4 is the button
Seat 2: ponchua ($100 in chips) is sitting out
Seat 1: BoyLoc0 ($100 in chips) 
Seat 3: habib beye ($136.84 in chips) 
Seat 4: BGS013 ($105.50 in chips) 
Seat 5: pipza05 ($54.54 in chips) 
Seat 6: dreimis190 ($164.56 in chips) 
pipza05: posts small blind $0.50
dreimis190: posts big blind $1
ponchua: sits out 
*** HOLE CARDS ***
BoyLoc0: folds 
habib beye: folds 
BGS013: raises $1.50 to $2.50
pipza05: folds 
dreimis190: calls $1.50
*** FLOP *** [Js 3h 2h]
dreimis190: checks 
BGS013: bets $1.36
dreimis190: calls $1.36
*** TURN *** [Js 3h 2h] [8d]
dreimis190: checks 
BGS013: bets $10
dreimis190: calls $10
*** RIVER *** [Js 3h 2h 8d] [9d]
dreimis190: checks 
BGS013: checks 
*** SHOW DOWN ***
dreimis190: shows [Qd Jc] (a pair of Jacks)
BGS013: mucks hand 
dreimis190 collected $26.81 from pot
*** SUMMARY ***
Total pot $28.22 | Rake $1.41 
Board [Js 3h 2h 8d 9d]
Seat 2: ponchua
Seat 1: BoyLoc0 folded before Flop (didn't bet)
Seat 3: habib beye folded before Flop (didn't bet)
Seat 4: BGS013 (button) mucked
Seat 5: pipza05 (small blind) folded before Flop
Seat 6: dreimis190 (big blind) showed [Qd Jc] and won ($26.81) with a pair of Jacks



PokerStars Hand #254578997546:  Hold'em No Limit ($0.50/$1.00 USD) - 2025/01/27 14:40:02 WET [2025/01/27 9:40:02 ET]
Table 'Norma IV' 6-max Seat #5 is the button
Seat 2: ponchua ($100 in chips) is sitting out
Seat 1: BoyLoc0 ($100 in chips) 
Seat 3: habib beye ($136.84 in chips) 
Seat 4: BGS013 ($100 in chips) 
Seat 5: pipza05 ($54.04 in chips) 
Seat 6: dreimis190 ($177.51 in chips) 
dreimis190: posts small blind $0.50
BoyLoc0: posts big blind $1
ponchua: sits out 
*** HOLE CARDS ***
habib beye has timed out
habib beye: folds 
BGS013: folds 
pipza05: calls $1
dreimis190: folds 
BoyLoc0: checks 
*** FLOP *** [9d As 2h]
BoyLoc0: checks 
pipza05: checks 
*** TURN *** [9d As 2h] [5d]
BoyLoc0: bets $3.57
pipza05: folds 
Uncalled bet ($3.57) returned to BoyLoc0
BoyLoc0 collected $2.38 from pot
BoyLoc0: doesn't show hand 
*** SUMMARY ***
Total pot $2.50 | Rake $0.12 
Board [9d As 2h 5d]
Seat 2: ponchua
Seat 1: BoyLoc0 (big blind) collected ($2.38)
Seat 3: habib beye folded before Flop (didn't bet)
Seat 4: BGS013 folded before Flop (didn't bet)
Seat 5: pipza05 (button) folded on the Turn
Seat 6: dreimis190 (small blind) folded before Flop



PokerStars Hand #254579006467:  Hold'em No Limit ($0.50/$1.00 USD) - 2025/01/27 14:40:50 WET [2025/01/27 9:40:50 ET]
Table 'Norma IV' 6-max Seat #6 is the button
Seat 1: BoyLoc0 ($101.38 in chips) 
Seat 2: ponchua ($100 in chips) 
Seat 3: habib beye ($136.84 in chips) 
Seat 4: BGS013 ($100 in chips) 
Seat 5: pipza05 ($53.04 in chips) 
Seat 6: dreimis190 ($177.01 in chips) 
BoyLoc0: posts small blind $0.50
ponchua: posts big blind $1
*** HOLE CARDS ***
habib beye: folds 
BGS013: folds 
pipza05: calls $1
dreimis190: folds 
BoyLoc0: folds 
ponchua: raises $4 to $5
pipza05: calls $4
*** FLOP *** [3s As 7s]
ponchua: checks 
pipza05: checks 
*** TURN *** [3s As 7s] [Ts]
ponchua: bets $7.29
pipza05: calls $7.29
*** RIVER *** [3s As 7s Ts] [8h]
ponchua: bets $17.87
pipza05: raises $22.88 to $40.75 and is all-in
ponchua: calls $22.88
*** SHOW DOWN ***
pipza05: shows [Ad Qs] (a flush, Ace high)
ponchua: shows [Kh Ks] (a flush, Ace high - King higher)
ponchua collected $104.08 from pot
*** SUMMARY ***
Total pot $106.58 | Rake $2.50 
Board [3s As 7s Ts 8h]
Seat 1: BoyLoc0 (small blind) folded before Flop
Seat 2: ponchua (big blind) showed [Kh Ks] and won ($104.08) with a flush, Ace high
Seat 3: habib beye folded before Flop (didn't bet)
Seat 4: BGS013 folded before Flop (didn't bet)
Seat 5: pipza05 showed [Ad Qs] and lost with a flush, Ace high
Seat 6: dreimis190 (button) folded before Flop (didn't bet)



PokerStars Hand #254579012645:  Hold'em No Limit ($0.50/$1.00 USD) - 2025/01/27 14:41:23 WET [2025/01/27 9:41:23 ET]
Table 'Norma IV' 6-max Seat #1 is the button
Seat 5: pipza05 ($0 in chips) is sitting out
Seat 1: BoyLoc0 ($100.88 in chips) 
Seat 2: ponchua ($151.04 in chips) 
Seat 3: habib beye ($136.84 in chips) 
Seat 4: BGS013 ($100 in chips) 
Seat 6: dreimis190 ($177.01 in chips) 
ponchua: posts small blind $0.50
habib beye: posts big blind $1
*** HOLE CARDS ***
BGS013: folds 
pipza05 is disconnected 
dreimis190: folds 
BoyLoc0: raises $1.50 to $2.50
ponchua: folds 
habib beye: calls $1.50
*** FLOP *** [Kc Ah 8d]
habib beye: checks 
BoyLoc0: bets $7.83
habib beye: folds 
Uncalled bet ($7.83) returned to BoyLoc0
BoyLoc0 collected $5.22 from pot
BoyLoc0: doesn't show hand 
*** SUMMARY ***
Total pot $5.50 | Rake $0.28 
Board [Kc Ah 8d]
Seat 5: pipza05
Seat 1: BoyLoc0 (button) collected ($5.22)
Seat 2: ponchua (small blind) folded before Flop
Seat 3: habib beye (big blind) folded on the Flop
Seat 4: BGS013 folded before Flop (didn't bet)
Seat 6: dreimis190 folded before Flop (didn't bet)



PokerStars Hand #254579021472:  Hold'em No Limit ($0.50/$1.00 USD) - 2025/01/27 14:42:10 WET [2025/01/27 9:42:10 ET]
Table 'Norma IV' 6-max Seat #2 is the button
Seat 5: pipza05 ($0 in chips) is sitting out
Seat 1: BoyLoc0 ($103.60 in chips) 
Seat 2: ponchua ($150.54 in chips) 
Seat 3: habib beye ($134.34 in chips) 
Seat 4: BGS013 ($100 in chips) 
Seat 6: dreimis190 ($177.01 in chips) 
habib beye: posts small blind $0.50
BGS013: posts big blind $1
*** HOLE CARDS ***
dreimis190: folds 
BoyLoc0: folds 
dreimis190 leaves the table
ponchua: folds 
habib beye: folds 
Uncalled bet ($0.50) returned to BGS013
BGS013 collected $1 from pot
BGS013: doesn't show hand 
*** SUMMARY ***
Total pot $1 | Rake $0 
Seat 5: pipza05
Seat 1: BoyLoc0 folded before Flop (didn't bet)
Seat 2: ponchua (button) folded before Flop (didn't bet)
Seat 3: habib beye (small blind) folded before Flop
Seat 4: BGS013 (big blind) collected ($1)
Seat 6: dreimis190 folded before Flop (didn't bet)



PokerStars Hand #254579025933:  Hold'em No Limit ($0.50/$1.00 USD) - 2025/01/27 14:42:34 WET [2025/01/27 9:42:34 ET]
Table 'Norma IV' 6-max Seat #3 is the button
Seat 5: pipza05 ($0 in chips) is sitting out
Seat 1: BoyLoc0 ($103.60 in chips) 
Seat 2: ponchua ($150.54 in chips) 
Seat 3: habib beye ($133.84 in chips) 
Seat 4: BGS013 ($100.50 in chips) 
BGS013: posts small blind $0.50
BoyLoc0: posts big blind $1
*** HOLE CARDS ***
ponchua: raises $1.50 to $2.50
habib beye: raises $5.30 to $7.80
BGS013: folds 
BoyLoc0: folds 
ponchua: folds 
Uncalled bet ($5.30) returned to habib beye
habib beye collected $6.50 from pot
*** SUMMARY ***
Total pot $6.50 | Rake $0 
Seat 5: pipza05
Seat 1: BoyLoc0 (big blind) folded before Flop
Seat 2: ponchua folded before Flop
Seat 3: habib beye (button) collected ($6.50)
Seat 4: BGS013 (small blind) folded before Flop



PokerStars Hand #254579032105:  Hold'em No Limit ($0.50/$1.00 USD) - 2025/01/27 14:43:07 WET [2025/01/27 9:43:07 ET]
Table 'Norma IV' 6-max Seat #4 is the button
Seat 2: ponchua ($148.04 in chips) is sitting out
Seat 5: pipza05 ($0 in chips) is sitting out
Seat 1: BoyLoc0 ($102.60 in chips) 
Seat 3: habib beye ($137.84 in chips) 
Seat 4: BGS013 ($100 in chips) 
BoyLoc0: posts small blind $0.50
ponchua: is sitting out 
habib beye: posts big blind $1
*** HOLE CARDS ***
ponchua leaves the table
BGS013: folds 
BGS013 leaves the table
BoyLoc0: raises $2 to $3
habib beye: calls $2
*** FLOP *** [3h 8d 7c]
BoyLoc0: checks 
habib beye: checks 
*** TURN *** [3h 8d 7c] [Jc]
BoyLoc0: bets $4.28
habib beye: calls $4.28
*** RIVER *** [3h 8d 7c Jc] [Tc]
BoyLoc0: checks 
habib beye: bets $10.51
BoyLoc0: folds 
Uncalled bet ($10.51) returned to habib beye
habib beye collected $13.83 from pot
*** SUMMARY ***
Total pot $14.56 | Rake $0.73 
Board [3h 8d 7c Jc Tc]
Seat 2: ponchua
Seat 5: pipza05
Seat 1: BoyLoc0 (small blind) folded on the River
Seat 3: habib beye (big blind) collected ($13.83)
Seat 4: BGS013 (button) folded before Flop (didn't bet)



