PokerStars Hand #254576642371:  Hold'em No Limit ($0.50/$1.00 USD) - 2025/01/27 9:47:31 WET [2025/01/27 4:47:31 ET]
Table 'Algoa IV' 6-max Seat #3 is the button
Seat 1: AlexEliseev7 ($100 in chips) is sitting out
Seat 2: grand GOR ($100 in chips) 
Seat 3: Inoue19 ($142.78 in chips) 
Seat 4: ChuckNorrisQ ($100 in chips) 
Seat 5: Kreayshawn ($100 in chips) 
Seat 6: socito ($113.60 in chips) 
ChuckNorrisQ: posts small blind $0.50
Kreayshawn: posts big blind $1
AlexEliseev7: sits out 
*** HOLE CARDS ***
socito: folds 
grand GOR: folds 
Inoue19: folds 
ChuckNorrisQ: folds 
Uncalled bet ($0.50) returned to Kreayshawn
Kreayshawn collected $1 from pot
*** SUMMARY ***
Total pot $1 | Rake $0 
Seat 1: AlexEliseev7
Seat 2: grand GOR folded before Flop (didn't bet)
Seat 3: Inoue19 (button) folded before Flop (didn't bet)
Seat 4: ChuckNorrisQ (small blind) folded before Flop
Seat 5: Kreayshawn (big blind) collected ($1)
Seat 6: socito folded before Flop (didn't bet)



PokerStars Hand #254576643336:  Hold'em No Limit ($0.50/$1.00 USD) - 2025/01/27 9:47:41 WET [2025/01/27 4:47:41 ET]
Table 'Algoa IV' 6-max Seat #4 is the button
Seat 1: AlexEliseev7 ($100 in chips) is sitting out
Seat 2: grand GOR ($100 in chips) 
Seat 3: Inoue19 ($142.78 in chips) 
Seat 4: ChuckNorrisQ ($100 in chips) 
Seat 5: Kreayshawn ($100.50 in chips) 
Seat 6: socito ($113.60 in chips) 
Kreayshawn: posts small blind $0.50
socito: posts big blind $1
AlexEliseev7: sits out 
*** HOLE CARDS ***
grand GOR: folds 
Inoue19: folds 
ChuckNorrisQ: folds 
Kreayshawn: raises $2 to $3
socito: calls $2
*** FLOP *** [8h 6h Kc]
Kreayshawn: checks 
socito: checks 
*** TURN *** [8h 6h Kc] [8c]
Kreayshawn: checks 
socito: checks 
*** RIVER *** [8h 6h Kc 8c] [8s]
Kreayshawn: checks 
socito: checks 
*** SHOW DOWN ***
Kreayshawn: shows [Jh Ts] (three of a kind, Eights)
socito: shows [Qs Th] (three of a kind, Eights - King+Queen kicker)
socito collected $5.70 from pot
*** SUMMARY ***
Total pot $6 | Rake $0.30 
Board [8h 6h Kc 8c 8s]
Seat 1: AlexEliseev7
Seat 2: grand GOR folded before Flop (didn't bet)
Seat 3: Inoue19 folded before Flop (didn't bet)
Seat 4: ChuckNorrisQ (button) folded before Flop (didn't bet)
Seat 5: Kreayshawn (small blind) showed [Jh Ts] and lost with three of a kind, Eights
Seat 6: socito (big blind) showed [Qs Th] and won ($5.70) with three of a kind, Eights



PokerStars Hand #254576649975:  Hold'em No Limit ($0.50/$1.00 USD) - 2025/01/27 9:48:50 WET [2025/01/27 4:48:50 ET]
Table 'Algoa IV' 6-max Seat #5 is the button
Seat 1: AlexEliseev7 ($100 in chips) 
Seat 2: grand GOR ($100 in chips) 
Seat 3: Inoue19 ($142.78 in chips) 
Seat 4: ChuckNorrisQ ($100 in chips) 
Seat 5: Kreayshawn ($100 in chips) 
Seat 6: socito ($116.30 in chips) 
socito: posts small blind $0.50
AlexEliseev7: posts big blind $1
*** HOLE CARDS ***
grand GOR: folds 
Inoue19: folds 
ChuckNorrisQ: folds 
Kreayshawn: folds 
socito: folds 
Uncalled bet ($0.50) returned to AlexEliseev7
AlexEliseev7 collected $1 from pot
AlexEliseev7: doesn't show hand 
*** SUMMARY ***
Total pot $1 | Rake $0 
Seat 1: AlexEliseev7 (big blind) collected ($1)
Seat 2: grand GOR folded before Flop (didn't bet)
Seat 3: Inoue19 folded before Flop (didn't bet)
Seat 4: ChuckNorrisQ folded before Flop (didn't bet)
Seat 5: Kreayshawn (button) folded before Flop (didn't bet)
Seat 6: socito (small blind) folded before Flop



PokerStars Hand #254576651212:  Hold'em No Limit ($0.50/$1.00 USD) - 2025/01/27 9:49:03 WET [2025/01/27 4:49:03 ET]
Table 'Algoa IV' 6-max Seat #6 is the button
Seat 1: AlexEliseev7 ($100.50 in chips) 
Seat 2: grand GOR ($100 in chips) 
Seat 3: Inoue19 ($142.78 in chips) 
Seat 4: ChuckNorrisQ ($100 in chips) 
Seat 5: Kreayshawn ($100 in chips) 
Seat 6: socito ($115.80 in chips) 
AlexEliseev7: posts small blind $0.50
grand GOR: posts big blind $1
*** HOLE CARDS ***
Inoue19: folds 
ChuckNorrisQ: folds 
Kreayshawn: raises $1.50 to $2.50
socito: folds 
AlexEliseev7: folds 
grand GOR: folds 
Uncalled bet ($1.50) returned to Kreayshawn
Kreayshawn collected $2.50 from pot
*** SUMMARY ***
Total pot $2.50 | Rake $0 
Seat 1: AlexEliseev7 (small blind) folded before Flop
Seat 2: grand GOR (big blind) folded before Flop
Seat 3: Inoue19 folded before Flop (didn't bet)
Seat 4: ChuckNorrisQ folded before Flop (didn't bet)
Seat 5: Kreayshawn collected ($2.50)
Seat 6: socito (button) folded before Flop (didn't bet)



PokerStars Hand #254576653304:  Hold'em No Limit ($0.50/$1.00 USD) - 2025/01/27 9:49:24 WET [2025/01/27 4:49:24 ET]
Table 'Algoa IV' 6-max Seat #1 is the button
Seat 1: AlexEliseev7 ($100 in chips) 
Seat 2: grand GOR ($100 in chips) 
Seat 3: Inoue19 ($142.78 in chips) 
Seat 4: ChuckNorrisQ ($100 in chips) 
Seat 5: Kreayshawn ($101.50 in chips) 
Seat 6: socito ($115.80 in chips) 
grand GOR: posts small blind $0.50
Inoue19: posts big blind $1
*** HOLE CARDS ***
ChuckNorrisQ: raises $1 to $2
Kreayshawn: folds 
socito: folds 
AlexEliseev7: folds 
grand GOR: folds 
Inoue19: calls $1
*** FLOP *** [Jd 9c Qd]
Inoue19: checks 
ChuckNorrisQ: checks 
*** TURN *** [Jd 9c Qd] [2s]
Inoue19: bets $3
ChuckNorrisQ: folds 
Uncalled bet ($3) returned to Inoue19
Inoue19 collected $4.22 from pot
*** SUMMARY ***
Total pot $4.50 | Rake $0.28 
Board [Jd 9c Qd 2s]
Seat 1: AlexEliseev7 (button) folded before Flop (didn't bet)
Seat 2: grand GOR (small blind) folded before Flop
Seat 3: Inoue19 (big blind) collected ($4.22)
Seat 4: ChuckNorrisQ folded on the Turn
Seat 5: Kreayshawn folded before Flop (didn't bet)
Seat 6: socito folded before Flop (didn't bet)



PokerStars Hand #254576657182:  Hold'em No Limit ($0.50/$1.00 USD) - 2025/01/27 9:50:05 WET [2025/01/27 4:50:05 ET]
Table 'Algoa IV' 6-max Seat #2 is the button
Seat 1: AlexEliseev7 ($100 in chips) 
Seat 2: grand GOR ($100 in chips) 
Seat 3: Inoue19 ($145 in chips) 
Seat 4: ChuckNorrisQ ($100 in chips) 
Seat 5: Kreayshawn ($101.50 in chips) 
Seat 6: socito ($115.80 in chips) 
Inoue19: posts small blind $0.50
ChuckNorrisQ: posts big blind $1
*** HOLE CARDS ***
Kreayshawn: folds 
socito: raises $1.50 to $2.50
AlexEliseev7: folds 
grand GOR: folds 
Inoue19: calls $2
ChuckNorrisQ: folds 
*** FLOP *** [Ks 9c 8s]
Inoue19: bets $1
socito: raises $5.08 to $6.08
Inoue19: calls $5.08
*** TURN *** [Ks 9c 8s] [As]
Inoue19: checks 
socito: bets $4.31
Inoue19: calls $4.31
*** RIVER *** [Ks 9c 8s As] [6c]
Inoue19: checks 
socito: bets $38.16
Inoue19: folds 
Uncalled bet ($38.16) returned to socito
socito collected $25.44 from pot
socito: doesn't show hand 
*** SUMMARY ***
Total pot $26.78 | Rake $1.34 
Board [Ks 9c 8s As 6c]
Seat 1: AlexEliseev7 folded before Flop (didn't bet)
Seat 2: grand GOR (button) folded before Flop (didn't bet)
Seat 3: Inoue19 (small blind) folded on the River
Seat 4: ChuckNorrisQ (big blind) folded before Flop
Seat 5: Kreayshawn folded before Flop (didn't bet)
Seat 6: socito collected ($25.44)



PokerStars Hand #254576661510:  Hold'em No Limit ($0.50/$1.00 USD) - 2025/01/27 9:50:50 WET [2025/01/27 4:50:50 ET]
Table 'Algoa IV' 6-max Seat #3 is the button
Seat 1: AlexEliseev7 ($100 in chips) 
Seat 2: grand GOR ($100 in chips) 
Seat 3: Inoue19 ($132.11 in chips) 
Seat 4: ChuckNorrisQ ($100 in chips) 
Seat 5: Kreayshawn ($101.50 in chips) 
Seat 6: socito ($128.35 in chips) 
ChuckNorrisQ: posts small blind $0.50
Kreayshawn: posts big blind $1
*** HOLE CARDS ***
socito: folds 
AlexEliseev7: folds 
grand GOR: folds 
Inoue19: calls $1
ChuckNorrisQ: folds 
Kreayshawn: checks 
*** FLOP *** [4d 7h 7c]
Kreayshawn: checks 
Inoue19: checks 
*** TURN *** [4d 7h 7c] [9s]
Kreayshawn: checks 
Inoue19: checks 
*** RIVER *** [4d 7h 7c 9s] [Td]
Kreayshawn: checks 
Inoue19: checks 
*** SHOW DOWN ***
Kreayshawn: shows [Jc 3h] (a pair of Sevens)
Inoue19: shows [Kd Ah] (a pair of Sevens - Ace kicker)
Inoue19 collected $2.35 from pot
*** SUMMARY ***
Total pot $2.50 | Rake $0.15 
Board [4d 7h 7c 9s Td]
Seat 1: AlexEliseev7 folded before Flop (didn't bet)
Seat 2: grand GOR folded before Flop (didn't bet)
Seat 3: Inoue19 (button) showed [Kd Ah] and won ($2.35) with a pair of Sevens
Seat 4: ChuckNorrisQ (small blind) folded before Flop
Seat 5: Kreayshawn (big blind) showed [Jc 3h] and lost with a pair of Sevens
Seat 6: socito folded before Flop (didn't bet)



PokerStars Hand #254576665530:  Hold'em No Limit ($0.50/$1.00 USD) - 2025/01/27 9:51:32 WET [2025/01/27 4:51:32 ET]
Table 'Algoa IV' 6-max Seat #4 is the button
Seat 1: AlexEliseev7 ($100 in chips) 
Seat 2: grand GOR ($100 in chips) 
Seat 3: Inoue19 ($133.46 in chips) 
Seat 4: ChuckNorrisQ ($100 in chips) 
Seat 5: Kreayshawn ($100.50 in chips) 
Seat 6: socito ($128.35 in chips) 
Kreayshawn: posts small blind $0.50
socito: posts big blind $1
*** HOLE CARDS ***
AlexEliseev7: folds 
grand GOR: raises $1.50 to $2.50
Inoue19: folds 
ChuckNorrisQ: raises $5 to $7.50
Kreayshawn: folds 
socito: folds 
grand GOR: calls $5
*** FLOP *** [6h Kh Jd]
grand GOR: checks 
ChuckNorrisQ: checks 
*** TURN *** [6h Kh Jd] [8d]
grand GOR: checks 
ChuckNorrisQ: checks 
*** RIVER *** [6h Kh Jd 8d] [As]
grand GOR: checks 
ChuckNorrisQ: bets $7.84
grand GOR: folds 
Uncalled bet ($7.84) returned to ChuckNorrisQ
ChuckNorrisQ collected $15.68 from pot
ChuckNorrisQ: doesn't show hand 
*** SUMMARY ***
Total pot $16.50 | Rake $0.82 
Board [6h Kh Jd 8d As]
Seat 1: AlexEliseev7 folded before Flop (didn't bet)
Seat 2: grand GOR folded on the River
Seat 3: Inoue19 folded before Flop (didn't bet)
Seat 4: ChuckNorrisQ (button) collected ($15.68)
Seat 5: Kreayshawn (small blind) folded before Flop
Seat 6: socito (big blind) folded before Flop



PokerStars Hand #254576672413:  Hold'em No Limit ($0.50/$1.00 USD) - 2025/01/27 9:52:43 WET [2025/01/27 4:52:43 ET]
Table 'Algoa IV' 6-max Seat #5 is the button
Seat 1: AlexEliseev7 ($100 in chips) 
Seat 2: grand GOR ($100 in chips) 
Seat 3: Inoue19 ($133.46 in chips) 
Seat 4: ChuckNorrisQ ($108.18 in chips) 
Seat 5: Kreayshawn ($100 in chips) 
Seat 6: socito ($127.35 in chips) 
socito: posts small blind $0.50
AlexEliseev7: posts big blind $1
*** HOLE CARDS ***
grand GOR: folds 
Inoue19: folds 
ChuckNorrisQ: folds 
Kreayshawn has timed out
Kreayshawn: folds 
socito: folds 
Uncalled bet ($0.50) returned to AlexEliseev7
AlexEliseev7 collected $1 from pot
AlexEliseev7: doesn't show hand 
*** SUMMARY ***
Total pot $1 | Rake $0 
Seat 1: AlexEliseev7 (big blind) collected ($1)
Seat 2: grand GOR folded before Flop (didn't bet)
Seat 3: Inoue19 folded before Flop (didn't bet)
Seat 4: ChuckNorrisQ folded before Flop (didn't bet)
Seat 5: Kreayshawn (button) folded before Flop (didn't bet)
Seat 6: socito (small blind) folded before Flop



PokerStars Hand #254576676080:  Hold'em No Limit ($0.50/$1.00 USD) - 2025/01/27 9:53:21 WET [2025/01/27 4:53:21 ET]
Table 'Algoa IV' 6-max Seat #6 is the button
Seat 5: Kreayshawn ($100 in chips) is sitting out
Seat 1: AlexEliseev7 ($100.50 in chips) 
Seat 2: grand GOR ($100 in chips) 
Seat 3: Inoue19 ($133.46 in chips) 
Seat 4: ChuckNorrisQ ($108.18 in chips) 
Seat 6: socito ($126.85 in chips) 
AlexEliseev7: posts small blind $0.50
grand GOR: posts big blind $1
*** HOLE CARDS ***
Inoue19: folds 
ChuckNorrisQ: folds 
socito: raises $1.50 to $2.50
AlexEliseev7: folds 
grand GOR: folds 
Uncalled bet ($1.50) returned to socito
socito collected $2.50 from pot
socito: doesn't show hand 
*** SUMMARY ***
Total pot $2.50 | Rake $0 
Seat 5: Kreayshawn
Seat 1: AlexEliseev7 (small blind) folded before Flop
Seat 2: grand GOR (big blind) folded before Flop
Seat 3: Inoue19 folded before Flop (didn't bet)
Seat 4: ChuckNorrisQ folded before Flop (didn't bet)
Seat 6: socito (button) collected ($2.50)



PokerStars Hand #254576680785:  Hold'em No Limit ($0.50/$1.00 USD) - 2025/01/27 9:54:10 WET [2025/01/27 4:54:10 ET]
Table 'Algoa IV' 6-max Seat #1 is the button
Seat 1: AlexEliseev7 ($100 in chips) 
Seat 2: grand GOR ($100 in chips) 
Seat 3: Inoue19 ($133.46 in chips) 
Seat 4: ChuckNorrisQ ($108.18 in chips) 
Seat 5: Kreayshawn ($100 in chips) 
Seat 6: socito ($128.35 in chips) 
grand GOR: posts small blind $0.50
Inoue19: posts big blind $1
*** HOLE CARDS ***
ChuckNorrisQ: folds 
Kreayshawn: folds 
socito: folds 
AlexEliseev7: folds 
grand GOR: calls $0.50
Inoue19: checks 
*** FLOP *** [Ad Th Kc]
grand GOR: checks 
Inoue19: checks 
*** TURN *** [Ad Th Kc] [Jc]
grand GOR: bets $1
Inoue19: folds 
Uncalled bet ($1) returned to grand GOR
grand GOR collected $1.90 from pot
grand GOR: doesn't show hand 
*** SUMMARY ***
Total pot $2 | Rake $0.10 
Board [Ad Th Kc Jc]
Seat 1: AlexEliseev7 (button) folded before Flop (didn't bet)
Seat 2: grand GOR (small blind) collected ($1.90)
Seat 3: Inoue19 (big blind) folded on the Turn
Seat 4: ChuckNorrisQ folded before Flop (didn't bet)
Seat 5: Kreayshawn folded before Flop (didn't bet)
Seat 6: socito folded before Flop (didn't bet)



PokerStars Hand #254576683489:  Hold'em No Limit ($0.50/$1.00 USD) - 2025/01/27 9:54:38 WET [2025/01/27 4:54:38 ET]
Table 'Algoa IV' 6-max Seat #2 is the button
Seat 4: ChuckNorrisQ ($108.18 in chips) is sitting out
Seat 1: AlexEliseev7 ($100 in chips) 
Seat 2: grand GOR ($100.90 in chips) 
Seat 3: Inoue19 ($132.46 in chips) 
Seat 5: Kreayshawn ($100 in chips) 
Seat 6: socito ($128.35 in chips) 
Inoue19: posts small blind $0.50
ChuckNorrisQ: is sitting out 
Kreayshawn: posts big blind $1
*** HOLE CARDS ***
socito: folds 
AlexEliseev7: raises $1.50 to $2.50
grand GOR: folds 
Inoue19: calls $2
Kreayshawn: folds 
*** FLOP *** [8c 4s 2h]
Inoue19: checks 
AlexEliseev7: bets $4.45
Inoue19: folds 
Uncalled bet ($4.45) returned to AlexEliseev7
AlexEliseev7 collected $5.70 from pot
AlexEliseev7: doesn't show hand 
*** SUMMARY ***
Total pot $6 | Rake $0.30 
Board [8c 4s 2h]
Seat 4: ChuckNorrisQ
Seat 1: AlexEliseev7 collected ($5.70)
Seat 2: grand GOR (button) folded before Flop (didn't bet)
Seat 3: Inoue19 (small blind) folded on the Flop
Seat 5: Kreayshawn (big blind) folded before Flop
Seat 6: socito folded before Flop (didn't bet)



PokerStars Hand #254576685708:  Hold'em No Limit ($0.50/$1.00 USD) - 2025/01/27 9:55:01 WET [2025/01/27 4:55:01 ET]
Table 'Algoa IV' 6-max Seat #3 is the button
Seat 4: ChuckNorrisQ ($108.18 in chips) is sitting out
Seat 1: AlexEliseev7 ($103.20 in chips) 
Seat 2: grand GOR ($100.90 in chips) 
Seat 3: Inoue19 ($129.96 in chips) 
Seat 5: Kreayshawn ($100 in chips) 
Seat 6: socito ($128.35 in chips) 
Kreayshawn: posts small blind $0.50
socito: posts big blind $1
*** HOLE CARDS ***
AlexEliseev7: folds 
grand GOR: folds 
Inoue19: calls $1
Kreayshawn: folds 
socito: checks 
*** FLOP *** [Td 5c 5h]
socito: checks 
Inoue19: checks 
*** TURN *** [Td 5c 5h] [4d]
socito: checks 
Inoue19: checks 
*** RIVER *** [Td 5c 5h 4d] [9h]
socito: checks 
Inoue19: checks 
*** SHOW DOWN ***
socito: shows [6c Ks] (a pair of Fives)
Inoue19: shows [9s 8s] (two pair, Nines and Fives)
Inoue19 collected $2.35 from pot
*** SUMMARY ***
Total pot $2.50 | Rake $0.15 
Board [Td 5c 5h 4d 9h]
Seat 4: ChuckNorrisQ
Seat 1: AlexEliseev7 folded before Flop (didn't bet)
Seat 2: grand GOR folded before Flop (didn't bet)
Seat 3: Inoue19 (button) showed [9s 8s] and won ($2.35) with two pair, Nines and Fives
Seat 5: Kreayshawn (small blind) folded before Flop
Seat 6: socito (big blind) showed [6c Ks] and lost with a pair of Fives



PokerStars Hand #254576688963:  Hold'em No Limit ($0.50/$1.00 USD) - 2025/01/27 9:55:38 WET [2025/01/27 4:55:38 ET]
Table 'Algoa IV' 6-max Seat #5 is the button
Seat 4: ChuckNorrisQ ($108.18 in chips) is sitting out
Seat 1: AlexEliseev7 ($103.20 in chips) 
Seat 2: grand GOR ($100.90 in chips) 
Seat 3: Inoue19 ($131.31 in chips) 
Seat 5: Kreayshawn ($100 in chips) 
Seat 6: socito ($127.35 in chips) 
socito: posts small blind $0.50
AlexEliseev7: posts big blind $1
*** HOLE CARDS ***
grand GOR: folds 
Inoue19: calls $1
Kreayshawn: folds 
socito: folds 
AlexEliseev7: checks 
*** FLOP *** [4c 7s 2s]
AlexEliseev7: checks 
Inoue19: bets $2
AlexEliseev7: calls $2
*** TURN *** [4c 7s 2s] [2c]
AlexEliseev7: checks 
Inoue19: bets $4
AlexEliseev7: folds 
Uncalled bet ($4) returned to Inoue19
Inoue19 collected $6.10 from pot
*** SUMMARY ***
Total pot $6.50 | Rake $0.40 
Board [4c 7s 2s 2c]
Seat 4: ChuckNorrisQ
Seat 1: AlexEliseev7 (big blind) folded on the Turn
Seat 2: grand GOR folded before Flop (didn't bet)
Seat 3: Inoue19 collected ($6.10)
Seat 5: Kreayshawn (button) folded before Flop (didn't bet)
Seat 6: socito (small blind) folded before Flop



PokerStars Hand #254576692204:  Hold'em No Limit ($0.50/$1.00 USD) - 2025/01/27 9:56:17 WET [2025/01/27 4:56:17 ET]
Table 'Algoa IV' 6-max Seat #6 is the button
Seat 4: ChuckNorrisQ ($108.18 in chips) is sitting out
Seat 1: AlexEliseev7 ($100.20 in chips) 
Seat 2: grand GOR ($100.90 in chips) 
Seat 3: Inoue19 ($134.41 in chips) 
Seat 5: Kreayshawn ($100 in chips) 
Seat 6: socito ($126.85 in chips) 
AlexEliseev7: posts small blind $0.50
grand GOR: posts big blind $1
*** HOLE CARDS ***
Inoue19: calls $1
Kreayshawn: folds 
socito: folds 
AlexEliseev7: calls $0.50
grand GOR: checks 
*** FLOP *** [3h Js 6h]
AlexEliseev7: checks 
grand GOR: checks 
Inoue19: checks 
*** TURN *** [3h Js 6h] [2d]
AlexEliseev7: checks 
grand GOR: bets $1.43
Inoue19: folds 
AlexEliseev7: calls $1.43
*** RIVER *** [3h Js 6h 2d] [Ac]
AlexEliseev7: checks 
grand GOR: checks 
*** SHOW DOWN ***
AlexEliseev7: shows [5c 5s] (a pair of Fives)
grand GOR: mucks hand 
AlexEliseev7 collected $5.57 from pot
*** SUMMARY ***
Total pot $5.86 | Rake $0.29 
Board [3h Js 6h 2d Ac]
Seat 4: ChuckNorrisQ
Seat 1: AlexEliseev7 (small blind) showed [5c 5s] and won ($5.57) with a pair of Fives
Seat 2: grand GOR (big blind) mucked
Seat 3: Inoue19 folded on the Turn
Seat 5: Kreayshawn folded before Flop (didn't bet)
Seat 6: socito (button) folded before Flop (didn't bet)



PokerStars Hand #254576695721:  Hold'em No Limit ($0.50/$1.00 USD) - 2025/01/27 9:56:59 WET [2025/01/27 4:56:59 ET]
Table 'Algoa IV' 6-max Seat #1 is the button
Seat 4: ChuckNorrisQ ($108.18 in chips) is sitting out
Seat 1: AlexEliseev7 ($103.34 in chips) 
Seat 2: grand GOR ($100 in chips) 
Seat 3: Inoue19 ($133.41 in chips) 
Seat 5: Kreayshawn ($100 in chips) 
Seat 6: socito ($126.85 in chips) 
grand GOR: posts small blind $0.50
Inoue19: posts big blind $1
*** HOLE CARDS ***
Kreayshawn: raises $1.50 to $2.50
socito: folds 
AlexEliseev7: folds 
grand GOR: folds 
Inoue19: folds 
Uncalled bet ($1.50) returned to Kreayshawn
Kreayshawn collected $2.50 from pot
*** SUMMARY ***
Total pot $2.50 | Rake $0 
Seat 4: ChuckNorrisQ
Seat 1: AlexEliseev7 (button) folded before Flop (didn't bet)
Seat 2: grand GOR (small blind) folded before Flop
Seat 3: Inoue19 (big blind) folded before Flop
Seat 5: Kreayshawn collected ($2.50)
Seat 6: socito folded before Flop (didn't bet)



PokerStars Hand #254576697048:  Hold'em No Limit ($0.50/$1.00 USD) - 2025/01/27 9:57:15 WET [2025/01/27 4:57:15 ET]
Table 'Algoa IV' 6-max Seat #2 is the button
Seat 4: ChuckNorrisQ ($108.18 in chips) is sitting out
Seat 1: AlexEliseev7 ($103.34 in chips) 
Seat 2: grand GOR ($100 in chips) 
Seat 3: Inoue19 ($132.41 in chips) 
Seat 5: Kreayshawn ($101.50 in chips) 
Seat 6: socito ($126.85 in chips) 
Inoue19: posts small blind $0.50
Kreayshawn: posts big blind $1
*** HOLE CARDS ***
socito: folds 
AlexEliseev7: folds 
grand GOR: folds 
Inoue19: calls $0.50
Kreayshawn: checks 
*** FLOP *** [3c Kh 2d]
Inoue19: checks 
Kreayshawn: checks 
*** TURN *** [3c Kh 2d] [9s]
Inoue19: checks 
Kreayshawn: checks 
*** RIVER *** [3c Kh 2d 9s] [6d]
Inoue19: bets $1
Kreayshawn: calls $1
*** SHOW DOWN ***
Inoue19: shows [Ad 2h] (a pair of Deuces)
Kreayshawn: shows [6c Js] (a pair of Sixes)
Kreayshawn collected $3.80 from pot
*** SUMMARY ***
Total pot $4 | Rake $0.20 
Board [3c Kh 2d 9s 6d]
Seat 4: ChuckNorrisQ
Seat 1: AlexEliseev7 folded before Flop (didn't bet)
Seat 2: grand GOR (button) folded before Flop (didn't bet)
Seat 3: Inoue19 (small blind) showed [Ad 2h] and lost with a pair of Deuces
Seat 5: Kreayshawn (big blind) showed [6c Js] and won ($3.80) with a pair of Sixes
Seat 6: socito folded before Flop (didn't bet)



PokerStars Hand #254576699167:  Hold'em No Limit ($0.50/$1.00 USD) - 2025/01/27 9:57:40 WET [2025/01/27 4:57:40 ET]
Table 'Algoa IV' 6-max Seat #3 is the button
Seat 4: ChuckNorrisQ ($108.18 in chips) is sitting out
Seat 1: AlexEliseev7 ($103.34 in chips) 
Seat 2: grand GOR ($100 in chips) 
Seat 3: Inoue19 ($130.41 in chips) 
Seat 5: Kreayshawn ($103.30 in chips) 
Seat 6: socito ($126.85 in chips) 
Kreayshawn: posts small blind $0.50
socito: posts big blind $1
*** HOLE CARDS ***
AlexEliseev7: folds 
grand GOR: folds 
Inoue19: folds 
Kreayshawn: folds 
Uncalled bet ($0.50) returned to socito
socito collected $1 from pot
socito: doesn't show hand 
*** SUMMARY ***
Total pot $1 | Rake $0 
Seat 4: ChuckNorrisQ
Seat 1: AlexEliseev7 folded before Flop (didn't bet)
Seat 2: grand GOR folded before Flop (didn't bet)
Seat 3: Inoue19 (button) folded before Flop (didn't bet)
Seat 5: Kreayshawn (small blind) folded before Flop
Seat 6: socito (big blind) collected ($1)



PokerStars Hand #254576699825:  Hold'em No Limit ($0.50/$1.00 USD) - 2025/01/27 9:57:48 WET [2025/01/27 4:57:48 ET]
Table 'Algoa IV' 6-max Seat #5 is the button
Seat 4: ChuckNorrisQ ($108.18 in chips) is sitting out
Seat 1: AlexEliseev7 ($103.34 in chips) 
Seat 2: grand GOR ($100 in chips) 
Seat 3: Inoue19 ($130.41 in chips) 
Seat 5: Kreayshawn ($102.80 in chips) 
Seat 6: socito ($127.35 in chips) 
socito: posts small blind $0.50
AlexEliseev7: posts big blind $1
*** HOLE CARDS ***
grand GOR: raises $1.50 to $2.50
Inoue19: calls $2.50
Kreayshawn: folds 
socito: folds 
AlexEliseev7: folds 
*** FLOP *** [Qh Jh 5d]
grand GOR: bets $3.09
Inoue19: folds 
Uncalled bet ($3.09) returned to grand GOR
grand GOR collected $6.18 from pot
grand GOR: doesn't show hand 
*** SUMMARY ***
Total pot $6.50 | Rake $0.32 
Board [Qh Jh 5d]
Seat 4: ChuckNorrisQ
Seat 1: AlexEliseev7 (big blind) folded before Flop
Seat 2: grand GOR collected ($6.18)
Seat 3: Inoue19 folded on the Flop
Seat 5: Kreayshawn (button) folded before Flop (didn't bet)
Seat 6: socito (small blind) folded before Flop



PokerStars Hand #254576701850:  Hold'em No Limit ($0.50/$1.00 USD) - 2025/01/27 9:58:13 WET [2025/01/27 4:58:13 ET]
Table 'Algoa IV' 6-max Seat #6 is the button
Seat 4: ChuckNorrisQ ($108.18 in chips) is sitting out
Seat 1: AlexEliseev7 ($102.34 in chips) 
Seat 2: grand GOR ($103.68 in chips) 
Seat 3: Inoue19 ($127.91 in chips) 
Seat 5: Kreayshawn ($102.80 in chips) 
Seat 6: socito ($126.85 in chips) 
AlexEliseev7: posts small blind $0.50
grand GOR: posts big blind $1
*** HOLE CARDS ***
Inoue19: folds 
Kreayshawn: folds 
socito: raises $1.50 to $2.50
AlexEliseev7: folds 
grand GOR: folds 
Uncalled bet ($1.50) returned to socito
socito collected $2.50 from pot
socito: doesn't show hand 
*** SUMMARY ***
Total pot $2.50 | Rake $0 
Seat 4: ChuckNorrisQ
Seat 1: AlexEliseev7 (small blind) folded before Flop
Seat 2: grand GOR (big blind) folded before Flop
Seat 3: Inoue19 folded before Flop (didn't bet)
Seat 5: Kreayshawn folded before Flop (didn't bet)
Seat 6: socito (button) collected ($2.50)



PokerStars Hand #254576703219:  Hold'em No Limit ($0.50/$1.00 USD) - 2025/01/27 9:58:29 WET [2025/01/27 4:58:29 ET]
Table 'Algoa IV' 6-max Seat #1 is the button
Seat 4: ChuckNorrisQ ($108.18 in chips) is sitting out
Seat 1: AlexEliseev7 ($101.84 in chips) 
Seat 2: grand GOR ($102.68 in chips) 
Seat 3: Inoue19 ($127.91 in chips) 
Seat 5: Kreayshawn ($102.80 in chips) 
Seat 6: socito ($128.35 in chips) 
grand GOR: posts small blind $0.50
Inoue19: posts big blind $1
ChuckNorrisQ: sits out 
*** HOLE CARDS ***
Kreayshawn: folds 
socito: folds 
AlexEliseev7: folds 
grand GOR: folds 
Uncalled bet ($0.50) returned to Inoue19
Inoue19 collected $1 from pot
*** SUMMARY ***
Total pot $1 | Rake $0 
Seat 4: ChuckNorrisQ
Seat 1: AlexEliseev7 (button) folded before Flop (didn't bet)
Seat 2: grand GOR (small blind) folded before Flop
Seat 3: Inoue19 (big blind) collected ($1)
Seat 5: Kreayshawn folded before Flop (didn't bet)
Seat 6: socito folded before Flop (didn't bet)



PokerStars Hand #254576704437:  Hold'em No Limit ($0.50/$1.00 USD) - 2025/01/27 9:58:45 WET [2025/01/27 4:58:45 ET]
Table 'Algoa IV' 6-max Seat #2 is the button
Seat 1: AlexEliseev7 ($101.84 in chips) 
Seat 2: grand GOR ($102.18 in chips) 
Seat 3: Inoue19 ($128.41 in chips) 
Seat 4: ChuckNorrisQ ($108.18 in chips) 
Seat 5: Kreayshawn ($102.80 in chips) 
Seat 6: socito ($128.35 in chips) 
Inoue19: posts small blind $0.50
ChuckNorrisQ: posts big blind $1
*** HOLE CARDS ***
Kreayshawn: folds 
socito: raises $1.50 to $2.50
AlexEliseev7: folds 
grand GOR: folds 
Inoue19: calls $2
ChuckNorrisQ: calls $1.50
*** FLOP *** [2d 7s 2s]
Inoue19: checks 
ChuckNorrisQ: checks 
socito: bets $2.35
Inoue19: folds 
ChuckNorrisQ: raises $10.65 to $13
socito: calls $10.65
*** TURN *** [2d 7s 2s] [4s]
ChuckNorrisQ: bets $15.91
socito: folds 
Uncalled bet ($15.91) returned to ChuckNorrisQ
ChuckNorrisQ collected $31.82 from pot
ChuckNorrisQ: doesn't show hand 
*** SUMMARY ***
Total pot $33.50 | Rake $1.68 
Board [2d 7s 2s 4s]
Seat 1: AlexEliseev7 folded before Flop (didn't bet)
Seat 2: grand GOR (button) folded before Flop (didn't bet)
Seat 3: Inoue19 (small blind) folded on the Flop
Seat 4: ChuckNorrisQ (big blind) collected ($31.82)
Seat 5: Kreayshawn folded before Flop (didn't bet)
Seat 6: socito folded on the Turn



PokerStars Hand #254576712404:  Hold'em No Limit ($0.50/$1.00 USD) - 2025/01/27 10:00:19 WET [2025/01/27 5:00:19 ET]
Table 'Algoa IV' 6-max Seat #3 is the button
Seat 1: AlexEliseev7 ($101.84 in chips) 
Seat 2: grand GOR ($102.18 in chips) 
Seat 3: Inoue19 ($125.91 in chips) 
Seat 4: ChuckNorrisQ ($124.50 in chips) 
Seat 5: Kreayshawn ($102.80 in chips) 
Seat 6: socito ($112.85 in chips) 
ChuckNorrisQ: posts small blind $0.50
Kreayshawn: posts big blind $1
*** HOLE CARDS ***
socito: folds 
AlexEliseev7: folds 
grand GOR: folds 
Inoue19: calls $1
ChuckNorrisQ: raises $4 to $5
Kreayshawn: folds 
Inoue19: calls $4
*** FLOP *** [Ah 9d 5c]
ChuckNorrisQ: bets $3.45
Inoue19: calls $3.45
*** TURN *** [Ah 9d 5c] [3d]
ChuckNorrisQ: checks 
Inoue19: checks 
*** RIVER *** [Ah 9d 5c 3d] [Qs]
ChuckNorrisQ: bets $15
Inoue19: calls $15
*** SHOW DOWN ***
ChuckNorrisQ: shows [Ts Kc] (high card Ace)
Inoue19: shows [Jd Jc] (a pair of Jacks)
Inoue19 collected $44.90 from pot
*** SUMMARY ***
Total pot $47.90 | Rake $3 
Board [Ah 9d 5c 3d Qs]
Seat 1: AlexEliseev7 folded before Flop (didn't bet)
Seat 2: grand GOR folded before Flop (didn't bet)
Seat 3: Inoue19 (button) showed [Jd Jc] and won ($44.90) with a pair of Jacks
Seat 4: ChuckNorrisQ (small blind) showed [Ts Kc] and lost with high card Ace
Seat 5: Kreayshawn (big blind) folded before Flop
Seat 6: socito folded before Flop (didn't bet)



PokerStars Hand #254576717954:  Hold'em No Limit ($0.50/$1.00 USD) - 2025/01/27 10:01:19 WET [2025/01/27 5:01:19 ET]
Table 'Algoa IV' 6-max Seat #4 is the button
Seat 1: AlexEliseev7 ($101.84 in chips) 
Seat 2: grand GOR ($102.18 in chips) 
Seat 3: Inoue19 ($147.36 in chips) 
Seat 4: ChuckNorrisQ ($101.05 in chips) 
Seat 5: Kreayshawn ($101.80 in chips) 
Seat 6: socito ($112.85 in chips) 
Kreayshawn: posts small blind $0.50
socito: posts big blind $1
*** HOLE CARDS ***
AlexEliseev7: raises $1.50 to $2.50
grand GOR: folds 
Inoue19: folds 
ChuckNorrisQ: raises $5 to $7.50
Kreayshawn: folds 
socito: folds 
AlexEliseev7: folds 
Uncalled bet ($5) returned to ChuckNorrisQ
socito leaves the table
ChuckNorrisQ collected $6.50 from pot
ChuckNorrisQ: doesn't show hand 
*** SUMMARY ***
Total pot $6.50 | Rake $0 
Seat 1: AlexEliseev7 folded before Flop
Seat 2: grand GOR folded before Flop (didn't bet)
Seat 3: Inoue19 folded before Flop (didn't bet)
Seat 4: ChuckNorrisQ (button) collected ($6.50)
Seat 5: Kreayshawn (small blind) folded before Flop
Seat 6: socito (big blind) folded before Flop



PokerStars Hand #254576721030:  Hold'em No Limit ($0.50/$1.00 USD) - 2025/01/27 10:01:50 WET [2025/01/27 5:01:50 ET]
Table 'Algoa IV' 6-max Seat #5 is the button
Seat 1: AlexEliseev7 ($100 in chips) 
Seat 2: grand GOR ($102.18 in chips) 
Seat 3: Inoue19 ($147.36 in chips) 
Seat 4: ChuckNorrisQ ($105.05 in chips) 
Seat 5: Kreayshawn ($101.30 in chips) 
AlexEliseev7: posts small blind $0.50
grand GOR: posts big blind $1
*** HOLE CARDS ***
Inoue19: folds 
ChuckNorrisQ: raises $1.30 to $2.30
Kreayshawn: folds 
AlexEliseev7: folds 
grand GOR: calls $1.30
*** FLOP *** [Tc Qs 9c]
grand GOR: checks 
Joker007r joins the table at seat #6 
ChuckNorrisQ: bets $1.60
grand GOR: folds 
Uncalled bet ($1.60) returned to ChuckNorrisQ
ChuckNorrisQ collected $4.84 from pot
ChuckNorrisQ: doesn't show hand 
*** SUMMARY ***
Total pot $5.10 | Rake $0.26 
Board [Tc Qs 9c]
Seat 1: AlexEliseev7 (small blind) folded before Flop
Seat 2: grand GOR (big blind) folded on the Flop
Seat 3: Inoue19 folded before Flop (didn't bet)
Seat 4: ChuckNorrisQ collected ($4.84)
Seat 5: Kreayshawn (button) folded before Flop (didn't bet)



PokerStars Hand #254576724418:  Hold'em No Limit ($0.50/$1.00 USD) - 2025/01/27 10:02:25 WET [2025/01/27 5:02:25 ET]
Table 'Algoa IV' 6-max Seat #1 is the button
Seat 6: Joker007r ($100 in chips) is sitting out
Seat 1: AlexEliseev7 ($100 in chips) 
Seat 2: grand GOR ($100 in chips) 
Seat 3: Inoue19 ($147.36 in chips) 
Seat 4: ChuckNorrisQ ($107.59 in chips) 
Seat 5: Kreayshawn ($101.30 in chips) 
grand GOR: posts small blind $0.50
Inoue19: posts big blind $1
Joker007r: sits out 
*** HOLE CARDS ***
ChuckNorrisQ: folds 
Kreayshawn: raises $1.50 to $2.50
AlexEliseev7: folds 
grand GOR: folds 
Inoue19: calls $1.50
*** FLOP *** [Tc 3s Qs]
Inoue19: checks 
Kreayshawn: bets $2.66
Inoue19: calls $2.66
*** TURN *** [Tc 3s Qs] [4c]
Inoue19: checks 
Kreayshawn: checks 
*** RIVER *** [Tc 3s Qs 4c] [4s]
Inoue19: checks 
Kreayshawn: checks 
*** SHOW DOWN ***
Inoue19: shows [Kc As] (a pair of Fours)
Kreayshawn: mucks hand 
Inoue19 collected $10.14 from pot
*** SUMMARY ***
Total pot $10.82 | Rake $0.68 
Board [Tc 3s Qs 4c 4s]
Seat 6: Joker007r
Seat 1: AlexEliseev7 (button) folded before Flop (didn't bet)
Seat 2: grand GOR (small blind) folded before Flop
Seat 3: Inoue19 (big blind) showed [Kc As] and won ($10.14) with a pair of Fours
Seat 4: ChuckNorrisQ folded before Flop (didn't bet)
Seat 5: Kreayshawn mucked



PokerStars Hand #254576728680:  Hold'em No Limit ($0.50/$1.00 USD) - 2025/01/27 10:03:08 WET [2025/01/27 5:03:08 ET]
Table 'Algoa IV' 6-max Seat #2 is the button
Seat 6: Joker007r ($100 in chips) is sitting out
Seat 1: AlexEliseev7 ($100 in chips) 
Seat 2: grand GOR ($100 in chips) 
Seat 3: Inoue19 ($152.34 in chips) 
Seat 4: ChuckNorrisQ ($107.59 in chips) 
Seat 5: Kreayshawn ($100 in chips) 
Inoue19: posts small blind $0.50
ChuckNorrisQ: posts big blind $1
Joker007r: sits out 
*** HOLE CARDS ***
Kreayshawn: folds 
AlexEliseev7: raises $1.50 to $2.50
grand GOR: folds 
Inoue19: folds 
ChuckNorrisQ: raises $10.50 to $13
AlexEliseev7: calls $10.50
*** FLOP *** [4d 4h 2s]
ChuckNorrisQ: bets $12.59
AlexEliseev7: calls $12.59
*** TURN *** [4d 4h 2s] [2h]
ChuckNorrisQ: bets $16.23
AlexEliseev7: calls $16.23
*** RIVER *** [4d 4h 2s 2h] [Qs]
ChuckNorrisQ: bets $65.77 and is all-in
AlexEliseev7: calls $58.18 and is all-in
Uncalled bet ($7.59) returned to ChuckNorrisQ
*** SHOW DOWN ***
ChuckNorrisQ: shows [Kd Kc] (two pair, Kings and Fours)
AlexEliseev7: shows [6s 6h] (two pair, Sixes and Fours)
ChuckNorrisQ collected $198 from pot
*** SUMMARY ***
Total pot $200.50 | Rake $2.50 
Board [4d 4h 2s 2h Qs]
Seat 6: Joker007r
Seat 1: AlexEliseev7 showed [6s 6h] and lost with two pair, Sixes and Fours
Seat 2: grand GOR (button) folded before Flop (didn't bet)
Seat 3: Inoue19 (small blind) folded before Flop
Seat 4: ChuckNorrisQ (big blind) showed [Kd Kc] and won ($198) with two pair, Kings and Fours
Seat 5: Kreayshawn folded before Flop (didn't bet)



PokerStars Hand #254576739092:  Hold'em No Limit ($0.50/$1.00 USD) - 2025/01/27 10:04:52 WET [2025/01/27 5:04:52 ET]
Table 'Algoa IV' 6-max Seat #3 is the button
Seat 6: Joker007r ($100 in chips) is sitting out
Seat 1: AlexEliseev7 ($100 in chips) 
Seat 2: grand GOR ($100 in chips) 
Seat 3: Inoue19 ($151.84 in chips) 
Seat 4: ChuckNorrisQ ($205.59 in chips) 
Seat 5: Kreayshawn ($100 in chips) 
ChuckNorrisQ: posts small blind $0.50
Kreayshawn: posts big blind $1
Joker007r: sits out 
*** HOLE CARDS ***
AlexEliseev7: raises $1.50 to $2.50
grand GOR: folds 
Inoue19: folds 
ChuckNorrisQ: raises $8.35 to $10.85
Kreayshawn: folds 
AlexEliseev7: calls $8.35
*** FLOP *** [As 8s Qc]
ChuckNorrisQ: bets $7.11
AlexEliseev7: calls $7.11
*** TURN *** [As 8s Qc] [Ac]
ChuckNorrisQ: bets $26.30
AlexEliseev7: calls $26.30
*** RIVER *** [As 8s Qc Ac] [Td]
ChuckNorrisQ: bets $161.33 and is all-in
AlexEliseev7: folds 
Uncalled bet ($161.33) returned to ChuckNorrisQ
ChuckNorrisQ collected $87.02 from pot
ChuckNorrisQ: doesn't show hand 
*** SUMMARY ***
Total pot $89.52 | Rake $2.50 
Board [As 8s Qc Ac Td]
Seat 6: Joker007r
Seat 1: AlexEliseev7 folded on the River
Seat 2: grand GOR folded before Flop (didn't bet)
Seat 3: Inoue19 (button) folded before Flop (didn't bet)
Seat 4: ChuckNorrisQ (small blind) collected ($87.02)
Seat 5: Kreayshawn (big blind) folded before Flop



PokerStars Hand #254576751203:  Hold'em No Limit ($0.50/$1.00 USD) - 2025/01/27 10:06:53 WET [2025/01/27 5:06:53 ET]
Table 'Algoa IV' 6-max Seat #4 is the button
Seat 1: AlexEliseev7 ($100 in chips) 
Seat 2: grand GOR ($100 in chips) 
Seat 3: Inoue19 ($151.84 in chips) 
Seat 4: ChuckNorrisQ ($248.35 in chips) 
Seat 5: Kreayshawn ($100 in chips) 
Seat 6: Joker007r ($100 in chips) 
Kreayshawn: posts small blind $0.50
Joker007r: posts big blind $1
*** HOLE CARDS ***
AlexEliseev7: raises $1.50 to $2.50
grand GOR: folds 
Inoue19: calls $2.50
ChuckNorrisQ: folds 
Kreayshawn: folds 
Joker007r: calls $1.50
*** FLOP *** [Qd 3c 5c]
Joker007r: checks 
AlexEliseev7: bets $2.51
Inoue19: calls $2.51
Joker007r: folds 
*** TURN *** [Qd 3c 5c] [Qs]
AlexEliseev7: bets $18.68
Inoue19: folds 
Uncalled bet ($18.68) returned to AlexEliseev7
AlexEliseev7 collected $12.37 from pot
AlexEliseev7: doesn't show hand 
*** SUMMARY ***
Total pot $13.02 | Rake $0.65 
Board [Qd 3c 5c Qs]
Seat 1: AlexEliseev7 collected ($12.37)
Seat 2: grand GOR folded before Flop (didn't bet)
Seat 3: Inoue19 folded on the Turn
Seat 4: ChuckNorrisQ (button) folded before Flop (didn't bet)
Seat 5: Kreayshawn (small blind) folded before Flop
Seat 6: Joker007r (big blind) folded on the Flop



PokerStars Hand #254576754821:  Hold'em No Limit ($0.50/$1.00 USD) - 2025/01/27 10:07:30 WET [2025/01/27 5:07:30 ET]
Table 'Algoa IV' 6-max Seat #5 is the button
Seat 1: AlexEliseev7 ($107.36 in chips) 
Seat 2: grand GOR ($100 in chips) 
Seat 3: Inoue19 ($146.83 in chips) 
Seat 4: ChuckNorrisQ ($248.35 in chips) 
Seat 5: Kreayshawn ($100 in chips) 
Seat 6: Joker007r ($100 in chips) 
Joker007r: posts small blind $0.50
AlexEliseev7: posts big blind $1
*** HOLE CARDS ***
grand GOR: folds 
Inoue19: folds 
ChuckNorrisQ: raises $1.30 to $2.30
Kreayshawn: folds 
Joker007r: folds 
AlexEliseev7: raises $9.70 to $12
ChuckNorrisQ: folds 
Uncalled bet ($9.70) returned to AlexEliseev7
AlexEliseev7 collected $5.10 from pot
AlexEliseev7: doesn't show hand 
*** SUMMARY ***
Total pot $5.10 | Rake $0 
Seat 1: AlexEliseev7 (big blind) collected ($5.10)
Seat 2: grand GOR folded before Flop (didn't bet)
Seat 3: Inoue19 folded before Flop (didn't bet)
Seat 4: ChuckNorrisQ folded before Flop
Seat 5: Kreayshawn (button) folded before Flop (didn't bet)
Seat 6: Joker007r (small blind) folded before Flop



PokerStars Hand #254576757865:  Hold'em No Limit ($0.50/$1.00 USD) - 2025/01/27 10:08:00 WET [2025/01/27 5:08:00 ET]
Table 'Algoa IV' 6-max Seat #6 is the button
Seat 1: AlexEliseev7 ($110.16 in chips) 
Seat 2: grand GOR ($100 in chips) 
Seat 3: Inoue19 ($146.83 in chips) 
Seat 4: ChuckNorrisQ ($246.05 in chips) 
Seat 5: Kreayshawn ($100 in chips) 
Seat 6: Joker007r ($100 in chips) 
AlexEliseev7: posts small blind $0.50
grand GOR: posts big blind $1
*** HOLE CARDS ***
Inoue19: folds 
ChuckNorrisQ: folds 
Kreayshawn: folds 
Joker007r: folds 
AlexEliseev7: folds 
Uncalled bet ($0.50) returned to grand GOR
grand GOR collected $1 from pot
grand GOR: doesn't show hand 
*** SUMMARY ***
Total pot $1 | Rake $0 
Seat 1: AlexEliseev7 (small blind) folded before Flop
Seat 2: grand GOR (big blind) collected ($1)
Seat 3: Inoue19 folded before Flop (didn't bet)
Seat 4: ChuckNorrisQ folded before Flop (didn't bet)
Seat 5: Kreayshawn folded before Flop (didn't bet)
Seat 6: Joker007r (button) folded before Flop (didn't bet)



PokerStars Hand #254576760160:  Hold'em No Limit ($0.50/$1.00 USD) - 2025/01/27 10:08:23 WET [2025/01/27 5:08:23 ET]
Table 'Algoa IV' 6-max Seat #1 is the button
Seat 1: AlexEliseev7 ($109.66 in chips) 
Seat 2: grand GOR ($100.50 in chips) 
Seat 3: Inoue19 ($146.83 in chips) 
Seat 4: ChuckNorrisQ ($246.05 in chips) 
Seat 5: Kreayshawn ($100 in chips) 
Seat 6: Joker007r ($100 in chips) 
grand GOR: posts small blind $0.50
Inoue19: posts big blind $1
*** HOLE CARDS ***
ChuckNorrisQ: raises $1 to $2
Kreayshawn: folds 
Joker007r: folds 
AlexEliseev7: raises $4.50 to $6.50
grand GOR: folds 
Inoue19: calls $5.50
ChuckNorrisQ: calls $4.50
*** FLOP *** [Kd Qh Qc]
Inoue19: bets $6
ChuckNorrisQ: folds 
AlexEliseev7: calls $6
*** TURN *** [Kd Qh Qc] [Ad]
Inoue19: bets $10
AlexEliseev7: calls $10
*** RIVER *** [Kd Qh Qc Ad] [2h]
Inoue19: bets $24
AlexEliseev7: calls $24
*** SHOW DOWN ***
Inoue19: shows [Ah Kh] (two pair, Aces and Kings)
AlexEliseev7: mucks hand 
Inoue19 collected $96.88 from pot
*** SUMMARY ***
Total pot $100 | Rake $3.12 
Board [Kd Qh Qc Ad 2h]
Seat 1: AlexEliseev7 (button) mucked
Seat 2: grand GOR (small blind) folded before Flop
Seat 3: Inoue19 (big blind) showed [Ah Kh] and won ($96.88) with two pair, Aces and Kings
Seat 4: ChuckNorrisQ folded on the Flop
Seat 5: Kreayshawn folded before Flop (didn't bet)
Seat 6: Joker007r folded before Flop (didn't bet)



PokerStars Hand #254576768162:  Hold'em No Limit ($0.50/$1.00 USD) - 2025/01/27 10:09:42 WET [2025/01/27 5:09:42 ET]
Table 'Algoa IV' 6-max Seat #2 is the button
Seat 1: AlexEliseev7 ($100 in chips) 
Seat 2: grand GOR ($100 in chips) 
Seat 3: Inoue19 ($197.21 in chips) 
Seat 4: ChuckNorrisQ ($239.55 in chips) 
Seat 5: Kreayshawn ($100 in chips) 
Seat 6: Joker007r ($100 in chips) 
Inoue19: posts small blind $0.50
ChuckNorrisQ: posts big blind $1
*** HOLE CARDS ***
Kreayshawn: folds 
Joker007r: raises $2 to $3
AlexEliseev7: raises $5 to $8
grand GOR: folds 
Inoue19: folds 
ChuckNorrisQ: folds 
Joker007r: calls $5
*** FLOP *** [5s Ah Jc]
Inoue19 leaves the table
Joker007r: checks 
AlexEliseev7: checks 
*** TURN *** [5s Ah Jc] [Jd]
Joker007r: checks 
AlexEliseev7: bets $5.48
Joker007r: folds 
Uncalled bet ($5.48) returned to AlexEliseev7
AlexEliseev7 collected $16.62 from pot
AlexEliseev7: doesn't show hand 
*** SUMMARY ***
Total pot $17.50 | Rake $0.88 
Board [5s Ah Jc Jd]
Seat 1: AlexEliseev7 collected ($16.62)
Seat 2: grand GOR (button) folded before Flop (didn't bet)
Seat 3: Inoue19 (small blind) folded before Flop
Seat 4: ChuckNorrisQ (big blind) folded before Flop
Seat 5: Kreayshawn folded before Flop (didn't bet)
Seat 6: Joker007r folded on the Turn



PokerStars Hand #254576774560:  Hold'em No Limit ($0.50/$1.00 USD) - 2025/01/27 10:10:46 WET [2025/01/27 5:10:46 ET]
Table 'Algoa IV' 6-max Seat #4 is the button
Seat 1: AlexEliseev7 ($108.62 in chips) is sitting out
Seat 6: Joker007r ($100 in chips) is sitting out
Seat 2: grand GOR ($100 in chips) 
Seat 4: ChuckNorrisQ ($238.55 in chips) 
Seat 5: Kreayshawn ($100 in chips) 
Kreayshawn: posts small blind $0.50
Joker007r: is sitting out 
AlexEliseev7: is sitting out 
grand GOR: posts big blind $1
*** HOLE CARDS ***
AlexEliseev7 leaves the table
Joker007r leaves the table
ChuckNorrisQ: raises $1.50 to $2.50
Kreayshawn: raises $9.50 to $12
grand GOR: folds 
ChuckNorrisQ: folds 
Uncalled bet ($9.50) returned to Kreayshawn
Kreayshawn collected $6 from pot
*** SUMMARY ***
Total pot $6 | Rake $0 
Seat 1: AlexEliseev7
Seat 6: Joker007r
Seat 2: grand GOR (big blind) folded before Flop
Seat 4: ChuckNorrisQ (button) folded before Flop
Seat 5: Kreayshawn (small blind) collected ($6)



PokerStars Hand #254576776637:  Hold'em No Limit ($0.50/$1.00 USD) - 2025/01/27 10:11:07 WET [2025/01/27 5:11:07 ET]
Table 'Algoa IV' 6-max Seat #5 is the button
Seat 2: grand GOR ($100 in chips) 
Seat 4: ChuckNorrisQ ($236.05 in chips) 
Seat 5: Kreayshawn ($103.50 in chips) 
grand GOR: posts small blind $0.50
ChuckNorrisQ: posts big blind $1
*** HOLE CARDS ***
Kreayshawn: folds 
grand GOR: raises $2 to $3
Kreayshawn leaves the table
ChuckNorrisQ: calls $2
*** FLOP *** [5c Tc Ac]
grand GOR: bets $2.50
ChuckNorrisQ: folds 
Uncalled bet ($2.50) returned to grand GOR
grand GOR collected $5.70 from pot
grand GOR: doesn't show hand 
*** SUMMARY ***
Total pot $6 | Rake $0.30 
Board [5c Tc Ac]
Seat 2: grand GOR (small blind) collected ($5.70)
Seat 4: ChuckNorrisQ (big blind) folded on the Flop
Seat 5: Kreayshawn (button) folded before Flop (didn't bet)



