PokerStars Hand #254575821096:  Hold'em No Limit ($0.50/$1.00 USD) - 2025/01/27 6:33:17 WET [2025/01/27 1:33:17 ET]
Table 'Amalasuntha IV' 6-max Seat #5 is the button
Seat 2: peak joker33 ($100 in chips) is sitting out
Seat 1: rao999 ($100 in chips) 
Seat 3: Desverdi ($11.80 in chips) 
Seat 4: Burlica2013 ($100 in chips) 
Seat 5: chur bro810 ($38.20 in chips) 
Seat 6: praclovekzig ($23.86 in chips) 
praclovekzig: posts small blind $0.50
rao999: posts big blind $1
peak joker33: sits out 
*** HOLE CARDS ***
Desverdi: calls $1
Burlica2013: folds 
chur bro810: folds 
praclovekzig: calls $0.50
chur bro810 leaves the table
rao999: checks 
*** FLOP *** [2s 7h 6c]
praclovekzig: bets $2.85
rao999: folds 
Desverdi: raises $7.95 to $10.80 and is all-in
praclovekzig: calls $7.95
*** TURN *** [2s 7h 6c] [9s]
*** RIVER *** [2s 7h 6c 9s] [Kc]
*** SHOW DOWN ***
praclovekzig: shows [4c 7c] (a pair of Sevens)
Desverdi: shows [Js Jd] (a pair of Jacks)
Desverdi collected $23.37 from pot
*** SUMMARY ***
Total pot $24.60 | Rake $1.23 
Board [2s 7h 6c 9s Kc]
Seat 2: peak joker33
Seat 1: rao999 (big blind) folded on the Flop
Seat 3: Desverdi showed [Js Jd] and won ($23.37) with a pair of Jacks
Seat 4: Burlica2013 folded before Flop (didn't bet)
Seat 5: chur bro810 (button) folded before Flop (didn't bet)
Seat 6: praclovekzig (small blind) showed [4c 7c] and lost with a pair of Sevens



PokerStars Hand #254575824238:  Hold'em No Limit ($0.50/$1.00 USD) - 2025/01/27 6:34:06 WET [2025/01/27 1:34:06 ET]
Table 'Amalasuntha IV' 6-max Seat #6 is the button
Seat 1: rao999 ($100 in chips) 
Seat 2: peak joker33 ($100 in chips) 
Seat 3: Desverdi ($23.37 in chips) 
Seat 4: Burlica2013 ($100 in chips) 
Seat 6: praclovekzig ($12.06 in chips) 
rao999: posts small blind $0.50
peak joker33: posts big blind $1
*** HOLE CARDS ***
FIRE91103 joins the table at seat #5 
Desverdi: folds 
Burlica2013: folds 
praclovekzig: folds 
Desverdi leaves the table
rao999: raises $2 to $3
peak joker33: calls $2
*** FLOP *** [9h 8c 5s]
rao999: checks 
peak joker33: bets $2.85
rao999: calls $2.85
*** TURN *** [9h 8c 5s] [Qs]
rao999: checks 
FIRE91103 leaves the table
peak joker33: bets $14.46
rao999: folds 
Uncalled bet ($14.46) returned to peak joker33
peak joker33 collected $11.12 from pot
peak joker33: doesn't show hand 
*** SUMMARY ***
Total pot $11.70 | Rake $0.58 
Board [9h 8c 5s Qs]
Seat 1: rao999 (small blind) folded on the Turn
Seat 2: peak joker33 (big blind) collected ($11.12)
Seat 3: Desverdi folded before Flop (didn't bet)
Seat 4: Burlica2013 folded before Flop (didn't bet)
Seat 6: praclovekzig (button) folded before Flop (didn't bet)



PokerStars Hand #254575827219:  Hold'em No Limit ($0.50/$1.00 USD) - 2025/01/27 6:34:53 WET [2025/01/27 1:34:53 ET]
Table 'Amalasuntha IV' 6-max Seat #1 is the button
Seat 1: rao999 ($100 in chips) 
Seat 2: peak joker33 ($105.27 in chips) 
Seat 4: Burlica2013 ($100 in chips) 
Seat 6: praclovekzig ($12.06 in chips) 
peak joker33: posts small blind $0.50
Burlica2013: posts big blind $1
*** HOLE CARDS ***
praclovekzig: folds 
rao999: raises $1.50 to $2.50
peak joker33: folds 
Burlica2013: folds 
Uncalled bet ($1.50) returned to rao999
rao999 collected $2.50 from pot
rao999: doesn't show hand 
*** SUMMARY ***
Total pot $2.50 | Rake $0 
Seat 1: rao999 (button) collected ($2.50)
Seat 2: peak joker33 (small blind) folded before Flop
Seat 4: Burlica2013 (big blind) folded before Flop
Seat 6: praclovekzig folded before Flop (didn't bet)



PokerStars Hand #254575828300:  Hold'em No Limit ($0.50/$1.00 USD) - 2025/01/27 6:35:09 WET [2025/01/27 1:35:09 ET]
Table 'Amalasuntha IV' 6-max Seat #2 is the button
Seat 1: rao999 ($101.50 in chips) 
Seat 2: peak joker33 ($104.77 in chips) 
Seat 4: Burlica2013 ($100 in chips) 
Seat 6: praclovekzig ($12.06 in chips) 
Burlica2013: posts small blind $0.50
praclovekzig: posts big blind $1
*** HOLE CARDS ***
rao999: folds 
peak joker33: folds 
Burlica2013: folds 
Uncalled bet ($0.50) returned to praclovekzig
praclovekzig collected $1 from pot
*** SUMMARY ***
Total pot $1 | Rake $0 
Seat 1: rao999 folded before Flop (didn't bet)
Seat 2: peak joker33 (button) folded before Flop (didn't bet)
Seat 4: Burlica2013 (small blind) folded before Flop
Seat 6: praclovekzig (big blind) collected ($1)



PokerStars Hand #254575829202:  Hold'em No Limit ($0.50/$1.00 USD) - 2025/01/27 6:35:23 WET [2025/01/27 1:35:23 ET]
Table 'Amalasuntha IV' 6-max Seat #4 is the button
Seat 1: rao999 ($101.50 in chips) is sitting out
Seat 2: peak joker33 ($104.77 in chips) 
Seat 4: Burlica2013 ($100 in chips) 
Seat 6: praclovekzig ($12.56 in chips) 
praclovekzig: posts small blind $0.50
rao999: is sitting out 
peak joker33: posts big blind $1
*** HOLE CARDS ***
Burlica2013: folds 
praclovekzig: folds 
Uncalled bet ($0.50) returned to peak joker33
peak joker33 collected $1 from pot
peak joker33: doesn't show hand 
*** SUMMARY ***
Total pot $1 | Rake $0 
Seat 1: rao999
Seat 2: peak joker33 (big blind) collected ($1)
Seat 4: Burlica2013 (button) folded before Flop (didn't bet)
Seat 6: praclovekzig (small blind) folded before Flop



PokerStars Hand #254575829606:  Hold'em No Limit ($0.50/$1.00 USD) - 2025/01/27 6:35:30 WET [2025/01/27 1:35:30 ET]
Table 'Amalasuntha IV' 6-max Seat #6 is the button
Seat 1: rao999 ($101.50 in chips) is sitting out
Seat 2: peak joker33 ($105.27 in chips) 
Seat 4: Burlica2013 ($100 in chips) 
Seat 6: praclovekzig ($12.06 in chips) 
peak joker33: posts small blind $0.50
Burlica2013: posts big blind $1
*** HOLE CARDS ***
praclovekzig: folds 
peak joker33: folds 
Uncalled bet ($0.50) returned to Burlica2013
Burlica2013 collected $1 from pot
Burlica2013: doesn't show hand 
*** SUMMARY ***
Total pot $1 | Rake $0 
Seat 1: rao999
Seat 2: peak joker33 (small blind) folded before Flop
Seat 4: Burlica2013 (big blind) collected ($1)
Seat 6: praclovekzig (button) folded before Flop (didn't bet)



PokerStars Hand #254575830215:  Hold'em No Limit ($0.50/$1.00 USD) - 2025/01/27 6:35:40 WET [2025/01/27 1:35:40 ET]
Table 'Amalasuntha IV' 6-max Seat #2 is the button
Seat 1: rao999 ($101.50 in chips) is sitting out
Seat 2: peak joker33 ($104.77 in chips) 
Seat 4: Burlica2013 ($100.50 in chips) 
Seat 6: praclovekzig ($12.06 in chips) 
Burlica2013: posts small blind $0.50
praclovekzig: posts big blind $1
*** HOLE CARDS ***
peak joker33: folds 
Burlica2013: folds 
Uncalled bet ($0.50) returned to praclovekzig
praclovekzig collected $1 from pot
*** SUMMARY ***
Total pot $1 | Rake $0 
Seat 1: rao999
Seat 2: peak joker33 (button) folded before Flop (didn't bet)
Seat 4: Burlica2013 (small blind) folded before Flop
Seat 6: praclovekzig (big blind) collected ($1)



PokerStars Hand #254575830639:  Hold'em No Limit ($0.50/$1.00 USD) - 2025/01/27 6:35:46 WET [2025/01/27 1:35:46 ET]
Table 'Amalasuntha IV' 6-max Seat #4 is the button
Seat 1: rao999 ($101.50 in chips) is sitting out
Seat 2: peak joker33 ($104.77 in chips) 
Seat 4: Burlica2013 ($100 in chips) 
Seat 6: praclovekzig ($12.56 in chips) 
praclovekzig: posts small blind $0.50
peak joker33: posts big blind $1
*** HOLE CARDS ***
Burlica2013: raises $1.45 to $2.45
praclovekzig: folds 
peak joker33: calls $1.45
*** FLOP *** [5h Js Kd]
peak joker33: checks 
Burlica2013: bets $1.69
peak joker33: calls $1.69
*** TURN *** [5h Js Kd] [9c]
peak joker33: checks 
Burlica2013: checks 
*** RIVER *** [5h Js Kd 9c] [Jc]
peak joker33: bets $12.51
Burlica2013: folds 
Uncalled bet ($12.51) returned to peak joker33
peak joker33 collected $8.34 from pot
peak joker33: doesn't show hand 
*** SUMMARY ***
Total pot $8.78 | Rake $0.44 
Board [5h Js Kd 9c Jc]
Seat 1: rao999
Seat 2: peak joker33 (big blind) collected ($8.34)
Seat 4: Burlica2013 (button) folded on the River
Seat 6: praclovekzig (small blind) folded before Flop



PokerStars Hand #254575833307:  Hold'em No Limit ($0.50/$1.00 USD) - 2025/01/27 6:36:29 WET [2025/01/27 1:36:29 ET]
Table 'Amalasuntha IV' 6-max Seat #6 is the button
Seat 1: rao999 ($101.50 in chips) is sitting out
Seat 2: peak joker33 ($108.97 in chips) 
Seat 4: Burlica2013 ($100 in chips) 
Seat 6: praclovekzig ($12.06 in chips) 
peak joker33: posts small blind $0.50
Burlica2013: posts big blind $1
*** HOLE CARDS ***
rao999 leaves the table
praclovekzig: folds 
peak joker33: raises $2 to $3
Burlica2013: calls $2
*** FLOP *** [7c Kc 4s]
peak joker33: bets $1.88
Burlica2013: calls $1.88
*** TURN *** [7c Kc 4s] [9s]
peak joker33: bets $12.05
Burlica2013: calls $12.05
*** RIVER *** [7c Kc 4s 9s] [Tc]
Pon4uk.ua joins the table at seat #1 
peak joker33: bets $24.65
Burlica2013: folds 
Uncalled bet ($24.65) returned to peak joker33
peak joker33 collected $32.86 from pot
peak joker33: doesn't show hand 
*** SUMMARY ***
Total pot $33.86 | Rake $1 
Board [7c Kc 4s 9s Tc]
Seat 1: rao999
Seat 2: peak joker33 (small blind) collected ($32.86)
Seat 4: Burlica2013 (big blind) folded on the River
Seat 6: praclovekzig (button) folded before Flop (didn't bet)



PokerStars Hand #254575837853:  Hold'em No Limit ($0.50/$1.00 USD) - 2025/01/27 6:37:42 WET [2025/01/27 1:37:42 ET]
Table 'Amalasuntha IV' 6-max Seat #2 is the button
Seat 1: Pon4uk.ua ($100 in chips) is sitting out
Seat 2: peak joker33 ($124.90 in chips) 
Seat 4: Burlica2013 ($100 in chips) 
Seat 6: praclovekzig ($12.06 in chips) 
Burlica2013: posts small blind $0.50
praclovekzig: posts big blind $1
Pon4uk.ua: sits out 
*** HOLE CARDS ***
peak joker33: folds 
Burlica2013: folds 
Uncalled bet ($0.50) returned to praclovekzig
praclovekzig collected $1 from pot
*** SUMMARY ***
Total pot $1 | Rake $0 
Seat 1: Pon4uk.ua
Seat 2: peak joker33 (button) folded before Flop (didn't bet)
Seat 4: Burlica2013 (small blind) folded before Flop
Seat 6: praclovekzig (big blind) collected ($1)



PokerStars Hand #254575838511:  Hold'em No Limit ($0.50/$1.00 USD) - 2025/01/27 6:37:52 WET [2025/01/27 1:37:52 ET]
Table 'Amalasuntha IV' 6-max Seat #4 is the button
Seat 1: Pon4uk.ua ($100 in chips) 
Seat 2: peak joker33 ($124.90 in chips) 
Seat 4: Burlica2013 ($100 in chips) 
Seat 6: praclovekzig ($12.56 in chips) 
praclovekzig: posts small blind $0.50
Pon4uk.ua: posts big blind $1
*** HOLE CARDS ***
peak joker33: folds 
Burlica2013: raises $1.45 to $2.45
praclovekzig: folds 
Pon4uk.ua: folds 
Uncalled bet ($1.45) returned to Burlica2013
Burlica2013 collected $2.50 from pot
Burlica2013: doesn't show hand 
*** SUMMARY ***
Total pot $2.50 | Rake $0 
Seat 1: Pon4uk.ua (big blind) folded before Flop
Seat 2: peak joker33 folded before Flop (didn't bet)
Seat 4: Burlica2013 (button) collected ($2.50)
Seat 6: praclovekzig (small blind) folded before Flop



PokerStars Hand #254575839450:  Hold'em No Limit ($0.50/$1.00 USD) - 2025/01/27 6:38:08 WET [2025/01/27 1:38:08 ET]
Table 'Amalasuntha IV' 6-max Seat #1 is the button
Seat 2: peak joker33 ($124.90 in chips) is sitting out
Seat 4: Burlica2013 ($101.50 in chips) is sitting out
Seat 1: Pon4uk.ua ($100 in chips) 
Seat 6: praclovekzig ($12.06 in chips) 
Pon4uk.ua: posts small blind $0.50
peak joker33: is sitting out 
Burlica2013: is sitting out 
praclovekzig: posts big blind $1
*** HOLE CARDS ***
peak joker33 leaves the table
Pon4uk.ua: raises $1 to $2
praclovekzig: folds 
Uncalled bet ($1) returned to Pon4uk.ua
Pon4uk.ua collected $2 from pot
Pon4uk.ua: doesn't show hand 
*** SUMMARY ***
Total pot $2 | Rake $0 
Seat 2: peak joker33
Seat 4: Burlica2013
Seat 1: Pon4uk.ua (button) (small blind) collected ($2)
Seat 6: praclovekzig (big blind) folded before Flop



PokerStars Hand #254575840009:  Hold'em No Limit ($0.50/$1.00 USD) - 2025/01/27 6:38:17 WET [2025/01/27 1:38:17 ET]
Table 'Amalasuntha IV' 6-max Seat #6 is the button
Seat 4: Burlica2013 ($101.50 in chips) is sitting out
Seat 1: Pon4uk.ua ($101 in chips) 
Seat 6: praclovekzig ($11.06 in chips) 
praclovekzig: posts small blind $0.50
Pon4uk.ua: posts big blind $1
*** HOLE CARDS ***
praclovekzig: folds 
Uncalled bet ($0.50) returned to Pon4uk.ua
Pon4uk.ua collected $1 from pot
Pon4uk.ua: doesn't show hand 
*** SUMMARY ***
Total pot $1 | Rake $0 
Seat 4: Burlica2013
Seat 1: Pon4uk.ua (big blind) collected ($1)
Seat 6: praclovekzig (button) (small blind) folded before Flop



PokerStars Hand #254575840472:  Hold'em No Limit ($0.50/$1.00 USD) - 2025/01/27 6:38:24 WET [2025/01/27 1:38:24 ET]
Table 'Amalasuntha IV' 6-max Seat #6 is the button
Seat 1: Pon4uk.ua ($101.50 in chips) 
Seat 4: Burlica2013 ($101.50 in chips) 
Seat 6: praclovekzig ($10.56 in chips) 
Pon4uk.ua: posts small blind $0.50
Burlica2013: posts big blind $1
*** HOLE CARDS ***
praclovekzig: folds 
Pon4uk.ua: folds 
Uncalled bet ($0.50) returned to Burlica2013
Burlica2013 collected $1 from pot
Burlica2013: doesn't show hand 
*** SUMMARY ***
Total pot $1 | Rake $0 
Seat 1: Pon4uk.ua (small blind) folded before Flop
Seat 4: Burlica2013 (big blind) collected ($1)
Seat 6: praclovekzig (button) folded before Flop (didn't bet)



PokerStars Hand #254575841199:  Hold'em No Limit ($0.50/$1.00 USD) - 2025/01/27 6:38:35 WET [2025/01/27 1:38:35 ET]
Table 'Amalasuntha IV' 6-max Seat #1 is the button
Seat 1: Pon4uk.ua ($101 in chips) 
Seat 4: Burlica2013 ($102 in chips) 
Seat 6: praclovekzig ($10.56 in chips) 
Burlica2013: posts small blind $0.50
praclovekzig: posts big blind $1
*** HOLE CARDS ***
Pon4uk.ua: raises $1 to $2
Burlica2013: folds 
praclovekzig: calls $1
*** FLOP *** [Th 3d 9c]
praclovekzig: checks 
Pon4uk.ua: bets $1.41
praclovekzig: folds 
Uncalled bet ($1.41) returned to Pon4uk.ua
Pon4uk.ua collected $4.28 from pot
Pon4uk.ua: doesn't show hand 
*** SUMMARY ***
Total pot $4.50 | Rake $0.22 
Board [Th 3d 9c]
Seat 1: Pon4uk.ua (button) collected ($4.28)
Seat 4: Burlica2013 (small blind) folded before Flop
Seat 6: praclovekzig (big blind) folded on the Flop



PokerStars Hand #254575843391:  Hold'em No Limit ($0.50/$1.00 USD) - 2025/01/27 6:39:10 WET [2025/01/27 1:39:10 ET]
Table 'Amalasuntha IV' 6-max Seat #4 is the button
Seat 1: Pon4uk.ua ($103.28 in chips) 
Seat 4: Burlica2013 ($101.50 in chips) 
Seat 6: praclovekzig ($8.56 in chips) 
praclovekzig: posts small blind $0.50
Pon4uk.ua: posts big blind $1
*** HOLE CARDS ***
Burlica2013: raises $1.45 to $2.45
praclovekzig: folds 
Pon4uk.ua: calls $1.45
*** FLOP *** [Tc 9d Qd]
Pon4uk.ua: checks 
Burlica2013: bets $1.69
Pon4uk.ua: calls $1.69
*** TURN *** [Tc 9d Qd] [6h]
Pon4uk.ua: checks 
Burlica2013: bets $6.25
Pon4uk.ua: folds 
Uncalled bet ($6.25) returned to Burlica2013
Burlica2013 collected $8.34 from pot
Burlica2013: doesn't show hand 
*** SUMMARY ***
Total pot $8.78 | Rake $0.44 
Board [Tc 9d Qd 6h]
Seat 1: Pon4uk.ua (big blind) folded on the Turn
Seat 4: Burlica2013 (button) collected ($8.34)
Seat 6: praclovekzig (small blind) folded before Flop



PokerStars Hand #254575846062:  Hold'em No Limit ($0.50/$1.00 USD) - 2025/01/27 6:39:53 WET [2025/01/27 1:39:53 ET]
Table 'Amalasuntha IV' 6-max Seat #6 is the button
Seat 1: Pon4uk.ua ($100 in chips) 
Seat 4: Burlica2013 ($105.70 in chips) 
Seat 6: praclovekzig ($8.06 in chips) 
Pon4uk.ua: posts small blind $0.50
Burlica2013: posts big blind $1
*** HOLE CARDS ***
praclovekzig: folds 
Pon4uk.ua: folds 
Uncalled bet ($0.50) returned to Burlica2013
Burlica2013 collected $1 from pot
Burlica2013: doesn't show hand 
*** SUMMARY ***
Total pot $1 | Rake $0 
Seat 1: Pon4uk.ua (small blind) folded before Flop
Seat 4: Burlica2013 (big blind) collected ($1)
Seat 6: praclovekzig (button) folded before Flop (didn't bet)



PokerStars Hand #254575846619:  Hold'em No Limit ($0.50/$1.00 USD) - 2025/01/27 6:40:02 WET [2025/01/27 1:40:02 ET]
Table 'Amalasuntha IV' 6-max Seat #1 is the button
Seat 1: Pon4uk.ua ($100 in chips) 
Seat 4: Burlica2013 ($106.20 in chips) 
Seat 6: praclovekzig ($8.06 in chips) 
Burlica2013: posts small blind $0.50
praclovekzig: posts big blind $1
*** HOLE CARDS ***
Pon4uk.ua: raises $1.50 to $2.50
Burlica2013: folds 
praclovekzig: folds 
Uncalled bet ($1.50) returned to Pon4uk.ua
Pon4uk.ua collected $2.50 from pot
Pon4uk.ua: doesn't show hand 
*** SUMMARY ***
Total pot $2.50 | Rake $0 
Seat 1: Pon4uk.ua (button) collected ($2.50)
Seat 4: Burlica2013 (small blind) folded before Flop
Seat 6: praclovekzig (big blind) folded before Flop



PokerStars Hand #254575847369:  Hold'em No Limit ($0.50/$1.00 USD) - 2025/01/27 6:40:13 WET [2025/01/27 1:40:13 ET]
Table 'Amalasuntha IV' 6-max Seat #4 is the button
Seat 1: Pon4uk.ua ($101.50 in chips) 
Seat 4: Burlica2013 ($105.70 in chips) 
Seat 6: praclovekzig ($7.06 in chips) 
praclovekzig: posts small blind $0.50
Pon4uk.ua: posts big blind $1
*** HOLE CARDS ***
Burlica2013: raises $1.45 to $2.45
praclovekzig: folds 
Pon4uk.ua: folds 
Uncalled bet ($1.45) returned to Burlica2013
Burlica2013 collected $2.50 from pot
Burlica2013: doesn't show hand 
*** SUMMARY ***
Total pot $2.50 | Rake $0 
Seat 1: Pon4uk.ua (big blind) folded before Flop
Seat 4: Burlica2013 (button) collected ($2.50)
Seat 6: praclovekzig (small blind) folded before Flop



PokerStars Hand #254575847973:  Hold'em No Limit ($0.50/$1.00 USD) - 2025/01/27 6:40:23 WET [2025/01/27 1:40:23 ET]
Table 'Amalasuntha IV' 6-max Seat #6 is the button
Seat 1: Pon4uk.ua ($100.50 in chips) 
Seat 4: Burlica2013 ($107.20 in chips) 
Seat 6: praclovekzig ($6.56 in chips) 
Pon4uk.ua: posts small blind $0.50
Burlica2013: posts big blind $1
*** HOLE CARDS ***
praclovekzig: folds 
Pon4uk.ua: folds 
Uncalled bet ($0.50) returned to Burlica2013
Burlica2013 collected $1 from pot
Burlica2013: doesn't show hand 
*** SUMMARY ***
Total pot $1 | Rake $0 
Seat 1: Pon4uk.ua (small blind) folded before Flop
Seat 4: Burlica2013 (big blind) collected ($1)
Seat 6: praclovekzig (button) folded before Flop (didn't bet)



PokerStars Hand #254575848457:  Hold'em No Limit ($0.50/$1.00 USD) - 2025/01/27 6:40:31 WET [2025/01/27 1:40:31 ET]
Table 'Amalasuntha IV' 6-max Seat #1 is the button
Seat 1: Pon4uk.ua ($100 in chips) 
Seat 4: Burlica2013 ($107.70 in chips) 
Seat 6: praclovekzig ($6.56 in chips) 
Burlica2013: posts small blind $0.50
praclovekzig: posts big blind $1
*** HOLE CARDS ***
Pon4uk.ua: folds 
Burlica2013: raises $106.70 to $107.70 and is all-in
praclovekzig: calls $5.56 and is all-in
Uncalled bet ($101.14) returned to Burlica2013
*** FLOP *** [3s 6s 5c]
*** TURN *** [3s 6s 5c] [9c]
*** RIVER *** [3s 6s 5c 9c] [Jd]
*** SHOW DOWN ***
Burlica2013: shows [8s Kh] (high card King)
praclovekzig: shows [8d 8c] (a pair of Eights)
praclovekzig collected $12.46 from pot
*** SUMMARY ***
Total pot $13.12 | Rake $0.66 
Board [3s 6s 5c 9c Jd]
Seat 1: Pon4uk.ua (button) folded before Flop (didn't bet)
Seat 4: Burlica2013 (small blind) showed [8s Kh] and lost with high card King
Seat 6: praclovekzig (big blind) showed [8d 8c] and won ($12.46) with a pair of Eights



PokerStars Hand #254575849843:  Hold'em No Limit ($0.50/$1.00 USD) - 2025/01/27 6:40:52 WET [2025/01/27 1:40:52 ET]
Table 'Amalasuntha IV' 6-max Seat #4 is the button
Seat 1: Pon4uk.ua ($100 in chips) 
Seat 4: Burlica2013 ($101.14 in chips) 
Seat 6: praclovekzig ($12.46 in chips) 
praclovekzig: posts small blind $0.50
Pon4uk.ua: posts big blind $1
*** HOLE CARDS ***
Burlica2013: folds 
praclovekzig: raises $2 to $3
Pon4uk.ua: folds 
Uncalled bet ($2) returned to praclovekzig
praclovekzig collected $2 from pot
*** SUMMARY ***
Total pot $2 | Rake $0 
Seat 1: Pon4uk.ua (big blind) folded before Flop
Seat 4: Burlica2013 (button) folded before Flop (didn't bet)
Seat 6: praclovekzig (small blind) collected ($2)



PokerStars Hand #254575850460:  Hold'em No Limit ($0.50/$1.00 USD) - 2025/01/27 6:41:03 WET [2025/01/27 1:41:03 ET]
Table 'Amalasuntha IV' 6-max Seat #6 is the button
Seat 1: Pon4uk.ua ($100 in chips) 
Seat 4: Burlica2013 ($101.14 in chips) 
Seat 6: praclovekzig ($13.46 in chips) 
Pon4uk.ua: posts small blind $0.50
Burlica2013: posts big blind $1
*** HOLE CARDS ***
praclovekzig: folds 
Pon4uk.ua: raises $1.75 to $2.75
Burlica2013: folds 
Uncalled bet ($1.75) returned to Pon4uk.ua
Pon4uk.ua collected $2 from pot
Pon4uk.ua: doesn't show hand 
*** SUMMARY ***
Total pot $2 | Rake $0 
Seat 1: Pon4uk.ua (small blind) collected ($2)
Seat 4: Burlica2013 (big blind) folded before Flop
Seat 6: praclovekzig (button) folded before Flop (didn't bet)



PokerStars Hand #254575851323:  Hold'em No Limit ($0.50/$1.00 USD) - 2025/01/27 6:41:16 WET [2025/01/27 1:41:16 ET]
Table 'Amalasuntha IV' 6-max Seat #1 is the button
Seat 1: Pon4uk.ua ($101 in chips) 
Seat 4: Burlica2013 ($100.14 in chips) 
Seat 6: praclovekzig ($13.46 in chips) 
Burlica2013: posts small blind $0.50
praclovekzig: posts big blind $1
*** HOLE CARDS ***
Pon4uk.ua: folds 
Burlica2013: raises $99.14 to $100.14 and is all-in
praclovekzig: folds 
Uncalled bet ($99.14) returned to Burlica2013
Burlica2013 collected $2 from pot
Burlica2013: doesn't show hand 
*** SUMMARY ***
Total pot $2 | Rake $0 
Seat 1: Pon4uk.ua (button) folded before Flop (didn't bet)
Seat 4: Burlica2013 (small blind) collected ($2)
Seat 6: praclovekzig (big blind) folded before Flop



PokerStars Hand #254575852041:  Hold'em No Limit ($0.50/$1.00 USD) - 2025/01/27 6:41:27 WET [2025/01/27 1:41:27 ET]
Table 'Amalasuntha IV' 6-max Seat #4 is the button
Seat 1: Pon4uk.ua ($101 in chips) 
Seat 4: Burlica2013 ($101.14 in chips) 
Seat 6: praclovekzig ($12.46 in chips) 
praclovekzig: posts small blind $0.50
Pon4uk.ua: posts big blind $1
*** HOLE CARDS ***
Burlica2013: folds 
praclovekzig: calls $0.50
Pon4uk.ua: checks 
*** FLOP *** [Ks 5s 9s]
praclovekzig: checks 
Pon4uk.ua: bets $1
praclovekzig: calls $1
*** TURN *** [Ks 5s 9s] [5h]
praclovekzig: checks 
Pon4uk.ua: bets $2.85
praclovekzig: calls $2.85
*** RIVER *** [Ks 5s 9s 5h] [Jd]
praclovekzig: checks 
Pon4uk.ua: bets $7.92
praclovekzig: calls $7.61 and is all-in
Uncalled bet ($0.31) returned to Pon4uk.ua
*** SHOW DOWN ***
Pon4uk.ua: shows [Jc 5d] (a full house, Fives full of Jacks)
praclovekzig: shows [6s Qs] (a flush, King high)
Pon4uk.ua collected $23.92 from pot
*** SUMMARY ***
Total pot $24.92 | Rake $1 
Board [Ks 5s 9s 5h Jd]
Seat 1: Pon4uk.ua (big blind) showed [Jc 5d] and won ($23.92) with a full house, Fives full of Jacks
Seat 4: Burlica2013 (button) folded before Flop (didn't bet)
Seat 6: praclovekzig (small blind) showed [6s Qs] and lost with a flush, King high



PokerStars Hand #254575854588:  Hold'em No Limit ($0.50/$1.00 USD) - 2025/01/27 6:42:09 WET [2025/01/27 1:42:09 ET]
Table 'Amalasuntha IV' 6-max Seat #1 is the button
Seat 6: praclovekzig ($0 in chips) is sitting out
Seat 1: Pon4uk.ua ($112.46 in chips) 
Seat 4: Burlica2013 ($101.14 in chips) 
Pon4uk.ua: posts small blind $0.50
Burlica2013: posts big blind $1
*** HOLE CARDS ***
Pon4uk.ua: folds 
Uncalled bet ($0.50) returned to Burlica2013
Burlica2013 collected $1 from pot
Burlica2013: doesn't show hand 
*** SUMMARY ***
Total pot $1 | Rake $0 
Seat 6: praclovekzig
Seat 1: Pon4uk.ua (button) (small blind) folded before Flop
Seat 4: Burlica2013 (big blind) collected ($1)



PokerStars Hand #254575863739:  Hold'em No Limit ($0.50/$1.00 USD) - 2025/01/27 6:44:34 WET [2025/01/27 1:44:34 ET]
Table 'Amalasuntha IV' 6-max Seat #4 is the button
Seat 6: praclovekzig ($0 in chips) is sitting out
Seat 1: Pon4uk.ua ($111.96 in chips) 
Seat 4: raiseinthedarkk ($100 in chips) 
raiseinthedarkk: posts small blind $0.50
Pon4uk.ua: posts big blind $1
*** HOLE CARDS ***
raiseinthedarkk: raises $1.50 to $2.50
Pon4uk.ua: raises $8.50 to $11
raiseinthedarkk: raises $11.50 to $22.50
Pon4uk.ua: raises $89.46 to $111.96 and is all-in
raiseinthedarkk: folds 
Uncalled bet ($89.46) returned to Pon4uk.ua
Pon4uk.ua collected $45 from pot
Pon4uk.ua: doesn't show hand 
*** SUMMARY ***
Total pot $45 | Rake $0 
Seat 6: praclovekzig
Seat 1: Pon4uk.ua (big blind) collected ($45)
Seat 4: raiseinthedarkk (button) (small blind) folded before Flop



PokerStars Hand #254575865585:  Hold'em No Limit ($0.50/$1.00 USD) - 2025/01/27 6:45:04 WET [2025/01/27 1:45:04 ET]
Table 'Amalasuntha IV' 6-max Seat #1 is the button
Seat 6: praclovekzig ($0 in chips) is sitting out
Seat 1: Pon4uk.ua ($134.46 in chips) 
Seat 4: raiseinthedarkk ($100 in chips) 
Pon4uk.ua: posts small blind $0.50
raiseinthedarkk: posts big blind $1
*** HOLE CARDS ***
Pon4uk.ua: folds 
Uncalled bet ($0.50) returned to raiseinthedarkk
raiseinthedarkk collected $1 from pot
raiseinthedarkk: doesn't show hand 
*** SUMMARY ***
Total pot $1 | Rake $0 
Seat 6: praclovekzig
Seat 1: Pon4uk.ua (button) (small blind) folded before Flop
Seat 4: raiseinthedarkk (big blind) collected ($1)



PokerStars Hand #254575923959:  Hold'em No Limit ($0.50/$1.00 USD) - 2025/01/27 7:01:21 WET [2025/01/27 2:01:21 ET]
Table 'Amalasuntha IV' 6-max Seat #2 is the button
Seat 1: sutata ($100 in chips) 
Seat 2: steepfell ($100 in chips) 
Seat 3: Mr_Dick666 ($100 in chips) 
Seat 6: @LSDONTHEBEAT ($20.22 in chips) 
Mr_Dick666: posts small blind $0.50
@LSDONTHEBEAT: posts big blind $1
*** HOLE CARDS ***
sutata: raises $1.50 to $2.50
steepfell: folds 
Mr_Dick666: raises $8.50 to $11
Emily_GetMan joins the table at seat #5 
@LSDONTHEBEAT has timed out
@LSDONTHEBEAT: folds 
sutata: folds 
Uncalled bet ($8.50) returned to Mr_Dick666
Mr_Dick666 collected $6 from pot
Mr_Dick666: doesn't show hand 
*** SUMMARY ***
Total pot $6 | Rake $0 
Seat 1: sutata folded before Flop
Seat 2: steepfell (button) folded before Flop (didn't bet)
Seat 3: Mr_Dick666 (small blind) collected ($6)
Seat 6: @LSDONTHEBEAT (big blind) folded before Flop



PokerStars Hand #254575927086:  Hold'em No Limit ($0.50/$1.00 USD) - 2025/01/27 7:02:13 WET [2025/01/27 2:02:13 ET]
Table 'Amalasuntha IV' 6-max Seat #3 is the button
Seat 5: Emily_GetMan ($100 in chips) is sitting out
Seat 6: @LSDONTHEBEAT ($19.22 in chips) is sitting out
Seat 1: sutata ($100 in chips) 
Seat 2: steepfell ($100 in chips) 
Seat 3: Mr_Dick666 ($103.50 in chips) 
sutata: posts small blind $0.50
steepfell: posts big blind $1
*** HOLE CARDS ***
Mr_Dick666: raises $1.50 to $2.50
sutata: folds 
steepfell: calls $1.50
*** FLOP *** [3d 5h 3h]
steepfell: checks 
Mr_Dick666: bets $1.72
steepfell: folds 
Uncalled bet ($1.72) returned to Mr_Dick666
Mr_Dick666 collected $5.22 from pot
Mr_Dick666: doesn't show hand 
*** SUMMARY ***
Total pot $5.50 | Rake $0.28 
Board [3d 5h 3h]
Seat 5: Emily_GetMan
Seat 6: @LSDONTHEBEAT
Seat 1: sutata (small blind) folded before Flop
Seat 2: steepfell (big blind) folded on the Flop
Seat 3: Mr_Dick666 (button) collected ($5.22)



PokerStars Hand #254575929426:  Hold'em No Limit ($0.50/$1.00 USD) - 2025/01/27 7:02:52 WET [2025/01/27 2:02:52 ET]
Table 'Amalasuntha IV' 6-max Seat #1 is the button
Seat 5: Emily_GetMan ($100 in chips) is sitting out
Seat 6: @LSDONTHEBEAT ($19.22 in chips) is sitting out
Seat 1: sutata ($100 in chips) 
Seat 2: steepfell ($100 in chips) 
Seat 3: Mr_Dick666 ($106.22 in chips) 
steepfell: posts small blind $0.50
Mr_Dick666: posts big blind $1
Emily_GetMan: sits out 
*** HOLE CARDS ***
samay726 joins the table at seat #4 
samay726 is disconnected 
sutata: calls $1
steepfell: folds 
Mr_Dick666: checks 
*** FLOP *** [7s 2c 6s]
Mr_Dick666: checks 
sutata: checks 
*** TURN *** [7s 2c 6s] [Jh]
Mr_Dick666: checks 
sutata: checks 
*** RIVER *** [7s 2c 6s Jh] [Js]
Mr_Dick666: bets $1.19
sutata: calls $1.19
*** SHOW DOWN ***
Mr_Dick666: shows [8d 7d] (two pair, Jacks and Sevens)
sutata: mucks hand 
Mr_Dick666 collected $4.64 from pot
*** SUMMARY ***
Total pot $4.88 | Rake $0.24 
Board [7s 2c 6s Jh Js]
Seat 5: Emily_GetMan
Seat 6: @LSDONTHEBEAT
Seat 1: sutata (button) mucked
Seat 2: steepfell (small blind) folded before Flop
Seat 3: Mr_Dick666 (big blind) showed [8d 7d] and won ($4.64) with two pair, Jacks and Sevens



PokerStars Hand #254575932202:  Hold'em No Limit ($0.50/$1.00 USD) - 2025/01/27 7:03:37 WET [2025/01/27 2:03:37 ET]
Table 'Amalasuntha IV' 6-max Seat #2 is the button
Seat 5: Emily_GetMan ($100 in chips) is sitting out
Seat 1: sutata ($100 in chips) 
Seat 2: steepfell ($100 in chips) 
Seat 3: Mr_Dick666 ($108.67 in chips) 
Seat 4: samay726 ($100 in chips) 
Seat 6: @LSDONTHEBEAT ($19.22 in chips) 
Mr_Dick666: posts small blind $0.50
samay726: posts big blind $1
Emily_GetMan: sits out 
@LSDONTHEBEAT: posts small blind $0.50
*** HOLE CARDS ***
@LSDONTHEBEAT: raises $2 to $3
sutata: folds 
steepfell: folds 
Mr_Dick666: folds 
samay726: calls $2
*** FLOP *** [Th Ts Ad]
samay726: checks 
@LSDONTHEBEAT: checks 
*** TURN *** [Th Ts Ad] [3c]
samay726: checks 
@LSDONTHEBEAT: bets $2
samay726: calls $2
*** RIVER *** [Th Ts Ad 3c] [Tc]
samay726: checks 
@LSDONTHEBEAT: bets $3
samay726: calls $3
*** SHOW DOWN ***
@LSDONTHEBEAT: shows [3s As] (a full house, Tens full of Aces)
samay726: mucks hand 
@LSDONTHEBEAT collected $16.15 from pot
*** SUMMARY ***
Total pot $17 | Rake $0.85 
Board [Th Ts Ad 3c Tc]
Seat 5: Emily_GetMan
Seat 1: sutata folded before Flop (didn't bet)
Seat 2: steepfell (button) folded before Flop (didn't bet)
Seat 3: Mr_Dick666 (small blind) folded before Flop
Seat 4: samay726 (big blind) mucked
Seat 6: @LSDONTHEBEAT showed [3s As] and won ($16.15) with a full house, Tens full of Aces



PokerStars Hand #254575935242:  Hold'em No Limit ($0.50/$1.00 USD) - 2025/01/27 7:04:26 WET [2025/01/27 2:04:26 ET]
Table 'Amalasuntha IV' 6-max Seat #3 is the button
Seat 1: sutata ($100 in chips) 
Seat 2: steepfell ($100 in chips) 
Seat 3: Mr_Dick666 ($108.17 in chips) 
Seat 4: samay726 ($92 in chips) 
Seat 5: Emily_GetMan ($100 in chips) 
Seat 6: @LSDONTHEBEAT ($26.87 in chips) 
samay726: posts small blind $0.50
Emily_GetMan: posts big blind $1
*** HOLE CARDS ***
@LSDONTHEBEAT: calls $1
sutata: folds 
steepfell: folds 
Mr_Dick666: folds 
samay726: calls $0.50
Emily_GetMan: checks 
*** FLOP *** [9d Jd 8h]
samay726: checks 
Emily_GetMan: checks 
@LSDONTHEBEAT: checks 
*** TURN *** [9d Jd 8h] [2h]
samay726: checks 
Emily_GetMan: checks 
@LSDONTHEBEAT: bets $1
samay726: calls $1
Emily_GetMan: calls $1
*** RIVER *** [9d Jd 8h 2h] [5d]
samay726: checks 
Emily_GetMan: checks 
@LSDONTHEBEAT: bets $1
samay726: folds 
Emily_GetMan: folds 
Uncalled bet ($1) returned to @LSDONTHEBEAT
@LSDONTHEBEAT collected $5.70 from pot
@LSDONTHEBEAT: shows [5h Ad] (a pair of Fives)
*** SUMMARY ***
Total pot $6 | Rake $0.30 
Board [9d Jd 8h 2h 5d]
Seat 1: sutata folded before Flop (didn't bet)
Seat 2: steepfell folded before Flop (didn't bet)
Seat 3: Mr_Dick666 (button) folded before Flop (didn't bet)
Seat 4: samay726 (small blind) folded on the River
Seat 5: Emily_GetMan (big blind) folded on the River
Seat 6: @LSDONTHEBEAT collected ($5.70)



PokerStars Hand #254575939001:  Hold'em No Limit ($0.50/$1.00 USD) - 2025/01/27 7:05:28 WET [2025/01/27 2:05:28 ET]
Table 'Amalasuntha IV' 6-max Seat #4 is the button
Seat 1: sutata ($100 in chips) 
Seat 2: steepfell ($100 in chips) 
Seat 3: Mr_Dick666 ($108.17 in chips) 
Seat 4: samay726 ($90 in chips) 
Seat 5: Emily_GetMan ($100 in chips) 
Seat 6: @LSDONTHEBEAT ($30.57 in chips) 
Emily_GetMan: posts small blind $0.50
@LSDONTHEBEAT: posts big blind $1
*** HOLE CARDS ***
sutata: raises $1.50 to $2.50
steepfell: folds 
Mr_Dick666: folds 
samay726: folds 
Emily_GetMan: folds 
@LSDONTHEBEAT: folds 
Uncalled bet ($1.50) returned to sutata
sutata collected $2.50 from pot
sutata: doesn't show hand 
*** SUMMARY ***
Total pot $2.50 | Rake $0 
Seat 1: sutata collected ($2.50)
Seat 2: steepfell folded before Flop (didn't bet)
Seat 3: Mr_Dick666 folded before Flop (didn't bet)
Seat 4: samay726 (button) folded before Flop (didn't bet)
Seat 5: Emily_GetMan (small blind) folded before Flop
Seat 6: @LSDONTHEBEAT (big blind) folded before Flop



PokerStars Hand #254575940398:  Hold'em No Limit ($0.50/$1.00 USD) - 2025/01/27 7:05:50 WET [2025/01/27 2:05:50 ET]
Table 'Amalasuntha IV' 6-max Seat #5 is the button
Seat 1: sutata ($101.50 in chips) 
Seat 2: steepfell ($100 in chips) 
Seat 3: Mr_Dick666 ($108.17 in chips) 
Seat 4: samay726 ($90 in chips) 
Seat 5: Emily_GetMan ($100 in chips) 
Seat 6: @LSDONTHEBEAT ($29.57 in chips) 
@LSDONTHEBEAT: posts small blind $0.50
sutata: posts big blind $1
*** HOLE CARDS ***
steepfell: folds 
Mr_Dick666: raises $1 to $2
samay726: calls $2
Emily_GetMan: calls $2
@LSDONTHEBEAT: calls $1.50
sutata: calls $1
*** FLOP *** [8s Jc As]
@LSDONTHEBEAT: bets $1
sutata: folds 
Mr_Dick666: calls $1
samay726: calls $1
Emily_GetMan: folds 
*** TURN *** [8s Jc As] [5s]
@LSDONTHEBEAT: bets $3
Mr_Dick666: raises $3 to $6
samay726: folds 
@LSDONTHEBEAT: calls $3
*** RIVER *** [8s Jc As 5s] [6h]
@LSDONTHEBEAT: bets $3
Mr_Dick666: calls $3
*** SHOW DOWN ***
@LSDONTHEBEAT: shows [Jd 7h] (a pair of Jacks)
Mr_Dick666: shows [7d Ad] (a pair of Aces)
Mr_Dick666 collected $29.45 from pot
*** SUMMARY ***
Total pot $31 | Rake $1.55 
Board [8s Jc As 5s 6h]
Seat 1: sutata (big blind) folded on the Flop
Seat 2: steepfell folded before Flop (didn't bet)
Seat 3: Mr_Dick666 showed [7d Ad] and won ($29.45) with a pair of Aces
Seat 4: samay726 folded on the Turn
Seat 5: Emily_GetMan (button) folded on the Flop
Seat 6: @LSDONTHEBEAT (small blind) showed [Jd 7h] and lost with a pair of Jacks



PokerStars Hand #254575945422:  Hold'em No Limit ($0.50/$1.00 USD) - 2025/01/27 7:07:12 WET [2025/01/27 2:07:12 ET]
Table 'Amalasuntha IV' 6-max Seat #6 is the button
Seat 2: steepfell ($100 in chips) is sitting out
Seat 1: sutata ($100 in chips) 
Seat 3: Mr_Dick666 ($125.62 in chips) 
Seat 4: samay726 ($87 in chips) 
Seat 5: Emily_GetMan ($100 in chips) 
Seat 6: @LSDONTHEBEAT ($17.57 in chips) 
sutata: posts small blind $0.50
steepfell: is sitting out 
Mr_Dick666: posts big blind $1
*** HOLE CARDS ***
samay726: calls $1
Emily_GetMan: folds 
@LSDONTHEBEAT: calls $1
sutata: folds 
Mr_Dick666: checks 
*** FLOP *** [Td 5s Qd]
Mr_Dick666: checks 
samay726: checks 
@LSDONTHEBEAT: checks 
*** TURN *** [Td 5s Qd] [As]
Mr_Dick666: checks 
samay726: checks 
@LSDONTHEBEAT: bets $1
Mr_Dick666: folds 
samay726: folds 
Uncalled bet ($1) returned to @LSDONTHEBEAT
@LSDONTHEBEAT collected $3.32 from pot
*** SUMMARY ***
Total pot $3.50 | Rake $0.18 
Board [Td 5s Qd As]
Seat 2: steepfell
Seat 1: sutata (small blind) folded before Flop
Seat 3: Mr_Dick666 (big blind) folded on the Turn
Seat 4: samay726 folded on the Turn
Seat 5: Emily_GetMan folded before Flop (didn't bet)
Seat 6: @LSDONTHEBEAT (button) collected ($3.32)



PokerStars Hand #254575948934:  Hold'em No Limit ($0.50/$1.00 USD) - 2025/01/27 7:08:10 WET [2025/01/27 2:08:10 ET]
Table 'Amalasuntha IV' 6-max Seat #1 is the button
Seat 2: steepfell ($100 in chips) is sitting out
Seat 1: sutata ($100 in chips) 
Seat 3: Mr_Dick666 ($124.62 in chips) 
Seat 4: samay726 ($86 in chips) 
Seat 5: Emily_GetMan ($100 in chips) 
Seat 6: @LSDONTHEBEAT ($19.89 in chips) 
Mr_Dick666: posts small blind $0.50
samay726: posts big blind $1
*** HOLE CARDS ***
Emily_GetMan: raises $1 to $2
@LSDONTHEBEAT: calls $2
sutata: calls $2
Mr_Dick666: folds 
samay726: calls $1
*** FLOP *** [4s As 4h]
samay726: checks 
Emily_GetMan: bets $2.67
@LSDONTHEBEAT: calls $2.67
sutata: calls $2.67
samay726: folds 
*** TURN *** [4s As 4h] [8h]
Emily_GetMan: bets $20.38
@LSDONTHEBEAT: folds 
sutata: folds 
Uncalled bet ($20.38) returned to Emily_GetMan
Emily_GetMan collected $15.68 from pot
Emily_GetMan: doesn't show hand 
*** SUMMARY ***
Total pot $16.51 | Rake $0.83 
Board [4s As 4h 8h]
Seat 2: steepfell
Seat 1: sutata (button) folded on the Turn
Seat 3: Mr_Dick666 (small blind) folded before Flop
Seat 4: samay726 (big blind) folded on the Flop
Seat 5: Emily_GetMan collected ($15.68)
Seat 6: @LSDONTHEBEAT folded on the Turn



PokerStars Hand #254575953541:  Hold'em No Limit ($0.50/$1.00 USD) - 2025/01/27 7:09:26 WET [2025/01/27 2:09:26 ET]
Table 'Amalasuntha IV' 6-max Seat #3 is the button
Seat 2: steepfell ($100 in chips) is sitting out
Seat 1: sutata ($100 in chips) 
Seat 3: Mr_Dick666 ($124.12 in chips) 
Seat 4: samay726 ($84 in chips) 
Seat 5: Emily_GetMan ($111.01 in chips) 
Seat 6: @LSDONTHEBEAT ($15.22 in chips) 
samay726: posts small blind $0.50
Emily_GetMan: posts big blind $1
steepfell: sits out 
*** HOLE CARDS ***
@LSDONTHEBEAT: folds 
sutata: folds 
Mr_Dick666: folds 
samay726: calls $0.50
Emily_GetMan: checks 
*** FLOP *** [4d 5h 4c]
samay726: checks 
Emily_GetMan: bets $1
samay726: calls $1
*** TURN *** [4d 5h 4c] [6d]
samay726: bets $2
Emily_GetMan: calls $2
*** RIVER *** [4d 5h 4c 6d] [Ah]
samay726: bets $5
Emily_GetMan: calls $5
*** SHOW DOWN ***
samay726: shows [3s 2d] (a straight, Deuce to Six)
Emily_GetMan: mucks hand 
samay726 collected $17.10 from pot
*** SUMMARY ***
Total pot $18 | Rake $0.90 
Board [4d 5h 4c 6d Ah]
Seat 2: steepfell
Seat 1: sutata folded before Flop (didn't bet)
Seat 3: Mr_Dick666 (button) folded before Flop (didn't bet)
Seat 4: samay726 (small blind) showed [3s 2d] and won ($17.10) with a straight, Deuce to Six
Seat 5: Emily_GetMan (big blind) mucked
Seat 6: @LSDONTHEBEAT folded before Flop (didn't bet)



PokerStars Hand #254575956520:  Hold'em No Limit ($0.50/$1.00 USD) - 2025/01/27 7:10:15 WET [2025/01/27 2:10:15 ET]
Table 'Amalasuntha IV' 6-max Seat #4 is the button
Seat 2: steepfell ($100 in chips) is sitting out
Seat 1: sutata ($100 in chips) 
Seat 3: Mr_Dick666 ($124.12 in chips) 
Seat 4: samay726 ($92.10 in chips) 
Seat 5: Emily_GetMan ($102.01 in chips) 
Seat 6: @LSDONTHEBEAT ($15.22 in chips) 
Emily_GetMan: posts small blind $0.50
@LSDONTHEBEAT: posts big blind $1
steepfell: sits out 
*** HOLE CARDS ***
sutata: folds 
Mr_Dick666: raises $1.50 to $2.50
samay726: folds 
Emily_GetMan: folds 
@LSDONTHEBEAT: calls $1.50
*** FLOP *** [5d 9s Th]
@LSDONTHEBEAT: checks 
Mr_Dick666: checks 
*** TURN *** [5d 9s Th] [Qd]
@LSDONTHEBEAT: checks 
Mr_Dick666: bets $2.61
@LSDONTHEBEAT: calls $2.61
*** RIVER *** [5d 9s Th Qd] [As]
@LSDONTHEBEAT: checks 
Mr_Dick666: checks 
*** SHOW DOWN ***
@LSDONTHEBEAT: shows [2h Jh] (high card Ace)
Mr_Dick666: shows [7c Qc] (a pair of Queens)
Mr_Dick666 collected $10.18 from pot
*** SUMMARY ***
Total pot $10.72 | Rake $0.54 
Board [5d 9s Th Qd As]
Seat 2: steepfell
Seat 1: sutata folded before Flop (didn't bet)
Seat 3: Mr_Dick666 showed [7c Qc] and won ($10.18) with a pair of Queens
Seat 4: samay726 (button) folded before Flop (didn't bet)
Seat 5: Emily_GetMan (small blind) folded before Flop
Seat 6: @LSDONTHEBEAT (big blind) showed [2h Jh] and lost with high card Ace



PokerStars Hand #254575960881:  Hold'em No Limit ($0.50/$1.00 USD) - 2025/01/27 7:11:26 WET [2025/01/27 2:11:26 ET]
Table 'Amalasuntha IV' 6-max Seat #5 is the button
Seat 2: steepfell ($100 in chips) is sitting out
Seat 1: sutata ($100 in chips) 
Seat 3: Mr_Dick666 ($129.19 in chips) 
Seat 4: samay726 ($92.10 in chips) 
Seat 5: Emily_GetMan ($101.51 in chips) 
Seat 6: @LSDONTHEBEAT ($10.11 in chips) 
@LSDONTHEBEAT: posts small blind $0.50
sutata: posts big blind $1
steepfell: sits out 
*** HOLE CARDS ***
Mr_Dick666: folds 
samay726: calls $1
Emily_GetMan: raises $3 to $4
@LSDONTHEBEAT: folds 
sutata: folds 
samay726: folds 
Uncalled bet ($3) returned to Emily_GetMan
Emily_GetMan collected $3.50 from pot
Emily_GetMan: doesn't show hand 
*** SUMMARY ***
Total pot $3.50 | Rake $0 
Seat 2: steepfell
Seat 1: sutata (big blind) folded before Flop
Seat 3: Mr_Dick666 folded before Flop (didn't bet)
Seat 4: samay726 folded before Flop
Seat 5: Emily_GetMan (button) collected ($3.50)
Seat 6: @LSDONTHEBEAT (small blind) folded before Flop



PokerStars Hand #254575963305:  Hold'em No Limit ($0.50/$1.00 USD) - 2025/01/27 7:12:10 WET [2025/01/27 2:12:10 ET]
Table 'Amalasuntha IV' 6-max Seat #6 is the button
Seat 1: sutata ($100 in chips) 
Seat 2: steepfell ($100 in chips) 
Seat 3: Mr_Dick666 ($129.19 in chips) 
Seat 4: samay726 ($91.10 in chips) 
Seat 5: Emily_GetMan ($104.01 in chips) 
Seat 6: @LSDONTHEBEAT ($9.61 in chips) 
sutata: posts small blind $0.50
steepfell: posts big blind $1
*** HOLE CARDS ***
Mr_Dick666: folds 
samay726: calls $1
Emily_GetMan: folds 
@LSDONTHEBEAT: calls $1
sutata: calls $0.50
steepfell: checks 
*** FLOP *** [Ts 6s 6c]
sutata: checks 
steepfell: checks 
samay726: checks 
@LSDONTHEBEAT: checks 
*** TURN *** [Ts 6s 6c] [8h]
sutata: bets $1.27
steepfell: calls $1.27
samay726: calls $1.27
@LSDONTHEBEAT: folds 
*** RIVER *** [Ts 6s 6c 8h] [5s]
sutata: checks 
steepfell: checks 
samay726: checks 
*** SHOW DOWN ***
sutata: shows [6h 6d] (four of a kind, Sixes)
steepfell: mucks hand 
samay726: mucks hand 
sutata collected $7.42 from pot
*** SUMMARY ***
Total pot $7.81 | Rake $0.39 
Board [Ts 6s 6c 8h 5s]
Seat 1: sutata (small blind) showed [6h 6d] and won ($7.42) with four of a kind, Sixes
Seat 2: steepfell (big blind) mucked
Seat 3: Mr_Dick666 folded before Flop (didn't bet)
Seat 4: samay726 mucked
Seat 5: Emily_GetMan folded before Flop (didn't bet)
Seat 6: @LSDONTHEBEAT (button) folded on the Turn



PokerStars Hand #254575966405:  Hold'em No Limit ($0.50/$1.00 USD) - 2025/01/27 7:13:04 WET [2025/01/27 2:13:04 ET]
Table 'Amalasuntha IV' 6-max Seat #1 is the button
Seat 1: sutata ($105.15 in chips) 
Seat 2: steepfell ($100 in chips) 
Seat 3: Mr_Dick666 ($129.19 in chips) 
Seat 4: samay726 ($88.83 in chips) 
Seat 5: Emily_GetMan ($104.01 in chips) 
Seat 6: @LSDONTHEBEAT ($8.61 in chips) 
steepfell: posts small blind $0.50
Mr_Dick666: posts big blind $1
*** HOLE CARDS ***
samay726: calls $1
Emily_GetMan: folds 
@LSDONTHEBEAT: calls $1
sutata: raises $4 to $5
steepfell: folds 
Mr_Dick666: folds 
samay726: folds 
@LSDONTHEBEAT: folds 
Uncalled bet ($4) returned to sutata
sutata collected $4.50 from pot
sutata: doesn't show hand 
*** SUMMARY ***
Total pot $4.50 | Rake $0 
Seat 1: sutata (button) collected ($4.50)
Seat 2: steepfell (small blind) folded before Flop
Seat 3: Mr_Dick666 (big blind) folded before Flop
Seat 4: samay726 folded before Flop
Seat 5: Emily_GetMan folded before Flop (didn't bet)
Seat 6: @LSDONTHEBEAT folded before Flop



PokerStars Hand #254575968240:  Hold'em No Limit ($0.50/$1.00 USD) - 2025/01/27 7:13:35 WET [2025/01/27 2:13:35 ET]
Table 'Amalasuntha IV' 6-max Seat #2 is the button
Seat 1: sutata ($108.65 in chips) 
Seat 2: steepfell ($100 in chips) 
Seat 3: Mr_Dick666 ($128.19 in chips) 
Seat 4: samay726 ($87.83 in chips) 
Seat 5: Emily_GetMan ($104.01 in chips) 
Seat 6: @LSDONTHEBEAT ($7.61 in chips) 
Mr_Dick666: posts small blind $0.50
samay726: posts big blind $1
*** HOLE CARDS ***
Emily_GetMan: folds 
@LSDONTHEBEAT: calls $1
sutata: folds 
steepfell: folds 
Mr_Dick666: raises $3 to $4
samay726: raises $3 to $7
@LSDONTHEBEAT: calls $6
Mr_Dick666: calls $3
*** FLOP *** [5c 5s 2d]
Mr_Dick666: checks 
samay726: checks 
@LSDONTHEBEAT: checks 
*** TURN *** [5c 5s 2d] [7c]
Mr_Dick666: checks 
samay726: checks 
@LSDONTHEBEAT: checks 
*** RIVER *** [5c 5s 2d 7c] [9c]
Mr_Dick666: checks 
samay726: bets $21
@LSDONTHEBEAT: calls $0.61 and is all-in
Mr_Dick666: folds 
Uncalled bet ($20.39) returned to samay726
*** SHOW DOWN ***
samay726: shows [Kc Tc] (a flush, King high)
@LSDONTHEBEAT: shows [Ks 4s] (a pair of Fives)
samay726 collected $21.11 from pot
*** SUMMARY ***
Total pot $22.22 | Rake $1.11 
Board [5c 5s 2d 7c 9c]
Seat 1: sutata folded before Flop (didn't bet)
Seat 2: steepfell (button) folded before Flop (didn't bet)
Seat 3: Mr_Dick666 (small blind) folded on the River
Seat 4: samay726 (big blind) showed [Kc Tc] and won ($21.11) with a flush, King high
Seat 5: Emily_GetMan folded before Flop (didn't bet)
Seat 6: @LSDONTHEBEAT showed [Ks 4s] and lost with a pair of Fives



PokerStars Hand #254575971908:  Hold'em No Limit ($0.50/$1.00 USD) - 2025/01/27 7:14:37 WET [2025/01/27 2:14:37 ET]
Table 'Amalasuntha IV' 6-max Seat #3 is the button
Seat 6: @LSDONTHEBEAT ($0 in chips) is sitting out
Seat 1: sutata ($108.65 in chips) 
Seat 2: steepfell ($100 in chips) 
Seat 3: Mr_Dick666 ($121.19 in chips) 
Seat 4: samay726 ($101.33 in chips) 
Seat 5: Emily_GetMan ($104.01 in chips) 
samay726: posts small blind $0.50
Emily_GetMan: posts big blind $1
*** HOLE CARDS ***
sutata: raises $1.50 to $2.50
steepfell: folds 
Mr_Dick666: folds 
samay726: calls $2
Emily_GetMan: folds 
*** FLOP *** [5d Ah 4c]
samay726: checks 
sutata: checks 
*** TURN *** [5d Ah 4c] [Jc]
samay726: checks 
@LSDONTHEBEAT leaves the table
sutata: bets $1.90
samay726: raises $1.90 to $3.80
sutata: calls $1.90
*** RIVER *** [5d Ah 4c Jc] [5h]
samay726: checks 
shootingGRID joins the table at seat #6 
sutata: bets $5
samay726: calls $5
*** SHOW DOWN ***
sutata: shows [As 2s] (two pair, Aces and Fives)
samay726: mucks hand 
sutata collected $22.42 from pot
*** SUMMARY ***
Total pot $23.60 | Rake $1.18 
Board [5d Ah 4c Jc 5h]
Seat 6: @LSDONTHEBEAT
Seat 1: sutata showed [As 2s] and won ($22.42) with two pair, Aces and Fives
Seat 2: steepfell folded before Flop (didn't bet)
Seat 3: Mr_Dick666 (button) folded before Flop (didn't bet)
Seat 4: samay726 (small blind) mucked
Seat 5: Emily_GetMan (big blind) folded before Flop



PokerStars Hand #254575981732:  Hold'em No Limit ($0.50/$1.00 USD) - 2025/01/27 7:17:21 WET [2025/01/27 2:17:21 ET]
Table 'Amalasuntha IV' 6-max Seat #6 is the button
Seat 1: sutata ($117.27 in chips) 
Seat 2: steepfell ($100 in chips) 
Seat 3: Mr_Dick666 ($121.19 in chips) 
Seat 5: Emily_GetMan ($196.76 in chips) 
Seat 6: shootingGRID ($100 in chips) 
sutata: posts small blind $0.50
steepfell: posts big blind $1
*** HOLE CARDS ***
Mr_Dick666: folds 
Emily_GetMan: raises $1 to $2
shootingGRID: folds 
sutata: folds 
steepfell: calls $1
*** FLOP *** [5s 6d 9d]
steepfell: checks 
Emily_GetMan: checks 
*** TURN *** [5s 6d 9d] [Kd]
steepfell: checks 
Emily_GetMan: checks 
*** RIVER *** [5s 6d 9d Kd] [7h]
steepfell: bets $3.21
Emily_GetMan: raises $12.79 to $16
steepfell: calls $12.79
*** SHOW DOWN ***
Emily_GetMan: shows [8d Ah] (a straight, Five to Nine)
steepfell: shows [8s As] (a straight, Five to Nine)
steepfell collected $17.34 from pot
Emily_GetMan collected $17.34 from pot
*** SUMMARY ***
Total pot $36.50 | Rake $1.82 
Board [5s 6d 9d Kd 7h]
Seat 1: sutata (small blind) folded before Flop
Seat 2: steepfell (big blind) showed [8s As] and won ($17.34) with a straight, Five to Nine
Seat 3: Mr_Dick666 folded before Flop (didn't bet)
Seat 5: Emily_GetMan showed [8d Ah] and won ($17.34) with a straight, Five to Nine
Seat 6: shootingGRID (button) folded before Flop (didn't bet)



PokerStars Hand #254575986068:  Hold'em No Limit ($0.50/$1.00 USD) - 2025/01/27 7:18:31 WET [2025/01/27 2:18:31 ET]
Table 'Amalasuntha IV' 6-max Seat #1 is the button
Seat 3: Mr_Dick666 ($121.19 in chips) is sitting out
Seat 5: Emily_GetMan ($196.10 in chips) is sitting out
Seat 1: sutata ($116.77 in chips) 
Seat 2: steepfell ($100 in chips) 
Seat 6: shootingGRID ($100 in chips) 
steepfell: posts small blind $0.50
Mr_Dick666: is sitting out 
Emily_GetMan: is sitting out 
shootingGRID: posts big blind $1
*** HOLE CARDS ***
Mr_Dick666 leaves the table
Emily_GetMan leaves the table
sutata: folds 
steepfell: raises $2 to $3
shootingGRID: raises $6 to $9
steepfell: folds 
Uncalled bet ($6) returned to shootingGRID
shootingGRID collected $6 from pot
*** SUMMARY ***
Total pot $6 | Rake $0 
Seat 3: Mr_Dick666
Seat 5: Emily_GetMan
Seat 1: sutata (button) folded before Flop (didn't bet)
Seat 2: steepfell (small blind) folded before Flop
Seat 6: shootingGRID (big blind) collected ($6)



