PokerStars Hand #254589697887:  Hold'em No Limit ($0.50/$1.00 USD) - 2025/01/27 3:13:58 WET [2025/01/27 22:13:58 ET]
Table 'Lictoria III' 6-max Seat #4 is the button
Seat 3: skars07 ($100 in chips) is sitting out
Seat 1: CashfishT ($100 in chips) 
Seat 2: firewin992 ($89.12 in chips) 
Seat 4: reeqar ($101.23 in chips) 
Seat 5: nastja336 ($100 in chips) 
Seat 6: Manifestorr ($100 in chips) 
nastja336: posts small blind $0.50
Manifestorr: posts big blind $1
CashfishT: posts big blind $1
skars07: sits out 
*** HOLE CARDS ***
CashfishT: checks 
firewin992: folds 
reeqar: folds 
nastja336: folds 
Manifestorr: checks 
*** FLOP *** [Tc 7c 7s]
Manifestorr: checks 
CashfishT: bets $1.19
Manifestorr: folds 
Uncalled bet ($1.19) returned to CashfishT
CashfishT collected $2.38 from pot
CashfishT: doesn't show hand 
*** SUMMARY ***
Total pot $2.50 | Rake $0.12 
Board [Tc 7c 7s]
Seat 3: skars07
Seat 1: CashfishT collected ($2.38)
Seat 2: firewin992 folded before Flop (didn't bet)
Seat 4: reeqar (button) folded before Flop (didn't bet)
Seat 5: nastja336 (small blind) folded before Flop
Seat 6: Manifestorr (big blind) folded on the Flop



PokerStars Hand #254589700789:  Hold'em No Limit ($0.50/$1.00 USD) - 2025/01/27 3:14:21 WET [2025/01/27 22:14:21 ET]
Table 'Lictoria III' 6-max Seat #5 is the button
Seat 3: skars07 ($100 in chips) is sitting out
Seat 1: CashfishT ($101.38 in chips) 
Seat 2: firewin992 ($89.12 in chips) 
Seat 4: reeqar ($101.23 in chips) 
Seat 5: nastja336 ($100 in chips) 
Seat 6: Manifestorr ($100 in chips) 
Manifestorr: posts small blind $0.50
CashfishT: posts big blind $1
skars07: sits out 
*** HOLE CARDS ***
firewin992 has timed out
firewin992: folds 
reeqar: raises $1.50 to $2.50
nastja336: folds 
Manifestorr: folds 
CashfishT: raises $10.50 to $13
reeqar: folds 
Uncalled bet ($10.50) returned to CashfishT
CashfishT collected $5.50 from pot
CashfishT: doesn't show hand 
*** SUMMARY ***
Total pot $5.50 | Rake $0 
Seat 3: skars07
Seat 1: CashfishT (big blind) collected ($5.50)
Seat 2: firewin992 folded before Flop (didn't bet)
Seat 4: reeqar folded before Flop
Seat 5: nastja336 (button) folded before Flop (didn't bet)
Seat 6: Manifestorr (small blind) folded before Flop



PokerStars Hand #254589706990:  Hold'em No Limit ($0.50/$1.00 USD) - 2025/01/27 3:15:11 WET [2025/01/27 22:15:11 ET]
Table 'Lictoria III' 6-max Seat #6 is the button
Seat 2: firewin992 ($89.12 in chips) is sitting out
Seat 1: CashfishT ($104.38 in chips) 
Seat 3: skars07 ($100 in chips) 
Seat 4: reeqar ($100 in chips) 
Seat 5: nastja336 ($100 in chips) 
Seat 6: Manifestorr ($100 in chips) 
CashfishT: posts small blind $0.50
skars07: posts big blind $1
*** HOLE CARDS ***
reeqar: folds 
nastja336: folds 
Manifestorr: raises $1.20 to $2.20
CashfishT: folds 
skars07: calls $1.20
*** FLOP *** [3c Td 8s]
skars07: checks 
Manifestorr: bets $2.33
firewin992 is disconnected 
skars07: raises $6.41 to $8.74
Manifestorr: folds 
Uncalled bet ($6.41) returned to skars07
skars07 collected $9.08 from pot
skars07: doesn't show hand 
*** SUMMARY ***
Total pot $9.56 | Rake $0.48 
Board [3c Td 8s]
Seat 2: firewin992
Seat 1: CashfishT (small blind) folded before Flop
Seat 3: skars07 (big blind) collected ($9.08)
Seat 4: reeqar folded before Flop (didn't bet)
Seat 5: nastja336 folded before Flop (didn't bet)
Seat 6: Manifestorr (button) folded on the Flop



PokerStars Hand #254589714596:  Hold'em No Limit ($0.50/$1.00 USD) - 2025/01/27 3:16:11 WET [2025/01/27 22:16:11 ET]
Table 'Lictoria III' 6-max Seat #1 is the button
Seat 2: firewin992 ($89.12 in chips) is sitting out
Seat 1: CashfishT ($103.88 in chips) 
Seat 3: skars07 ($104.55 in chips) 
Seat 4: reeqar ($100 in chips) 
Seat 5: nastja336 ($100 in chips) 
Seat 6: Manifestorr ($100 in chips) 
skars07: posts small blind $0.50
reeqar: posts big blind $1
*** HOLE CARDS ***
nastja336: folds 
Manifestorr: raises $1.20 to $2.20
CashfishT: folds 
skars07: folds 
reeqar: folds 
Uncalled bet ($1.20) returned to Manifestorr
Manifestorr collected $2.50 from pot
*** SUMMARY ***
Total pot $2.50 | Rake $0 
Seat 2: firewin992
Seat 1: CashfishT (button) folded before Flop (didn't bet)
Seat 3: skars07 (small blind) folded before Flop
Seat 4: reeqar (big blind) folded before Flop
Seat 5: nastja336 folded before Flop (didn't bet)
Seat 6: Manifestorr collected ($2.50)



PokerStars Hand #254589716773:  Hold'em No Limit ($0.50/$1.00 USD) - 2025/01/27 3:16:28 WET [2025/01/27 22:16:28 ET]
Table 'Lictoria III' 6-max Seat #3 is the button
Seat 2: firewin992 ($89.12 in chips) is sitting out
Seat 1: CashfishT ($103.88 in chips) 
Seat 3: skars07 ($104.05 in chips) 
Seat 4: reeqar ($100 in chips) 
Seat 5: nastja336 ($100 in chips) 
Seat 6: Manifestorr ($101.50 in chips) 
reeqar: posts small blind $0.50
nastja336: posts big blind $1
*** HOLE CARDS ***
Manifestorr: folds 
CashfishT: folds 
skars07: raises $1.50 to $2.50
reeqar: folds 
nastja336: folds 
Uncalled bet ($1.50) returned to skars07
skars07 collected $2.50 from pot
skars07: doesn't show hand 
*** SUMMARY ***
Total pot $2.50 | Rake $0 
Seat 2: firewin992
Seat 1: CashfishT folded before Flop (didn't bet)
Seat 3: skars07 (button) collected ($2.50)
Seat 4: reeqar (small blind) folded before Flop
Seat 5: nastja336 (big blind) folded before Flop
Seat 6: Manifestorr folded before Flop (didn't bet)



PokerStars Hand #254589719070:  Hold'em No Limit ($0.50/$1.00 USD) - 2025/01/27 3:16:46 WET [2025/01/27 22:16:46 ET]
Table 'Lictoria III' 6-max Seat #4 is the button
Seat 2: firewin992 ($89.12 in chips) is sitting out
Seat 1: CashfishT ($103.88 in chips) 
Seat 3: skars07 ($105.55 in chips) 
Seat 4: reeqar ($100 in chips) 
Seat 5: nastja336 ($100 in chips) 
Seat 6: Manifestorr ($101.50 in chips) 
nastja336: posts small blind $0.50
Manifestorr: posts big blind $1
*** HOLE CARDS ***
CashfishT: folds 
skars07: folds 
reeqar: raises $1.50 to $2.50
nastja336: folds 
Manifestorr: calls $1.50
*** FLOP *** [Jd Jh Qh]
Manifestorr: checks 
reeqar: bets $1.72
Manifestorr: raises $3.78 to $5.50
reeqar: calls $3.78
*** TURN *** [Jd Jh Qh] [2c]
Manifestorr: bets $11.76
reeqar: calls $11.76
*** RIVER *** [Jd Jh Qh 2c] [Td]
Manifestorr: checks 
firewin992 is disconnected 
reeqar: checks 
*** SHOW DOWN ***
Manifestorr: shows [Tc 9s] (two pair, Jacks and Tens)
reeqar: shows [8s Jc] (three of a kind, Jacks)
reeqar collected $38.02 from pot
*** SUMMARY ***
Total pot $40.02 | Rake $2 
Board [Jd Jh Qh 2c Td]
Seat 2: firewin992
Seat 1: CashfishT folded before Flop (didn't bet)
Seat 3: skars07 folded before Flop (didn't bet)
Seat 4: reeqar (button) showed [8s Jc] and won ($38.02) with three of a kind, Jacks
Seat 5: nastja336 (small blind) folded before Flop
Seat 6: Manifestorr (big blind) showed [Tc 9s] and lost with two pair, Jacks and Tens



PokerStars Hand #254589730615:  Hold'em No Limit ($0.50/$1.00 USD) - 2025/01/27 3:18:21 WET [2025/01/27 22:18:21 ET]
Table 'Lictoria III' 6-max Seat #5 is the button
Seat 2: firewin992 ($89.12 in chips) is sitting out
Seat 1: CashfishT ($103.88 in chips) 
Seat 3: skars07 ($105.55 in chips) 
Seat 4: reeqar ($118.26 in chips) 
Seat 5: nastja336 ($100 in chips) 
Seat 6: Manifestorr ($100 in chips) 
Manifestorr: posts small blind $0.50
CashfishT: posts big blind $1
*** HOLE CARDS ***
skars07: folds 
reeqar: raises $1.50 to $2.50
nastja336: folds 
Manifestorr: raises $8.50 to $11
CashfishT: folds 
reeqar: folds 
Uncalled bet ($8.50) returned to Manifestorr
Manifestorr collected $6 from pot
*** SUMMARY ***
Total pot $6 | Rake $0 
Seat 2: firewin992
Seat 1: CashfishT (big blind) folded before Flop
Seat 3: skars07 folded before Flop (didn't bet)
Seat 4: reeqar folded before Flop
Seat 5: nastja336 (button) folded before Flop (didn't bet)
Seat 6: Manifestorr (small blind) collected ($6)



PokerStars Hand #254589733604:  Hold'em No Limit ($0.50/$1.00 USD) - 2025/01/27 3:18:46 WET [2025/01/27 22:18:46 ET]
Table 'Lictoria III' 6-max Seat #6 is the button
Seat 2: firewin992 ($89.12 in chips) is sitting out
Seat 1: CashfishT ($102.88 in chips) 
Seat 3: skars07 ($105.55 in chips) 
Seat 4: reeqar ($115.76 in chips) 
Seat 5: nastja336 ($100 in chips) 
Seat 6: Manifestorr ($103.50 in chips) 
CashfishT: posts small blind $0.50
skars07: posts big blind $1
*** HOLE CARDS ***
reeqar: folds 
nastja336: folds 
Manifestorr: folds 
CashfishT: raises $2 to $3
skars07: folds 
Uncalled bet ($2) returned to CashfishT
CashfishT collected $2 from pot
CashfishT: doesn't show hand 
*** SUMMARY ***
Total pot $2 | Rake $0 
Seat 2: firewin992
Seat 1: CashfishT (small blind) collected ($2)
Seat 3: skars07 (big blind) folded before Flop
Seat 4: reeqar folded before Flop (didn't bet)
Seat 5: nastja336 folded before Flop (didn't bet)
Seat 6: Manifestorr (button) folded before Flop (didn't bet)



PokerStars Hand #254589736128:  Hold'em No Limit ($0.50/$1.00 USD) - 2025/01/27 3:19:07 WET [2025/01/27 22:19:07 ET]
Table 'Lictoria III' 6-max Seat #1 is the button
Seat 2: firewin992 ($89.12 in chips) is sitting out
Seat 1: CashfishT ($103.88 in chips) 
Seat 3: skars07 ($104.55 in chips) 
Seat 4: reeqar ($115.76 in chips) 
Seat 5: nastja336 ($100 in chips) 
Seat 6: Manifestorr ($103.50 in chips) 
skars07: posts small blind $0.50
reeqar: posts big blind $1
*** HOLE CARDS ***
nastja336: folds 
Manifestorr: folds 
CashfishT: folds 
skars07: raises $2 to $3
reeqar: raises $6 to $9
skars07: raises $14 to $23
reeqar: folds 
Uncalled bet ($14) returned to skars07
skars07 collected $18 from pot
skars07: doesn't show hand 
*** SUMMARY ***
Total pot $18 | Rake $0 
Seat 2: firewin992
Seat 1: CashfishT (button) folded before Flop (didn't bet)
Seat 3: skars07 (small blind) collected ($18)
Seat 4: reeqar (big blind) folded before Flop
Seat 5: nastja336 folded before Flop (didn't bet)
Seat 6: Manifestorr folded before Flop (didn't bet)



PokerStars Hand #254589740243:  Hold'em No Limit ($0.50/$1.00 USD) - 2025/01/27 3:19:42 WET [2025/01/27 22:19:42 ET]
Table 'Lictoria III' 6-max Seat #3 is the button
Seat 2: firewin992 ($89.12 in chips) is sitting out
Seat 1: CashfishT ($103.88 in chips) 
Seat 3: skars07 ($113.55 in chips) 
Seat 4: reeqar ($106.76 in chips) 
Seat 5: nastja336 ($100 in chips) 
Seat 6: Manifestorr ($103.50 in chips) 
reeqar: posts small blind $0.50
nastja336: posts big blind $1
*** HOLE CARDS ***
Manifestorr: raises $1.20 to $2.20
CashfishT: folds 
skars07: folds 
reeqar: folds 
nastja336: raises $9.80 to $12
Manifestorr: folds 
Uncalled bet ($9.80) returned to nastja336
nastja336 collected $4.90 from pot
nastja336: doesn't show hand 
*** SUMMARY ***
Total pot $4.90 | Rake $0 
Seat 2: firewin992
Seat 1: CashfishT folded before Flop (didn't bet)
Seat 3: skars07 (button) folded before Flop (didn't bet)
Seat 4: reeqar (small blind) folded before Flop
Seat 5: nastja336 (big blind) collected ($4.90)
Seat 6: Manifestorr folded before Flop



PokerStars Hand #254589742788:  Hold'em No Limit ($0.50/$1.00 USD) - 2025/01/27 3:20:02 WET [2025/01/27 22:20:02 ET]
Table 'Lictoria III' 6-max Seat #4 is the button
Seat 2: firewin992 ($89.12 in chips) is sitting out
Seat 1: CashfishT ($103.88 in chips) 
Seat 3: skars07 ($113.55 in chips) 
Seat 4: reeqar ($106.26 in chips) 
Seat 5: nastja336 ($102.70 in chips) 
Seat 6: Manifestorr ($101.30 in chips) 
nastja336: posts small blind $0.50
Manifestorr: posts big blind $1
*** HOLE CARDS ***
CashfishT: raises $1.20 to $2.20
skars07: folds 
reeqar: raises $5.80 to $8
nastja336: folds 
Manifestorr: folds 
CashfishT: folds 
Uncalled bet ($5.80) returned to reeqar
reeqar collected $5.90 from pot
reeqar: doesn't show hand 
*** SUMMARY ***
Total pot $5.90 | Rake $0 
Seat 2: firewin992
Seat 1: CashfishT folded before Flop
Seat 3: skars07 folded before Flop (didn't bet)
Seat 4: reeqar (button) collected ($5.90)
Seat 5: nastja336 (small blind) folded before Flop
Seat 6: Manifestorr (big blind) folded before Flop



PokerStars Hand #254589746023:  Hold'em No Limit ($0.50/$1.00 USD) - 2025/01/27 3:20:29 WET [2025/01/27 22:20:29 ET]
Table 'Lictoria III' 6-max Seat #5 is the button
Seat 2: firewin992 ($89.12 in chips) is sitting out
Seat 1: CashfishT ($101.68 in chips) 
Seat 3: skars07 ($113.55 in chips) 
Seat 4: reeqar ($109.96 in chips) 
Seat 5: nastja336 ($102.20 in chips) 
Seat 6: Manifestorr ($100.30 in chips) 
Manifestorr: posts small blind $0.50
CashfishT: posts big blind $1
*** HOLE CARDS ***
skars07: raises $1.50 to $2.50
reeqar: folds 
nastja336: folds 
Manifestorr: folds 
CashfishT: folds 
Uncalled bet ($1.50) returned to skars07
nastja336 leaves the table
skars07 collected $2.50 from pot
skars07: doesn't show hand 
*** SUMMARY ***
Total pot $2.50 | Rake $0 
Seat 2: firewin992
Seat 1: CashfishT (big blind) folded before Flop
Seat 3: skars07 collected ($2.50)
Seat 4: reeqar folded before Flop (didn't bet)
Seat 5: nastja336 (button) folded before Flop (didn't bet)
Seat 6: Manifestorr (small blind) folded before Flop



PokerStars Hand #254589748307:  Hold'em No Limit ($0.50/$1.00 USD) - 2025/01/27 3:20:48 WET [2025/01/27 22:20:48 ET]
Table 'Lictoria III' 6-max Seat #6 is the button
Seat 2: firewin992 ($89.12 in chips) is sitting out
Seat 1: CashfishT ($100.68 in chips) 
Seat 3: skars07 ($115.05 in chips) 
Seat 4: reeqar ($109.96 in chips) 
Seat 6: Manifestorr ($100 in chips) 
CashfishT: posts small blind $0.50
skars07: posts big blind $1
*** HOLE CARDS ***
reeqar: folds 
Manifestorr: folds 
CashfishT: raises $2 to $3
skars07: calls $2
*** FLOP *** [3d Kc Ac]
CashfishT: bets $1.88
skars07: folds 
Uncalled bet ($1.88) returned to CashfishT
CashfishT collected $5.70 from pot
CashfishT: doesn't show hand 
*** SUMMARY ***
Total pot $6 | Rake $0.30 
Board [3d Kc Ac]
Seat 2: firewin992
Seat 1: CashfishT (small blind) collected ($5.70)
Seat 3: skars07 (big blind) folded on the Flop
Seat 4: reeqar folded before Flop (didn't bet)
Seat 6: Manifestorr (button) folded before Flop (didn't bet)



PokerStars Hand #254589751758:  Hold'em No Limit ($0.50/$1.00 USD) - 2025/01/27 3:21:17 WET [2025/01/27 22:21:17 ET]
Table 'Lictoria III' 6-max Seat #1 is the button
Seat 2: firewin992 ($89.12 in chips) is sitting out
Seat 1: CashfishT ($103.38 in chips) 
Seat 3: skars07 ($112.05 in chips) 
Seat 4: reeqar ($109.96 in chips) 
Seat 6: Manifestorr ($100 in chips) 
skars07: posts small blind $0.50
reeqar: posts big blind $1
*** HOLE CARDS ***
Manifestorr: folds 
CashfishT: raises $1.20 to $2.20
skars07: folds 
reeqar: folds 
Uncalled bet ($1.20) returned to CashfishT
CashfishT collected $2.50 from pot
CashfishT: doesn't show hand 
*** SUMMARY ***
Total pot $2.50 | Rake $0 
Seat 2: firewin992
Seat 1: CashfishT (button) collected ($2.50)
Seat 3: skars07 (small blind) folded before Flop
Seat 4: reeqar (big blind) folded before Flop
Seat 6: Manifestorr folded before Flop (didn't bet)



PokerStars Hand #254589753264:  Hold'em No Limit ($0.50/$1.00 USD) - 2025/01/27 3:21:29 WET [2025/01/27 22:21:29 ET]
Table 'Lictoria III' 6-max Seat #3 is the button
Seat 1: CashfishT ($104.88 in chips) 
Seat 2: firewin992 ($89.12 in chips) 
Seat 3: skars07 ($111.55 in chips) 
Seat 4: reeqar ($108.96 in chips) 
Seat 6: Manifestorr ($100 in chips) 
reeqar: posts small blind $0.50
Manifestorr: posts big blind $1
firewin992: posts small & big blinds $1.50
*** HOLE CARDS ***
CashfishT: folds 
firewin992: checks 
skars07: raises $3 to $4
ffac joins the table at seat #5 
reeqar: folds 
Manifestorr: folds 
firewin992: calls $3
*** FLOP *** [7h As 4s]
firewin992: checks 
skars07: checks 
*** TURN *** [7h As 4s] [Th]
firewin992: checks 
skars07: bets $4.75
firewin992: folds 
Uncalled bet ($4.75) returned to skars07
skars07 collected $9.50 from pot
skars07: doesn't show hand 
*** SUMMARY ***
Total pot $10 | Rake $0.50 
Board [7h As 4s Th]
Seat 1: CashfishT folded before Flop (didn't bet)
Seat 2: firewin992 folded on the Turn
Seat 3: skars07 (button) collected ($9.50)
Seat 4: reeqar (small blind) folded before Flop
Seat 6: Manifestorr (big blind) folded before Flop



PokerStars Hand #254589759160:  Hold'em No Limit ($0.50/$1.00 USD) - 2025/01/27 3:22:18 WET [2025/01/27 22:22:18 ET]
Table 'Lictoria III' 6-max Seat #4 is the button
Seat 5: ffac ($100 in chips) is sitting out
Seat 1: CashfishT ($104.88 in chips) 
Seat 2: firewin992 ($84.62 in chips) 
Seat 3: skars07 ($117.05 in chips) 
Seat 4: reeqar ($108.46 in chips) 
Seat 6: Manifestorr ($100 in chips) 
Manifestorr: posts small blind $0.50
CashfishT: posts big blind $1
*** HOLE CARDS ***
firewin992: folds 
skars07: folds 
reeqar: folds 
Manifestorr: raises $2 to $3
CashfishT: raises $7 to $10
Manifestorr: folds 
Uncalled bet ($7) returned to CashfishT
CashfishT collected $6 from pot
CashfishT: doesn't show hand 
*** SUMMARY ***
Total pot $6 | Rake $0 
Seat 5: ffac
Seat 1: CashfishT (big blind) collected ($6)
Seat 2: firewin992 folded before Flop (didn't bet)
Seat 3: skars07 folded before Flop (didn't bet)
Seat 4: reeqar (button) folded before Flop (didn't bet)
Seat 6: Manifestorr (small blind) folded before Flop



PokerStars Hand #254589761410:  Hold'em No Limit ($0.50/$1.00 USD) - 2025/01/27 3:22:37 WET [2025/01/27 22:22:37 ET]
Table 'Lictoria III' 6-max Seat #6 is the button
Seat 5: ffac ($100 in chips) is sitting out
Seat 2: firewin992 ($84.62 in chips) 
Seat 3: skars07 ($117.05 in chips) 
Seat 4: reeqar ($108.46 in chips) 
Seat 6: Manifestorr ($100 in chips) 
firewin992: posts small blind $0.50
skars07: posts big blind $1
ffac: sits out 
*** HOLE CARDS ***
reeqar: folds 
Manifestorr: folds 
firewin992: calls $0.50
skars07: raises $3 to $4
firewin992: calls $3
*** FLOP *** [7c 8h Kh]
firewin992: bets $3.80
skars07: folds 
Uncalled bet ($3.80) returned to firewin992
firewin992 collected $7.60 from pot
*** SUMMARY ***
Total pot $8 | Rake $0.40 
Board [7c 8h Kh]
Seat 5: ffac
Seat 2: firewin992 (small blind) collected ($7.60)
Seat 3: skars07 (big blind) folded on the Flop
Seat 4: reeqar folded before Flop (didn't bet)
Seat 6: Manifestorr (button) folded before Flop (didn't bet)



PokerStars Hand #254589765041:  Hold'em No Limit ($0.50/$1.00 USD) - 2025/01/27 3:23:07 WET [2025/01/27 22:23:07 ET]
Table 'Lictoria III' 6-max Seat #2 is the button
Seat 5: ffac ($100 in chips) is sitting out
Seat 2: firewin992 ($88.22 in chips) 
Seat 3: skars07 ($113.05 in chips) 
Seat 4: reeqar ($108.46 in chips) 
Seat 6: Manifestorr ($100 in chips) 
skars07: posts small blind $0.50
reeqar: posts big blind $1
ffac: sits out 
*** HOLE CARDS ***
Manifestorr: folds 
firewin992: folds 
skars07: raises $2 to $3
reeqar: raises $6 to $9
skars07: folds 
Uncalled bet ($6) returned to reeqar
reeqar collected $6 from pot
reeqar: doesn't show hand 
*** SUMMARY ***
Total pot $6 | Rake $0 
Seat 5: ffac
Seat 2: firewin992 (button) folded before Flop (didn't bet)
Seat 3: skars07 (small blind) folded before Flop
Seat 4: reeqar (big blind) collected ($6)
Seat 6: Manifestorr folded before Flop (didn't bet)



PokerStars Hand #254589768586:  Hold'em No Limit ($0.50/$1.00 USD) - 2025/01/27 3:23:37 WET [2025/01/27 22:23:37 ET]
Table 'Lictoria III' 6-max Seat #3 is the button
Seat 2: firewin992 ($88.22 in chips) 
Seat 3: skars07 ($110.05 in chips) 
Seat 4: reeqar ($111.46 in chips) 
Seat 5: ffac ($100 in chips) 
Seat 6: Manifestorr ($100 in chips) 
reeqar: posts small blind $0.50
ffac: posts big blind $1
*** HOLE CARDS ***
Manifestorr: folds 
firewin992: folds 
skars07: raises $1.50 to $2.50
reeqar: folds 
ffac: raises $10.50 to $13
skars07: folds 
Uncalled bet ($10.50) returned to ffac
ffac collected $5.50 from pot
ffac: doesn't show hand 
*** SUMMARY ***
Total pot $5.50 | Rake $0 
Seat 2: firewin992 folded before Flop (didn't bet)
Seat 3: skars07 (button) folded before Flop
Seat 4: reeqar (small blind) folded before Flop
Seat 5: ffac (big blind) collected ($5.50)
Seat 6: Manifestorr folded before Flop (didn't bet)



PokerStars Hand #254589772703:  Hold'em No Limit ($0.50/$1.00 USD) - 2025/01/27 3:24:11 WET [2025/01/27 22:24:11 ET]
Table 'Lictoria III' 6-max Seat #4 is the button
Seat 2: firewin992 ($88.22 in chips) 
Seat 3: skars07 ($107.55 in chips) 
Seat 4: reeqar ($110.96 in chips) 
Seat 5: ffac ($103 in chips) 
Seat 6: Manifestorr ($100 in chips) 
ffac: posts small blind $0.50
Manifestorr: posts big blind $1
*** HOLE CARDS ***
firewin992: folds 
skars07: folds 
reeqar: folds 
ffac: folds 
Uncalled bet ($0.50) returned to Manifestorr
Manifestorr collected $1 from pot
*** SUMMARY ***
Total pot $1 | Rake $0 
Seat 2: firewin992 folded before Flop (didn't bet)
Seat 3: skars07 folded before Flop (didn't bet)
Seat 4: reeqar (button) folded before Flop (didn't bet)
Seat 5: ffac (small blind) folded before Flop
Seat 6: Manifestorr (big blind) collected ($1)



PokerStars Hand #254589776340:  Hold'em No Limit ($0.50/$1.00 USD) - 2025/01/27 3:24:41 WET [2025/01/27 22:24:41 ET]
Table 'Lictoria III' 6-max Seat #5 is the button
Seat 2: firewin992 ($88.22 in chips) 
Seat 3: skars07 ($107.55 in chips) 
Seat 4: reeqar ($110.96 in chips) 
Seat 5: ffac ($102.50 in chips) 
Seat 6: Manifestorr ($100.50 in chips) 
Manifestorr: posts small blind $0.50
firewin992: posts big blind $1
*** HOLE CARDS ***
iTrustU21 joins the table at seat #1 
skars07: folds 
reeqar: folds 
ffac: folds 
Manifestorr: folds 
Uncalled bet ($0.50) returned to firewin992
firewin992 collected $1 from pot
*** SUMMARY ***
Total pot $1 | Rake $0 
Seat 2: firewin992 (big blind) collected ($1)
Seat 3: skars07 folded before Flop (didn't bet)
Seat 4: reeqar folded before Flop (didn't bet)
Seat 5: ffac (button) folded before Flop (didn't bet)
Seat 6: Manifestorr (small blind) folded before Flop



PokerStars Hand #254589778167:  Hold'em No Limit ($0.50/$1.00 USD) - 2025/01/27 3:24:57 WET [2025/01/27 22:24:57 ET]
Table 'Lictoria III' 6-max Seat #6 is the button
Seat 1: iTrustU21 ($100 in chips) is sitting out
Seat 2: firewin992 ($88.72 in chips) 
Seat 3: skars07 ($107.55 in chips) 
Seat 4: reeqar ($110.96 in chips) 
Seat 5: ffac ($102.50 in chips) 
Seat 6: Manifestorr ($100 in chips) 
firewin992: posts small blind $0.50
skars07: posts big blind $1
*** HOLE CARDS ***
reeqar: folds 
ffac: raises $1.19 to $2.19
Manifestorr: folds 
firewin992: calls $1.69
skars07: folds 
*** FLOP *** [Ah 6s Jh]
firewin992: checks 
ffac: bets $3.83
firewin992: calls $3.83
*** TURN *** [Ah 6s Jh] [5d]
firewin992: checks 
ffac: bets $4.09
firewin992: folds 
Uncalled bet ($4.09) returned to ffac
ffac collected $12.39 from pot
ffac: doesn't show hand 
*** SUMMARY ***
Total pot $13.04 | Rake $0.65 
Board [Ah 6s Jh 5d]
Seat 1: iTrustU21
Seat 2: firewin992 (small blind) folded on the Turn
Seat 3: skars07 (big blind) folded before Flop
Seat 4: reeqar folded before Flop (didn't bet)
Seat 5: ffac collected ($12.39)
Seat 6: Manifestorr (button) folded before Flop (didn't bet)



PokerStars Hand #254589788618:  Hold'em No Limit ($0.50/$1.00 USD) - 2025/01/27 3:26:25 WET [2025/01/27 22:26:25 ET]
Table 'Lictoria III' 6-max Seat #2 is the button
Seat 1: iTrustU21 ($100 in chips) is sitting out
Seat 2: firewin992 ($82.70 in chips) 
Seat 3: skars07 ($106.55 in chips) 
Seat 4: reeqar ($110.96 in chips) 
Seat 5: ffac ($108.87 in chips) 
Seat 6: Manifestorr ($100 in chips) 
skars07: posts small blind $0.50
reeqar: posts big blind $1
iTrustU21: sits out 
*** HOLE CARDS ***
ffac: raises $1.04 to $2.04
Manifestorr: folds 
firewin992: calls $2.04
skars07: folds 
reeqar: folds 
*** FLOP *** [Ks Jc 2d]
ffac: checks 
firewin992: checks 
*** TURN *** [Ks Jc 2d] [5h]
ffac: bets $3.98
firewin992: folds 
Uncalled bet ($3.98) returned to ffac
ffac collected $5.30 from pot
ffac: doesn't show hand 
*** SUMMARY ***
Total pot $5.58 | Rake $0.28 
Board [Ks Jc 2d 5h]
Seat 1: iTrustU21
Seat 2: firewin992 (button) folded on the Turn
Seat 3: skars07 (small blind) folded before Flop
Seat 4: reeqar (big blind) folded before Flop
Seat 5: ffac collected ($5.30)
Seat 6: Manifestorr folded before Flop (didn't bet)



PokerStars Hand #254589795542:  Hold'em No Limit ($0.50/$1.00 USD) - 2025/01/27 3:27:23 WET [2025/01/27 22:27:23 ET]
Table 'Lictoria III' 6-max Seat #3 is the button
Seat 1: iTrustU21 ($100 in chips) is sitting out
Seat 2: firewin992 ($80.66 in chips) 
Seat 3: skars07 ($106.05 in chips) 
Seat 4: reeqar ($109.96 in chips) 
Seat 5: ffac ($112.13 in chips) 
Seat 6: Manifestorr ($100 in chips) 
reeqar: posts small blind $0.50
ffac: posts big blind $1
iTrustU21: sits out 
*** HOLE CARDS ***
Manifestorr: raises $1.20 to $2.20
firewin992: calls $2.20
skars07: folds 
reeqar: folds 
ffac: calls $1.20
*** FLOP *** [Qs Js 4s]
ffac: checks 
Manifestorr: checks 
firewin992: checks 
*** TURN *** [Qs Js 4s] [6s]
ffac: checks 
Manifestorr: checks 
firewin992: checks 
*** RIVER *** [Qs Js 4s 6s] [4h]
ffac: bets $1.69
Manifestorr: folds 
firewin992: folds 
Uncalled bet ($1.69) returned to ffac
ffac collected $6.74 from pot
ffac: doesn't show hand 
*** SUMMARY ***
Total pot $7.10 | Rake $0.36 
Board [Qs Js 4s 6s 4h]
Seat 1: iTrustU21
Seat 2: firewin992 folded on the River
Seat 3: skars07 (button) folded before Flop (didn't bet)
Seat 4: reeqar (small blind) folded before Flop
Seat 5: ffac (big blind) collected ($6.74)
Seat 6: Manifestorr folded on the River



PokerStars Hand #254589802422:  Hold'em No Limit ($0.50/$1.00 USD) - 2025/01/27 3:28:22 WET [2025/01/27 22:28:22 ET]
Table 'Lictoria III' 6-max Seat #4 is the button
Seat 1: iTrustU21 ($100 in chips) is sitting out
Seat 2: firewin992 ($78.46 in chips) 
Seat 3: skars07 ($106.05 in chips) 
Seat 4: reeqar ($109.46 in chips) 
Seat 5: ffac ($116.67 in chips) 
Seat 6: Manifestorr ($100 in chips) 
ffac: posts small blind $0.50
Manifestorr: posts big blind $1
iTrustU21: sits out 
*** HOLE CARDS ***
firewin992: folds 
skars07: raises $1.50 to $2.50
reeqar: folds 
ffac: folds 
Manifestorr: calls $1.50
*** FLOP *** [5h 3d Qc]
Manifestorr: checks 
skars07: bets $2.61
Manifestorr: folds 
Uncalled bet ($2.61) returned to skars07
skars07 collected $5.22 from pot
skars07: doesn't show hand 
*** SUMMARY ***
Total pot $5.50 | Rake $0.28 
Board [5h 3d Qc]
Seat 1: iTrustU21
Seat 2: firewin992 folded before Flop (didn't bet)
Seat 3: skars07 collected ($5.22)
Seat 4: reeqar (button) folded before Flop (didn't bet)
Seat 5: ffac (small blind) folded before Flop
Seat 6: Manifestorr (big blind) folded on the Flop



PokerStars Hand #254589806452:  Hold'em No Limit ($0.50/$1.00 USD) - 2025/01/27 3:28:57 WET [2025/01/27 22:28:57 ET]
Table 'Lictoria III' 6-max Seat #5 is the button
Seat 1: iTrustU21 ($100 in chips) 
Seat 2: firewin992 ($78.46 in chips) 
Seat 3: skars07 ($108.77 in chips) 
Seat 4: reeqar ($109.46 in chips) 
Seat 5: ffac ($116.17 in chips) 
Seat 6: Manifestorr ($100 in chips) 
Manifestorr: posts small blind $0.50
iTrustU21: posts big blind $1
*** HOLE CARDS ***
firewin992: calls $1
skars07: folds 
reeqar: folds 
firewin992 is disconnected 
ffac: folds 
Manifestorr: folds 
iTrustU21: checks 
*** FLOP *** [5s Qc Jh]
iTrustU21: checks 
firewin992 is connected 
firewin992: checks 
*** TURN *** [5s Qc Jh] [Kh]
iTrustU21: checks 
firewin992: bets $1.19
iTrustU21: folds 
Uncalled bet ($1.19) returned to firewin992
firewin992 collected $2.38 from pot
*** SUMMARY ***
Total pot $2.50 | Rake $0.12 
Board [5s Qc Jh Kh]
Seat 1: iTrustU21 (big blind) folded on the Turn
Seat 2: firewin992 collected ($2.38)
Seat 3: skars07 folded before Flop (didn't bet)
Seat 4: reeqar folded before Flop (didn't bet)
Seat 5: ffac (button) folded before Flop (didn't bet)
Seat 6: Manifestorr (small blind) folded before Flop



PokerStars Hand #254589810857:  Hold'em No Limit ($0.50/$1.00 USD) - 2025/01/27 3:29:35 WET [2025/01/27 22:29:35 ET]
Table 'Lictoria III' 6-max Seat #6 is the button
Seat 1: iTrustU21 ($100 in chips) 
Seat 2: firewin992 ($79.84 in chips) 
Seat 3: skars07 ($108.77 in chips) 
Seat 4: reeqar ($109.46 in chips) 
Seat 5: ffac ($116.17 in chips) 
Seat 6: Manifestorr ($100 in chips) 
iTrustU21: posts small blind $0.50
firewin992: posts big blind $1
*** HOLE CARDS ***
skars07: folds 
reeqar: folds 
ffac: raises $1.19 to $2.19
Manifestorr: folds 
iTrustU21: folds 
firewin992: folds 
Uncalled bet ($1.19) returned to ffac
ffac collected $2.50 from pot
ffac: doesn't show hand 
*** SUMMARY ***
Total pot $2.50 | Rake $0 
Seat 1: iTrustU21 (small blind) folded before Flop
Seat 2: firewin992 (big blind) folded before Flop
Seat 3: skars07 folded before Flop (didn't bet)
Seat 4: reeqar folded before Flop (didn't bet)
Seat 5: ffac collected ($2.50)
Seat 6: Manifestorr (button) folded before Flop (didn't bet)



PokerStars Hand #254589813712:  Hold'em No Limit ($0.50/$1.00 USD) - 2025/01/27 3:29:59 WET [2025/01/27 22:29:59 ET]
Table 'Lictoria III' 6-max Seat #1 is the button
Seat 1: iTrustU21 ($100 in chips) 
Seat 2: firewin992 ($78.84 in chips) 
Seat 3: skars07 ($108.77 in chips) 
Seat 4: reeqar ($109.46 in chips) 
Seat 5: ffac ($117.67 in chips) 
Seat 6: Manifestorr ($100 in chips) 
firewin992: posts small blind $0.50
skars07: posts big blind $1
*** HOLE CARDS ***
reeqar: folds 
ffac: folds 
Manifestorr: folds 
iTrustU21: raises $1.20 to $2.20
firewin992: calls $1.70
skars07: folds 
*** FLOP *** [4s 3s Jd]
firewin992: bets $2.57
iTrustU21: calls $2.57
*** TURN *** [4s 3s Jd] [5s]
firewin992: bets $5.01
iTrustU21: folds 
Uncalled bet ($5.01) returned to firewin992
firewin992 collected $10.01 from pot
*** SUMMARY ***
Total pot $10.54 | Rake $0.53 
Board [4s 3s Jd 5s]
Seat 1: iTrustU21 (button) folded on the Turn
Seat 2: firewin992 (small blind) collected ($10.01)
Seat 3: skars07 (big blind) folded before Flop
Seat 4: reeqar folded before Flop (didn't bet)
Seat 5: ffac folded before Flop (didn't bet)
Seat 6: Manifestorr folded before Flop (didn't bet)



PokerStars Hand #254589821450:  Hold'em No Limit ($0.50/$1.00 USD) - 2025/01/27 3:31:05 WET [2025/01/27 22:31:05 ET]
Table 'Lictoria III' 6-max Seat #2 is the button
Seat 1: iTrustU21 ($100 in chips) 
Seat 2: firewin992 ($84.08 in chips) 
Seat 3: skars07 ($107.77 in chips) 
Seat 4: reeqar ($109.46 in chips) 
Seat 5: ffac ($117.67 in chips) 
Seat 6: Manifestorr ($100 in chips) 
skars07: posts small blind $0.50
reeqar: posts big blind $1
*** HOLE CARDS ***
ffac: folds 
Manifestorr: folds 
iTrustU21: folds 
firewin992: folds 
skars07: raises $2 to $3
reeqar: folds 
Uncalled bet ($2) returned to skars07
skars07 collected $2 from pot
skars07: doesn't show hand 
*** SUMMARY ***
Total pot $2 | Rake $0 
Seat 1: iTrustU21 folded before Flop (didn't bet)
Seat 2: firewin992 (button) folded before Flop (didn't bet)
Seat 3: skars07 (small blind) collected ($2)
Seat 4: reeqar (big blind) folded before Flop
Seat 5: ffac folded before Flop (didn't bet)
Seat 6: Manifestorr folded before Flop (didn't bet)



PokerStars Hand #254589823412:  Hold'em No Limit ($0.50/$1.00 USD) - 2025/01/27 3:31:22 WET [2025/01/27 22:31:22 ET]
Table 'Lictoria III' 6-max Seat #3 is the button
Seat 1: iTrustU21 ($100 in chips) 
Seat 2: firewin992 ($84.08 in chips) 
Seat 3: skars07 ($108.77 in chips) 
Seat 4: reeqar ($108.46 in chips) 
Seat 5: ffac ($117.67 in chips) 
Seat 6: Manifestorr ($100 in chips) 
reeqar: posts small blind $0.50
ffac: posts big blind $1
*** HOLE CARDS ***
Manifestorr: folds 
iTrustU21: folds 
firewin992: folds 
skars07: folds 
reeqar: raises $2 to $3
ffac: raises $6 to $9
reeqar: raises $12 to $21
ffac: folds 
Uncalled bet ($12) returned to reeqar
reeqar collected $18 from pot
reeqar: doesn't show hand 
*** SUMMARY ***
Total pot $18 | Rake $0 
Seat 1: iTrustU21 folded before Flop (didn't bet)
Seat 2: firewin992 folded before Flop (didn't bet)
Seat 3: skars07 (button) folded before Flop (didn't bet)
Seat 4: reeqar (small blind) collected ($18)
Seat 5: ffac (big blind) folded before Flop
Seat 6: Manifestorr folded before Flop (didn't bet)



PokerStars Hand #254589830380:  Hold'em No Limit ($0.50/$1.00 USD) - 2025/01/27 3:32:22 WET [2025/01/27 22:32:22 ET]
Table 'Lictoria III' 6-max Seat #4 is the button
Seat 1: iTrustU21 ($100 in chips) 
Seat 2: firewin992 ($84.08 in chips) 
Seat 3: skars07 ($108.77 in chips) 
Seat 4: reeqar ($117.46 in chips) 
Seat 5: ffac ($108.67 in chips) 
Seat 6: Manifestorr ($100 in chips) 
ffac: posts small blind $0.50
Manifestorr: posts big blind $1
*** HOLE CARDS ***
iTrustU21: folds 
firewin992: calls $1
skars07: folds 
reeqar: folds 
ffac: folds 
Manifestorr: raises $4 to $5
firewin992: calls $4
*** FLOP *** [Tc 7d Kd]
Manifestorr: bets $4.99
firewin992: calls $4.99
*** TURN *** [Tc 7d Kd] [Jh]
Manifestorr: checks 
firewin992: checks 
*** RIVER *** [Tc 7d Kd Jh] [9s]
Manifestorr: checks 
firewin992: bets $9.73
Manifestorr: folds 
Uncalled bet ($9.73) returned to firewin992
firewin992 collected $19.46 from pot
*** SUMMARY ***
Total pot $20.48 | Rake $1.02 
Board [Tc 7d Kd Jh 9s]
Seat 1: iTrustU21 folded before Flop (didn't bet)
Seat 2: firewin992 collected ($19.46)
Seat 3: skars07 folded before Flop (didn't bet)
Seat 4: reeqar (button) folded before Flop (didn't bet)
Seat 5: ffac (small blind) folded before Flop
Seat 6: Manifestorr (big blind) folded on the River



PokerStars Hand #254589837738:  Hold'em No Limit ($0.50/$1.00 USD) - 2025/01/27 3:33:27 WET [2025/01/27 22:33:27 ET]
Table 'Lictoria III' 6-max Seat #5 is the button
Seat 1: iTrustU21 ($100 in chips) 
Seat 2: firewin992 ($93.55 in chips) 
Seat 3: skars07 ($108.77 in chips) 
Seat 4: reeqar ($117.46 in chips) 
Seat 5: ffac ($108.17 in chips) 
Seat 6: Manifestorr ($100 in chips) 
Manifestorr: posts small blind $0.50
iTrustU21: posts big blind $1
*** HOLE CARDS ***
firewin992: calls $1
skars07: folds 
reeqar: folds 
ffac: raises $2.50 to $3.50
Manifestorr: folds 
iTrustU21: folds 
firewin992: calls $2.50
*** FLOP *** [Td 4c 9s]
firewin992: checks 
ffac: checks 
*** TURN *** [Td 4c 9s] [2c]
firewin992: checks 
ffac: bets $2.02
firewin992: calls $2.02
*** RIVER *** [Td 4c 9s 2c] [Jd]
firewin992: checks 
ffac: checks 
*** SHOW DOWN ***
firewin992: shows [8d 9d] (a pair of Nines)
ffac: mucks hand 
firewin992 collected $11.91 from pot
*** SUMMARY ***
Total pot $12.54 | Rake $0.63 
Board [Td 4c 9s 2c Jd]
Seat 1: iTrustU21 (big blind) folded before Flop
Seat 2: firewin992 showed [8d 9d] and won ($11.91) with a pair of Nines
Seat 3: skars07 folded before Flop (didn't bet)
Seat 4: reeqar folded before Flop (didn't bet)
Seat 5: ffac (button) mucked
Seat 6: Manifestorr (small blind) folded before Flop



PokerStars Hand #254589846913:  Hold'em No Limit ($0.50/$1.00 USD) - 2025/01/27 3:34:47 WET [2025/01/27 22:34:47 ET]
Table 'Lictoria III' 6-max Seat #6 is the button
Seat 1: iTrustU21 ($100 in chips) 
Seat 2: firewin992 ($99.94 in chips) 
Seat 3: skars07 ($108.77 in chips) 
Seat 4: reeqar ($117.46 in chips) 
Seat 5: ffac ($102.65 in chips) 
Seat 6: Manifestorr ($100 in chips) 
iTrustU21: posts small blind $0.50
firewin992: posts big blind $1
*** HOLE CARDS ***
skars07: folds 
reeqar: folds 
ffac: folds 
Manifestorr: raises $1.20 to $2.20
iTrustU21: folds 
firewin992: folds 
Uncalled bet ($1.20) returned to Manifestorr
Manifestorr collected $2.50 from pot
*** SUMMARY ***
Total pot $2.50 | Rake $0 
Seat 1: iTrustU21 (small blind) folded before Flop
Seat 2: firewin992 (big blind) folded before Flop
Seat 3: skars07 folded before Flop (didn't bet)
Seat 4: reeqar folded before Flop (didn't bet)
Seat 5: ffac folded before Flop (didn't bet)
Seat 6: Manifestorr (button) collected ($2.50)



PokerStars Hand #254589848613:  Hold'em No Limit ($0.50/$1.00 USD) - 2025/01/27 3:35:01 WET [2025/01/27 22:35:01 ET]
Table 'Lictoria III' 6-max Seat #1 is the button
Seat 3: skars07 ($108.77 in chips) is sitting out
Seat 1: iTrustU21 ($100 in chips) 
Seat 2: firewin992 ($98.94 in chips) 
Seat 4: reeqar ($117.46 in chips) 
Seat 5: ffac ($102.65 in chips) 
Seat 6: Manifestorr ($101.50 in chips) 
firewin992: posts small blind $0.50
skars07: is sitting out 
reeqar: posts big blind $1
*** HOLE CARDS ***
skars07 leaves the table
ffac: folds 
Manifestorr: folds 
iTrustU21: raises $1.20 to $2.20
firewin992: calls $1.70
Xenicide joins the table at seat #3 
reeqar: raises $10.80 to $13
iTrustU21: folds 
firewin992: folds 
Uncalled bet ($10.80) returned to reeqar
reeqar collected $6.60 from pot
reeqar: doesn't show hand 
*** SUMMARY ***
Total pot $6.60 | Rake $0 
Seat 3: skars07
Seat 1: iTrustU21 (button) folded before Flop
Seat 2: firewin992 (small blind) folded before Flop
Seat 4: reeqar (big blind) collected ($6.60)
Seat 5: ffac folded before Flop (didn't bet)
Seat 6: Manifestorr folded before Flop (didn't bet)



PokerStars Hand #254589851977:  Hold'em No Limit ($0.50/$1.00 USD) - 2025/01/27 3:35:30 WET [2025/01/27 22:35:30 ET]
Table 'Lictoria III' 6-max Seat #2 is the button
Seat 3: Xenicide ($100 in chips) is sitting out
Seat 1: iTrustU21 ($100 in chips) 
Seat 2: firewin992 ($96.74 in chips) 
Seat 4: reeqar ($121.86 in chips) 
Seat 5: ffac ($102.65 in chips) 
Seat 6: Manifestorr ($101.50 in chips) 
reeqar: posts small blind $0.50
ffac: posts big blind $1
*** HOLE CARDS ***
Manifestorr: folds 
iTrustU21: folds 
firewin992: folds 
reeqar: folds 
Uncalled bet ($0.50) returned to ffac
ffac collected $1 from pot
ffac: doesn't show hand 
*** SUMMARY ***
Total pot $1 | Rake $0 
Seat 3: Xenicide
Seat 1: iTrustU21 folded before Flop (didn't bet)
Seat 2: firewin992 (button) folded before Flop (didn't bet)
Seat 4: reeqar (small blind) folded before Flop
Seat 5: ffac (big blind) collected ($1)
Seat 6: Manifestorr folded before Flop (didn't bet)



PokerStars Hand #254589853619:  Hold'em No Limit ($0.50/$1.00 USD) - 2025/01/27 3:35:44 WET [2025/01/27 22:35:44 ET]
Table 'Lictoria III' 6-max Seat #4 is the button
Seat 3: Xenicide ($100 in chips) is sitting out
Seat 1: iTrustU21 ($100 in chips) 
Seat 2: firewin992 ($96.74 in chips) 
Seat 4: reeqar ($121.36 in chips) 
Seat 5: ffac ($103.15 in chips) 
Seat 6: Manifestorr ($101.50 in chips) 
ffac: posts small blind $0.50
Manifestorr: posts big blind $1
Xenicide: sits out 
*** HOLE CARDS ***
iTrustU21: folds 
firewin992: folds 
reeqar: folds 
ffac: raises $2 to $3
Manifestorr: folds 
Uncalled bet ($2) returned to ffac
ffac collected $2 from pot
ffac: doesn't show hand 
*** SUMMARY ***
Total pot $2 | Rake $0 
Seat 3: Xenicide
Seat 1: iTrustU21 folded before Flop (didn't bet)
Seat 2: firewin992 folded before Flop (didn't bet)
Seat 4: reeqar (button) folded before Flop (didn't bet)
Seat 5: ffac (small blind) collected ($2)
Seat 6: Manifestorr (big blind) folded before Flop



PokerStars Hand #254589856031:  Hold'em No Limit ($0.50/$1.00 USD) - 2025/01/27 3:36:05 WET [2025/01/27 22:36:05 ET]
Table 'Lictoria III' 6-max Seat #5 is the button
Seat 3: Xenicide ($100 in chips) is sitting out
Seat 1: iTrustU21 ($100 in chips) 
Seat 2: firewin992 ($96.74 in chips) 
Seat 4: reeqar ($121.36 in chips) 
Seat 5: ffac ($104.15 in chips) 
Seat 6: Manifestorr ($100.50 in chips) 
Manifestorr: posts small blind $0.50
iTrustU21: posts big blind $1
Xenicide: sits out 
*** HOLE CARDS ***
firewin992 has timed out
firewin992: folds 
reeqar: folds 
ffac: folds 
Manifestorr: folds 
Uncalled bet ($0.50) returned to iTrustU21
iTrustU21 collected $1 from pot
iTrustU21: doesn't show hand 
*** SUMMARY ***
Total pot $1 | Rake $0 
Seat 3: Xenicide
Seat 1: iTrustU21 (big blind) collected ($1)
Seat 2: firewin992 folded before Flop (didn't bet)
Seat 4: reeqar folded before Flop (didn't bet)
Seat 5: ffac (button) folded before Flop (didn't bet)
Seat 6: Manifestorr (small blind) folded before Flop



PokerStars Hand #254589859928:  Hold'em No Limit ($0.50/$1.00 USD) - 2025/01/27 3:36:38 WET [2025/01/27 22:36:38 ET]
Table 'Lictoria III' 6-max Seat #6 is the button
Seat 3: Xenicide ($100 in chips) is sitting out
Seat 1: iTrustU21 ($100.50 in chips) 
Seat 2: firewin992 ($96.74 in chips) 
Seat 4: reeqar ($121.36 in chips) 
Seat 5: ffac ($104.15 in chips) 
Seat 6: Manifestorr ($100 in chips) 
iTrustU21: posts small blind $0.50
firewin992: posts big blind $1
Xenicide: sits out 
*** HOLE CARDS ***
reeqar: folds 
ffac: folds 
Manifestorr: raises $1.20 to $2.20
iTrustU21: folds 
firewin992: folds 
Uncalled bet ($1.20) returned to Manifestorr
Manifestorr collected $2.50 from pot
*** SUMMARY ***
Total pot $2.50 | Rake $0 
Seat 3: Xenicide
Seat 1: iTrustU21 (small blind) folded before Flop
Seat 2: firewin992 (big blind) folded before Flop
Seat 4: reeqar folded before Flop (didn't bet)
Seat 5: ffac folded before Flop (didn't bet)
Seat 6: Manifestorr (button) collected ($2.50)



PokerStars Hand #254589861665:  Hold'em No Limit ($0.50/$1.00 USD) - 2025/01/27 3:36:53 WET [2025/01/27 22:36:53 ET]
Table 'Lictoria III' 6-max Seat #1 is the button
Seat 1: iTrustU21 ($100 in chips) 
Seat 2: firewin992 ($95.74 in chips) 
Seat 3: Xenicide ($100 in chips) 
Seat 4: reeqar ($121.36 in chips) 
Seat 5: ffac ($104.15 in chips) 
Seat 6: Manifestorr ($101.50 in chips) 
firewin992: posts small blind $0.50
Xenicide: posts big blind $1
*** HOLE CARDS ***
reeqar: folds 
ffac: raises $1.04 to $2.04
Manifestorr: folds 
iTrustU21: folds 
firewin992: folds 
Xenicide: folds 
Uncalled bet ($1.04) returned to ffac
ffac collected $2.50 from pot
ffac: doesn't show hand 
*** SUMMARY ***
Total pot $2.50 | Rake $0 
Seat 1: iTrustU21 (button) folded before Flop (didn't bet)
Seat 2: firewin992 (small blind) folded before Flop
Seat 3: Xenicide (big blind) folded before Flop
Seat 4: reeqar folded before Flop (didn't bet)
Seat 5: ffac collected ($2.50)
Seat 6: Manifestorr folded before Flop (didn't bet)



PokerStars Hand #254589865530:  Hold'em No Limit ($0.50/$1.00 USD) - 2025/01/27 3:37:27 WET [2025/01/27 22:37:27 ET]
Table 'Lictoria III' 6-max Seat #2 is the button
Seat 1: iTrustU21 ($100 in chips) 
Seat 2: firewin992 ($95.24 in chips) 
Seat 3: Xenicide ($100 in chips) 
Seat 4: reeqar ($121.36 in chips) 
Seat 5: ffac ($105.65 in chips) 
Seat 6: Manifestorr ($101.50 in chips) 
Xenicide: posts small blind $0.50
reeqar: posts big blind $1
*** HOLE CARDS ***
ffac: folds 
Manifestorr: raises $1.20 to $2.20
iTrustU21: folds 
firewin992: folds 
Xenicide: folds 
reeqar: folds 
Uncalled bet ($1.20) returned to Manifestorr
Manifestorr collected $2.50 from pot
*** SUMMARY ***
Total pot $2.50 | Rake $0 
Seat 1: iTrustU21 folded before Flop (didn't bet)
Seat 2: firewin992 (button) folded before Flop (didn't bet)
Seat 3: Xenicide (small blind) folded before Flop
Seat 4: reeqar (big blind) folded before Flop
Seat 5: ffac folded before Flop (didn't bet)
Seat 6: Manifestorr collected ($2.50)



PokerStars Hand #254589867746:  Hold'em No Limit ($0.50/$1.00 USD) - 2025/01/27 3:37:46 WET [2025/01/27 22:37:46 ET]
Table 'Lictoria III' 6-max Seat #3 is the button
Seat 1: iTrustU21 ($100 in chips) 
Seat 2: firewin992 ($95.24 in chips) 
Seat 3: Xenicide ($100 in chips) 
Seat 4: reeqar ($120.36 in chips) 
Seat 5: ffac ($105.65 in chips) 
Seat 6: Manifestorr ($103 in chips) 
reeqar: posts small blind $0.50
ffac: posts big blind $1
*** HOLE CARDS ***
Manifestorr: raises $1.20 to $2.20
iTrustU21: folds 
firewin992: calls $2.20
Xenicide: folds 
reeqar: folds 
ffac: calls $1.20
*** FLOP *** [9c Ks Ad]
ffac: checks 
Manifestorr: checks 
firewin992: checks 
*** TURN *** [9c Ks Ad] [2s]
ffac: checks 
Manifestorr: checks 
firewin992: checks 
*** RIVER *** [9c Ks Ad 2s] [Ac]
ffac: checks 
Manifestorr: bets $2.22
firewin992: calls $2.22
ffac: folds 
*** SHOW DOWN ***
Manifestorr: shows [Tc Ts] (two pair, Aces and Tens)
firewin992: shows [Qc Qh] (two pair, Aces and Queens)
firewin992 collected $10.96 from pot
*** SUMMARY ***
Total pot $11.54 | Rake $0.58 
Board [9c Ks Ad 2s Ac]
Seat 1: iTrustU21 folded before Flop (didn't bet)
Seat 2: firewin992 showed [Qc Qh] and won ($10.96) with two pair, Aces and Queens
Seat 3: Xenicide (button) folded before Flop (didn't bet)
Seat 4: reeqar (small blind) folded before Flop
Seat 5: ffac (big blind) folded on the River
Seat 6: Manifestorr showed [Tc Ts] and lost with two pair, Aces and Tens



PokerStars Hand #254589876556:  Hold'em No Limit ($0.50/$1.00 USD) - 2025/01/27 3:39:04 WET [2025/01/27 22:39:04 ET]
Table 'Lictoria III' 6-max Seat #4 is the button
Seat 1: iTrustU21 ($100 in chips) 
Seat 2: firewin992 ($101.78 in chips) 
Seat 3: Xenicide ($100 in chips) 
Seat 4: reeqar ($119.86 in chips) 
Seat 5: ffac ($103.45 in chips) 
Seat 6: Manifestorr ($100 in chips) 
ffac: posts small blind $0.50
Manifestorr: posts big blind $1
*** HOLE CARDS ***
iTrustU21: folds 
firewin992: calls $1
Xenicide: folds 
reeqar: folds 
ffac: raises $3 to $4
Manifestorr: folds 
firewin992: calls $3
*** FLOP *** [Js 8d 2d]
ffac: bets $2.82
firewin992: calls $2.82
*** TURN *** [Js 8d 2d] [Td]
ffac: checks 
firewin992: checks 
*** RIVER *** [Js 8d 2d Td] [2c]
ffac: bets $6.96
firewin992: raises $6.96 to $13.92
ffac: folds 
Uncalled bet ($6.96) returned to firewin992
firewin992 collected $27.13 from pot
*** SUMMARY ***
Total pot $28.56 | Rake $1.43 
Board [Js 8d 2d Td 2c]
Seat 1: iTrustU21 folded before Flop (didn't bet)
Seat 2: firewin992 collected ($27.13)
Seat 3: Xenicide folded before Flop (didn't bet)
Seat 4: reeqar (button) folded before Flop (didn't bet)
Seat 5: ffac (small blind) folded on the River
Seat 6: Manifestorr (big blind) folded before Flop



PokerStars Hand #254589884468:  Hold'em No Limit ($0.50/$1.00 USD) - 2025/01/27 3:40:15 WET [2025/01/27 22:40:15 ET]
Table 'Lictoria III' 6-max Seat #5 is the button
Seat 1: iTrustU21 ($100 in chips) 
Seat 2: firewin992 ($115.13 in chips) 
Seat 3: Xenicide ($100 in chips) 
Seat 4: reeqar ($119.86 in chips) 
Seat 5: ffac ($100 in chips) 
Seat 6: Manifestorr ($100 in chips) 
Manifestorr: posts small blind $0.50
iTrustU21: posts big blind $1
*** HOLE CARDS ***
firewin992: folds 
Xenicide: folds 
reeqar: folds 
ffac: folds 
Manifestorr: raises $2 to $3
iTrustU21: folds 
Uncalled bet ($2) returned to Manifestorr
Manifestorr collected $2 from pot
*** SUMMARY ***
Total pot $2 | Rake $0 
Seat 1: iTrustU21 (big blind) folded before Flop
Seat 2: firewin992 folded before Flop (didn't bet)
Seat 3: Xenicide folded before Flop (didn't bet)
Seat 4: reeqar folded before Flop (didn't bet)
Seat 5: ffac (button) folded before Flop (didn't bet)
Seat 6: Manifestorr (small blind) collected ($2)



PokerStars Hand #254589886496:  Hold'em No Limit ($0.50/$1.00 USD) - 2025/01/27 3:40:32 WET [2025/01/27 22:40:32 ET]
Table 'Lictoria III' 6-max Seat #6 is the button
Seat 1: iTrustU21 ($100 in chips) 
Seat 2: firewin992 ($115.13 in chips) 
Seat 3: Xenicide ($100 in chips) 
Seat 4: reeqar ($119.86 in chips) 
Seat 5: ffac ($100 in chips) 
Seat 6: Manifestorr ($101 in chips) 
iTrustU21: posts small blind $0.50
firewin992: posts big blind $1
*** HOLE CARDS ***
Xenicide: folds 
reeqar: folds 
ffac: folds 
Manifestorr: raises $1.20 to $2.20
iTrustU21: raises $8.80 to $11
firewin992: folds 
Manifestorr: calls $8.80
*** FLOP *** [3h Ah Th]
iTrustU21: bets $3
Manifestorr: raises $9 to $12
iTrustU21: calls $9
*** TURN *** [3h Ah Th] [5h]
iTrustU21: checks 
Manifestorr: bets $22.33
iTrustU21: calls $22.33
*** RIVER *** [3h Ah Th 5h] [2s]
iTrustU21: checks 
Manifestorr: bets $55.67 and is all-in
iTrustU21: folds 
Uncalled bet ($55.67) returned to Manifestorr
Manifestorr collected $89.16 from pot
*** SUMMARY ***
Total pot $91.66 | Rake $2.50 
Board [3h Ah Th 5h 2s]
Seat 1: iTrustU21 (small blind) folded on the River
Seat 2: firewin992 (big blind) folded before Flop
Seat 3: Xenicide folded before Flop (didn't bet)
Seat 4: reeqar folded before Flop (didn't bet)
Seat 5: ffac folded before Flop (didn't bet)
Seat 6: Manifestorr (button) collected ($89.16)



PokerStars Hand #254589898072:  Hold'em No Limit ($0.50/$1.00 USD) - 2025/01/27 3:42:14 WET [2025/01/27 22:42:14 ET]
Table 'Lictoria III' 6-max Seat #1 is the button
Seat 1: iTrustU21 ($100 in chips) 
Seat 2: firewin992 ($114.13 in chips) 
Seat 3: Xenicide ($100 in chips) 
Seat 4: reeqar ($119.86 in chips) 
Seat 5: ffac ($100 in chips) 
Seat 6: Manifestorr ($144.83 in chips) 
firewin992: posts small blind $0.50
Xenicide: posts big blind $1
*** HOLE CARDS ***
reeqar: folds 
ffac: folds 
Manifestorr: folds 
iTrustU21: raises $1.20 to $2.20
firewin992: folds 
Xenicide: calls $1.20
*** FLOP *** [Td Kd Ac]
Xenicide: checks 
iTrustU21: bets $3.50
Xenicide: calls $3.50
*** TURN *** [Td Kd Ac] [3h]
Xenicide: checks 
iTrustU21: bets $18
Xenicide: folds 
Uncalled bet ($18) returned to iTrustU21
iTrustU21 collected $11.30 from pot
iTrustU21: doesn't show hand 
*** SUMMARY ***
Total pot $11.90 | Rake $0.60 
Board [Td Kd Ac 3h]
Seat 1: iTrustU21 (button) collected ($11.30)
Seat 2: firewin992 (small blind) folded before Flop
Seat 3: Xenicide (big blind) folded on the Turn
Seat 4: reeqar folded before Flop (didn't bet)
Seat 5: ffac folded before Flop (didn't bet)
Seat 6: Manifestorr folded before Flop (didn't bet)



PokerStars Hand #254589906988:  Hold'em No Limit ($0.50/$1.00 USD) - 2025/01/27 3:43:34 WET [2025/01/27 22:43:34 ET]
Table 'Lictoria III' 6-max Seat #2 is the button
Seat 1: iTrustU21 ($105.60 in chips) 
Seat 2: firewin992 ($113.63 in chips) 
Seat 3: Xenicide ($100 in chips) 
Seat 4: reeqar ($119.86 in chips) 
Seat 5: ffac ($100 in chips) 
Seat 6: Manifestorr ($144.83 in chips) 
Xenicide: posts small blind $0.50
reeqar: posts big blind $1
*** HOLE CARDS ***
ffac: folds 
Manifestorr: folds 
iTrustU21: folds 
firewin992: folds 
Xenicide: folds 
Uncalled bet ($0.50) returned to reeqar
reeqar collected $1 from pot
reeqar: doesn't show hand 
*** SUMMARY ***
Total pot $1 | Rake $0 
Seat 1: iTrustU21 folded before Flop (didn't bet)
Seat 2: firewin992 (button) folded before Flop (didn't bet)
Seat 3: Xenicide (small blind) folded before Flop
Seat 4: reeqar (big blind) collected ($1)
Seat 5: ffac folded before Flop (didn't bet)
Seat 6: Manifestorr folded before Flop (didn't bet)



PokerStars Hand #254589908621:  Hold'em No Limit ($0.50/$1.00 USD) - 2025/01/27 3:43:49 WET [2025/01/27 22:43:49 ET]
Table 'Lictoria III' 6-max Seat #3 is the button
Seat 1: iTrustU21 ($105.60 in chips) 
Seat 2: firewin992 ($113.63 in chips) 
Seat 3: Xenicide ($100 in chips) 
Seat 4: reeqar ($120.36 in chips) 
Seat 5: ffac ($100 in chips) 
Seat 6: Manifestorr ($144.83 in chips) 
reeqar: posts small blind $0.50
ffac: posts big blind $1
*** HOLE CARDS ***
Manifestorr: folds 
iTrustU21: folds 
firewin992: calls $1
Xenicide: raises $3.50 to $4.50
reeqar: folds 
ffac: folds 
firewin992: calls $3.50
*** FLOP *** [2h 8c 8s]
firewin992: checks 
Xenicide: bets $2.50
firewin992: folds 
Uncalled bet ($2.50) returned to Xenicide
Xenicide collected $9.98 from pot
*** SUMMARY ***
Total pot $10.50 | Rake $0.52 
Board [2h 8c 8s]
Seat 1: iTrustU21 folded before Flop (didn't bet)
Seat 2: firewin992 folded on the Flop
Seat 3: Xenicide (button) collected ($9.98)
Seat 4: reeqar (small blind) folded before Flop
Seat 5: ffac (big blind) folded before Flop
Seat 6: Manifestorr folded before Flop (didn't bet)



PokerStars Hand #254589915301:  Hold'em No Limit ($0.50/$1.00 USD) - 2025/01/27 3:44:49 WET [2025/01/27 22:44:49 ET]
Table 'Lictoria III' 6-max Seat #4 is the button
Seat 1: iTrustU21 ($105.60 in chips) 
Seat 2: firewin992 ($109.13 in chips) 
Seat 3: Xenicide ($105.48 in chips) 
Seat 4: reeqar ($119.86 in chips) 
Seat 5: ffac ($100 in chips) 
Seat 6: Manifestorr ($144.83 in chips) 
ffac: posts small blind $0.50
Manifestorr: posts big blind $1
*** HOLE CARDS ***
iTrustU21: folds 
firewin992: calls $1
Xenicide: folds 
reeqar: folds 
ffac: folds 
Manifestorr: checks 
*** FLOP *** [Kc Ad 4s]
Manifestorr: checks 
firewin992: checks 
*** TURN *** [Kc Ad 4s] [2c]
Manifestorr: checks 
firewin992: bets $1
Manifestorr: folds 
Uncalled bet ($1) returned to firewin992
firewin992 collected $2.38 from pot
*** SUMMARY ***
Total pot $2.50 | Rake $0.12 
Board [Kc Ad 4s 2c]
Seat 1: iTrustU21 folded before Flop (didn't bet)
Seat 2: firewin992 collected ($2.38)
Seat 3: Xenicide folded before Flop (didn't bet)
Seat 4: reeqar (button) folded before Flop (didn't bet)
Seat 5: ffac (small blind) folded before Flop
Seat 6: Manifestorr (big blind) folded on the Turn



PokerStars Hand #254589918390:  Hold'em No Limit ($0.50/$1.00 USD) - 2025/01/27 3:45:17 WET [2025/01/27 22:45:17 ET]
Table 'Lictoria III' 6-max Seat #5 is the button
Seat 1: iTrustU21 ($105.60 in chips) is sitting out
Seat 2: firewin992 ($110.51 in chips) 
Seat 3: Xenicide ($105.48 in chips) 
Seat 4: reeqar ($119.86 in chips) 
Seat 5: ffac ($100 in chips) 
Seat 6: Manifestorr ($143.83 in chips) 
Manifestorr: posts small blind $0.50
iTrustU21: is sitting out 
firewin992: posts big blind $1
*** HOLE CARDS ***
Xenicide: folds 
reeqar: folds 
iTrustU21 leaves the table
ffac: raises $1.50 to $2.50
Manifestorr: raises $8.50 to $11
firewin992: folds 
Burlica2013 joins the table at seat #1 
ffac: calls $8.50
*** FLOP *** [Kh 7c Td]
Manifestorr: bets $7.21
ffac: calls $7.21
*** TURN *** [Kh 7c Td] [Ts]
Manifestorr: checks 
ffac: checks 
*** RIVER *** [Kh 7c Td Ts] [4d]
Manifestorr: checks 
ffac: checks 
*** SHOW DOWN ***
Manifestorr: shows [Jc Qc] (a pair of Tens)
ffac: shows [6d 7d] (two pair, Tens and Sevens)
ffac collected $35.55 from pot
*** SUMMARY ***
Total pot $37.42 | Rake $1.87 
Board [Kh 7c Td Ts 4d]
Seat 1: iTrustU21
Seat 2: firewin992 (big blind) folded before Flop
Seat 3: Xenicide folded before Flop (didn't bet)
Seat 4: reeqar folded before Flop (didn't bet)
Seat 5: ffac (button) showed [6d 7d] and won ($35.55) with two pair, Tens and Sevens
Seat 6: Manifestorr (small blind) showed [Jc Qc] and lost with a pair of Tens



PokerStars Hand #254589931221:  Hold'em No Limit ($0.50/$1.00 USD) - 2025/01/27 3:47:13 WET [2025/01/27 22:47:13 ET]
Table 'Lictoria III' 6-max Seat #6 is the button
Seat 1: Burlica2013 ($100 in chips) is sitting out
Seat 2: firewin992 ($109.51 in chips) 
Seat 3: Xenicide ($105.48 in chips) 
Seat 4: reeqar ($119.86 in chips) 
Seat 5: ffac ($117.34 in chips) 
Seat 6: Manifestorr ($125.62 in chips) 
firewin992: posts small blind $0.50
Xenicide: posts big blind $1
*** HOLE CARDS ***
reeqar: folds 
ffac: folds 
Manifestorr: raises $1.20 to $2.20
firewin992 has timed out
firewin992: folds 
Xenicide: folds 
Uncalled bet ($1.20) returned to Manifestorr
Manifestorr collected $2.50 from pot
*** SUMMARY ***
Total pot $2.50 | Rake $0 
Seat 1: Burlica2013
Seat 2: firewin992 (small blind) folded before Flop
Seat 3: Xenicide (big blind) folded before Flop
Seat 4: reeqar folded before Flop (didn't bet)
Seat 5: ffac folded before Flop (didn't bet)
Seat 6: Manifestorr (button) collected ($2.50)



PokerStars Hand #254589934813:  Hold'em No Limit ($0.50/$1.00 USD) - 2025/01/27 3:47:46 WET [2025/01/27 22:47:46 ET]
Table 'Lictoria III' 6-max Seat #2 is the button
Seat 1: Burlica2013 ($100 in chips) is sitting out
Seat 2: firewin992 ($109.01 in chips) 
Seat 3: Xenicide ($104.48 in chips) 
Seat 4: reeqar ($119.86 in chips) 
Seat 5: ffac ($117.34 in chips) 
Seat 6: Manifestorr ($127.12 in chips) 
Xenicide: posts small blind $0.50
reeqar: posts big blind $1
Burlica2013: sits out 
*** HOLE CARDS ***
ffac: folds 
Manifestorr: folds 
firewin992: calls $1
Xenicide: folds 
reeqar: checks 
*** FLOP *** [6h 8c 9d]
reeqar: checks 
firewin992: bets $1.19
reeqar: calls $1.19
*** TURN *** [6h 8c 9d] [Td]
reeqar: checks 
firewin992: bets $4.64
reeqar: folds 
Uncalled bet ($4.64) returned to firewin992
firewin992 collected $4.64 from pot
*** SUMMARY ***
Total pot $4.88 | Rake $0.24 
Board [6h 8c 9d Td]
Seat 1: Burlica2013
Seat 2: firewin992 (button) collected ($4.64)
Seat 3: Xenicide (small blind) folded before Flop
Seat 4: reeqar (big blind) folded on the Turn
Seat 5: ffac folded before Flop (didn't bet)
Seat 6: Manifestorr folded before Flop (didn't bet)



PokerStars Hand #254589940357:  Hold'em No Limit ($0.50/$1.00 USD) - 2025/01/27 3:48:37 WET [2025/01/27 22:48:37 ET]
Table 'Lictoria III' 6-max Seat #3 is the button
Seat 1: Burlica2013 ($100 in chips) is sitting out
Seat 2: firewin992 ($111.46 in chips) 
Seat 3: Xenicide ($103.98 in chips) 
Seat 4: reeqar ($117.67 in chips) 
Seat 5: ffac ($117.34 in chips) 
Seat 6: Manifestorr ($127.12 in chips) 
reeqar: posts small blind $0.50
ffac: posts big blind $1
Burlica2013: sits out 
*** HOLE CARDS ***
Manifestorr: raises $1.20 to $2.20
firewin992: calls $2.20
Xenicide: folds 
reeqar: folds 
ffac: calls $1.20
*** FLOP *** [9d 3d 5h]
ffac: checks 
Manifestorr: checks 
firewin992: bets $3.37
ffac: calls $3.37
Manifestorr: folds 
*** TURN *** [9d 3d 5h] [3h]
ffac: checks 
firewin992: bets $13.15
ffac: calls $13.15
*** RIVER *** [9d 3d 5h 3h] [Jd]
ffac: checks 
firewin992: checks 
*** SHOW DOWN ***
ffac: shows [9h Qh] (two pair, Nines and Threes)
firewin992: shows [Ac Ah] (two pair, Aces and Threes)
firewin992 collected $38.13 from pot
*** SUMMARY ***
Total pot $40.14 | Rake $2.01 
Board [9d 3d 5h 3h Jd]
Seat 1: Burlica2013
Seat 2: firewin992 showed [Ac Ah] and won ($38.13) with two pair, Aces and Threes
Seat 3: Xenicide (button) folded before Flop (didn't bet)
Seat 4: reeqar (small blind) folded before Flop
Seat 5: ffac (big blind) showed [9h Qh] and lost with two pair, Nines and Threes
Seat 6: Manifestorr folded on the Flop



PokerStars Hand #254589948714:  Hold'em No Limit ($0.50/$1.00 USD) - 2025/01/27 3:49:55 WET [2025/01/27 22:49:55 ET]
Table 'Lictoria III' 6-max Seat #4 is the button
Seat 1: Burlica2013 ($100 in chips) is sitting out
Seat 2: firewin992 ($130.87 in chips) 
Seat 3: Xenicide ($103.98 in chips) 
Seat 4: reeqar ($117.17 in chips) 
Seat 5: ffac ($100 in chips) 
Seat 6: Manifestorr ($124.92 in chips) 
ffac: posts small blind $0.50
Manifestorr: posts big blind $1
Burlica2013: sits out 
*** HOLE CARDS ***
firewin992: calls $1
Xenicide: folds 
reeqar: raises $6 to $7
ffac: folds 
Manifestorr: folds 
firewin992: calls $6
*** FLOP *** [5s Kc 2d]
firewin992: checks 
reeqar: bets $7.36
firewin992: folds 
Uncalled bet ($7.36) returned to reeqar
reeqar collected $14.72 from pot
reeqar: doesn't show hand 
*** SUMMARY ***
Total pot $15.50 | Rake $0.78 
Board [5s Kc 2d]
Seat 1: Burlica2013
Seat 2: firewin992 folded on the Flop
Seat 3: Xenicide folded before Flop (didn't bet)
Seat 4: reeqar (button) collected ($14.72)
Seat 5: ffac (small blind) folded before Flop
Seat 6: Manifestorr (big blind) folded before Flop



PokerStars Hand #254589952283:  Hold'em No Limit ($0.50/$1.00 USD) - 2025/01/27 3:50:29 WET [2025/01/27 22:50:29 ET]
Table 'Lictoria III' 6-max Seat #5 is the button
Seat 1: Burlica2013 ($100 in chips) 
Seat 2: firewin992 ($123.87 in chips) 
Seat 3: Xenicide ($103.98 in chips) 
Seat 4: reeqar ($124.89 in chips) 
Seat 5: ffac ($100 in chips) 
Seat 6: Manifestorr ($123.92 in chips) 
Manifestorr: posts small blind $0.50
Burlica2013: posts big blind $1
*** HOLE CARDS ***
firewin992: folds 
Xenicide: folds 
reeqar: raises $1.50 to $2.50
ffac: folds 
Manifestorr: folds 
Burlica2013: calls $1.50
*** FLOP *** [9c 9d 7d]
Burlica2013: checks 
reeqar: bets $1.72
Burlica2013: folds 
Uncalled bet ($1.72) returned to reeqar
reeqar collected $5.22 from pot
reeqar: doesn't show hand 
*** SUMMARY ***
Total pot $5.50 | Rake $0.28 
Board [9c 9d 7d]
Seat 1: Burlica2013 (big blind) folded on the Flop
Seat 2: firewin992 folded before Flop (didn't bet)
Seat 3: Xenicide folded before Flop (didn't bet)
Seat 4: reeqar collected ($5.22)
Seat 5: ffac (button) folded before Flop (didn't bet)
Seat 6: Manifestorr (small blind) folded before Flop



PokerStars Hand #254589956415:  Hold'em No Limit ($0.50/$1.00 USD) - 2025/01/27 3:51:07 WET [2025/01/27 22:51:07 ET]
Table 'Lictoria III' 6-max Seat #6 is the button
Seat 1: Burlica2013 ($100 in chips) 
Seat 2: firewin992 ($123.87 in chips) 
Seat 3: Xenicide ($103.98 in chips) 
Seat 4: reeqar ($127.61 in chips) 
Seat 5: ffac ($100 in chips) 
Seat 6: Manifestorr ($123.42 in chips) 
Burlica2013: posts small blind $0.50
firewin992: posts big blind $1
*** HOLE CARDS ***
Xenicide: folds 
reeqar: raises $1.50 to $2.50
ffac: folds 
Manifestorr: folds 
Burlica2013: folds 
firewin992: calls $1.50
*** FLOP *** [6s Jh 7d]
firewin992: checks 
reeqar: bets $1.72
firewin992: calls $1.72
*** TURN *** [6s Jh 7d] [7s]
firewin992: checks 
reeqar: checks 
*** RIVER *** [6s Jh 7d 7s] [3h]
firewin992: bets $8.49
reeqar: folds 
Uncalled bet ($8.49) returned to firewin992
firewin992 collected $8.49 from pot
*** SUMMARY ***
Total pot $8.94 | Rake $0.45 
Board [6s Jh 7d 7s 3h]
Seat 1: Burlica2013 (small blind) folded before Flop
Seat 2: firewin992 (big blind) collected ($8.49)
Seat 3: Xenicide folded before Flop (didn't bet)
Seat 4: reeqar folded on the River
Seat 5: ffac folded before Flop (didn't bet)
Seat 6: Manifestorr (button) folded before Flop (didn't bet)



PokerStars Hand #254589963070:  Hold'em No Limit ($0.50/$1.00 USD) - 2025/01/27 3:52:09 WET [2025/01/27 22:52:09 ET]
Table 'Lictoria III' 6-max Seat #1 is the button
Seat 1: Burlica2013 ($100 in chips) 
Seat 2: firewin992 ($128.14 in chips) 
Seat 3: Xenicide ($103.98 in chips) 
Seat 4: reeqar ($123.39 in chips) 
Seat 5: ffac ($100 in chips) 
Seat 6: Manifestorr ($123.42 in chips) 
firewin992: posts small blind $0.50
Xenicide: posts big blind $1
*** HOLE CARDS ***
reeqar: folds 
ffac: folds 
Manifestorr: folds 
Burlica2013: folds 
firewin992: calls $0.50
Xenicide: checks 
*** FLOP *** [8c Th 9c]
firewin992: bets $1.90
Xenicide: folds 
Uncalled bet ($1.90) returned to firewin992
firewin992 collected $1.90 from pot
*** SUMMARY ***
Total pot $2 | Rake $0.10 
Board [8c Th 9c]
Seat 1: Burlica2013 (button) folded before Flop (didn't bet)
Seat 2: firewin992 (small blind) collected ($1.90)
Seat 3: Xenicide (big blind) folded on the Flop
Seat 4: reeqar folded before Flop (didn't bet)
Seat 5: ffac folded before Flop (didn't bet)
Seat 6: Manifestorr folded before Flop (didn't bet)



PokerStars Hand #254589966674:  Hold'em No Limit ($0.50/$1.00 USD) - 2025/01/27 3:52:42 WET [2025/01/27 22:52:42 ET]
Table 'Lictoria III' 6-max Seat #2 is the button
Seat 1: Burlica2013 ($100 in chips) 
Seat 2: firewin992 ($129.04 in chips) 
Seat 3: Xenicide ($102.98 in chips) 
Seat 4: reeqar ($123.39 in chips) 
Seat 5: ffac ($100 in chips) 
Seat 6: Manifestorr ($123.42 in chips) 
Xenicide: posts small blind $0.50
reeqar: posts big blind $1
*** HOLE CARDS ***
ffac: folds 
Manifestorr: folds 
Burlica2013: folds 
firewin992: calls $1
Xenicide: folds 
reeqar: checks 
*** FLOP *** [Jd 3d 2c]
reeqar: checks 
firewin992: checks 
*** TURN *** [Jd 3d 2c] [2s]
reeqar: checks 
firewin992: checks 
*** RIVER *** [Jd 3d 2c 2s] [Ac]
reeqar: checks 
firewin992: checks 
*** SHOW DOWN ***
reeqar: shows [Qh 6s] (a pair of Deuces)
firewin992: mucks hand 
reeqar collected $2.38 from pot
*** SUMMARY ***
Total pot $2.50 | Rake $0.12 
Board [Jd 3d 2c 2s Ac]
Seat 1: Burlica2013 folded before Flop (didn't bet)
Seat 2: firewin992 (button) mucked
Seat 3: Xenicide (small blind) folded before Flop
Seat 4: reeqar (big blind) showed [Qh 6s] and won ($2.38) with a pair of Deuces
Seat 5: ffac folded before Flop (didn't bet)
Seat 6: Manifestorr folded before Flop (didn't bet)



PokerStars Hand #254589973618:  Hold'em No Limit ($0.50/$1.00 USD) - 2025/01/27 3:53:45 WET [2025/01/27 22:53:45 ET]
Table 'Lictoria III' 6-max Seat #3 is the button
Seat 1: Burlica2013 ($100 in chips) 
Seat 2: firewin992 ($128.04 in chips) 
Seat 3: Xenicide ($102.48 in chips) 
Seat 4: reeqar ($124.77 in chips) 
Seat 5: ffac ($100 in chips) 
Seat 6: Manifestorr ($123.42 in chips) 
reeqar: posts small blind $0.50
ffac: posts big blind $1
*** HOLE CARDS ***
Manifestorr: folds 
Burlica2013: folds 
firewin992: calls $1
Xenicide: raises $3.50 to $4.50
reeqar: folds 
ffac: calls $3.50
firewin992: calls $3.50
*** FLOP *** [8h 6d 2c]
ffac: checks 
firewin992: checks 
Xenicide: checks 
*** TURN *** [8h 6d 2c] [Kh]
ffac: bets $3.33
firewin992: folds 
Xenicide: folds 
Uncalled bet ($3.33) returned to ffac
ffac collected $13.30 from pot
ffac: doesn't show hand 
*** SUMMARY ***
Total pot $14 | Rake $0.70 
Board [8h 6d 2c Kh]
Seat 1: Burlica2013 folded before Flop (didn't bet)
Seat 2: firewin992 folded on the Turn
Seat 3: Xenicide (button) folded on the Turn
Seat 4: reeqar (small blind) folded before Flop
Seat 5: ffac (big blind) collected ($13.30)
Seat 6: Manifestorr folded before Flop (didn't bet)



PokerStars Hand #254589982650:  Hold'em No Limit ($0.50/$1.00 USD) - 2025/01/27 3:55:10 WET [2025/01/27 22:55:10 ET]
Table 'Lictoria III' 6-max Seat #4 is the button
Seat 1: Burlica2013 ($100 in chips) 
Seat 2: firewin992 ($123.54 in chips) 
Seat 3: Xenicide ($100 in chips) 
Seat 4: reeqar ($124.27 in chips) 
Seat 5: ffac ($108.80 in chips) 
Seat 6: Manifestorr ($123.42 in chips) 
ffac: posts small blind $0.50
Manifestorr: posts big blind $1
*** HOLE CARDS ***
Burlica2013: folds 
firewin992: folds 
Xenicide: folds 
reeqar: folds 
ffac: folds 
Uncalled bet ($0.50) returned to Manifestorr
Manifestorr collected $1 from pot
*** SUMMARY ***
Total pot $1 | Rake $0 
Seat 1: Burlica2013 folded before Flop (didn't bet)
Seat 2: firewin992 folded before Flop (didn't bet)
Seat 3: Xenicide folded before Flop (didn't bet)
Seat 4: reeqar (button) folded before Flop (didn't bet)
Seat 5: ffac (small blind) folded before Flop
Seat 6: Manifestorr (big blind) collected ($1)



PokerStars Hand #254589983590:  Hold'em No Limit ($0.50/$1.00 USD) - 2025/01/27 3:55:21 WET [2025/01/27 22:55:21 ET]
Table 'Lictoria III' 6-max Seat #5 is the button
Seat 1: Burlica2013 ($100 in chips) 
Seat 2: firewin992 ($123.54 in chips) 
Seat 3: Xenicide ($100 in chips) 
Seat 4: reeqar ($124.27 in chips) 
Seat 5: ffac ($108.30 in chips) 
Seat 6: Manifestorr ($123.92 in chips) 
Manifestorr: posts small blind $0.50
Burlica2013: posts big blind $1
*** HOLE CARDS ***
firewin992: calls $1
Xenicide: folds 
reeqar: folds 
ffac: raises $2.50 to $3.50
Manifestorr: folds 
Burlica2013: folds 
firewin992: folds 
Uncalled bet ($2.50) returned to ffac
ffac collected $3.50 from pot
ffac: doesn't show hand 
*** SUMMARY ***
Total pot $3.50 | Rake $0 
Seat 1: Burlica2013 (big blind) folded before Flop
Seat 2: firewin992 folded before Flop
Seat 3: Xenicide folded before Flop (didn't bet)
Seat 4: reeqar folded before Flop (didn't bet)
Seat 5: ffac (button) collected ($3.50)
Seat 6: Manifestorr (small blind) folded before Flop



PokerStars Hand #254589986429:  Hold'em No Limit ($0.50/$1.00 USD) - 2025/01/27 3:55:53 WET [2025/01/27 22:55:53 ET]
Table 'Lictoria III' 6-max Seat #6 is the button
Seat 1: Burlica2013 ($100 in chips) 
Seat 2: firewin992 ($122.54 in chips) 
Seat 3: Xenicide ($100 in chips) 
Seat 4: reeqar ($124.27 in chips) 
Seat 5: ffac ($110.80 in chips) 
Seat 6: Manifestorr ($123.42 in chips) 
Burlica2013: posts small blind $0.50
firewin992: posts big blind $1
*** HOLE CARDS ***
Xenicide: folds 
reeqar: folds 
ffac: raises $1.19 to $2.19
Manifestorr: folds 
Burlica2013: folds 
firewin992: folds 
Uncalled bet ($1.19) returned to ffac
ffac collected $2.50 from pot
ffac: doesn't show hand 
*** SUMMARY ***
Total pot $2.50 | Rake $0 
Seat 1: Burlica2013 (small blind) folded before Flop
Seat 2: firewin992 (big blind) folded before Flop
Seat 3: Xenicide folded before Flop (didn't bet)
Seat 4: reeqar folded before Flop (didn't bet)
Seat 5: ffac collected ($2.50)
Seat 6: Manifestorr (button) folded before Flop (didn't bet)



PokerStars Hand #254589987525:  Hold'em No Limit ($0.50/$1.00 USD) - 2025/01/27 3:56:05 WET [2025/01/27 22:56:05 ET]
Table 'Lictoria III' 6-max Seat #1 is the button
Seat 1: Burlica2013 ($100 in chips) 
Seat 2: firewin992 ($121.54 in chips) 
Seat 3: Xenicide ($100 in chips) 
Seat 4: reeqar ($124.27 in chips) 
Seat 5: ffac ($112.30 in chips) 
Seat 6: Manifestorr ($123.42 in chips) 
firewin992: posts small blind $0.50
Xenicide: posts big blind $1
*** HOLE CARDS ***
reeqar: folds 
ffac: folds 
Manifestorr: folds 
Burlica2013: folds 
firewin992: folds 
Uncalled bet ($0.50) returned to Xenicide
Xenicide collected $1 from pot
*** SUMMARY ***
Total pot $1 | Rake $0 
Seat 1: Burlica2013 (button) folded before Flop (didn't bet)
Seat 2: firewin992 (small blind) folded before Flop
Seat 3: Xenicide (big blind) collected ($1)
Seat 4: reeqar folded before Flop (didn't bet)
Seat 5: ffac folded before Flop (didn't bet)
Seat 6: Manifestorr folded before Flop (didn't bet)



PokerStars Hand #254589988527:  Hold'em No Limit ($0.50/$1.00 USD) - 2025/01/27 3:56:17 WET [2025/01/27 22:56:17 ET]
Table 'Lictoria III' 6-max Seat #2 is the button
Seat 1: Burlica2013 ($100 in chips) 
Seat 2: firewin992 ($121.04 in chips) 
Seat 3: Xenicide ($100.50 in chips) 
Seat 4: reeqar ($124.27 in chips) 
Seat 5: ffac ($112.30 in chips) 
Seat 6: Manifestorr ($123.42 in chips) 
Xenicide: posts small blind $0.50
reeqar: posts big blind $1
*** HOLE CARDS ***
ffac: raises $1.04 to $2.04
Manifestorr: folds 
Burlica2013: folds 
firewin992: calls $2.04
Xenicide: folds 
reeqar: folds 
*** FLOP *** [Ac 9c 3c]
ffac: checks 
firewin992: bets $2.65
ffac: calls $2.65
*** TURN *** [Ac 9c 3c] [9s]
ffac: checks 
firewin992: bets $5.17
ffac: folds 
Uncalled bet ($5.17) returned to firewin992
firewin992 collected $10.34 from pot
*** SUMMARY ***
Total pot $10.88 | Rake $0.54 
Board [Ac 9c 3c 9s]
Seat 1: Burlica2013 folded before Flop (didn't bet)
Seat 2: firewin992 (button) collected ($10.34)
Seat 3: Xenicide (small blind) folded before Flop
Seat 4: reeqar (big blind) folded before Flop
Seat 5: ffac folded on the Turn
Seat 6: Manifestorr folded before Flop (didn't bet)



PokerStars Hand #254589993290:  Hold'em No Limit ($0.50/$1.00 USD) - 2025/01/27 3:57:10 WET [2025/01/27 22:57:10 ET]
Table 'Lictoria III' 6-max Seat #3 is the button
Seat 1: Burlica2013 ($100 in chips) 
Seat 2: firewin992 ($126.69 in chips) 
Seat 3: Xenicide ($100 in chips) 
Seat 4: reeqar ($123.27 in chips) 
Seat 5: ffac ($107.61 in chips) 
Seat 6: Manifestorr ($123.42 in chips) 
reeqar: posts small blind $0.50
ffac: posts big blind $1
*** HOLE CARDS ***
Manifestorr: folds 
Burlica2013: raises $1.20 to $2.20
firewin992: folds 
Xenicide: folds 
reeqar: folds 
ffac: folds 
Uncalled bet ($1.20) returned to Burlica2013
Burlica2013 collected $2.50 from pot
Burlica2013: doesn't show hand 
*** SUMMARY ***
Total pot $2.50 | Rake $0 
Seat 1: Burlica2013 collected ($2.50)
Seat 2: firewin992 folded before Flop (didn't bet)
Seat 3: Xenicide (button) folded before Flop (didn't bet)
Seat 4: reeqar (small blind) folded before Flop
Seat 5: ffac (big blind) folded before Flop
Seat 6: Manifestorr folded before Flop (didn't bet)



PokerStars Hand #254589994625:  Hold'em No Limit ($0.50/$1.00 USD) - 2025/01/27 3:57:26 WET [2025/01/27 22:57:26 ET]
Table 'Lictoria III' 6-max Seat #4 is the button
Seat 1: Burlica2013 ($101.50 in chips) 
Seat 2: firewin992 ($126.69 in chips) 
Seat 3: Xenicide ($100 in chips) 
Seat 4: reeqar ($122.77 in chips) 
Seat 5: ffac ($106.61 in chips) 
Seat 6: Manifestorr ($123.42 in chips) 
ffac: posts small blind $0.50
Manifestorr: posts big blind $1
*** HOLE CARDS ***
Burlica2013: folds 
firewin992: folds 
Xenicide: folds 
reeqar: folds 
ffac: folds 
Uncalled bet ($0.50) returned to Manifestorr
Manifestorr collected $1 from pot
*** SUMMARY ***
Total pot $1 | Rake $0 
Seat 1: Burlica2013 folded before Flop (didn't bet)
Seat 2: firewin992 folded before Flop (didn't bet)
Seat 3: Xenicide folded before Flop (didn't bet)
Seat 4: reeqar (button) folded before Flop (didn't bet)
Seat 5: ffac (small blind) folded before Flop
Seat 6: Manifestorr (big blind) collected ($1)



