PokerStars Hand #254588330549:  Hold'em No Limit ($0.50/$1.00 USD) - 2025/01/27 0:44:48 WET [2025/01/27 19:44:48 ET]
Table 'Sextans IV' 6-max Seat #3 is the button
Seat 2: nastja336 ($100 in chips) 
Seat 3: Nicedaymybro ($100 in chips) 
Seat 4: blackclan7 ($100 in chips) 
blackclan7: posts small blind $0.50
nastja336: posts big blind $1
*** HOLE CARDS ***
Nicedaymybro: raises $1.50 to $2.50
blackclan7: folds 
nastja336: folds 
Uncalled bet ($1.50) returned to Nicedaymybro
Nicedaymybro collected $2.50 from pot
Nicedaymybro: doesn't show hand 
*** SUMMARY ***
Total pot $2.50 | Rake $0 
Seat 2: nastja336 (big blind) folded before Flop
Seat 3: Nicedaymybro (button) collected ($2.50)
Seat 4: blackclan7 (small blind) folded before Flop



PokerStars Hand #254588332195:  Hold'em No Limit ($0.50/$1.00 USD) - 2025/01/27 0:44:57 WET [2025/01/27 19:44:57 ET]
Table 'Sextans IV' 6-max Seat #4 is the button
Seat 2: nastja336 ($100 in chips) 
Seat 3: Nicedaymybro ($101.50 in chips) 
Seat 4: blackclan7 ($100 in chips) 
nastja336: posts small blind $0.50
Nicedaymybro: posts big blind $1
*** HOLE CARDS ***
blackclan7: raises $1.50 to $2.50
nastja336: folds 
Nicedaymybro: folds 
Uncalled bet ($1.50) returned to blackclan7
blackclan7 collected $2.50 from pot
blackclan7: doesn't show hand 
*** SUMMARY ***
Total pot $2.50 | Rake $0 
Seat 2: nastja336 (small blind) folded before Flop
Seat 3: Nicedaymybro (big blind) folded before Flop
Seat 4: blackclan7 (button) collected ($2.50)



PokerStars Hand #254588334152:  Hold'em No Limit ($0.50/$1.00 USD) - 2025/01/27 0:45:08 WET [2025/01/27 19:45:08 ET]
Table 'Sextans IV' 6-max Seat #2 is the button
Seat 2: nastja336 ($100 in chips) 
Seat 3: Nicedaymybro ($100.50 in chips) 
Seat 4: blackclan7 ($101.50 in chips) 
Nicedaymybro: posts small blind $0.50
blackclan7: posts big blind $1
*** HOLE CARDS ***
nastja336: raises $1.50 to $2.50
Nicedaymybro: folds 
blackclan7: folds 
Uncalled bet ($1.50) returned to nastja336
nastja336 collected $2.50 from pot
nastja336: doesn't show hand 
*** SUMMARY ***
Total pot $2.50 | Rake $0 
Seat 2: nastja336 (button) collected ($2.50)
Seat 3: Nicedaymybro (small blind) folded before Flop
Seat 4: blackclan7 (big blind) folded before Flop



PokerStars Hand #254588335770:  Hold'em No Limit ($0.50/$1.00 USD) - 2025/01/27 0:45:17 WET [2025/01/27 19:45:17 ET]
Table 'Sextans IV' 6-max Seat #4 is the button
Seat 2: nastja336 ($101.50 in chips) is sitting out
Seat 3: Nicedaymybro ($100 in chips) 
Seat 4: blackclan7 ($100.50 in chips) 
blackclan7: posts small blind $0.50
nastja336: is sitting out 
Nicedaymybro: posts big blind $1
*** HOLE CARDS ***
nastja336 leaves the table
blackclan7: folds 
Uncalled bet ($0.50) returned to Nicedaymybro
Nicedaymybro collected $1 from pot
Nicedaymybro: doesn't show hand 
blackclan7 leaves the table
*** SUMMARY ***
Total pot $1 | Rake $0 
Seat 2: nastja336
Seat 3: Nicedaymybro (big blind) collected ($1)
Seat 4: blackclan7 (button) (small blind) folded before Flop



