PokerStars Hand #254588140615:  Hold'em No Limit ($0.50/$1.00 USD) - 2025/01/27 0:28:27 WET [2025/01/27 19:28:27 ET]
Table 'Ilmari III' 6-max Seat #3 is the button
Seat 3: CallMeeeCraig ($100 in chips) 
Seat 6: itaba ($11.50 in chips) 
CallMeeeCraig: posts small blind $0.50
itaba: posts big blind $1
*** HOLE CARDS ***
CallMeeeCraig: calls $0.50
itaba: raises $2.30 to $3.30
CallMeeeCraig: calls $2.30
*** FLOP *** [Jd 3h 8c]
itaba: bets $1.25
CallMeeeCraig: calls $1.25
*** TURN *** [Jd 3h 8c] [Ts]
itaba: bets $6.95 and is all-in
CallMeeeCraig: calls $6.95
CallMeeeCraig has timed out
*** RIVER *** [Jd 3h 8c Ts] [3c]
*** SHOW DOWN ***
itaba: shows [Kh Js] (two pair, Jacks and Threes)
CallMeeeCraig: shows [Qh Qc] (two pair, Queens and Threes)
CallMeeeCraig collected $22 from pot
*** SUMMARY ***
Total pot $23 | Rake $1 
Board [Jd 3h 8c Ts 3c]
Seat 3: CallMeeeCraig (button) (small blind) showed [Qh Qc] and won ($22) with two pair, Queens and Threes
Seat 6: itaba (big blind) showed [Kh Js] and lost with two pair, Jacks and Threes



PokerStars Hand #254588151925:  Hold'em No Limit ($0.50/$1.00 USD) - 2025/01/27 0:29:23 WET [2025/01/27 19:29:23 ET]
Table 'Ilmari III' 6-max Seat #6 is the button
Seat 3: CallMeeeCraig ($110.50 in chips) 
Seat 6: itaba ($10 in chips) 
itaba: posts small blind $0.50
CallMeeeCraig: posts big blind $1
*** HOLE CARDS ***
itaba: raises $9 to $10 and is all-in
CallMeeeCraig: folds 
Uncalled bet ($9) returned to itaba
itaba collected $2 from pot
itaba: doesn't show hand 
*** SUMMARY ***
Total pot $2 | Rake $0 
Seat 3: CallMeeeCraig (big blind) folded before Flop
Seat 6: itaba (button) (small blind) collected ($2)



PokerStars Hand #254588154021:  Hold'em No Limit ($0.50/$1.00 USD) - 2025/01/27 0:29:34 WET [2025/01/27 19:29:34 ET]
Table 'Ilmari III' 6-max Seat #3 is the button
Seat 3: CallMeeeCraig ($109.50 in chips) 
Seat 6: itaba ($11 in chips) 
CallMeeeCraig: posts small blind $0.50
itaba: posts big blind $1
*** HOLE CARDS ***
CallMeeeCraig: folds 
Uncalled bet ($0.50) returned to itaba
itaba collected $1 from pot
itaba: doesn't show hand 
*** SUMMARY ***
Total pot $1 | Rake $0 
Seat 3: CallMeeeCraig (button) (small blind) folded before Flop
Seat 6: itaba (big blind) collected ($1)



PokerStars Hand #254588155274:  Hold'em No Limit ($0.50/$1.00 USD) - 2025/01/27 0:29:40 WET [2025/01/27 19:29:40 ET]
Table 'Ilmari III' 6-max Seat #6 is the button
Seat 3: CallMeeeCraig ($109 in chips) 
Seat 6: itaba ($11.50 in chips) 
itaba: posts small blind $0.50
CallMeeeCraig: posts big blind $1
*** HOLE CARDS ***
itaba: raises $10.50 to $11.50 and is all-in
CallMeeeCraig: calls $10.50
*** FLOP *** [4h Ad 6c]
*** TURN *** [4h Ad 6c] [Ac]
*** RIVER *** [4h Ad 6c Ac] [4d]
*** SHOW DOWN ***
CallMeeeCraig: shows [As Ah] (four of a kind, Aces)
itaba: shows [3d 3h] (two pair, Aces and Fours)
CallMeeeCraig collected $22 from pot
*** SUMMARY ***
Total pot $23 | Rake $1 
Board [4h Ad 6c Ac 4d]
Seat 3: CallMeeeCraig (big blind) showed [As Ah] and won ($22) with four of a kind, Aces
Seat 6: itaba (button) (small blind) showed [3d 3h] and lost with two pair, Aces and Fours



PokerStars Hand #254588158915:  Hold'em No Limit ($0.50/$1.00 USD) - 2025/01/27 0:29:59 WET [2025/01/27 19:29:59 ET]
Table 'Ilmari III' 6-max Seat #3 is the button
Seat 3: CallMeeeCraig ($119.50 in chips) 
Seat 6: itaba ($10 in chips) 
CallMeeeCraig: posts small blind $0.50
itaba: posts big blind $1
*** HOLE CARDS ***
CallMeeeCraig: calls $0.50
itaba: checks 
*** FLOP *** [8c 6s Jc]
itaba: checks 
CallMeeeCraig: checks 
*** TURN *** [8c 6s Jc] [Qc]
itaba: checks 
CallMeeeCraig: checks 
*** RIVER *** [8c 6s Jc Qc] [Tc]
itaba: checks 
CallMeeeCraig: bets $1.33
itaba: calls $1.33
*** SHOW DOWN ***
CallMeeeCraig: shows [7s 7c] (a flush, Queen high)
itaba: mucks hand 
CallMeeeCraig collected $4.43 from pot
*** SUMMARY ***
Total pot $4.66 | Rake $0.23 
Board [8c 6s Jc Qc Tc]
Seat 3: CallMeeeCraig (button) (small blind) showed [7s 7c] and won ($4.43) with a flush, Queen high
Seat 6: itaba (big blind) mucked



PokerStars Hand #254588166808:  Hold'em No Limit ($0.50/$1.00 USD) - 2025/01/27 0:30:38 WET [2025/01/27 19:30:38 ET]
Table 'Ilmari III' 6-max Seat #6 is the button
Seat 3: CallMeeeCraig ($121.60 in chips) 
Seat 6: itaba ($7.67 in chips) 
itaba: posts small blind $0.50
CallMeeeCraig: posts big blind $1
*** HOLE CARDS ***
itaba: folds 
Uncalled bet ($0.50) returned to CallMeeeCraig
CallMeeeCraig collected $1 from pot
CallMeeeCraig: doesn't show hand 
*** SUMMARY ***
Total pot $1 | Rake $0 
Seat 3: CallMeeeCraig (big blind) collected ($1)
Seat 6: itaba (button) (small blind) folded before Flop



PokerStars Hand #254588169191:  Hold'em No Limit ($0.50/$1.00 USD) - 2025/01/27 0:30:50 WET [2025/01/27 19:30:50 ET]
Table 'Ilmari III' 6-max Seat #3 is the button
Seat 3: CallMeeeCraig ($122.10 in chips) 
Seat 6: itaba ($7.17 in chips) 
CallMeeeCraig: posts small blind $0.50
itaba: posts big blind $1
*** HOLE CARDS ***
CallMeeeCraig: calls $0.50
itaba: raises $6.17 to $7.17 and is all-in
CallMeeeCraig: folds 
Uncalled bet ($6.17) returned to itaba
itaba collected $2 from pot
itaba: doesn't show hand 
*** SUMMARY ***
Total pot $2 | Rake $0 
Seat 3: CallMeeeCraig (button) (small blind) folded before Flop
Seat 6: itaba (big blind) collected ($2)



PokerStars Hand #254588171790:  Hold'em No Limit ($0.50/$1.00 USD) - 2025/01/27 0:31:04 WET [2025/01/27 19:31:04 ET]
Table 'Ilmari III' 6-max Seat #6 is the button
Seat 3: CallMeeeCraig ($121.10 in chips) 
Seat 6: itaba ($8.17 in chips) 
itaba: posts small blind $0.50
CallMeeeCraig: posts big blind $1
*** HOLE CARDS ***
itaba: raises $7.17 to $8.17 and is all-in
CallMeeeCraig: folds 
Uncalled bet ($7.17) returned to itaba
itaba collected $2 from pot
itaba: doesn't show hand 
*** SUMMARY ***
Total pot $2 | Rake $0 
Seat 3: CallMeeeCraig (big blind) folded before Flop
Seat 6: itaba (button) (small blind) collected ($2)



PokerStars Hand #254588173594:  Hold'em No Limit ($0.50/$1.00 USD) - 2025/01/27 0:31:13 WET [2025/01/27 19:31:13 ET]
Table 'Ilmari III' 6-max Seat #3 is the button
Seat 3: CallMeeeCraig ($120.10 in chips) 
Seat 6: itaba ($9.17 in chips) 
CallMeeeCraig: posts small blind $0.50
itaba: posts big blind $1
*** HOLE CARDS ***
CallMeeeCraig: calls $0.50
itaba: checks 
*** FLOP *** [Ad 3c 3d]
itaba: checks 
CallMeeeCraig: bets $1
itaba: folds 
Uncalled bet ($1) returned to CallMeeeCraig
CallMeeeCraig collected $1.90 from pot
CallMeeeCraig: doesn't show hand 
*** SUMMARY ***
Total pot $2 | Rake $0.10 
Board [Ad 3c 3d]
Seat 3: CallMeeeCraig (button) (small blind) collected ($1.90)
Seat 6: itaba (big blind) folded on the Flop



PokerStars Hand #254588179943:  Hold'em No Limit ($0.50/$1.00 USD) - 2025/01/27 0:31:45 WET [2025/01/27 19:31:45 ET]
Table 'Ilmari III' 6-max Seat #6 is the button
Seat 3: CallMeeeCraig ($121 in chips) 
Seat 6: itaba ($8.17 in chips) 
itaba: posts small blind $0.50
CallMeeeCraig: posts big blind $1
*** HOLE CARDS ***
itaba: raises $7.17 to $8.17 and is all-in
CallMeeeCraig: folds 
Uncalled bet ($7.17) returned to itaba
itaba collected $2 from pot
itaba: doesn't show hand 
*** SUMMARY ***
Total pot $2 | Rake $0 
Seat 3: CallMeeeCraig (big blind) folded before Flop
Seat 6: itaba (button) (small blind) collected ($2)



PokerStars Hand #254588416045:  Hold'em No Limit ($0.50/$1.00 USD) - 2025/01/27 0:52:35 WET [2025/01/27 19:52:35 ET]
Table 'Ilmari III' 6-max Seat #1 is the button
Seat 1: SorinS28 ($111.30 in chips) 
Seat 2: Seavus10 ($100.50 in chips) 
Seat 3: nicofellow ($100 in chips) 
Seat 4: franbasualdo10 ($29.45 in chips) 
Seat 5: CEPTT ($104.50 in chips) 
Seat 6: Nicedaymybro ($100 in chips) 
Seavus10: posts small blind $0.50
nicofellow: posts big blind $1
*** HOLE CARDS ***
franbasualdo10: folds 
CEPTT: folds 
Nicedaymybro: folds 
SorinS28: raises $1.50 to $2.50
Seavus10: folds 
nicofellow: folds 
Uncalled bet ($1.50) returned to SorinS28
SorinS28 collected $2.50 from pot
SorinS28: doesn't show hand 
*** SUMMARY ***
Total pot $2.50 | Rake $0 
Seat 1: SorinS28 (button) collected ($2.50)
Seat 2: Seavus10 (small blind) folded before Flop
Seat 3: nicofellow (big blind) folded before Flop
Seat 4: franbasualdo10 folded before Flop (didn't bet)
Seat 5: CEPTT folded before Flop (didn't bet)
Seat 6: Nicedaymybro folded before Flop (didn't bet)



PokerStars Hand #254588420538:  Hold'em No Limit ($0.50/$1.00 USD) - 2025/01/27 0:53:00 WET [2025/01/27 19:53:00 ET]
Table 'Ilmari III' 6-max Seat #2 is the button
Seat 1: SorinS28 ($112.80 in chips) 
Seat 2: Seavus10 ($100 in chips) 
Seat 3: nicofellow ($100 in chips) 
Seat 4: franbasualdo10 ($29.45 in chips) 
Seat 5: CEPTT ($104.50 in chips) 
Seat 6: Nicedaymybro ($100 in chips) 
nicofellow: posts small blind $0.50
franbasualdo10: posts big blind $1
*** HOLE CARDS ***
CEPTT: folds 
Nicedaymybro: folds 
SorinS28: folds 
Seavus10: folds 
nicofellow: raises $2 to $3
franbasualdo10: calls $2
*** FLOP *** [Qs Kc Kh]
nicofellow: bets $5.70
franbasualdo10: folds 
Uncalled bet ($5.70) returned to nicofellow
nicofellow collected $5.70 from pot
nicofellow: doesn't show hand 
*** SUMMARY ***
Total pot $6 | Rake $0.30 
Board [Qs Kc Kh]
Seat 1: SorinS28 folded before Flop (didn't bet)
Seat 2: Seavus10 (button) folded before Flop (didn't bet)
Seat 3: nicofellow (small blind) collected ($5.70)
Seat 4: franbasualdo10 (big blind) folded on the Flop
Seat 5: CEPTT folded before Flop (didn't bet)
Seat 6: Nicedaymybro folded before Flop (didn't bet)



PokerStars Hand #254588425628:  Hold'em No Limit ($0.50/$1.00 USD) - 2025/01/27 0:53:28 WET [2025/01/27 19:53:28 ET]
Table 'Ilmari III' 6-max Seat #3 is the button
Seat 5: CEPTT ($104.50 in chips) is sitting out
Seat 1: SorinS28 ($112.80 in chips) 
Seat 2: Seavus10 ($100 in chips) 
Seat 3: nicofellow ($102.70 in chips) 
Seat 4: franbasualdo10 ($26.45 in chips) 
Seat 6: Nicedaymybro ($100 in chips) 
franbasualdo10: posts small blind $0.50
CEPTT: is sitting out 
Nicedaymybro: posts big blind $1
*** HOLE CARDS ***
SorinS28: folds 
CEPTT leaves the table
Seavus10: folds 
nicofellow: folds 
franbasualdo10: raises $2 to $3
Nicedaymybro: calls $2
*** FLOP *** [8d 9d 7s]
franbasualdo10: bets $3
Nicedaymybro: folds 
Uncalled bet ($3) returned to franbasualdo10
franbasualdo10 collected $5.70 from pot
*** SUMMARY ***
Total pot $6 | Rake $0.30 
Board [8d 9d 7s]
Seat 5: CEPTT
Seat 1: SorinS28 folded before Flop (didn't bet)
Seat 2: Seavus10 folded before Flop (didn't bet)
Seat 3: nicofellow (button) folded before Flop (didn't bet)
Seat 4: franbasualdo10 (small blind) collected ($5.70)
Seat 6: Nicedaymybro (big blind) folded on the Flop



PokerStars Hand #254588430473:  Hold'em No Limit ($0.50/$1.00 USD) - 2025/01/27 0:53:55 WET [2025/01/27 19:53:55 ET]
Table 'Ilmari III' 6-max Seat #4 is the button
Seat 1: SorinS28 ($112.80 in chips) is sitting out
Seat 2: Seavus10 ($100 in chips) 
Seat 3: nicofellow ($102.70 in chips) 
Seat 4: franbasualdo10 ($29.15 in chips) 
Seat 6: Nicedaymybro ($100 in chips) 
Nicedaymybro: posts small blind $0.50
SorinS28: is sitting out 
Seavus10: posts big blind $1
*** HOLE CARDS ***
nicofellow: folds 
franbasualdo10: folds 
Nicedaymybro: raises $2 to $3
SorinS28 leaves the table
Seavus10: folds 
Uncalled bet ($2) returned to Nicedaymybro
Nicedaymybro collected $2 from pot
Nicedaymybro: doesn't show hand 
MrP1usovoy joins the table at seat #5 
*** SUMMARY ***
Total pot $2 | Rake $0 
Seat 1: SorinS28
Seat 2: Seavus10 (big blind) folded before Flop
Seat 3: nicofellow folded before Flop (didn't bet)
Seat 4: franbasualdo10 (button) folded before Flop (didn't bet)
Seat 6: Nicedaymybro (small blind) collected ($2)



PokerStars Hand #254588433007:  Hold'em No Limit ($0.50/$1.00 USD) - 2025/01/27 0:54:09 WET [2025/01/27 19:54:09 ET]
Table 'Ilmari III' 6-max Seat #6 is the button
Seat 5: MrP1usovoy ($100 in chips) is sitting out
Seat 2: Seavus10 ($100 in chips) 
Seat 3: nicofellow ($102.70 in chips) 
Seat 4: franbasualdo10 ($29.15 in chips) 
Seat 6: Nicedaymybro ($101 in chips) 
Seavus10: posts small blind $0.50
nicofellow: posts big blind $1
MrP1usovoy: sits out 
*** HOLE CARDS ***
Gaita_toien joins the table at seat #1 
franbasualdo10: folds 
Nicedaymybro: raises $1.50 to $2.50
Seavus10: folds 
nicofellow: folds 
Uncalled bet ($1.50) returned to Nicedaymybro
Nicedaymybro collected $2.50 from pot
Nicedaymybro: doesn't show hand 
*** SUMMARY ***
Total pot $2.50 | Rake $0 
Seat 5: MrP1usovoy
Seat 2: Seavus10 (small blind) folded before Flop
Seat 3: nicofellow (big blind) folded before Flop
Seat 4: franbasualdo10 folded before Flop (didn't bet)
Seat 6: Nicedaymybro (button) collected ($2.50)



PokerStars Hand #254588435739:  Hold'em No Limit ($0.50/$1.00 USD) - 2025/01/27 0:54:24 WET [2025/01/27 19:54:24 ET]
Table 'Ilmari III' 6-max Seat #2 is the button
Seat 1: Gaita_toien ($100 in chips) is sitting out
Seat 5: MrP1usovoy ($100 in chips) is sitting out
Seat 2: Seavus10 ($100 in chips) 
Seat 3: nicofellow ($101.70 in chips) 
Seat 4: franbasualdo10 ($29.15 in chips) 
Seat 6: Nicedaymybro ($102.50 in chips) 
nicofellow: posts small blind $0.50
franbasualdo10: posts big blind $1
MrP1usovoy: sits out 
Gaita_toien: sits out 
*** HOLE CARDS ***
Nicedaymybro: folds 
Seavus10: raises $1.50 to $2.50
nicofellow: folds 
franbasualdo10: calls $1.50
*** FLOP *** [9s Jd 7c]
franbasualdo10: checks 
Seavus10: bets $1.74
franbasualdo10: calls $1.74
*** TURN *** [9s Jd 7c] [8h]
franbasualdo10: checks 
Seavus10: checks 
*** RIVER *** [9s Jd 7c 8h] [Ts]
franbasualdo10: bets $3
Seavus10: calls $3
*** SHOW DOWN ***
franbasualdo10: shows [Tc As] (a straight, Seven to Jack)
Seavus10: shows [7d 9d] (a straight, Seven to Jack)
franbasualdo10 collected $7.12 from pot
Seavus10 collected $7.11 from pot
*** SUMMARY ***
Total pot $14.98 | Rake $0.75 
Board [9s Jd 7c 8h Ts]
Seat 1: Gaita_toien
Seat 5: MrP1usovoy
Seat 2: Seavus10 (button) showed [7d 9d] and won ($7.11) with a straight, Seven to Jack
Seat 3: nicofellow (small blind) folded before Flop
Seat 4: franbasualdo10 (big blind) showed [Tc As] and won ($7.12) with a straight, Seven to Jack
Seat 6: Nicedaymybro folded before Flop (didn't bet)



PokerStars Hand #254588444160:  Hold'em No Limit ($0.50/$1.00 USD) - 2025/01/27 0:55:12 WET [2025/01/27 19:55:12 ET]
Table 'Ilmari III' 6-max Seat #3 is the button
Seat 1: Gaita_toien ($100 in chips) is sitting out
Seat 2: Seavus10 ($100 in chips) 
Seat 3: nicofellow ($101.20 in chips) 
Seat 4: franbasualdo10 ($29.03 in chips) 
Seat 5: MrP1usovoy ($100 in chips) 
Seat 6: Nicedaymybro ($102.50 in chips) 
franbasualdo10: posts small blind $0.50
MrP1usovoy: posts big blind $1
Gaita_toien: sits out 
*** HOLE CARDS ***
Nicedaymybro: folds 
Seavus10: raises $1.20 to $2.20
nicofellow: folds 
franbasualdo10: calls $1.70
MrP1usovoy: raises $11.80 to $14
Seavus10: folds 
franbasualdo10: folds 
Uncalled bet ($11.80) returned to MrP1usovoy
MrP1usovoy collected $6.60 from pot
MrP1usovoy: doesn't show hand 
*** SUMMARY ***
Total pot $6.60 | Rake $0 
Seat 1: Gaita_toien
Seat 2: Seavus10 folded before Flop
Seat 3: nicofellow (button) folded before Flop (didn't bet)
Seat 4: franbasualdo10 (small blind) folded before Flop
Seat 5: MrP1usovoy (big blind) collected ($6.60)
Seat 6: Nicedaymybro folded before Flop (didn't bet)



PokerStars Hand #254588448332:  Hold'em No Limit ($0.50/$1.00 USD) - 2025/01/27 0:55:41 WET [2025/01/27 19:55:41 ET]
Table 'Ilmari III' 6-max Seat #4 is the button
Seat 6: Nicedaymybro ($102.50 in chips) is sitting out
Seat 1: Gaita_toien ($100 in chips) 
Seat 2: Seavus10 ($100 in chips) 
Seat 3: nicofellow ($101.20 in chips) 
Seat 4: franbasualdo10 ($26.83 in chips) 
Seat 5: MrP1usovoy ($104.40 in chips) 
MrP1usovoy: posts small blind $0.50
Nicedaymybro: is sitting out 
Gaita_toien: posts big blind $1
*** HOLE CARDS ***
Nicedaymybro leaves the table
Seavus10: folds 
nicofellow: raises $1.20 to $2.20
franbasualdo10: folds 
MrP1usovoy: folds 
Gaita_toien: calls $1.20
*** FLOP *** [3h Jd Qd]
Gaita_toien: checks 
nicofellow: bets $1.17
Gaita_toien: calls $1.17
*** TURN *** [3h Jd Qd] [Ks]
Gaita_toien: checks 
nicofellow: bets $5.23
Gaita_toien: calls $5.23
*** RIVER *** [3h Jd Qd Ks] [7s]
Gaita_toien: checks 
nicofellow: checks 
*** SHOW DOWN ***
Gaita_toien: shows [6d 8d] (high card King)
nicofellow: shows [9s 8s] (high card King - Queen+Jack+Nine kicker)
nicofellow collected $16.82 from pot
*** SUMMARY ***
Total pot $17.70 | Rake $0.88 
Board [3h Jd Qd Ks 7s]
Seat 6: Nicedaymybro
Seat 1: Gaita_toien (big blind) showed [6d 8d] and lost with high card King
Seat 2: Seavus10 folded before Flop (didn't bet)
Seat 3: nicofellow showed [9s 8s] and won ($16.82) with high card King
Seat 4: franbasualdo10 (button) folded before Flop (didn't bet)
Seat 5: MrP1usovoy (small blind) folded before Flop



PokerStars Hand #254588460192:  Hold'em No Limit ($0.50/$1.00 USD) - 2025/01/27 0:57:03 WET [2025/01/27 19:57:03 ET]
Table 'Ilmari III' 6-max Seat #5 is the button
Seat 1: Gaita_toien ($100 in chips) 
Seat 2: Seavus10 ($100 in chips) 
Seat 3: nicofellow ($109.42 in chips) 
Seat 4: franbasualdo10 ($26.83 in chips) 
Seat 5: MrP1usovoy ($103.90 in chips) 
Gaita_toien: posts small blind $0.50
Seavus10: posts big blind $1
*** HOLE CARDS ***
nicofellow: folds 
franbasualdo10: calls $1
MrP1usovoy: folds 
Gaita_toien: folds 
Seavus10: checks 
*** FLOP *** [7d 6c 4d]
Seavus10: checks 
franbasualdo10: checks 
*** TURN *** [7d 6c 4d] [2d]
Seavus10: checks 
franbasualdo10: bets $1
Seavus10: calls $1
*** RIVER *** [7d 6c 4d 2d] [Ad]
Seavus10: checks 
franbasualdo10: checks 
*** SHOW DOWN ***
Seavus10: shows [9h 2s] (a pair of Deuces)
franbasualdo10: mucks hand 
Seavus10 collected $4.28 from pot
*** SUMMARY ***
Total pot $4.50 | Rake $0.22 
Board [7d 6c 4d 2d Ad]
Seat 1: Gaita_toien (small blind) folded before Flop
Seat 2: Seavus10 (big blind) showed [9h 2s] and won ($4.28) with a pair of Deuces
Seat 3: nicofellow folded before Flop (didn't bet)
Seat 4: franbasualdo10 mucked
Seat 5: MrP1usovoy (button) folded before Flop (didn't bet)



PokerStars Hand #254588469142:  Hold'em No Limit ($0.50/$1.00 USD) - 2025/01/27 0:58:05 WET [2025/01/27 19:58:05 ET]
Table 'Ilmari III' 6-max Seat #1 is the button
Seat 4: franbasualdo10 ($24.83 in chips) is sitting out
Seat 1: Gaita_toien ($100 in chips) 
Seat 2: Seavus10 ($102.28 in chips) 
Seat 3: nicofellow ($109.42 in chips) 
Seat 5: MrP1usovoy ($103.90 in chips) 
Seavus10: posts small blind $0.50
nicofellow: posts big blind $1
*** HOLE CARDS ***
MrP1usovoy: folds 
Gaita_toien: folds 
Seavus10: folds 
Uncalled bet ($0.50) returned to nicofellow
nicofellow collected $1 from pot
nicofellow: doesn't show hand 
*** SUMMARY ***
Total pot $1 | Rake $0 
Seat 4: franbasualdo10
Seat 1: Gaita_toien (button) folded before Flop (didn't bet)
Seat 2: Seavus10 (small blind) folded before Flop
Seat 3: nicofellow (big blind) collected ($1)
Seat 5: MrP1usovoy folded before Flop (didn't bet)



PokerStars Hand #254588473936:  Hold'em No Limit ($0.50/$1.00 USD) - 2025/01/27 0:58:39 WET [2025/01/27 19:58:39 ET]
Table 'Ilmari III' 6-max Seat #2 is the button
Seat 4: franbasualdo10 ($24.83 in chips) is sitting out
Seat 1: Gaita_toien ($100 in chips) 
Seat 2: Seavus10 ($101.78 in chips) 
Seat 3: nicofellow ($109.92 in chips) 
Seat 5: MrP1usovoy ($103.90 in chips) 
nicofellow: posts small blind $0.50
MrP1usovoy: posts big blind $1
*** HOLE CARDS ***
Gaita_toien: folds 
Seavus10: folds 
nicofellow: raises $2 to $3
MrP1usovoy: folds 
Uncalled bet ($2) returned to nicofellow
nicofellow collected $2 from pot
nicofellow: doesn't show hand 
*** SUMMARY ***
Total pot $2 | Rake $0 
Seat 4: franbasualdo10
Seat 1: Gaita_toien folded before Flop (didn't bet)
Seat 2: Seavus10 (button) folded before Flop (didn't bet)
Seat 3: nicofellow (small blind) collected ($2)
Seat 5: MrP1usovoy (big blind) folded before Flop



PokerStars Hand #254588476834:  Hold'em No Limit ($0.50/$1.00 USD) - 2025/01/27 0:59:00 WET [2025/01/27 19:59:00 ET]
Table 'Ilmari III' 6-max Seat #3 is the button
Seat 4: franbasualdo10 ($24.83 in chips) is sitting out
Seat 1: Gaita_toien ($100 in chips) 
Seat 2: Seavus10 ($101.78 in chips) 
Seat 3: nicofellow ($110.92 in chips) 
Seat 5: MrP1usovoy ($102.90 in chips) 
MrP1usovoy: posts small blind $0.50
Gaita_toien: posts big blind $1
*** HOLE CARDS ***
Seavus10: raises $1.20 to $2.20
nicofellow: folds 
MrP1usovoy: folds 
Gaita_toien: folds 
Uncalled bet ($1.20) returned to Seavus10
Seavus10 collected $2.50 from pot
Seavus10: doesn't show hand 
*** SUMMARY ***
Total pot $2.50 | Rake $0 
Seat 4: franbasualdo10
Seat 1: Gaita_toien (big blind) folded before Flop
Seat 2: Seavus10 collected ($2.50)
Seat 3: nicofellow (button) folded before Flop (didn't bet)
Seat 5: MrP1usovoy (small blind) folded before Flop



PokerStars Hand #254588478765:  Hold'em No Limit ($0.50/$1.00 USD) - 2025/01/27 0:59:13 WET [2025/01/27 19:59:13 ET]
Table 'Ilmari III' 6-max Seat #5 is the button
Seat 4: franbasualdo10 ($24.83 in chips) is sitting out
Seat 1: Gaita_toien ($100 in chips) 
Seat 2: Seavus10 ($103.28 in chips) 
Seat 3: nicofellow ($110.92 in chips) 
Seat 5: MrP1usovoy ($102.40 in chips) 
Gaita_toien: posts small blind $0.50
Seavus10: posts big blind $1
*** HOLE CARDS ***
nicofellow: folds 
MrP1usovoy: folds 
Gaita_toien: folds 
Uncalled bet ($0.50) returned to Seavus10
Seavus10 collected $1 from pot
Seavus10: doesn't show hand 
*** SUMMARY ***
Total pot $1 | Rake $0 
Seat 4: franbasualdo10
Seat 1: Gaita_toien (small blind) folded before Flop
Seat 2: Seavus10 (big blind) collected ($1)
Seat 3: nicofellow folded before Flop (didn't bet)
Seat 5: MrP1usovoy (button) folded before Flop (didn't bet)



PokerStars Hand #254588481501:  Hold'em No Limit ($0.50/$1.00 USD) - 2025/01/27 0:59:32 WET [2025/01/27 19:59:32 ET]
Table 'Ilmari III' 6-max Seat #1 is the button
Seat 4: franbasualdo10 ($24.83 in chips) is sitting out
Seat 1: Gaita_toien ($100 in chips) 
Seat 2: Seavus10 ($103.78 in chips) 
Seat 3: nicofellow ($110.92 in chips) 
Seat 5: MrP1usovoy ($102.40 in chips) 
Seavus10: posts small blind $0.50
nicofellow: posts big blind $1
*** HOLE CARDS ***
MrP1usovoy: raises $1.50 to $2.50
Gaita_toien: folds 
Seavus10: folds 
nicofellow: folds 
Uncalled bet ($1.50) returned to MrP1usovoy
MrP1usovoy collected $2.50 from pot
MrP1usovoy: doesn't show hand 
*** SUMMARY ***
Total pot $2.50 | Rake $0 
Seat 4: franbasualdo10
Seat 1: Gaita_toien (button) folded before Flop (didn't bet)
Seat 2: Seavus10 (small blind) folded before Flop
Seat 3: nicofellow (big blind) folded before Flop
Seat 5: MrP1usovoy collected ($2.50)



PokerStars Hand #254588484929:  Hold'em No Limit ($0.50/$1.00 USD) - 2025/01/27 0:59:55 WET [2025/01/27 19:59:55 ET]
Table 'Ilmari III' 6-max Seat #2 is the button
Seat 4: franbasualdo10 ($24.83 in chips) is sitting out
Seat 5: MrP1usovoy ($103.90 in chips) is sitting out
Seat 1: Gaita_toien ($100 in chips) 
Seat 2: Seavus10 ($103.28 in chips) 
Seat 3: nicofellow ($109.92 in chips) 
nicofellow: posts small blind $0.50
MrP1usovoy: is sitting out 
Gaita_toien: posts big blind $1
*** HOLE CARDS ***
Seavus10: raises $1.50 to $2.50
franbasualdo10 is disconnected 
nicofellow: folds 
Gaita_toien: folds 
Uncalled bet ($1.50) returned to Seavus10
Seavus10 collected $2.50 from pot
Seavus10: doesn't show hand 
*** SUMMARY ***
Total pot $2.50 | Rake $0 
Seat 4: franbasualdo10
Seat 5: MrP1usovoy
Seat 1: Gaita_toien (big blind) folded before Flop
Seat 2: Seavus10 (button) collected ($2.50)
Seat 3: nicofellow (small blind) folded before Flop



PokerStars Hand #254588487211:  Hold'em No Limit ($0.50/$1.00 USD) - 2025/01/27 1:00:11 WET [2025/01/27 20:00:11 ET]
Table 'Ilmari III' 6-max Seat #3 is the button
Seat 4: franbasualdo10 ($24.83 in chips) is sitting out
Seat 5: MrP1usovoy ($103.90 in chips) is sitting out
Seat 1: Gaita_toien ($100 in chips) 
Seat 2: Seavus10 ($104.78 in chips) 
Seat 3: nicofellow ($109.42 in chips) 
Gaita_toien: posts small blind $0.50
Seavus10: posts big blind $1
*** HOLE CARDS ***
MrP1usovoy leaves the table
nicofellow: folds 
Gaita_toien: folds 
Uncalled bet ($0.50) returned to Seavus10
Seavus10 collected $1 from pot
Seavus10: doesn't show hand 
*** SUMMARY ***
Total pot $1 | Rake $0 
Seat 4: franbasualdo10
Seat 5: MrP1usovoy
Seat 1: Gaita_toien (small blind) folded before Flop
Seat 2: Seavus10 (big blind) collected ($1)
Seat 3: nicofellow (button) folded before Flop (didn't bet)



