PokerStars Hand #254575372107:  Hold'em No Limit ($0.50/$1.00 USD) - 2025/01/27 4:48:52 WET [2025/01/26 23:48:52 ET]
Table 'Auricula IV' 6-max Seat #2 is the button
Seat 1: iTrustU21 ($100 in chips) 
Seat 2: socito ($100 in chips) 
Seat 3: DL1B ($107.45 in chips) 
Seat 4: 7bekon7 ($100 in chips) 
Seat 5: klien17 ($98.37 in chips) 
Seat 6: steepfell ($100 in chips) 
DL1B: posts small blind $0.50
7bekon7: posts big blind $1
*** HOLE CARDS ***
klien17: folds 
steepfell: folds 
iTrustU21 has timed out
iTrustU21: folds 
socito: folds 
DL1B: folds 
Uncalled bet ($0.50) returned to 7bekon7
7bekon7 collected $1 from pot
7bekon7: doesn't show hand 
*** SUMMARY ***
Total pot $1 | Rake $0 
Seat 1: iTrustU21 folded before Flop (didn't bet)
Seat 2: socito (button) folded before Flop (didn't bet)
Seat 3: DL1B (small blind) folded before Flop
Seat 4: 7bekon7 (big blind) collected ($1)
Seat 5: klien17 folded before Flop (didn't bet)
Seat 6: steepfell folded before Flop (didn't bet)



PokerStars Hand #254575373756:  Hold'em No Limit ($0.50/$1.00 USD) - 2025/01/27 4:49:12 WET [2025/01/26 23:49:12 ET]
Table 'Auricula IV' 6-max Seat #3 is the button
Seat 1: iTrustU21 ($100 in chips) is sitting out
Seat 2: socito ($100 in chips) 
Seat 3: DL1B ($106.95 in chips) 
Seat 4: 7bekon7 ($100.50 in chips) 
Seat 5: klien17 ($98.37 in chips) 
Seat 6: steepfell ($100 in chips) 
7bekon7: posts small blind $0.50
klien17: posts big blind $1
*** HOLE CARDS ***
iTrustU21 leaves the table
steepfell: folds 
socito: folds 
DL1B: folds 
7bekon7: folds 
Uncalled bet ($0.50) returned to klien17
klien17 collected $1 from pot
*** SUMMARY ***
Total pot $1 | Rake $0 
Seat 1: iTrustU21
Seat 2: socito folded before Flop (didn't bet)
Seat 3: DL1B (button) folded before Flop (didn't bet)
Seat 4: 7bekon7 (small blind) folded before Flop
Seat 5: klien17 (big blind) collected ($1)
Seat 6: steepfell folded before Flop (didn't bet)



PokerStars Hand #254575374829:  Hold'em No Limit ($0.50/$1.00 USD) - 2025/01/27 4:49:25 WET [2025/01/26 23:49:25 ET]
Table 'Auricula IV' 6-max Seat #4 is the button
Seat 2: socito ($100 in chips) 
Seat 3: DL1B ($106.95 in chips) 
Seat 4: 7bekon7 ($100 in chips) 
Seat 5: klien17 ($98.87 in chips) 
Seat 6: steepfell ($100 in chips) 
klien17: posts small blind $0.50
steepfell: posts big blind $1
*** HOLE CARDS ***
XneferX joins the table at seat #1 
socito: folds 
DL1B: folds 
7bekon7: folds 
klien17: raises $1.50 to $2.50
steepfell: folds 
Uncalled bet ($1.50) returned to klien17
klien17 collected $2 from pot
*** SUMMARY ***
Total pot $2 | Rake $0 
Seat 2: socito folded before Flop (didn't bet)
Seat 3: DL1B folded before Flop (didn't bet)
Seat 4: 7bekon7 (button) folded before Flop (didn't bet)
Seat 5: klien17 (small blind) collected ($2)
Seat 6: steepfell (big blind) folded before Flop



PokerStars Hand #254575376307:  Hold'em No Limit ($0.50/$1.00 USD) - 2025/01/27 4:49:43 WET [2025/01/26 23:49:43 ET]
Table 'Auricula IV' 6-max Seat #5 is the button
Seat 1: XneferX ($100 in chips) 
Seat 2: socito ($100 in chips) 
Seat 3: DL1B ($106.95 in chips) 
Seat 4: 7bekon7 ($100 in chips) 
Seat 5: klien17 ($99.87 in chips) 
Seat 6: steepfell ($100 in chips) 
steepfell: posts small blind $0.50
XneferX: posts big blind $1
*** HOLE CARDS ***
socito: folds 
DL1B: folds 
7bekon7: raises $1.25 to $2.25
klien17: folds 
steepfell: folds 
XneferX: folds 
Uncalled bet ($1.25) returned to 7bekon7
7bekon7 collected $2.50 from pot
7bekon7: doesn't show hand 
*** SUMMARY ***
Total pot $2.50 | Rake $0 
Seat 1: XneferX (big blind) folded before Flop
Seat 2: socito folded before Flop (didn't bet)
Seat 3: DL1B folded before Flop (didn't bet)
Seat 4: 7bekon7 collected ($2.50)
Seat 5: klien17 (button) folded before Flop (didn't bet)
Seat 6: steepfell (small blind) folded before Flop



PokerStars Hand #254575378775:  Hold'em No Limit ($0.50/$1.00 USD) - 2025/01/27 4:50:12 WET [2025/01/26 23:50:12 ET]
Table 'Auricula IV' 6-max Seat #6 is the button
Seat 1: XneferX ($100 in chips) 
Seat 2: socito ($100 in chips) 
Seat 3: DL1B ($106.95 in chips) 
Seat 4: 7bekon7 ($101.50 in chips) 
Seat 5: klien17 ($99.87 in chips) 
Seat 6: steepfell ($100 in chips) 
XneferX: posts small blind $0.50
socito: posts big blind $1
*** HOLE CARDS ***
DL1B: folds 
7bekon7: folds 
klien17: raises $1.50 to $2.50
steepfell: raises $5.50 to $8
XneferX: folds 
socito: folds 
klien17: folds 
Uncalled bet ($5.50) returned to steepfell
steepfell collected $6.50 from pot
steepfell: doesn't show hand 
*** SUMMARY ***
Total pot $6.50 | Rake $0 
Seat 1: XneferX (small blind) folded before Flop
Seat 2: socito (big blind) folded before Flop
Seat 3: DL1B folded before Flop (didn't bet)
Seat 4: 7bekon7 folded before Flop (didn't bet)
Seat 5: klien17 folded before Flop
Seat 6: steepfell (button) collected ($6.50)



PokerStars Hand #254575381758:  Hold'em No Limit ($0.50/$1.00 USD) - 2025/01/27 4:50:47 WET [2025/01/26 23:50:47 ET]
Table 'Auricula IV' 6-max Seat #1 is the button
Seat 1: XneferX ($100 in chips) 
Seat 2: socito ($100 in chips) 
Seat 3: DL1B ($106.95 in chips) 
Seat 4: 7bekon7 ($101.50 in chips) 
Seat 5: klien17 ($97.37 in chips) 
Seat 6: steepfell ($104 in chips) 
socito: posts small blind $0.50
DL1B: posts big blind $1
*** HOLE CARDS ***
7bekon7: folds 
klien17: folds 
steepfell: raises $1.50 to $2.50
XneferX: folds 
socito: folds 
DL1B: calls $1.50
*** FLOP *** [Td Jh Ts]
DL1B: checks 
steepfell: bets $2.61
DL1B: folds 
Uncalled bet ($2.61) returned to steepfell
steepfell collected $5.22 from pot
steepfell: doesn't show hand 
*** SUMMARY ***
Total pot $5.50 | Rake $0.28 
Board [Td Jh Ts]
Seat 1: XneferX (button) folded before Flop (didn't bet)
Seat 2: socito (small blind) folded before Flop
Seat 3: DL1B (big blind) folded on the Flop
Seat 4: 7bekon7 folded before Flop (didn't bet)
Seat 5: klien17 folded before Flop (didn't bet)
Seat 6: steepfell collected ($5.22)



PokerStars Hand #254575385441:  Hold'em No Limit ($0.50/$1.00 USD) - 2025/01/27 4:51:31 WET [2025/01/26 23:51:31 ET]
Table 'Auricula IV' 6-max Seat #2 is the button
Seat 4: 7bekon7 ($101.50 in chips) is sitting out
Seat 1: XneferX ($100 in chips) 
Seat 2: socito ($100 in chips) 
Seat 3: DL1B ($104.45 in chips) 
Seat 5: klien17 ($97.37 in chips) 
Seat 6: steepfell ($106.72 in chips) 
DL1B: posts small blind $0.50
7bekon7: is sitting out 
klien17: posts big blind $1
*** HOLE CARDS ***
steepfell: folds 
7bekon7 leaves the table
XneferX: folds 
socito: raises $1.50 to $2.50
DL1B: folds 
klien17: calls $1.50
*** FLOP *** [Kc 8c 4h]
klien17: checks 
raiseinthedarkk joins the table at seat #4 
socito: checks 
*** TURN *** [Kc 8c 4h] [4c]
klien17: bets $3.30
socito: folds 
Uncalled bet ($3.30) returned to klien17
klien17 collected $5.22 from pot
*** SUMMARY ***
Total pot $5.50 | Rake $0.28 
Board [Kc 8c 4h 4c]
Seat 4: 7bekon7
Seat 1: XneferX folded before Flop (didn't bet)
Seat 2: socito (button) folded on the Turn
Seat 3: DL1B (small blind) folded before Flop
Seat 5: klien17 (big blind) collected ($5.22)
Seat 6: steepfell folded before Flop (didn't bet)



PokerStars Hand #254575389203:  Hold'em No Limit ($0.50/$1.00 USD) - 2025/01/27 4:52:17 WET [2025/01/26 23:52:17 ET]
Table 'Auricula IV' 6-max Seat #3 is the button
Seat 4: raiseinthedarkk ($100 in chips) is sitting out
Seat 1: XneferX ($100 in chips) 
Seat 2: socito ($100 in chips) 
Seat 3: DL1B ($103.95 in chips) 
Seat 5: klien17 ($100.09 in chips) 
Seat 6: steepfell ($106.72 in chips) 
klien17: posts small blind $0.50
steepfell: posts big blind $1
*** HOLE CARDS ***
XneferX: folds 
socito: raises $1.50 to $2.50
DL1B: folds 
klien17: folds 
steepfell: folds 
Uncalled bet ($1.50) returned to socito
socito collected $2.50 from pot
socito: doesn't show hand 
*** SUMMARY ***
Total pot $2.50 | Rake $0 
Seat 4: raiseinthedarkk
Seat 1: XneferX folded before Flop (didn't bet)
Seat 2: socito collected ($2.50)
Seat 3: DL1B (button) folded before Flop (didn't bet)
Seat 5: klien17 (small blind) folded before Flop
Seat 6: steepfell (big blind) folded before Flop



PokerStars Hand #254575391136:  Hold'em No Limit ($0.50/$1.00 USD) - 2025/01/27 4:52:39 WET [2025/01/26 23:52:39 ET]
Table 'Auricula IV' 6-max Seat #5 is the button
Seat 4: raiseinthedarkk ($100 in chips) is sitting out
Seat 1: XneferX ($100 in chips) 
Seat 2: socito ($101.50 in chips) 
Seat 3: DL1B ($103.95 in chips) 
Seat 5: klien17 ($99.59 in chips) 
Seat 6: steepfell ($105.72 in chips) 
steepfell: posts small blind $0.50
XneferX: posts big blind $1
raiseinthedarkk: sits out 
*** HOLE CARDS ***
socito: folds 
DL1B: folds 
klien17: folds 
steepfell: raises $2 to $3
XneferX: calls $2
*** FLOP *** [2h 5h 5d]
steepfell: checks 
XneferX: bets $4.39
steepfell: folds 
Uncalled bet ($4.39) returned to XneferX
XneferX collected $5.70 from pot
XneferX: doesn't show hand 
*** SUMMARY ***
Total pot $6 | Rake $0.30 
Board [2h 5h 5d]
Seat 4: raiseinthedarkk
Seat 1: XneferX (big blind) collected ($5.70)
Seat 2: socito folded before Flop (didn't bet)
Seat 3: DL1B folded before Flop (didn't bet)
Seat 5: klien17 (button) folded before Flop (didn't bet)
Seat 6: steepfell (small blind) folded on the Flop



PokerStars Hand #254575395226:  Hold'em No Limit ($0.50/$1.00 USD) - 2025/01/27 4:53:28 WET [2025/01/26 23:53:28 ET]
Table 'Auricula IV' 6-max Seat #6 is the button
Seat 4: raiseinthedarkk ($100 in chips) is sitting out
Seat 1: XneferX ($102.70 in chips) 
Seat 2: socito ($101.50 in chips) 
Seat 3: DL1B ($103.95 in chips) 
Seat 5: klien17 ($99.59 in chips) 
Seat 6: steepfell ($102.72 in chips) 
XneferX: posts small blind $0.50
socito: posts big blind $1
raiseinthedarkk: sits out 
*** HOLE CARDS ***
DL1B: folds 
klien17: folds 
steepfell: raises $1.50 to $2.50
XneferX: folds 
socito: folds 
Uncalled bet ($1.50) returned to steepfell
steepfell collected $2.50 from pot
steepfell: doesn't show hand 
*** SUMMARY ***
Total pot $2.50 | Rake $0 
Seat 4: raiseinthedarkk
Seat 1: XneferX (small blind) folded before Flop
Seat 2: socito (big blind) folded before Flop
Seat 3: DL1B folded before Flop (didn't bet)
Seat 5: klien17 folded before Flop (didn't bet)
Seat 6: steepfell (button) collected ($2.50)



PokerStars Hand #254575396787:  Hold'em No Limit ($0.50/$1.00 USD) - 2025/01/27 4:53:48 WET [2025/01/26 23:53:48 ET]
Table 'Auricula IV' 6-max Seat #1 is the button
Seat 4: raiseinthedarkk ($100 in chips) is sitting out
Seat 1: XneferX ($102.20 in chips) 
Seat 2: socito ($100.50 in chips) 
Seat 3: DL1B ($103.95 in chips) 
Seat 5: klien17 ($99.59 in chips) 
Seat 6: steepfell ($104.22 in chips) 
socito: posts small blind $0.50
DL1B: posts big blind $1
raiseinthedarkk: sits out 
*** HOLE CARDS ***
klien17: folds 
steepfell: folds 
XneferX: folds 
klien17 leaves the table
socito: folds 
Uncalled bet ($0.50) returned to DL1B
DL1B collected $1 from pot
DL1B: doesn't show hand 
*** SUMMARY ***
Total pot $1 | Rake $0 
Seat 4: raiseinthedarkk
Seat 1: XneferX (button) folded before Flop (didn't bet)
Seat 2: socito (small blind) folded before Flop
Seat 3: DL1B (big blind) collected ($1)
Seat 5: klien17 folded before Flop (didn't bet)
Seat 6: steepfell folded before Flop (didn't bet)



PokerStars Hand #254575398920:  Hold'em No Limit ($0.50/$1.00 USD) - 2025/01/27 4:54:13 WET [2025/01/26 23:54:13 ET]
Table 'Auricula IV' 6-max Seat #2 is the button
Seat 1: XneferX ($102.20 in chips) 
Seat 2: socito ($100 in chips) 
Seat 3: DL1B ($104.45 in chips) 
Seat 4: raiseinthedarkk ($100 in chips) 
Seat 6: steepfell ($104.22 in chips) 
DL1B: posts small blind $0.50
raiseinthedarkk: posts big blind $1
*** HOLE CARDS ***
steepfell: raises $1.50 to $2.50
XneferX: folds 
socito: folds 
DL1B: folds 
raiseinthedarkk: calls $1.50
*** FLOP *** [4s 3d Tc]
raiseinthedarkk: bets $1.31
steepfell: calls $1.31
*** TURN *** [4s 3d Tc] [3h]
raiseinthedarkk: bets $1
steepfell: calls $1
*** RIVER *** [4s 3d Tc 3h] [9h]
raiseinthedarkk: checks 
XneferX leaves the table
steepfell: checks 
*** SHOW DOWN ***
raiseinthedarkk: shows [4h Kh] (two pair, Fours and Threes)
steepfell: mucks hand 
raiseinthedarkk collected $9.61 from pot
*** SUMMARY ***
Total pot $10.12 | Rake $0.51 
Board [4s 3d Tc 3h 9h]
Seat 1: XneferX folded before Flop (didn't bet)
Seat 2: socito (button) folded before Flop (didn't bet)
Seat 3: DL1B (small blind) folded before Flop
Seat 4: raiseinthedarkk (big blind) showed [4h Kh] and won ($9.61) with two pair, Fours and Threes
Seat 6: steepfell mucked



PokerStars Hand #254575404449:  Hold'em No Limit ($0.50/$1.00 USD) - 2025/01/27 4:55:23 WET [2025/01/26 23:55:23 ET]
Table 'Auricula IV' 6-max Seat #3 is the button
Seat 6: steepfell ($100 in chips) is sitting out
Seat 2: socito ($100 in chips) 
Seat 3: DL1B ($103.95 in chips) 
Seat 4: raiseinthedarkk ($104.80 in chips) 
raiseinthedarkk: posts small blind $0.50
steepfell: is sitting out 
socito: posts big blind $1
*** HOLE CARDS ***
steepfell leaves the table
DL1B: raises $1.50 to $2.50
raiseinthedarkk: raises $8.50 to $11
socito: folds 
DL1B: calls $8.50
*** FLOP *** [As 8c 4s]
raiseinthedarkk: bets $5.50
DL1B: folds 
Uncalled bet ($5.50) returned to raiseinthedarkk
raiseinthedarkk collected $22 from pot
raiseinthedarkk: doesn't show hand 
*** SUMMARY ***
Total pot $23 | Rake $1 
Board [As 8c 4s]
Seat 6: steepfell
Seat 2: socito (big blind) folded before Flop
Seat 3: DL1B (button) folded on the Flop
Seat 4: raiseinthedarkk (small blind) collected ($22)



PokerStars Hand #254575407098:  Hold'em No Limit ($0.50/$1.00 USD) - 2025/01/27 4:56:02 WET [2025/01/26 23:56:02 ET]
Table 'Auricula IV' 6-max Seat #4 is the button
Seat 2: socito ($100 in chips) 
Seat 3: DL1B ($100 in chips) 
Seat 4: raiseinthedarkk ($115.80 in chips) 
socito: posts small blind $0.50
DL1B: posts big blind $1
*** HOLE CARDS ***
raiseinthedarkk: raises $1.50 to $2.50
socito: folds 
DL1B: folds 
Uncalled bet ($1.50) returned to raiseinthedarkk
raiseinthedarkk collected $2.50 from pot
raiseinthedarkk: doesn't show hand 
*** SUMMARY ***
Total pot $2.50 | Rake $0 
Seat 2: socito (small blind) folded before Flop
Seat 3: DL1B (big blind) folded before Flop
Seat 4: raiseinthedarkk (button) collected ($2.50)



