PokerStars Hand #254581890564:  Hold'em No Limit ($0.50/$1.00 USD) - 2025/01/27 18:18:22 WET [2025/01/27 13:18:22 ET]
Table 'Eumaios V' 6-max Seat #6 is the button
Seat 1: tintin641 ($100 in chips) 
Seat 3: MoRsCeReBruM ($100 in chips) 
Seat 4: Kristo 914 ($100 in chips) 
Seat 5: blackclan7 ($100 in chips) 
Seat 6: perketti ($100 in chips) 
tintin641: posts small blind $0.50
MoRsCeReBruM: posts big blind $1
*** HOLE CARDS ***
paramourx joins the table at seat #2 
Kristo 914: folds 
blackclan7: folds 
perketti: folds 
tintin641: raises $2 to $3
MoRsCeReBruM: calls $2
*** FLOP *** [Ad 3d Ah]
tintin641: bets $1.88
MoRsCeReBruM: calls $1.88
*** TURN *** [Ad 3d Ah] [5d]
tintin641: checks 
MoRsCeReBruM: bets $6.21
tintin641: folds 
Uncalled bet ($6.21) returned to MoRsCeReBruM
MoRsCeReBruM collected $9.27 from pot
MoRsCeReBruM: doesn't show hand 
*** SUMMARY ***
Total pot $9.76 | Rake $0.49 
Board [Ad 3d Ah 5d]
Seat 1: tintin641 (small blind) folded on the Turn
Seat 3: MoRsCeReBruM (big blind) collected ($9.27)
Seat 4: Kristo 914 folded before Flop (didn't bet)
Seat 5: blackclan7 folded before Flop (didn't bet)
Seat 6: perketti (button) folded before Flop (didn't bet)



PokerStars Hand #254581909005:  Hold'em No Limit ($0.50/$1.00 USD) - 2025/01/27 18:19:30 WET [2025/01/27 13:19:30 ET]
Table 'Eumaios V' 6-max Seat #1 is the button
Seat 2: paramourx ($100 in chips) is sitting out
Seat 1: tintin641 ($100 in chips) 
Seat 3: MoRsCeReBruM ($104.39 in chips) 
Seat 4: Kristo 914 ($100 in chips) 
Seat 5: blackclan7 ($100 in chips) 
Seat 6: perketti ($100 in chips) 
MoRsCeReBruM: posts small blind $0.50
Kristo 914: posts big blind $1
*** HOLE CARDS ***
blackclan7: folds 
perketti: folds 
tintin641: folds 
MoRsCeReBruM: folds 
Uncalled bet ($0.50) returned to Kristo 914
Kristo 914 collected $1 from pot
Kristo 914: doesn't show hand 
*** SUMMARY ***
Total pot $1 | Rake $0 
Seat 2: paramourx
Seat 1: tintin641 (button) folded before Flop (didn't bet)
Seat 3: MoRsCeReBruM (small blind) folded before Flop
Seat 4: Kristo 914 (big blind) collected ($1)
Seat 5: blackclan7 folded before Flop (didn't bet)
Seat 6: perketti folded before Flop (didn't bet)



PokerStars Hand #254581913632:  Hold'em No Limit ($0.50/$1.00 USD) - 2025/01/27 18:19:47 WET [2025/01/27 13:19:47 ET]
Table 'Eumaios V' 6-max Seat #3 is the button
Seat 2: paramourx ($100 in chips) is sitting out
Seat 1: tintin641 ($100 in chips) 
Seat 3: MoRsCeReBruM ($103.89 in chips) 
Seat 4: Kristo 914 ($100.50 in chips) 
Seat 5: blackclan7 ($100 in chips) 
Seat 6: perketti ($100 in chips) 
Kristo 914: posts small blind $0.50
blackclan7: posts big blind $1
paramourx: sits out 
*** HOLE CARDS ***
perketti: folds 
tintin641: folds 
perketti leaves the table
MoRsCeReBruM: raises $1.50 to $2.50
Kristo 914: folds 
blackclan7: folds 
Uncalled bet ($1.50) returned to MoRsCeReBruM
MoRsCeReBruM collected $2.50 from pot
MoRsCeReBruM: doesn't show hand 
*** SUMMARY ***
Total pot $2.50 | Rake $0 
Seat 2: paramourx
Seat 1: tintin641 folded before Flop (didn't bet)
Seat 3: MoRsCeReBruM (button) collected ($2.50)
Seat 4: Kristo 914 (small blind) folded before Flop
Seat 5: blackclan7 (big blind) folded before Flop
Seat 6: perketti folded before Flop (didn't bet)



PokerStars Hand #254581916808:  Hold'em No Limit ($0.50/$1.00 USD) - 2025/01/27 18:19:59 WET [2025/01/27 13:19:59 ET]
Table 'Eumaios V' 6-max Seat #4 is the button
Seat 2: paramourx ($100 in chips) is sitting out
Seat 1: tintin641 ($100 in chips) 
Seat 3: MoRsCeReBruM ($105.39 in chips) 
Seat 4: Kristo 914 ($100 in chips) 
Seat 5: blackclan7 ($100 in chips) 
blackclan7: posts small blind $0.50
tintin641: posts big blind $1
paramourx: sits out 
*** HOLE CARDS ***
MoRsCeReBruM: raises $1.20 to $2.20
Kristo 914: folds 
1fudihara joins the table at seat #6 
blackclan7: folds 
tintin641: folds 
Uncalled bet ($1.20) returned to MoRsCeReBruM
MoRsCeReBruM collected $2.50 from pot
MoRsCeReBruM: doesn't show hand 
*** SUMMARY ***
Total pot $2.50 | Rake $0 
Seat 2: paramourx
Seat 1: tintin641 (big blind) folded before Flop
Seat 3: MoRsCeReBruM collected ($2.50)
Seat 4: Kristo 914 (button) folded before Flop (didn't bet)
Seat 5: blackclan7 (small blind) folded before Flop



PokerStars Hand #254581922863:  Hold'em No Limit ($0.50/$1.00 USD) - 2025/01/27 18:20:21 WET [2025/01/27 13:20:21 ET]
Table 'Eumaios V' 6-max Seat #5 is the button
Seat 6: 1fudihara ($100 in chips) is sitting out
Seat 1: tintin641 ($100 in chips) 
Seat 2: paramourx ($100 in chips) 
Seat 3: MoRsCeReBruM ($106.89 in chips) 
Seat 4: Kristo 914 ($100 in chips) 
Seat 5: blackclan7 ($100 in chips) 
tintin641: posts small blind $0.50
paramourx: posts big blind $1
*** HOLE CARDS ***
MoRsCeReBruM: folds 
Kristo 914: folds 
blackclan7: folds 
tintin641: folds 
Uncalled bet ($0.50) returned to paramourx
paramourx collected $1 from pot
paramourx: doesn't show hand 
*** SUMMARY ***
Total pot $1 | Rake $0 
Seat 6: 1fudihara
Seat 1: tintin641 (small blind) folded before Flop
Seat 2: paramourx (big blind) collected ($1)
Seat 3: MoRsCeReBruM folded before Flop (didn't bet)
Seat 4: Kristo 914 folded before Flop (didn't bet)
Seat 5: blackclan7 (button) folded before Flop (didn't bet)



PokerStars Hand #254581926680:  Hold'em No Limit ($0.50/$1.00 USD) - 2025/01/27 18:20:35 WET [2025/01/27 13:20:35 ET]
Table 'Eumaios V' 6-max Seat #1 is the button
Seat 3: MoRsCeReBruM ($106.89 in chips) is sitting out
Seat 1: tintin641 ($100 in chips) 
Seat 2: paramourx ($100.50 in chips) 
Seat 4: Kristo 914 ($100 in chips) 
Seat 5: blackclan7 ($100 in chips) 
Seat 6: 1fudihara ($100 in chips) 
paramourx: posts small blind $0.50
MoRsCeReBruM: is sitting out 
Kristo 914: posts big blind $1
1fudihara: posts big blind $1
*** HOLE CARDS ***
blackclan7: folds 
1fudihara: raises $1.50 to $2.50
tintin641: folds 
paramourx: folds 
Kristo 914: folds 
Uncalled bet ($1.50) returned to 1fudihara
1fudihara collected $2.50 from pot
1fudihara: doesn't show hand 
*** SUMMARY ***
Total pot $2.50 | Rake $0 
Seat 3: MoRsCeReBruM
Seat 1: tintin641 (button) folded before Flop (didn't bet)
Seat 2: paramourx (small blind) folded before Flop
Seat 4: Kristo 914 (big blind) folded before Flop
Seat 5: blackclan7 folded before Flop (didn't bet)
Seat 6: 1fudihara collected ($2.50)



PokerStars Hand #254581931043:  Hold'em No Limit ($0.50/$1.00 USD) - 2025/01/27 18:20:50 WET [2025/01/27 13:20:50 ET]
Table 'Eumaios V' 6-max Seat #2 is the button
Seat 3: MoRsCeReBruM ($106.89 in chips) is sitting out
Seat 1: tintin641 ($100 in chips) 
Seat 2: paramourx ($100 in chips) 
Seat 4: Kristo 914 ($100 in chips) 
Seat 5: blackclan7 ($100 in chips) 
Seat 6: 1fudihara ($101.50 in chips) 
Kristo 914: posts small blind $0.50
blackclan7: posts big blind $1
*** HOLE CARDS ***
1fudihara: folds 
tintin641: folds 
paramourx: folds 
Kristo 914: folds 
Uncalled bet ($0.50) returned to blackclan7
blackclan7 collected $1 from pot
blackclan7: doesn't show hand 
*** SUMMARY ***
Total pot $1 | Rake $0 
Seat 3: MoRsCeReBruM
Seat 1: tintin641 folded before Flop (didn't bet)
Seat 2: paramourx (button) folded before Flop (didn't bet)
Seat 4: Kristo 914 (small blind) folded before Flop
Seat 5: blackclan7 (big blind) collected ($1)
Seat 6: 1fudihara folded before Flop (didn't bet)



PokerStars Hand #254581935456:  Hold'em No Limit ($0.50/$1.00 USD) - 2025/01/27 18:21:06 WET [2025/01/27 13:21:06 ET]
Table 'Eumaios V' 6-max Seat #4 is the button
Seat 3: MoRsCeReBruM ($106.89 in chips) is sitting out
Seat 1: tintin641 ($100 in chips) 
Seat 2: paramourx ($100 in chips) 
Seat 4: Kristo 914 ($100 in chips) 
Seat 5: blackclan7 ($100.50 in chips) 
Seat 6: 1fudihara ($101.50 in chips) 
blackclan7: posts small blind $0.50
1fudihara: posts big blind $1
MoRsCeReBruM: sits out 
*** HOLE CARDS ***
tintin641: folds 
paramourx: folds 
Kristo 914: raises $1.40 to $2.40
blackclan7: folds 
1fudihara: raises $8.60 to $11
Kristo 914: folds 
Uncalled bet ($8.60) returned to 1fudihara
1fudihara collected $5.30 from pot
1fudihara: doesn't show hand 
*** SUMMARY ***
Total pot $5.30 | Rake $0 
Seat 3: MoRsCeReBruM
Seat 1: tintin641 folded before Flop (didn't bet)
Seat 2: paramourx folded before Flop (didn't bet)
Seat 4: Kristo 914 (button) folded before Flop
Seat 5: blackclan7 (small blind) folded before Flop
Seat 6: 1fudihara (big blind) collected ($5.30)



PokerStars Hand #254581941990:  Hold'em No Limit ($0.50/$1.00 USD) - 2025/01/27 18:21:30 WET [2025/01/27 13:21:30 ET]
Table 'Eumaios V' 6-max Seat #5 is the button
Seat 3: MoRsCeReBruM ($106.89 in chips) is sitting out
Seat 1: tintin641 ($100 in chips) 
Seat 2: paramourx ($100 in chips) 
Seat 4: Kristo 914 ($100 in chips) 
Seat 5: blackclan7 ($100 in chips) 
Seat 6: 1fudihara ($104.40 in chips) 
1fudihara: posts small blind $0.50
tintin641: posts big blind $1
MoRsCeReBruM: sits out 
*** HOLE CARDS ***
paramourx: folds 
Kristo 914: folds 
blackclan7: folds 
1fudihara: calls $0.50
tintin641: checks 
*** FLOP *** [Qc 5c 2d]
1fudihara: checks 
tintin641: bets $1
1fudihara: calls $1
*** TURN *** [Qc 5c 2d] [2c]
1fudihara: checks 
tintin641: bets $2.85
1fudihara: folds 
Uncalled bet ($2.85) returned to tintin641
tintin641 collected $3.80 from pot
tintin641: doesn't show hand 
*** SUMMARY ***
Total pot $4 | Rake $0.20 
Board [Qc 5c 2d 2c]
Seat 3: MoRsCeReBruM
Seat 1: tintin641 (big blind) collected ($3.80)
Seat 2: paramourx folded before Flop (didn't bet)
Seat 4: Kristo 914 folded before Flop (didn't bet)
Seat 5: blackclan7 (button) folded before Flop (didn't bet)
Seat 6: 1fudihara (small blind) folded on the Turn



PokerStars Hand #254581959018:  Hold'em No Limit ($0.50/$1.00 USD) - 2025/01/27 18:22:31 WET [2025/01/27 13:22:31 ET]
Table 'Eumaios V' 6-max Seat #6 is the button
Seat 3: MoRsCeReBruM ($106.89 in chips) is sitting out
Seat 1: tintin641 ($101.80 in chips) 
Seat 2: paramourx ($100 in chips) 
Seat 4: Kristo 914 ($100 in chips) 
Seat 5: blackclan7 ($100 in chips) 
Seat 6: 1fudihara ($102.40 in chips) 
tintin641: posts small blind $0.50
paramourx: posts big blind $1
MoRsCeReBruM: sits out 
*** HOLE CARDS ***
Kristo 914: folds 
blackclan7: folds 
1fudihara: raises $1.50 to $2.50
tintin641: folds 
paramourx: calls $1.50
*** FLOP *** [Jd 3s 9s]
paramourx: checks 
1fudihara: bets $3
paramourx: calls $3
*** TURN *** [Jd 3s 9s] [9d]
paramourx: checks 
1fudihara: checks 
*** RIVER *** [Jd 3s 9s 9d] [5s]
paramourx: checks 
1fudihara: checks 
*** SHOW DOWN ***
paramourx: shows [8s Jh] (two pair, Jacks and Nines)
1fudihara: mucks hand 
paramourx collected $10.92 from pot
*** SUMMARY ***
Total pot $11.50 | Rake $0.58 
Board [Jd 3s 9s 9d 5s]
Seat 3: MoRsCeReBruM
Seat 1: tintin641 (small blind) folded before Flop
Seat 2: paramourx (big blind) showed [8s Jh] and won ($10.92) with two pair, Jacks and Nines
Seat 4: Kristo 914 folded before Flop (didn't bet)
Seat 5: blackclan7 folded before Flop (didn't bet)
Seat 6: 1fudihara (button) mucked



PokerStars Hand #254581974602:  Hold'em No Limit ($0.50/$1.00 USD) - 2025/01/27 18:23:27 WET [2025/01/27 13:23:27 ET]
Table 'Eumaios V' 6-max Seat #1 is the button
Seat 1: tintin641 ($101.30 in chips) 
Seat 2: paramourx ($105.42 in chips) 
Seat 3: MoRsCeReBruM ($106.89 in chips) 
Seat 4: Kristo 914 ($100 in chips) 
Seat 5: blackclan7 ($100 in chips) 
Seat 6: 1fudihara ($96.90 in chips) 
paramourx: posts small blind $0.50
MoRsCeReBruM: posts big blind $1
*** HOLE CARDS ***
Kristo 914: folds 
blackclan7: folds 
1fudihara: folds 
tintin641: raises $1.50 to $2.50
paramourx: folds 
MoRsCeReBruM: folds 
Uncalled bet ($1.50) returned to tintin641
tintin641 collected $2.50 from pot
tintin641: doesn't show hand 
*** SUMMARY ***
Total pot $2.50 | Rake $0 
Seat 1: tintin641 (button) collected ($2.50)
Seat 2: paramourx (small blind) folded before Flop
Seat 3: MoRsCeReBruM (big blind) folded before Flop
Seat 4: Kristo 914 folded before Flop (didn't bet)
Seat 5: blackclan7 folded before Flop (didn't bet)
Seat 6: 1fudihara folded before Flop (didn't bet)



PokerStars Hand #254581983529:  Hold'em No Limit ($0.50/$1.00 USD) - 2025/01/27 18:23:59 WET [2025/01/27 13:23:59 ET]
Table 'Eumaios V' 6-max Seat #2 is the button
Seat 1: tintin641 ($102.80 in chips) 
Seat 2: paramourx ($104.92 in chips) 
Seat 3: MoRsCeReBruM ($105.89 in chips) 
Seat 4: Kristo 914 ($100 in chips) 
Seat 5: blackclan7 ($100 in chips) 
Seat 6: 1fudihara ($96.90 in chips) 
MoRsCeReBruM: posts small blind $0.50
Kristo 914: posts big blind $1
*** HOLE CARDS ***
blackclan7: folds 
1fudihara: raises $1.50 to $2.50
tintin641: folds 
paramourx: folds 
MoRsCeReBruM: folds 
Kristo 914: raises $8.50 to $11
1fudihara: folds 
Uncalled bet ($8.50) returned to Kristo 914
Kristo 914 collected $5.50 from pot
Kristo 914: doesn't show hand 
*** SUMMARY ***
Total pot $5.50 | Rake $0 
Seat 1: tintin641 folded before Flop (didn't bet)
Seat 2: paramourx (button) folded before Flop (didn't bet)
Seat 3: MoRsCeReBruM (small blind) folded before Flop
Seat 4: Kristo 914 (big blind) collected ($5.50)
Seat 5: blackclan7 folded before Flop (didn't bet)
Seat 6: 1fudihara folded before Flop



PokerStars Hand #254581990174:  Hold'em No Limit ($0.50/$1.00 USD) - 2025/01/27 18:24:23 WET [2025/01/27 13:24:23 ET]
Table 'Eumaios V' 6-max Seat #3 is the button
Seat 1: tintin641 ($102.80 in chips) 
Seat 2: paramourx ($104.92 in chips) 
Seat 3: MoRsCeReBruM ($105.39 in chips) 
Seat 4: Kristo 914 ($103 in chips) 
Seat 5: blackclan7 ($100 in chips) 
Seat 6: 1fudihara ($94.40 in chips) 
Kristo 914: posts small blind $0.50
blackclan7: posts big blind $1
*** HOLE CARDS ***
1fudihara: folds 
tintin641: folds 
paramourx: raises $2 to $3
MoRsCeReBruM: folds 
Kristo 914: folds 
blackclan7: folds 
Uncalled bet ($2) returned to paramourx
paramourx collected $2.50 from pot
paramourx: doesn't show hand 
*** SUMMARY ***
Total pot $2.50 | Rake $0 
Seat 1: tintin641 folded before Flop (didn't bet)
Seat 2: paramourx collected ($2.50)
Seat 3: MoRsCeReBruM (button) folded before Flop (didn't bet)
Seat 4: Kristo 914 (small blind) folded before Flop
Seat 5: blackclan7 (big blind) folded before Flop
Seat 6: 1fudihara folded before Flop (didn't bet)



PokerStars Hand #254581999342:  Hold'em No Limit ($0.50/$1.00 USD) - 2025/01/27 18:24:56 WET [2025/01/27 13:24:56 ET]
Table 'Eumaios V' 6-max Seat #4 is the button
Seat 1: tintin641 ($102.80 in chips) 
Seat 2: paramourx ($106.42 in chips) 
Seat 3: MoRsCeReBruM ($105.39 in chips) 
Seat 4: Kristo 914 ($102.50 in chips) 
Seat 5: blackclan7 ($100 in chips) 
Seat 6: 1fudihara ($100 in chips) 
blackclan7: posts small blind $0.50
1fudihara: posts big blind $1
*** HOLE CARDS ***
tintin641: folds 
paramourx: folds 
MoRsCeReBruM: raises $1.20 to $2.20
Kristo 914: folds 
blackclan7: folds 
1fudihara: calls $1.20
*** FLOP *** [9c 8d 6h]
1fudihara: checks 
MoRsCeReBruM: checks 
*** TURN *** [9c 8d 6h] [Ah]
1fudihara: checks 
MoRsCeReBruM: checks 
*** RIVER *** [9c 8d 6h Ah] [6c]
1fudihara: bets $3.66
MoRsCeReBruM: calls $3.66
*** SHOW DOWN ***
1fudihara: shows [2h 7h] (a pair of Sixes)
MoRsCeReBruM: shows [7c 7d] (two pair, Sevens and Sixes)
MoRsCeReBruM collected $11.61 from pot
*** SUMMARY ***
Total pot $12.22 | Rake $0.61 
Board [9c 8d 6h Ah 6c]
Seat 1: tintin641 folded before Flop (didn't bet)
Seat 2: paramourx folded before Flop (didn't bet)
Seat 3: MoRsCeReBruM showed [7c 7d] and won ($11.61) with two pair, Sevens and Sixes
Seat 4: Kristo 914 (button) folded before Flop (didn't bet)
Seat 5: blackclan7 (small blind) folded before Flop
Seat 6: 1fudihara (big blind) showed [2h 7h] and lost with a pair of Sixes



PokerStars Hand #254582022190:  Hold'em No Limit ($0.50/$1.00 USD) - 2025/01/27 18:26:19 WET [2025/01/27 13:26:19 ET]
Table 'Eumaios V' 6-max Seat #5 is the button
Seat 1: tintin641 ($102.80 in chips) 
Seat 2: paramourx ($106.42 in chips) 
Seat 3: MoRsCeReBruM ($111.14 in chips) 
Seat 4: Kristo 914 ($102.50 in chips) 
Seat 5: blackclan7 ($100 in chips) 
Seat 6: 1fudihara ($94.14 in chips) 
1fudihara: posts small blind $0.50
tintin641: posts big blind $1
*** HOLE CARDS ***
paramourx: folds 
MoRsCeReBruM: raises $1 to $2
Kristo 914: folds 
blackclan7: folds 
1fudihara: raises $7 to $9
tintin641: folds 
MoRsCeReBruM: folds 
Uncalled bet ($7) returned to 1fudihara
1fudihara collected $5 from pot
1fudihara: doesn't show hand 
*** SUMMARY ***
Total pot $5 | Rake $0 
Seat 1: tintin641 (big blind) folded before Flop
Seat 2: paramourx folded before Flop (didn't bet)
Seat 3: MoRsCeReBruM folded before Flop
Seat 4: Kristo 914 folded before Flop (didn't bet)
Seat 5: blackclan7 (button) folded before Flop (didn't bet)
Seat 6: 1fudihara (small blind) collected ($5)



PokerStars Hand #254582032139:  Hold'em No Limit ($0.50/$1.00 USD) - 2025/01/27 18:26:55 WET [2025/01/27 13:26:55 ET]
Table 'Eumaios V' 6-max Seat #6 is the button
Seat 1: tintin641 ($101.80 in chips) 
Seat 2: paramourx ($106.42 in chips) 
Seat 3: MoRsCeReBruM ($109.14 in chips) 
Seat 4: Kristo 914 ($102.50 in chips) 
Seat 5: blackclan7 ($100 in chips) 
Seat 6: 1fudihara ($100 in chips) 
tintin641: posts small blind $0.50
paramourx: posts big blind $1
*** HOLE CARDS ***
MoRsCeReBruM: folds 
Kristo 914: folds 
blackclan7: folds 
1fudihara: raises $1.50 to $2.50
tintin641: folds 
paramourx: folds 
Uncalled bet ($1.50) returned to 1fudihara
1fudihara collected $2.50 from pot
1fudihara: doesn't show hand 
*** SUMMARY ***
Total pot $2.50 | Rake $0 
Seat 1: tintin641 (small blind) folded before Flop
Seat 2: paramourx (big blind) folded before Flop
Seat 3: MoRsCeReBruM folded before Flop (didn't bet)
Seat 4: Kristo 914 folded before Flop (didn't bet)
Seat 5: blackclan7 folded before Flop (didn't bet)
Seat 6: 1fudihara (button) collected ($2.50)



PokerStars Hand #254582037186:  Hold'em No Limit ($0.50/$1.00 USD) - 2025/01/27 18:27:13 WET [2025/01/27 13:27:13 ET]
Table 'Eumaios V' 6-max Seat #1 is the button
Seat 1: tintin641 ($101.30 in chips) 
Seat 2: paramourx ($105.42 in chips) 
Seat 3: MoRsCeReBruM ($109.14 in chips) 
Seat 4: Kristo 914 ($102.50 in chips) 
Seat 5: blackclan7 ($100 in chips) 
Seat 6: 1fudihara ($101.50 in chips) 
paramourx: posts small blind $0.50
MoRsCeReBruM: posts big blind $1
*** HOLE CARDS ***
Kristo 914: folds 
blackclan7: folds 
1fudihara: folds 
tintin641: raises $1.50 to $2.50
paramourx: raises $9 to $11.50
MoRsCeReBruM: folds 
tintin641: raises $13.50 to $25
paramourx: folds 
Uncalled bet ($13.50) returned to tintin641
tintin641 collected $24 from pot
tintin641: doesn't show hand 
*** SUMMARY ***
Total pot $24 | Rake $0 
Seat 1: tintin641 (button) collected ($24)
Seat 2: paramourx (small blind) folded before Flop
Seat 3: MoRsCeReBruM (big blind) folded before Flop
Seat 4: Kristo 914 folded before Flop (didn't bet)
Seat 5: blackclan7 folded before Flop (didn't bet)
Seat 6: 1fudihara folded before Flop (didn't bet)



PokerStars Hand #254582047445:  Hold'em No Limit ($0.50/$1.00 USD) - 2025/01/27 18:27:50 WET [2025/01/27 13:27:50 ET]
Table 'Eumaios V' 6-max Seat #2 is the button
Seat 1: tintin641 ($113.80 in chips) 
Seat 2: paramourx ($100 in chips) 
Seat 3: MoRsCeReBruM ($108.14 in chips) 
Seat 4: Kristo 914 ($102.50 in chips) 
Seat 5: blackclan7 ($100 in chips) 
Seat 6: 1fudihara ($101.50 in chips) 
MoRsCeReBruM: posts small blind $0.50
Kristo 914: posts big blind $1
*** HOLE CARDS ***
blackclan7: folds 
1fudihara: folds 
tintin641: folds 
paramourx: folds 
MoRsCeReBruM: folds 
Uncalled bet ($0.50) returned to Kristo 914
Kristo 914 collected $1 from pot
Kristo 914: doesn't show hand 
*** SUMMARY ***
Total pot $1 | Rake $0 
Seat 1: tintin641 folded before Flop (didn't bet)
Seat 2: paramourx (button) folded before Flop (didn't bet)
Seat 3: MoRsCeReBruM (small blind) folded before Flop
Seat 4: Kristo 914 (big blind) collected ($1)
Seat 5: blackclan7 folded before Flop (didn't bet)
Seat 6: 1fudihara folded before Flop (didn't bet)



PokerStars Hand #254582051928:  Hold'em No Limit ($0.50/$1.00 USD) - 2025/01/27 18:28:06 WET [2025/01/27 13:28:06 ET]
Table 'Eumaios V' 6-max Seat #3 is the button
Seat 1: tintin641 ($113.80 in chips) 
Seat 2: paramourx ($100 in chips) 
Seat 3: MoRsCeReBruM ($107.64 in chips) 
Seat 4: Kristo 914 ($103 in chips) 
Seat 5: blackclan7 ($100 in chips) 
Seat 6: 1fudihara ($101.50 in chips) 
Kristo 914: posts small blind $0.50
blackclan7: posts big blind $1
*** HOLE CARDS ***
1fudihara: folds 
tintin641: folds 
paramourx: raises $2 to $3
MoRsCeReBruM: folds 
Kristo 914: raises $8.50 to $11.50
blackclan7: folds 
paramourx: folds 
Uncalled bet ($8.50) returned to Kristo 914
Kristo 914 collected $7 from pot
Kristo 914: doesn't show hand 
*** SUMMARY ***
Total pot $7 | Rake $0 
Seat 1: tintin641 folded before Flop (didn't bet)
Seat 2: paramourx folded before Flop
Seat 3: MoRsCeReBruM (button) folded before Flop (didn't bet)
Seat 4: Kristo 914 (small blind) collected ($7)
Seat 5: blackclan7 (big blind) folded before Flop
Seat 6: 1fudihara folded before Flop (didn't bet)



PokerStars Hand #254582057564:  Hold'em No Limit ($0.50/$1.00 USD) - 2025/01/27 18:28:26 WET [2025/01/27 13:28:26 ET]
Table 'Eumaios V' 6-max Seat #4 is the button
Seat 1: tintin641 ($113.80 in chips) 
Seat 2: paramourx ($100 in chips) 
Seat 3: MoRsCeReBruM ($107.64 in chips) 
Seat 4: Kristo 914 ($107 in chips) 
Seat 5: blackclan7 ($100 in chips) 
Seat 6: 1fudihara ($101.50 in chips) 
blackclan7: posts small blind $0.50
1fudihara: posts big blind $1
*** HOLE CARDS ***
tintin641: folds 
paramourx: folds 
MoRsCeReBruM: folds 
Kristo 914: folds 
blackclan7: folds 
Uncalled bet ($0.50) returned to 1fudihara
1fudihara collected $1 from pot
1fudihara: doesn't show hand 
*** SUMMARY ***
Total pot $1 | Rake $0 
Seat 1: tintin641 folded before Flop (didn't bet)
Seat 2: paramourx folded before Flop (didn't bet)
Seat 3: MoRsCeReBruM folded before Flop (didn't bet)
Seat 4: Kristo 914 (button) folded before Flop (didn't bet)
Seat 5: blackclan7 (small blind) folded before Flop
Seat 6: 1fudihara (big blind) collected ($1)



PokerStars Hand #254582066843:  Hold'em No Limit ($0.50/$1.00 USD) - 2025/01/27 18:29:00 WET [2025/01/27 13:29:00 ET]
Table 'Eumaios V' 6-max Seat #5 is the button
Seat 1: tintin641 ($113.80 in chips) 
Seat 2: paramourx ($100 in chips) 
Seat 3: MoRsCeReBruM ($107.64 in chips) 
Seat 4: Kristo 914 ($107 in chips) 
Seat 5: blackclan7 ($100 in chips) 
Seat 6: 1fudihara ($102 in chips) 
1fudihara: posts small blind $0.50
tintin641: posts big blind $1
*** HOLE CARDS ***
paramourx: folds 
MoRsCeReBruM: folds 
Kristo 914: folds 
blackclan7: raises $1.50 to $2.50
1fudihara: raises $8.50 to $11
tintin641: folds 
blackclan7: calls $8.50
*** FLOP *** [4h Js 2d]
1fudihara: bets $7.74
blackclan7: calls $7.74
*** TURN *** [4h Js 2d] [As]
1fudihara: bets $13
blackclan7: calls $13
*** RIVER *** [4h Js 2d As] [3c]
1fudihara: bets $29
blackclan7: raises $39.26 to $68.26 and is all-in
1fudihara: calls $39.26
*** SHOW DOWN ***
blackclan7: shows [Jh Ah] (two pair, Aces and Jacks)
1fudihara: shows [Ac 2c] (two pair, Aces and Deuces)
blackclan7 collected $198.50 from pot
*** SUMMARY ***
Total pot $201 | Rake $2.50 
Board [4h Js 2d As 3c]
Seat 1: tintin641 (big blind) folded before Flop
Seat 2: paramourx folded before Flop (didn't bet)
Seat 3: MoRsCeReBruM folded before Flop (didn't bet)
Seat 4: Kristo 914 folded before Flop (didn't bet)
Seat 5: blackclan7 (button) showed [Jh Ah] and won ($198.50) with two pair, Aces and Jacks
Seat 6: 1fudihara (small blind) showed [Ac 2c] and lost with two pair, Aces and Deuces



PokerStars Hand #254582093163:  Hold'em No Limit ($0.50/$1.00 USD) - 2025/01/27 18:30:34 WET [2025/01/27 13:30:34 ET]
Table 'Eumaios V' 6-max Seat #6 is the button
Seat 1: tintin641 ($112.80 in chips) 
Seat 2: paramourx ($100 in chips) 
Seat 3: MoRsCeReBruM ($107.64 in chips) 
Seat 4: Kristo 914 ($107 in chips) 
Seat 5: blackclan7 ($198.50 in chips) 
Seat 6: 1fudihara ($2 in chips) 
tintin641: posts small blind $0.50
paramourx: posts big blind $1
*** HOLE CARDS ***
MoRsCeReBruM: folds 
Kristo 914: folds 
blackclan7: folds 
1fudihara: raises $1 to $2 and is all-in
tintin641: folds 
paramourx: folds 
Uncalled bet ($1) returned to 1fudihara
1fudihara collected $2.50 from pot
1fudihara: doesn't show hand 
*** SUMMARY ***
Total pot $2.50 | Rake $0 
Seat 1: tintin641 (small blind) folded before Flop
Seat 2: paramourx (big blind) folded before Flop
Seat 3: MoRsCeReBruM folded before Flop (didn't bet)
Seat 4: Kristo 914 folded before Flop (didn't bet)
Seat 5: blackclan7 folded before Flop (didn't bet)
Seat 6: 1fudihara (button) collected ($2.50)



PokerStars Hand #254582099648:  Hold'em No Limit ($0.50/$1.00 USD) - 2025/01/27 18:30:57 WET [2025/01/27 13:30:57 ET]
Table 'Eumaios V' 6-max Seat #1 is the button
Seat 1: tintin641 ($112.30 in chips) 
Seat 2: paramourx ($100 in chips) 
Seat 3: MoRsCeReBruM ($107.64 in chips) 
Seat 4: Kristo 914 ($107 in chips) 
Seat 5: blackclan7 ($198.50 in chips) 
Seat 6: 1fudihara ($3.50 in chips) 
paramourx: posts small blind $0.50
MoRsCeReBruM: posts big blind $1
*** HOLE CARDS ***
Kristo 914: folds 
blackclan7: folds 
1fudihara: folds 
tintin641: folds 
paramourx: folds 
Uncalled bet ($0.50) returned to MoRsCeReBruM
MoRsCeReBruM collected $1 from pot
MoRsCeReBruM: doesn't show hand 
*** SUMMARY ***
Total pot $1 | Rake $0 
Seat 1: tintin641 (button) folded before Flop (didn't bet)
Seat 2: paramourx (small blind) folded before Flop
Seat 3: MoRsCeReBruM (big blind) collected ($1)
Seat 4: Kristo 914 folded before Flop (didn't bet)
Seat 5: blackclan7 folded before Flop (didn't bet)
Seat 6: 1fudihara folded before Flop (didn't bet)



PokerStars Hand #254582103573:  Hold'em No Limit ($0.50/$1.00 USD) - 2025/01/27 18:31:11 WET [2025/01/27 13:31:11 ET]
Table 'Eumaios V' 6-max Seat #2 is the button
Seat 1: tintin641 ($112.30 in chips) 
Seat 2: paramourx ($100 in chips) 
Seat 3: MoRsCeReBruM ($108.14 in chips) 
Seat 4: Kristo 914 ($107 in chips) 
Seat 5: blackclan7 ($198.50 in chips) 
Seat 6: 1fudihara ($3.50 in chips) 
MoRsCeReBruM: posts small blind $0.50
Kristo 914: posts big blind $1
*** HOLE CARDS ***
blackclan7: folds 
1fudihara: folds 
tintin641: raises $1.50 to $2.50
paramourx: folds 
MoRsCeReBruM: folds 
Kristo 914: folds 
Uncalled bet ($1.50) returned to tintin641
tintin641 collected $2.50 from pot
tintin641: doesn't show hand 
*** SUMMARY ***
Total pot $2.50 | Rake $0 
Seat 1: tintin641 collected ($2.50)
Seat 2: paramourx (button) folded before Flop (didn't bet)
Seat 3: MoRsCeReBruM (small blind) folded before Flop
Seat 4: Kristo 914 (big blind) folded before Flop
Seat 5: blackclan7 folded before Flop (didn't bet)
Seat 6: 1fudihara folded before Flop (didn't bet)



PokerStars Hand #254582107315:  Hold'em No Limit ($0.50/$1.00 USD) - 2025/01/27 18:31:24 WET [2025/01/27 13:31:24 ET]
Table 'Eumaios V' 6-max Seat #3 is the button
Seat 5: blackclan7 ($198.50 in chips) is sitting out
Seat 1: tintin641 ($113.80 in chips) 
Seat 2: paramourx ($100 in chips) 
Seat 3: MoRsCeReBruM ($107.64 in chips) 
Seat 4: Kristo 914 ($106 in chips) 
Seat 6: 1fudihara ($3.50 in chips) 
Kristo 914: posts small blind $0.50
blackclan7: is sitting out 
1fudihara: posts big blind $1
*** HOLE CARDS ***
tintin641: folds 
blackclan7 leaves the table
paramourx: folds 
MoRsCeReBruM: raises $1.50 to $2.50
Kristo 914: folds 
1fudihara: folds 
Uncalled bet ($1.50) returned to MoRsCeReBruM
MoRsCeReBruM collected $2.50 from pot
MoRsCeReBruM: doesn't show hand 
PhoenixAssassin joins the table at seat #5 
*** SUMMARY ***
Total pot $2.50 | Rake $0 
Seat 5: blackclan7
Seat 1: tintin641 folded before Flop (didn't bet)
Seat 2: paramourx folded before Flop (didn't bet)
Seat 3: MoRsCeReBruM (button) collected ($2.50)
Seat 4: Kristo 914 (small blind) folded before Flop
Seat 6: 1fudihara (big blind) folded before Flop



PokerStars Hand #254582120172:  Hold'em No Limit ($0.50/$1.00 USD) - 2025/01/27 18:32:10 WET [2025/01/27 13:32:10 ET]
Table 'Eumaios V' 6-max Seat #4 is the button
Seat 5: PhoenixAssassin ($100 in chips) is sitting out
Seat 1: tintin641 ($113.80 in chips) 
Seat 2: paramourx ($100 in chips) 
Seat 3: MoRsCeReBruM ($109.14 in chips) 
Seat 4: Kristo 914 ($105.50 in chips) 
Seat 6: 1fudihara ($2.50 in chips) 
1fudihara: posts small blind $0.50
tintin641: posts big blind $1
*** HOLE CARDS ***
paramourx: folds 
MoRsCeReBruM: raises $1.20 to $2.20
Kristo 914: folds 
1fudihara: calls $1.70
tintin641: calls $1.20
*** FLOP *** [4d Jh Td]
1fudihara: bets $0.30 and is all-in
tintin641: folds 
MoRsCeReBruM: calls $0.30
*** TURN *** [4d Jh Td] [8d]
*** RIVER *** [4d Jh Td 8d] [Jc]
*** SHOW DOWN ***
1fudihara: shows [3h As] (a pair of Jacks)
MoRsCeReBruM: shows [Qd Ks] (a pair of Jacks - lower kicker)
1fudihara collected $6.84 from pot
*** SUMMARY ***
Total pot $7.20 | Rake $0.36 
Board [4d Jh Td 8d Jc]
Seat 5: PhoenixAssassin
Seat 1: tintin641 (big blind) folded on the Flop
Seat 2: paramourx folded before Flop (didn't bet)
Seat 3: MoRsCeReBruM showed [Qd Ks] and lost with a pair of Jacks
Seat 4: Kristo 914 (button) folded before Flop (didn't bet)
Seat 6: 1fudihara (small blind) showed [3h As] and won ($6.84) with a pair of Jacks



PokerStars Hand #254582131519:  Hold'em No Limit ($0.50/$1.00 USD) - 2025/01/27 18:32:50 WET [2025/01/27 13:32:50 ET]
Table 'Eumaios V' 6-max Seat #6 is the button
Seat 5: PhoenixAssassin ($100 in chips) is sitting out
Seat 1: tintin641 ($111.60 in chips) 
Seat 2: paramourx ($100 in chips) 
Seat 3: MoRsCeReBruM ($106.64 in chips) 
Seat 4: Kristo 914 ($105.50 in chips) 
Seat 6: 1fudihara ($100 in chips) 
tintin641: posts small blind $0.50
paramourx: posts big blind $1
PhoenixAssassin: sits out 
*** HOLE CARDS ***
MoRsCeReBruM: folds 
Kristo 914: folds 
1fudihara: folds 
tintin641: folds 
Uncalled bet ($0.50) returned to paramourx
paramourx collected $1 from pot
paramourx: doesn't show hand 
*** SUMMARY ***
Total pot $1 | Rake $0 
Seat 5: PhoenixAssassin
Seat 1: tintin641 (small blind) folded before Flop
Seat 2: paramourx (big blind) collected ($1)
Seat 3: MoRsCeReBruM folded before Flop (didn't bet)
Seat 4: Kristo 914 folded before Flop (didn't bet)
Seat 6: 1fudihara (button) folded before Flop (didn't bet)



PokerStars Hand #254582134352:  Hold'em No Limit ($0.50/$1.00 USD) - 2025/01/27 18:32:59 WET [2025/01/27 13:32:59 ET]
Table 'Eumaios V' 6-max Seat #1 is the button
Seat 5: PhoenixAssassin ($100 in chips) is sitting out
Seat 1: tintin641 ($111.10 in chips) 
Seat 2: paramourx ($100.50 in chips) 
Seat 3: MoRsCeReBruM ($106.64 in chips) 
Seat 4: Kristo 914 ($105.50 in chips) 
Seat 6: 1fudihara ($100 in chips) 
paramourx: posts small blind $0.50
MoRsCeReBruM: posts big blind $1
PhoenixAssassin: sits out 
*** HOLE CARDS ***
Kristo 914: raises $1.40 to $2.40
1fudihara: folds 
tintin641: folds 
paramourx: folds 
MoRsCeReBruM: folds 
Uncalled bet ($1.40) returned to Kristo 914
Kristo 914 collected $2.50 from pot
Kristo 914: doesn't show hand 
*** SUMMARY ***
Total pot $2.50 | Rake $0 
Seat 5: PhoenixAssassin
Seat 1: tintin641 (button) folded before Flop (didn't bet)
Seat 2: paramourx (small blind) folded before Flop
Seat 3: MoRsCeReBruM (big blind) folded before Flop
Seat 4: Kristo 914 collected ($2.50)
Seat 6: 1fudihara folded before Flop (didn't bet)



PokerStars Hand #254582140186:  Hold'em No Limit ($0.50/$1.00 USD) - 2025/01/27 18:33:20 WET [2025/01/27 13:33:20 ET]
Table 'Eumaios V' 6-max Seat #2 is the button
Seat 5: PhoenixAssassin ($100 in chips) is sitting out
Seat 1: tintin641 ($111.10 in chips) 
Seat 2: paramourx ($100 in chips) 
Seat 3: MoRsCeReBruM ($105.64 in chips) 
Seat 4: Kristo 914 ($107 in chips) 
Seat 6: 1fudihara ($100 in chips) 
MoRsCeReBruM: posts small blind $0.50
Kristo 914: posts big blind $1
PhoenixAssassin: sits out 
*** HOLE CARDS ***
1fudihara: folds 
tintin641: raises $1.50 to $2.50
paramourx: folds 
MoRsCeReBruM: folds 
Kristo 914: calls $1.50
*** FLOP *** [7s Ad 8d]
Kristo 914: checks 
tintin641: bets $1.72
Kristo 914: calls $1.72
*** TURN *** [7s Ad 8d] [4c]
Kristo 914: checks 
tintin641: checks 
*** RIVER *** [7s Ad 8d 4c] [8c]
Kristo 914: bets $5.50
tintin641: calls $5.50
*** SHOW DOWN ***
Kristo 914: shows [Ac Qd] (two pair, Aces and Eights)
tintin641: mucks hand 
Kristo 914 collected $18.94 from pot
*** SUMMARY ***
Total pot $19.94 | Rake $1 
Board [7s Ad 8d 4c 8c]
Seat 5: PhoenixAssassin
Seat 1: tintin641 mucked
Seat 2: paramourx (button) folded before Flop (didn't bet)
Seat 3: MoRsCeReBruM (small blind) folded before Flop
Seat 4: Kristo 914 (big blind) showed [Ac Qd] and won ($18.94) with two pair, Aces and Eights
Seat 6: 1fudihara folded before Flop (didn't bet)



PokerStars Hand #254582163231:  Hold'em No Limit ($0.50/$1.00 USD) - 2025/01/27 18:34:41 WET [2025/01/27 13:34:41 ET]
Table 'Eumaios V' 6-max Seat #3 is the button
Seat 1: tintin641 ($101.38 in chips) 
Seat 2: paramourx ($100 in chips) 
Seat 3: MoRsCeReBruM ($105.14 in chips) 
Seat 4: Kristo 914 ($116.22 in chips) 
Seat 5: PhoenixAssassin ($100 in chips) 
Seat 6: 1fudihara ($100 in chips) 
Kristo 914: posts small blind $0.50
PhoenixAssassin: posts big blind $1
*** HOLE CARDS ***
1fudihara has timed out
1fudihara: folds 
tintin641: folds 
paramourx: folds 
MoRsCeReBruM: folds 
Kristo 914: folds 
Uncalled bet ($0.50) returned to PhoenixAssassin
PhoenixAssassin collected $1 from pot
PhoenixAssassin: doesn't show hand 
*** SUMMARY ***
Total pot $1 | Rake $0 
Seat 1: tintin641 folded before Flop (didn't bet)
Seat 2: paramourx folded before Flop (didn't bet)
Seat 3: MoRsCeReBruM (button) folded before Flop (didn't bet)
Seat 4: Kristo 914 (small blind) folded before Flop
Seat 5: PhoenixAssassin (big blind) collected ($1)
Seat 6: 1fudihara folded before Flop (didn't bet)



PokerStars Hand #254582172388:  Hold'em No Limit ($0.50/$1.00 USD) - 2025/01/27 18:35:12 WET [2025/01/27 13:35:12 ET]
Table 'Eumaios V' 6-max Seat #4 is the button
Seat 1: tintin641 ($101.38 in chips) 
Seat 2: paramourx ($100 in chips) 
Seat 3: MoRsCeReBruM ($105.14 in chips) 
Seat 4: Kristo 914 ($115.72 in chips) 
Seat 5: PhoenixAssassin ($100.50 in chips) 
Seat 6: 1fudihara ($100 in chips) 
PhoenixAssassin: posts small blind $0.50
1fudihara: posts big blind $1
*** HOLE CARDS ***
tintin641: folds 
paramourx: raises $2 to $3
MoRsCeReBruM: folds 
Kristo 914: folds 
PhoenixAssassin: folds 
1fudihara: calls $2
*** FLOP *** [2c Th 8s]
1fudihara: checks 
paramourx: bets $1.92
1fudihara: calls $1.92
*** TURN *** [2c Th 8s] [Ad]
1fudihara: checks 
paramourx: checks 
*** RIVER *** [2c Th 8s Ad] [8c]
1fudihara: checks 
paramourx: checks 
*** SHOW DOWN ***
1fudihara: shows [3h 9h] (a pair of Eights)
paramourx: shows [Kc 7c] (a pair of Eights - Ace+King kicker)
paramourx collected $9.82 from pot
*** SUMMARY ***
Total pot $10.34 | Rake $0.52 
Board [2c Th 8s Ad 8c]
Seat 1: tintin641 folded before Flop (didn't bet)
Seat 2: paramourx showed [Kc 7c] and won ($9.82) with a pair of Eights
Seat 3: MoRsCeReBruM folded before Flop (didn't bet)
Seat 4: Kristo 914 (button) folded before Flop (didn't bet)
Seat 5: PhoenixAssassin (small blind) folded before Flop
Seat 6: 1fudihara (big blind) showed [3h 9h] and lost with a pair of Eights



PokerStars Hand #254582185599:  Hold'em No Limit ($0.50/$1.00 USD) - 2025/01/27 18:35:58 WET [2025/01/27 13:35:58 ET]
Table 'Eumaios V' 6-max Seat #5 is the button
Seat 1: tintin641 ($101.38 in chips) 
Seat 2: paramourx ($104.90 in chips) 
Seat 3: MoRsCeReBruM ($105.14 in chips) 
Seat 4: Kristo 914 ($115.72 in chips) 
Seat 5: PhoenixAssassin ($100 in chips) 
Seat 6: 1fudihara ($100 in chips) 
1fudihara: posts small blind $0.50
tintin641: posts big blind $1
*** HOLE CARDS ***
paramourx: folds 
MoRsCeReBruM: folds 
Kristo 914: folds 
PhoenixAssassin: raises $1.50 to $2.50
1fudihara: raises $7.50 to $10
tintin641: folds 
PhoenixAssassin: folds 
Uncalled bet ($7.50) returned to 1fudihara
1fudihara collected $6 from pot
1fudihara: doesn't show hand 
*** SUMMARY ***
Total pot $6 | Rake $0 
Seat 1: tintin641 (big blind) folded before Flop
Seat 2: paramourx folded before Flop (didn't bet)
Seat 3: MoRsCeReBruM folded before Flop (didn't bet)
Seat 4: Kristo 914 folded before Flop (didn't bet)
Seat 5: PhoenixAssassin (button) folded before Flop
Seat 6: 1fudihara (small blind) collected ($6)



PokerStars Hand #254582191768:  Hold'em No Limit ($0.50/$1.00 USD) - 2025/01/27 18:36:20 WET [2025/01/27 13:36:20 ET]
Table 'Eumaios V' 6-max Seat #6 is the button
Seat 1: tintin641 ($100.38 in chips) 
Seat 2: paramourx ($104.90 in chips) 
Seat 3: MoRsCeReBruM ($105.14 in chips) 
Seat 4: Kristo 914 ($115.72 in chips) 
Seat 5: PhoenixAssassin ($100 in chips) 
Seat 6: 1fudihara ($103.50 in chips) 
tintin641: posts small blind $0.50
paramourx: posts big blind $1
*** HOLE CARDS ***
MoRsCeReBruM: folds 
Kristo 914: raises $1.40 to $2.40
PhoenixAssassin: folds 
1fudihara: calls $2.40
tintin641: folds 
paramourx: folds 
*** FLOP *** [7c 7s Ks]
Kristo 914: checks 
1fudihara: checks 
*** TURN *** [7c 7s Ks] [Kc]
Kristo 914: checks 
1fudihara: bets $3
Kristo 914: folds 
Uncalled bet ($3) returned to 1fudihara
1fudihara collected $5.98 from pot
1fudihara: doesn't show hand 
*** SUMMARY ***
Total pot $6.30 | Rake $0.32 
Board [7c 7s Ks Kc]
Seat 1: tintin641 (small blind) folded before Flop
Seat 2: paramourx (big blind) folded before Flop
Seat 3: MoRsCeReBruM folded before Flop (didn't bet)
Seat 4: Kristo 914 folded on the Turn
Seat 5: PhoenixAssassin folded before Flop (didn't bet)
Seat 6: 1fudihara (button) collected ($5.98)



PokerStars Hand #254582198800:  Hold'em No Limit ($0.50/$1.00 USD) - 2025/01/27 18:36:45 WET [2025/01/27 13:36:45 ET]
Table 'Eumaios V' 6-max Seat #1 is the button
Seat 1: tintin641 ($100 in chips) 
Seat 2: paramourx ($103.90 in chips) 
Seat 3: MoRsCeReBruM ($105.14 in chips) 
Seat 4: Kristo 914 ($113.32 in chips) 
Seat 5: PhoenixAssassin ($100 in chips) 
Seat 6: 1fudihara ($107.08 in chips) 
paramourx: posts small blind $0.50
MoRsCeReBruM: posts big blind $1
*** HOLE CARDS ***
Kristo 914: folds 
PhoenixAssassin: folds 
1fudihara: folds 
tintin641: folds 
paramourx: folds 
Uncalled bet ($0.50) returned to MoRsCeReBruM
MoRsCeReBruM collected $1 from pot
MoRsCeReBruM: doesn't show hand 
*** SUMMARY ***
Total pot $1 | Rake $0 
Seat 1: tintin641 (button) folded before Flop (didn't bet)
Seat 2: paramourx (small blind) folded before Flop
Seat 3: MoRsCeReBruM (big blind) collected ($1)
Seat 4: Kristo 914 folded before Flop (didn't bet)
Seat 5: PhoenixAssassin folded before Flop (didn't bet)
Seat 6: 1fudihara folded before Flop (didn't bet)



PokerStars Hand #254582202537:  Hold'em No Limit ($0.50/$1.00 USD) - 2025/01/27 18:36:58 WET [2025/01/27 13:36:58 ET]
Table 'Eumaios V' 6-max Seat #2 is the button
Seat 1: tintin641 ($100 in chips) 
Seat 2: paramourx ($103.40 in chips) 
Seat 3: MoRsCeReBruM ($105.64 in chips) 
Seat 4: Kristo 914 ($113.32 in chips) 
Seat 5: PhoenixAssassin ($100 in chips) 
Seat 6: 1fudihara ($107.08 in chips) 
MoRsCeReBruM: posts small blind $0.50
Kristo 914: posts big blind $1
*** HOLE CARDS ***
PhoenixAssassin: folds 
1fudihara: raises $1.50 to $2.50
tintin641: folds 
paramourx: folds 
MoRsCeReBruM: folds 
Kristo 914: folds 
Uncalled bet ($1.50) returned to 1fudihara
1fudihara collected $2.50 from pot
1fudihara: doesn't show hand 
*** SUMMARY ***
Total pot $2.50 | Rake $0 
Seat 1: tintin641 folded before Flop (didn't bet)
Seat 2: paramourx (button) folded before Flop (didn't bet)
Seat 3: MoRsCeReBruM (small blind) folded before Flop
Seat 4: Kristo 914 (big blind) folded before Flop
Seat 5: PhoenixAssassin folded before Flop (didn't bet)
Seat 6: 1fudihara collected ($2.50)



PokerStars Hand #254582212585:  Hold'em No Limit ($0.50/$1.00 USD) - 2025/01/27 18:37:33 WET [2025/01/27 13:37:33 ET]
Table 'Eumaios V' 6-max Seat #3 is the button
Seat 1: tintin641 ($100 in chips) 
Seat 2: paramourx ($103.40 in chips) 
Seat 3: MoRsCeReBruM ($105.14 in chips) 
Seat 4: Kristo 914 ($112.32 in chips) 
Seat 5: PhoenixAssassin ($100 in chips) 
Seat 6: 1fudihara ($108.58 in chips) 
Kristo 914: posts small blind $0.50
PhoenixAssassin: posts big blind $1
*** HOLE CARDS ***
1fudihara: folds 
tintin641: folds 
paramourx: folds 
MoRsCeReBruM: raises $1.50 to $2.50
Kristo 914: raises $8.50 to $11
PhoenixAssassin: folds 
MoRsCeReBruM: calls $8.50
*** FLOP *** [9s 3h Ks]
Kristo 914: bets $11.14
MoRsCeReBruM: calls $11.14
*** TURN *** [9s 3h Ks] [Kc]
Kristo 914: bets $21.58
MoRsCeReBruM: folds 
Uncalled bet ($21.58) returned to Kristo 914
Kristo 914 collected $43.02 from pot
Kristo 914: doesn't show hand 
*** SUMMARY ***
Total pot $45.28 | Rake $2.26 
Board [9s 3h Ks Kc]
Seat 1: tintin641 folded before Flop (didn't bet)
Seat 2: paramourx folded before Flop (didn't bet)
Seat 3: MoRsCeReBruM (button) folded on the Turn
Seat 4: Kristo 914 (small blind) collected ($43.02)
Seat 5: PhoenixAssassin (big blind) folded before Flop
Seat 6: 1fudihara folded before Flop (didn't bet)



PokerStars Hand #254582247895:  Hold'em No Limit ($0.50/$1.00 USD) - 2025/01/27 18:39:36 WET [2025/01/27 13:39:36 ET]
Table 'Eumaios V' 6-max Seat #4 is the button
Seat 1: tintin641 ($100 in chips) 
Seat 2: paramourx ($103.40 in chips) 
Seat 3: MoRsCeReBruM ($100 in chips) 
Seat 4: Kristo 914 ($133.20 in chips) 
Seat 5: PhoenixAssassin ($100 in chips) 
Seat 6: 1fudihara ($108.58 in chips) 
PhoenixAssassin: posts small blind $0.50
1fudihara: posts big blind $1
*** HOLE CARDS ***
tintin641: folds 
paramourx: raises $2 to $3
MoRsCeReBruM: folds 
Kristo 914: folds 
PhoenixAssassin: raises $9 to $12
1fudihara: folds 
paramourx: calls $9
*** FLOP *** [9h Tc 9s]
PhoenixAssassin: checks 
paramourx: checks 
*** TURN *** [9h Tc 9s] [Ks]
PhoenixAssassin: bets $15.68
paramourx: folds 
Uncalled bet ($15.68) returned to PhoenixAssassin
PhoenixAssassin collected $23.75 from pot
PhoenixAssassin: doesn't show hand 
*** SUMMARY ***
Total pot $25 | Rake $1.25 
Board [9h Tc 9s Ks]
Seat 1: tintin641 folded before Flop (didn't bet)
Seat 2: paramourx folded on the Turn
Seat 3: MoRsCeReBruM folded before Flop (didn't bet)
Seat 4: Kristo 914 (button) folded before Flop (didn't bet)
Seat 5: PhoenixAssassin (small blind) collected ($23.75)
Seat 6: 1fudihara (big blind) folded before Flop



PokerStars Hand #254582268830:  Hold'em No Limit ($0.50/$1.00 USD) - 2025/01/27 18:40:49 WET [2025/01/27 13:40:49 ET]
Table 'Eumaios V' 6-max Seat #5 is the button
Seat 1: tintin641 ($100 in chips) 
Seat 2: paramourx ($100 in chips) 
Seat 3: MoRsCeReBruM ($100 in chips) 
Seat 4: Kristo 914 ($133.20 in chips) 
Seat 5: PhoenixAssassin ($111.75 in chips) 
Seat 6: 1fudihara ($107.58 in chips) 
1fudihara: posts small blind $0.50
tintin641: posts big blind $1
*** HOLE CARDS ***
paramourx: folds 
MoRsCeReBruM: folds 
Kristo 914: folds 
PhoenixAssassin: raises $1.50 to $2.50
1fudihara: calls $2
tintin641: folds 
*** FLOP *** [Th 4d Qs]
1fudihara: checks 
PhoenixAssassin: bets $1.88
1fudihara: folds 
Uncalled bet ($1.88) returned to PhoenixAssassin
PhoenixAssassin collected $5.70 from pot
PhoenixAssassin: doesn't show hand 
*** SUMMARY ***
Total pot $6 | Rake $0.30 
Board [Th 4d Qs]
Seat 1: tintin641 (big blind) folded before Flop
Seat 2: paramourx folded before Flop (didn't bet)
Seat 3: MoRsCeReBruM folded before Flop (didn't bet)
Seat 4: Kristo 914 folded before Flop (didn't bet)
Seat 5: PhoenixAssassin (button) collected ($5.70)
Seat 6: 1fudihara (small blind) folded on the Flop



PokerStars Hand #254582277721:  Hold'em No Limit ($0.50/$1.00 USD) - 2025/01/27 18:41:19 WET [2025/01/27 13:41:19 ET]
Table 'Eumaios V' 6-max Seat #6 is the button
Seat 1: tintin641 ($100 in chips) 
Seat 2: paramourx ($100 in chips) 
Seat 3: MoRsCeReBruM ($100 in chips) 
Seat 4: Kristo 914 ($133.20 in chips) 
Seat 5: PhoenixAssassin ($114.95 in chips) 
Seat 6: 1fudihara ($105.08 in chips) 
tintin641: posts small blind $0.50
paramourx: posts big blind $1
*** HOLE CARDS ***
MoRsCeReBruM: folds 
Kristo 914: folds 
PhoenixAssassin: folds 
1fudihara: folds 
tintin641: folds 
Uncalled bet ($0.50) returned to paramourx
paramourx collected $1 from pot
paramourx: doesn't show hand 
*** SUMMARY ***
Total pot $1 | Rake $0 
Seat 1: tintin641 (small blind) folded before Flop
Seat 2: paramourx (big blind) collected ($1)
Seat 3: MoRsCeReBruM folded before Flop (didn't bet)
Seat 4: Kristo 914 folded before Flop (didn't bet)
Seat 5: PhoenixAssassin folded before Flop (didn't bet)
Seat 6: 1fudihara (button) folded before Flop (didn't bet)



PokerStars Hand #254582282938:  Hold'em No Limit ($0.50/$1.00 USD) - 2025/01/27 18:41:38 WET [2025/01/27 13:41:38 ET]
Table 'Eumaios V' 6-max Seat #1 is the button
Seat 1: tintin641 ($100 in chips) 
Seat 2: paramourx ($100.50 in chips) 
Seat 3: MoRsCeReBruM ($100 in chips) 
Seat 4: Kristo 914 ($133.20 in chips) 
Seat 5: PhoenixAssassin ($114.95 in chips) 
Seat 6: 1fudihara ($105.08 in chips) 
paramourx: posts small blind $0.50
MoRsCeReBruM: posts big blind $1
*** HOLE CARDS ***
Kristo 914: folds 
PhoenixAssassin: folds 
1fudihara has timed out
1fudihara: folds 
tintin641: folds 
paramourx: folds 
Uncalled bet ($0.50) returned to MoRsCeReBruM
MoRsCeReBruM collected $1 from pot
MoRsCeReBruM: doesn't show hand 
*** SUMMARY ***
Total pot $1 | Rake $0 
Seat 1: tintin641 (button) folded before Flop (didn't bet)
Seat 2: paramourx (small blind) folded before Flop
Seat 3: MoRsCeReBruM (big blind) collected ($1)
Seat 4: Kristo 914 folded before Flop (didn't bet)
Seat 5: PhoenixAssassin folded before Flop (didn't bet)
Seat 6: 1fudihara folded before Flop (didn't bet)



PokerStars Hand #254582290273:  Hold'em No Limit ($0.50/$1.00 USD) - 2025/01/27 18:42:03 WET [2025/01/27 13:42:03 ET]
Table 'Eumaios V' 6-max Seat #2 is the button
Seat 1: tintin641 ($100 in chips) 
Seat 2: paramourx ($100 in chips) 
Seat 3: MoRsCeReBruM ($100.50 in chips) 
Seat 4: Kristo 914 ($133.20 in chips) 
Seat 5: PhoenixAssassin ($114.95 in chips) 
Seat 6: 1fudihara ($105.08 in chips) 
MoRsCeReBruM: posts small blind $0.50
Kristo 914: posts big blind $1
*** HOLE CARDS ***
PhoenixAssassin: folds 
1fudihara: folds 
tintin641: folds 
paramourx: raises $2 to $3
MoRsCeReBruM: folds 
Kristo 914: calls $2
*** FLOP *** [4h Jd 9c]
Kristo 914: checks 
paramourx: bets $1.92
Kristo 914: calls $1.92
*** TURN *** [4h Jd 9c] [2s]
Kristo 914: checks 
paramourx: checks 
*** RIVER *** [4h Jd 9c 2s] [8h]
Kristo 914: bets $2.85
paramourx: folds 
Uncalled bet ($2.85) returned to Kristo 914
Kristo 914 collected $9.82 from pot
Kristo 914: doesn't show hand 
*** SUMMARY ***
Total pot $10.34 | Rake $0.52 
Board [4h Jd 9c 2s 8h]
Seat 1: tintin641 folded before Flop (didn't bet)
Seat 2: paramourx (button) folded on the River
Seat 3: MoRsCeReBruM (small blind) folded before Flop
Seat 4: Kristo 914 (big blind) collected ($9.82)
Seat 5: PhoenixAssassin folded before Flop (didn't bet)
Seat 6: 1fudihara folded before Flop (didn't bet)



PokerStars Hand #254582309143:  Hold'em No Limit ($0.50/$1.00 USD) - 2025/01/27 18:43:08 WET [2025/01/27 13:43:08 ET]
Table 'Eumaios V' 6-max Seat #3 is the button
Seat 1: tintin641 ($100 in chips) 
Seat 2: paramourx ($100 in chips) 
Seat 3: MoRsCeReBruM ($100 in chips) 
Seat 4: Kristo 914 ($138.10 in chips) 
Seat 5: PhoenixAssassin ($114.95 in chips) 
Seat 6: 1fudihara ($105.08 in chips) 
Kristo 914: posts small blind $0.50
PhoenixAssassin: posts big blind $1
*** HOLE CARDS ***
1fudihara: folds 
tintin641: folds 
paramourx: folds 
MoRsCeReBruM: folds 
Kristo 914: raises $2 to $3
PhoenixAssassin: calls $2
*** FLOP *** [Th 8h Kc]
Kristo 914: bets $1.65
PhoenixAssassin: calls $1.65
*** TURN *** [Th 8h Kc] [Td]
Kristo 914: checks 
PhoenixAssassin: checks 
*** RIVER *** [Th 8h Kc Td] [5d]
Kristo 914: bets $2.56
PhoenixAssassin: calls $2.56
*** SHOW DOWN ***
Kristo 914: shows [Ah 3h] (a pair of Tens)
PhoenixAssassin: shows [Qd 8d] (two pair, Tens and Eights)
PhoenixAssassin collected $13.70 from pot
*** SUMMARY ***
Total pot $14.42 | Rake $0.72 
Board [Th 8h Kc Td 5d]
Seat 1: tintin641 folded before Flop (didn't bet)
Seat 2: paramourx folded before Flop (didn't bet)
Seat 3: MoRsCeReBruM (button) folded before Flop (didn't bet)
Seat 4: Kristo 914 (small blind) showed [Ah 3h] and lost with a pair of Tens
Seat 5: PhoenixAssassin (big blind) showed [Qd 8d] and won ($13.70) with two pair, Tens and Eights
Seat 6: 1fudihara folded before Flop (didn't bet)



PokerStars Hand #254582341748:  Hold'em No Limit ($0.50/$1.00 USD) - 2025/01/27 18:45:01 WET [2025/01/27 13:45:01 ET]
Table 'Eumaios V' 6-max Seat #4 is the button
Seat 1: tintin641 ($100 in chips) 
Seat 2: paramourx ($100 in chips) 
Seat 3: MoRsCeReBruM ($100 in chips) 
Seat 4: Kristo 914 ($130.89 in chips) 
Seat 5: PhoenixAssassin ($121.44 in chips) 
Seat 6: 1fudihara ($105.08 in chips) 
PhoenixAssassin: posts small blind $0.50
1fudihara: posts big blind $1
*** HOLE CARDS ***
tintin641: folds 
paramourx: raises $2 to $3
MoRsCeReBruM: folds 
Kristo 914: raises $6 to $9
PhoenixAssassin: folds 
1fudihara: folds 
paramourx: calls $6
*** FLOP *** [6h 2h 2s]
paramourx: checks 
Kristo 914: bets $14.08
paramourx: folds 
Uncalled bet ($14.08) returned to Kristo 914
Kristo 914 collected $18.52 from pot
Kristo 914: doesn't show hand 
*** SUMMARY ***
Total pot $19.50 | Rake $0.98 
Board [6h 2h 2s]
Seat 1: tintin641 folded before Flop (didn't bet)
Seat 2: paramourx folded on the Flop
Seat 3: MoRsCeReBruM folded before Flop (didn't bet)
Seat 4: Kristo 914 (button) collected ($18.52)
Seat 5: PhoenixAssassin (small blind) folded before Flop
Seat 6: 1fudihara (big blind) folded before Flop



PokerStars Hand #254582355433:  Hold'em No Limit ($0.50/$1.00 USD) - 2025/01/27 18:45:49 WET [2025/01/27 13:45:49 ET]
Table 'Eumaios V' 6-max Seat #5 is the button
Seat 1: tintin641 ($100 in chips) 
Seat 2: paramourx ($100 in chips) 
Seat 3: MoRsCeReBruM ($100 in chips) 
Seat 4: Kristo 914 ($140.41 in chips) 
Seat 5: PhoenixAssassin ($120.94 in chips) 
Seat 6: 1fudihara ($104.08 in chips) 
1fudihara: posts small blind $0.50
tintin641: posts big blind $1
*** HOLE CARDS ***
paramourx: raises $2 to $3
MoRsCeReBruM: folds 
Kristo 914: folds 
PhoenixAssassin: folds 
1fudihara: calls $2.50
tintin641: folds 
*** FLOP *** [9s Tc 2c]
1fudihara: checks 
paramourx: bets $5.19
1fudihara: calls $5.19
*** TURN *** [9s Tc 2c] [6h]
1fudihara: checks 
paramourx: bets $12.88
1fudihara: calls $12.88
*** RIVER *** [9s Tc 2c 6h] [7h]
1fudihara: bets $83.01 and is all-in
paramourx: folds 
Uncalled bet ($83.01) returned to 1fudihara
1fudihara collected $40.98 from pot
1fudihara: doesn't show hand 
*** SUMMARY ***
Total pot $43.14 | Rake $2.16 
Board [9s Tc 2c 6h 7h]
Seat 1: tintin641 (big blind) folded before Flop
Seat 2: paramourx folded on the River
Seat 3: MoRsCeReBruM folded before Flop (didn't bet)
Seat 4: Kristo 914 folded before Flop (didn't bet)
Seat 5: PhoenixAssassin (button) folded before Flop (didn't bet)
Seat 6: 1fudihara (small blind) collected ($40.98)



PokerStars Hand #254582371959:  Hold'em No Limit ($0.50/$1.00 USD) - 2025/01/27 18:46:46 WET [2025/01/27 13:46:46 ET]
Table 'Eumaios V' 6-max Seat #6 is the button
Seat 1: tintin641 ($100 in chips) 
Seat 2: paramourx ($100 in chips) 
Seat 3: MoRsCeReBruM ($100 in chips) 
Seat 4: Kristo 914 ($140.41 in chips) 
Seat 5: PhoenixAssassin ($120.94 in chips) 
Seat 6: 1fudihara ($123.99 in chips) 
tintin641: posts small blind $0.50
paramourx: posts big blind $1
*** HOLE CARDS ***
MoRsCeReBruM: folds 
Kristo 914: folds 
PhoenixAssassin: folds 
1fudihara: raises $2 to $3
tintin641: raises $9 to $12
paramourx: folds 
1fudihara: calls $9
*** FLOP *** [3c 4d 3h]
tintin641: checks 
1fudihara: checks 
*** TURN *** [3c 4d 3h] [5d]
tintin641: checks 
1fudihara: checks 
*** RIVER *** [3c 4d 3h 5d] [7c]
tintin641: checks 
1fudihara: checks 
*** SHOW DOWN ***
tintin641: shows [As Th] (a pair of Threes)
1fudihara: shows [Qc Ad] (a pair of Threes - Ace+Queen kicker)
1fudihara collected $23.75 from pot
*** SUMMARY ***
Total pot $25 | Rake $1.25 
Board [3c 4d 3h 5d 7c]
Seat 1: tintin641 (small blind) showed [As Th] and lost with a pair of Threes
Seat 2: paramourx (big blind) folded before Flop
Seat 3: MoRsCeReBruM folded before Flop (didn't bet)
Seat 4: Kristo 914 folded before Flop (didn't bet)
Seat 5: PhoenixAssassin folded before Flop (didn't bet)
Seat 6: 1fudihara (button) showed [Qc Ad] and won ($23.75) with a pair of Threes



PokerStars Hand #254582387743:  Hold'em No Limit ($0.50/$1.00 USD) - 2025/01/27 18:47:40 WET [2025/01/27 13:47:40 ET]
Table 'Eumaios V' 6-max Seat #1 is the button
Seat 1: tintin641 ($100 in chips) 
Seat 2: paramourx ($100 in chips) 
Seat 3: MoRsCeReBruM ($100 in chips) 
Seat 4: Kristo 914 ($140.41 in chips) 
Seat 5: PhoenixAssassin ($120.94 in chips) 
Seat 6: 1fudihara ($135.74 in chips) 
paramourx: posts small blind $0.50
MoRsCeReBruM: posts big blind $1
*** HOLE CARDS ***
Kristo 914: folds 
PhoenixAssassin: folds 
1fudihara: raises $2 to $3
tintin641: folds 
paramourx: raises $9 to $12
MoRsCeReBruM: folds 
1fudihara: calls $9
*** FLOP *** [Qc Kh 3h]
paramourx: bets $7.36
1fudihara: calls $7.36
*** TURN *** [Qc Kh 3h] [8h]
paramourx: checks 
1fudihara: checks 
*** RIVER *** [Qc Kh 3h 8h] [4s]
paramourx: checks 
1fudihara: checks 
*** SHOW DOWN ***
paramourx: shows [Ac Qs] (a pair of Queens)
1fudihara: mucks hand 
paramourx collected $37.73 from pot
*** SUMMARY ***
Total pot $39.72 | Rake $1.99 
Board [Qc Kh 3h 8h 4s]
Seat 1: tintin641 (button) folded before Flop (didn't bet)
Seat 2: paramourx (small blind) showed [Ac Qs] and won ($37.73) with a pair of Queens
Seat 3: MoRsCeReBruM (big blind) folded before Flop
Seat 4: Kristo 914 folded before Flop (didn't bet)
Seat 5: PhoenixAssassin folded before Flop (didn't bet)
Seat 6: 1fudihara mucked



PokerStars Hand #254582408487:  Hold'em No Limit ($0.50/$1.00 USD) - 2025/01/27 18:48:52 WET [2025/01/27 13:48:52 ET]
Table 'Eumaios V' 6-max Seat #2 is the button
Seat 1: tintin641 ($100 in chips) 
Seat 2: paramourx ($118.37 in chips) 
Seat 3: MoRsCeReBruM ($100 in chips) 
Seat 4: Kristo 914 ($140.41 in chips) 
Seat 5: PhoenixAssassin ($120.94 in chips) 
Seat 6: 1fudihara ($116.38 in chips) 
MoRsCeReBruM: posts small blind $0.50
Kristo 914: posts big blind $1
*** HOLE CARDS ***
PhoenixAssassin: raises $1.20 to $2.20
1fudihara: folds 
tintin641: folds 
paramourx: folds 
MoRsCeReBruM: folds 
Kristo 914: raises $8.80 to $11
PhoenixAssassin: folds 
Uncalled bet ($8.80) returned to Kristo 914
Kristo 914 collected $4.90 from pot
Kristo 914: doesn't show hand 
*** SUMMARY ***
Total pot $4.90 | Rake $0 
Seat 1: tintin641 folded before Flop (didn't bet)
Seat 2: paramourx (button) folded before Flop (didn't bet)
Seat 3: MoRsCeReBruM (small blind) folded before Flop
Seat 4: Kristo 914 (big blind) collected ($4.90)
Seat 5: PhoenixAssassin folded before Flop
Seat 6: 1fudihara folded before Flop (didn't bet)



PokerStars Hand #254582417276:  Hold'em No Limit ($0.50/$1.00 USD) - 2025/01/27 18:49:23 WET [2025/01/27 13:49:23 ET]
Table 'Eumaios V' 6-max Seat #3 is the button
Seat 1: tintin641 ($100 in chips) 
Seat 2: paramourx ($118.37 in chips) 
Seat 3: MoRsCeReBruM ($100 in chips) 
Seat 4: Kristo 914 ($143.11 in chips) 
Seat 5: PhoenixAssassin ($118.74 in chips) 
Seat 6: 1fudihara ($116.38 in chips) 
Kristo 914: posts small blind $0.50
PhoenixAssassin: posts big blind $1
*** HOLE CARDS ***
1fudihara: folds 
tintin641: folds 
paramourx: folds 
MoRsCeReBruM: folds 
Kristo 914: folds 
Uncalled bet ($0.50) returned to PhoenixAssassin
PhoenixAssassin collected $1 from pot
PhoenixAssassin: doesn't show hand 
*** SUMMARY ***
Total pot $1 | Rake $0 
Seat 1: tintin641 folded before Flop (didn't bet)
Seat 2: paramourx folded before Flop (didn't bet)
Seat 3: MoRsCeReBruM (button) folded before Flop (didn't bet)
Seat 4: Kristo 914 (small blind) folded before Flop
Seat 5: PhoenixAssassin (big blind) collected ($1)
Seat 6: 1fudihara folded before Flop (didn't bet)



PokerStars Hand #254582421513:  Hold'em No Limit ($0.50/$1.00 USD) - 2025/01/27 18:49:38 WET [2025/01/27 13:49:38 ET]
Table 'Eumaios V' 6-max Seat #4 is the button
Seat 1: tintin641 ($100 in chips) 
Seat 2: paramourx ($118.37 in chips) 
Seat 3: MoRsCeReBruM ($100 in chips) 
Seat 4: Kristo 914 ($142.61 in chips) 
Seat 5: PhoenixAssassin ($119.24 in chips) 
Seat 6: 1fudihara ($116.38 in chips) 
PhoenixAssassin: posts small blind $0.50
1fudihara: posts big blind $1
*** HOLE CARDS ***
tintin641: folds 
paramourx: folds 
MoRsCeReBruM: folds 
Kristo 914: folds 
PhoenixAssassin: folds 
Uncalled bet ($0.50) returned to 1fudihara
1fudihara collected $1 from pot
1fudihara: doesn't show hand 
*** SUMMARY ***
Total pot $1 | Rake $0 
Seat 1: tintin641 folded before Flop (didn't bet)
Seat 2: paramourx folded before Flop (didn't bet)
Seat 3: MoRsCeReBruM folded before Flop (didn't bet)
Seat 4: Kristo 914 (button) folded before Flop (didn't bet)
Seat 5: PhoenixAssassin (small blind) folded before Flop
Seat 6: 1fudihara (big blind) collected ($1)



PokerStars Hand #254582425830:  Hold'em No Limit ($0.50/$1.00 USD) - 2025/01/27 18:49:53 WET [2025/01/27 13:49:53 ET]
Table 'Eumaios V' 6-max Seat #5 is the button
Seat 1: tintin641 ($100 in chips) 
Seat 2: paramourx ($118.37 in chips) 
Seat 3: MoRsCeReBruM ($100 in chips) 
Seat 4: Kristo 914 ($142.61 in chips) 
Seat 5: PhoenixAssassin ($118.74 in chips) 
Seat 6: 1fudihara ($116.88 in chips) 
1fudihara: posts small blind $0.50
tintin641: posts big blind $1
*** HOLE CARDS ***
paramourx: raises $2 to $3
MoRsCeReBruM: folds 
Kristo 914: folds 
PhoenixAssassin: folds 
1fudihara: folds 
tintin641: folds 
Uncalled bet ($2) returned to paramourx
paramourx collected $2.50 from pot
paramourx: doesn't show hand 
*** SUMMARY ***
Total pot $2.50 | Rake $0 
Seat 1: tintin641 (big blind) folded before Flop
Seat 2: paramourx collected ($2.50)
Seat 3: MoRsCeReBruM folded before Flop (didn't bet)
Seat 4: Kristo 914 folded before Flop (didn't bet)
Seat 5: PhoenixAssassin (button) folded before Flop (didn't bet)
Seat 6: 1fudihara (small blind) folded before Flop



PokerStars Hand #254582434204:  Hold'em No Limit ($0.50/$1.00 USD) - 2025/01/27 18:50:22 WET [2025/01/27 13:50:22 ET]
Table 'Eumaios V' 6-max Seat #6 is the button
Seat 1: tintin641 ($100 in chips) 
Seat 2: paramourx ($119.87 in chips) 
Seat 3: MoRsCeReBruM ($100 in chips) 
Seat 4: Kristo 914 ($142.61 in chips) 
Seat 5: PhoenixAssassin ($118.74 in chips) 
Seat 6: 1fudihara ($116.38 in chips) 
tintin641: posts small blind $0.50
paramourx: posts big blind $1
*** HOLE CARDS ***
MoRsCeReBruM: folds 
Kristo 914: folds 
PhoenixAssassin: raises $1.50 to $2.50
1fudihara: raises $8.50 to $11
tintin641: folds 
paramourx: folds 
PhoenixAssassin: folds 
Uncalled bet ($8.50) returned to 1fudihara
1fudihara collected $6.50 from pot
1fudihara: doesn't show hand 
*** SUMMARY ***
Total pot $6.50 | Rake $0 
Seat 1: tintin641 (small blind) folded before Flop
Seat 2: paramourx (big blind) folded before Flop
Seat 3: MoRsCeReBruM folded before Flop (didn't bet)
Seat 4: Kristo 914 folded before Flop (didn't bet)
Seat 5: PhoenixAssassin folded before Flop
Seat 6: 1fudihara (button) collected ($6.50)



PokerStars Hand #254582443434:  Hold'em No Limit ($0.50/$1.00 USD) - 2025/01/27 18:50:54 WET [2025/01/27 13:50:54 ET]
Table 'Eumaios V' 6-max Seat #1 is the button
Seat 1: tintin641 ($100 in chips) 
Seat 2: paramourx ($118.87 in chips) 
Seat 3: MoRsCeReBruM ($100 in chips) 
Seat 4: Kristo 914 ($142.61 in chips) 
Seat 5: PhoenixAssassin ($116.24 in chips) 
Seat 6: 1fudihara ($120.38 in chips) 
paramourx: posts small blind $0.50
MoRsCeReBruM: posts big blind $1
*** HOLE CARDS ***
Kristo 914: folds 
PhoenixAssassin: folds 
1fudihara: raises $1.50 to $2.50
tintin641: folds 
paramourx: folds 
MoRsCeReBruM: calls $1.50
*** FLOP *** [7c 6h 7s]
MoRsCeReBruM: checks 
1fudihara: checks 
*** TURN *** [7c 6h 7s] [5s]
MoRsCeReBruM: bets $1.72
1fudihara: calls $1.72
*** RIVER *** [7c 6h 7s 5s] [8h]
MoRsCeReBruM: bets $8
1fudihara: folds 
Uncalled bet ($8) returned to MoRsCeReBruM
MoRsCeReBruM collected $8.49 from pot
MoRsCeReBruM: doesn't show hand 
*** SUMMARY ***
Total pot $8.94 | Rake $0.45 
Board [7c 6h 7s 5s 8h]
Seat 1: tintin641 (button) folded before Flop (didn't bet)
Seat 2: paramourx (small blind) folded before Flop
Seat 3: MoRsCeReBruM (big blind) collected ($8.49)
Seat 4: Kristo 914 folded before Flop (didn't bet)
Seat 5: PhoenixAssassin folded before Flop (didn't bet)
Seat 6: 1fudihara folded on the River



PokerStars Hand #254582459713:  Hold'em No Limit ($0.50/$1.00 USD) - 2025/01/27 18:51:52 WET [2025/01/27 13:51:52 ET]
Table 'Eumaios V' 6-max Seat #2 is the button
Seat 1: tintin641 ($100 in chips) 
Seat 2: paramourx ($118.37 in chips) 
Seat 3: MoRsCeReBruM ($104.27 in chips) 
Seat 4: Kristo 914 ($142.61 in chips) 
Seat 5: PhoenixAssassin ($116.24 in chips) 
Seat 6: 1fudihara ($116.16 in chips) 
MoRsCeReBruM: posts small blind $0.50
Kristo 914: posts big blind $1
*** HOLE CARDS ***
PhoenixAssassin: folds 
1fudihara: folds 
tintin641: folds 
paramourx: raises $2 to $3
MoRsCeReBruM: folds 
Kristo 914: calls $2
*** FLOP *** [Kh 2d Kc]
Kristo 914: checks 
paramourx: bets $1.92
Kristo 914: folds 
Uncalled bet ($1.92) returned to paramourx
paramourx collected $6.18 from pot
paramourx: doesn't show hand 
*** SUMMARY ***
Total pot $6.50 | Rake $0.32 
Board [Kh 2d Kc]
Seat 1: tintin641 folded before Flop (didn't bet)
Seat 2: paramourx (button) collected ($6.18)
Seat 3: MoRsCeReBruM (small blind) folded before Flop
Seat 4: Kristo 914 (big blind) folded on the Flop
Seat 5: PhoenixAssassin folded before Flop (didn't bet)
Seat 6: 1fudihara folded before Flop (didn't bet)



PokerStars Hand #254582477104:  Hold'em No Limit ($0.50/$1.00 USD) - 2025/01/27 18:52:53 WET [2025/01/27 13:52:53 ET]
Table 'Eumaios V' 6-max Seat #3 is the button
Seat 1: tintin641 ($100 in chips) 
Seat 2: paramourx ($121.55 in chips) 
Seat 3: MoRsCeReBruM ($103.77 in chips) 
Seat 4: Kristo 914 ($139.61 in chips) 
Seat 5: PhoenixAssassin ($116.24 in chips) 
Seat 6: 1fudihara ($116.16 in chips) 
Kristo 914: posts small blind $0.50
PhoenixAssassin: posts big blind $1
*** HOLE CARDS ***
1fudihara: folds 
tintin641: raises $1.50 to $2.50
paramourx: folds 
MoRsCeReBruM: folds 
Kristo 914: folds 
PhoenixAssassin: folds 
Uncalled bet ($1.50) returned to tintin641
tintin641 collected $2.50 from pot
tintin641: doesn't show hand 
*** SUMMARY ***
Total pot $2.50 | Rake $0 
Seat 1: tintin641 collected ($2.50)
Seat 2: paramourx folded before Flop (didn't bet)
Seat 3: MoRsCeReBruM (button) folded before Flop (didn't bet)
Seat 4: Kristo 914 (small blind) folded before Flop
Seat 5: PhoenixAssassin (big blind) folded before Flop
Seat 6: 1fudihara folded before Flop (didn't bet)



PokerStars Hand #254582481995:  Hold'em No Limit ($0.50/$1.00 USD) - 2025/01/27 18:53:10 WET [2025/01/27 13:53:10 ET]
Table 'Eumaios V' 6-max Seat #4 is the button
Seat 1: tintin641 ($101.50 in chips) 
Seat 2: paramourx ($121.55 in chips) 
Seat 3: MoRsCeReBruM ($103.77 in chips) 
Seat 4: Kristo 914 ($139.11 in chips) 
Seat 5: PhoenixAssassin ($115.24 in chips) 
Seat 6: 1fudihara ($116.16 in chips) 
PhoenixAssassin: posts small blind $0.50
1fudihara: posts big blind $1
*** HOLE CARDS ***
tintin641: folds 
paramourx: folds 
MoRsCeReBruM: raises $1.20 to $2.20
Kristo 914: folds 
PhoenixAssassin: folds 
1fudihara: calls $1.20
*** FLOP *** [Qd 8s Ad]
1fudihara: checks 
MoRsCeReBruM: bets $3.12
1fudihara: calls $3.12
*** TURN *** [Qd 8s Ad] [4d]
1fudihara: checks 
MoRsCeReBruM: checks 
*** RIVER *** [Qd 8s Ad 4d] [7h]
1fudihara: checks 
MoRsCeReBruM: bets $7.09
1fudihara: calls $7.09
*** SHOW DOWN ***
MoRsCeReBruM: shows [As 8c] (two pair, Aces and Eights)
1fudihara: mucks hand 
MoRsCeReBruM collected $24.05 from pot
*** SUMMARY ***
Total pot $25.32 | Rake $1.27 
Board [Qd 8s Ad 4d 7h]
Seat 1: tintin641 folded before Flop (didn't bet)
Seat 2: paramourx folded before Flop (didn't bet)
Seat 3: MoRsCeReBruM showed [As 8c] and won ($24.05) with two pair, Aces and Eights
Seat 4: Kristo 914 (button) folded before Flop (didn't bet)
Seat 5: PhoenixAssassin (small blind) folded before Flop
Seat 6: 1fudihara (big blind) mucked



PokerStars Hand #254582494911:  Hold'em No Limit ($0.50/$1.00 USD) - 2025/01/27 18:53:55 WET [2025/01/27 13:53:55 ET]
Table 'Eumaios V' 6-max Seat #5 is the button
Seat 1: tintin641 ($101.50 in chips) 
Seat 2: paramourx ($121.55 in chips) 
Seat 3: MoRsCeReBruM ($115.41 in chips) 
Seat 4: Kristo 914 ($139.11 in chips) 
Seat 5: PhoenixAssassin ($114.74 in chips) 
Seat 6: 1fudihara ($103.75 in chips) 
1fudihara: posts small blind $0.50
tintin641: posts big blind $1
*** HOLE CARDS ***
paramourx: folds 
MoRsCeReBruM: raises $1 to $2
Kristo 914: folds 
PhoenixAssassin: folds 
1fudihara: calls $1.50
tintin641: folds 
*** FLOP *** [6s Ah 5c]
1fudihara: checks 
MoRsCeReBruM: bets $1.19
1fudihara: calls $1.19
*** TURN *** [6s Ah 5c] [Qs]
1fudihara: checks 
MoRsCeReBruM: checks 
*** RIVER *** [6s Ah 5c Qs] [Qh]
1fudihara: checks 
MoRsCeReBruM: checks 
*** SHOW DOWN ***
1fudihara: shows [Tc 9c] (a pair of Queens)
MoRsCeReBruM: shows [Kd Ks] (two pair, Kings and Queens)
MoRsCeReBruM collected $7.01 from pot
*** SUMMARY ***
Total pot $7.38 | Rake $0.37 
Board [6s Ah 5c Qs Qh]
Seat 1: tintin641 (big blind) folded before Flop
Seat 2: paramourx folded before Flop (didn't bet)
Seat 3: MoRsCeReBruM showed [Kd Ks] and won ($7.01) with two pair, Kings and Queens
Seat 4: Kristo 914 folded before Flop (didn't bet)
Seat 5: PhoenixAssassin (button) folded before Flop (didn't bet)
Seat 6: 1fudihara (small blind) showed [Tc 9c] and lost with a pair of Queens



PokerStars Hand #254582502607:  Hold'em No Limit ($0.50/$1.00 USD) - 2025/01/27 18:54:23 WET [2025/01/27 13:54:23 ET]
Table 'Eumaios V' 6-max Seat #6 is the button
Seat 1: tintin641 ($100.50 in chips) 
Seat 2: paramourx ($121.55 in chips) 
Seat 3: MoRsCeReBruM ($119.23 in chips) 
Seat 4: Kristo 914 ($139.11 in chips) 
Seat 5: PhoenixAssassin ($114.74 in chips) 
Seat 6: 1fudihara ($100.56 in chips) 
tintin641: posts small blind $0.50
paramourx: posts big blind $1
*** HOLE CARDS ***
MoRsCeReBruM: folds 
Kristo 914: folds 
PhoenixAssassin: raises $1.50 to $2.50
1fudihara: folds 
tintin641: folds 
paramourx: folds 
Uncalled bet ($1.50) returned to PhoenixAssassin
PhoenixAssassin collected $2.50 from pot
PhoenixAssassin: doesn't show hand 
*** SUMMARY ***
Total pot $2.50 | Rake $0 
Seat 1: tintin641 (small blind) folded before Flop
Seat 2: paramourx (big blind) folded before Flop
Seat 3: MoRsCeReBruM folded before Flop (didn't bet)
Seat 4: Kristo 914 folded before Flop (didn't bet)
Seat 5: PhoenixAssassin collected ($2.50)
Seat 6: 1fudihara (button) folded before Flop (didn't bet)



PokerStars Hand #254582507203:  Hold'em No Limit ($0.50/$1.00 USD) - 2025/01/27 18:54:40 WET [2025/01/27 13:54:40 ET]
Table 'Eumaios V' 6-max Seat #1 is the button
Seat 1: tintin641 ($100 in chips) 
Seat 2: paramourx ($120.55 in chips) 
Seat 3: MoRsCeReBruM ($119.23 in chips) 
Seat 4: Kristo 914 ($139.11 in chips) 
Seat 5: PhoenixAssassin ($116.24 in chips) 
Seat 6: 1fudihara ($100.56 in chips) 
paramourx: posts small blind $0.50
MoRsCeReBruM: posts big blind $1
*** HOLE CARDS ***
Kristo 914: folds 
PhoenixAssassin: folds 
1fudihara: folds 
tintin641: raises $1.50 to $2.50
paramourx: folds 
MoRsCeReBruM: raises $9.50 to $12
tintin641: folds 
Uncalled bet ($9.50) returned to MoRsCeReBruM
MoRsCeReBruM collected $5.50 from pot
MoRsCeReBruM: doesn't show hand 
*** SUMMARY ***
Total pot $5.50 | Rake $0 
Seat 1: tintin641 (button) folded before Flop
Seat 2: paramourx (small blind) folded before Flop
Seat 3: MoRsCeReBruM (big blind) collected ($5.50)
Seat 4: Kristo 914 folded before Flop (didn't bet)
Seat 5: PhoenixAssassin folded before Flop (didn't bet)
Seat 6: 1fudihara folded before Flop (didn't bet)



PokerStars Hand #254582516143:  Hold'em No Limit ($0.50/$1.00 USD) - 2025/01/27 18:55:12 WET [2025/01/27 13:55:12 ET]
Table 'Eumaios V' 6-max Seat #2 is the button
Seat 1: tintin641 ($100 in chips) 
Seat 2: paramourx ($120.05 in chips) 
Seat 3: MoRsCeReBruM ($122.23 in chips) 
Seat 4: Kristo 914 ($139.11 in chips) 
Seat 5: PhoenixAssassin ($116.24 in chips) 
Seat 6: 1fudihara ($100.56 in chips) 
MoRsCeReBruM: posts small blind $0.50
Kristo 914: posts big blind $1
*** HOLE CARDS ***
PhoenixAssassin: folds 
1fudihara: folds 
tintin641: folds 
paramourx: raises $2 to $3
MoRsCeReBruM: folds 
Kristo 914: folds 
Uncalled bet ($2) returned to paramourx
paramourx collected $2.50 from pot
paramourx: doesn't show hand 
*** SUMMARY ***
Total pot $2.50 | Rake $0 
Seat 1: tintin641 folded before Flop (didn't bet)
Seat 2: paramourx (button) collected ($2.50)
Seat 3: MoRsCeReBruM (small blind) folded before Flop
Seat 4: Kristo 914 (big blind) folded before Flop
Seat 5: PhoenixAssassin folded before Flop (didn't bet)
Seat 6: 1fudihara folded before Flop (didn't bet)



PokerStars Hand #254582519969:  Hold'em No Limit ($0.50/$1.00 USD) - 2025/01/27 18:55:31 WET [2025/01/27 13:55:31 ET]
Table 'Eumaios V' 6-max Seat #3 is the button
Seat 1: tintin641 ($100 in chips) 
Seat 2: paramourx ($121.55 in chips) 
Seat 3: MoRsCeReBruM ($121.73 in chips) 
Seat 4: Kristo 914 ($138.11 in chips) 
Seat 5: PhoenixAssassin ($116.24 in chips) 
Seat 6: 1fudihara ($100.56 in chips) 
Kristo 914: posts small blind $0.50
PhoenixAssassin: posts big blind $1
*** HOLE CARDS ***
1fudihara: raises $1.50 to $2.50
tintin641: raises $5 to $7.50
paramourx: folds 
MoRsCeReBruM: folds 
Kristo 914: folds 
PhoenixAssassin: folds 
1fudihara: calls $5
*** FLOP *** [9s 7h Ah]
1fudihara: checks 
tintin641: checks 
*** TURN *** [9s 7h Ah] [5s]
1fudihara: checks 
tintin641: bets $7.84
1fudihara: folds 
Uncalled bet ($7.84) returned to tintin641
tintin641 collected $15.68 from pot
tintin641: doesn't show hand 
*** SUMMARY ***
Total pot $16.50 | Rake $0.82 
Board [9s 7h Ah 5s]
Seat 1: tintin641 collected ($15.68)
Seat 2: paramourx folded before Flop (didn't bet)
Seat 3: MoRsCeReBruM (button) folded before Flop (didn't bet)
Seat 4: Kristo 914 (small blind) folded before Flop
Seat 5: PhoenixAssassin (big blind) folded before Flop
Seat 6: 1fudihara folded on the Turn



PokerStars Hand #254582534472:  Hold'em No Limit ($0.50/$1.00 USD) - 2025/01/27 18:56:42 WET [2025/01/27 13:56:42 ET]
Table 'Eumaios V' 6-max Seat #4 is the button
Seat 1: tintin641 ($108.18 in chips) 
Seat 2: paramourx ($121.55 in chips) 
Seat 3: MoRsCeReBruM ($121.73 in chips) 
Seat 4: Kristo 914 ($137.61 in chips) 
Seat 5: PhoenixAssassin ($115.24 in chips) 
Seat 6: 1fudihara ($100 in chips) 
PhoenixAssassin: posts small blind $0.50
1fudihara: posts big blind $1
*** HOLE CARDS ***
tintin641: folds 
paramourx: folds 
MoRsCeReBruM: folds 
Kristo 914: folds 
PhoenixAssassin: folds 
Uncalled bet ($0.50) returned to 1fudihara
1fudihara collected $1 from pot
1fudihara: doesn't show hand 
*** SUMMARY ***
Total pot $1 | Rake $0 
Seat 1: tintin641 folded before Flop (didn't bet)
Seat 2: paramourx folded before Flop (didn't bet)
Seat 3: MoRsCeReBruM folded before Flop (didn't bet)
Seat 4: Kristo 914 (button) folded before Flop (didn't bet)
Seat 5: PhoenixAssassin (small blind) folded before Flop
Seat 6: 1fudihara (big blind) collected ($1)



PokerStars Hand #254582536366:  Hold'em No Limit ($0.50/$1.00 USD) - 2025/01/27 18:56:51 WET [2025/01/27 13:56:51 ET]
Table 'Eumaios V' 6-max Seat #5 is the button
Seat 1: tintin641 ($108.18 in chips) 
Seat 2: paramourx ($121.55 in chips) 
Seat 3: MoRsCeReBruM ($121.73 in chips) 
Seat 4: Kristo 914 ($137.61 in chips) 
Seat 5: PhoenixAssassin ($114.74 in chips) 
Seat 6: 1fudihara ($100.50 in chips) 
1fudihara: posts small blind $0.50
tintin641: posts big blind $1
*** HOLE CARDS ***
paramourx: folds 
MoRsCeReBruM: raises $1 to $2
Kristo 914: folds 
PhoenixAssassin: folds 
1fudihara: folds 
tintin641: folds 
Uncalled bet ($1) returned to MoRsCeReBruM
MoRsCeReBruM collected $2.50 from pot
MoRsCeReBruM: doesn't show hand 
*** SUMMARY ***
Total pot $2.50 | Rake $0 
Seat 1: tintin641 (big blind) folded before Flop
Seat 2: paramourx folded before Flop (didn't bet)
Seat 3: MoRsCeReBruM collected ($2.50)
Seat 4: Kristo 914 folded before Flop (didn't bet)
Seat 5: PhoenixAssassin (button) folded before Flop (didn't bet)
Seat 6: 1fudihara (small blind) folded before Flop



PokerStars Hand #254582539399:  Hold'em No Limit ($0.50/$1.00 USD) - 2025/01/27 18:57:06 WET [2025/01/27 13:57:06 ET]
Table 'Eumaios V' 6-max Seat #6 is the button
Seat 1: tintin641 ($107.18 in chips) 
Seat 2: paramourx ($121.55 in chips) 
Seat 3: MoRsCeReBruM ($123.23 in chips) 
Seat 4: Kristo 914 ($137.61 in chips) 
Seat 5: PhoenixAssassin ($114.74 in chips) 
Seat 6: 1fudihara ($100 in chips) 
tintin641: posts small blind $0.50
paramourx: posts big blind $1
*** HOLE CARDS ***
MoRsCeReBruM: folds 
Kristo 914: raises $1.40 to $2.40
PhoenixAssassin: folds 
1fudihara: raises $7.60 to $10
tintin641: folds 
paramourx: folds 
Kristo 914: folds 
Uncalled bet ($7.60) returned to 1fudihara
1fudihara collected $6.30 from pot
1fudihara: doesn't show hand 
*** SUMMARY ***
Total pot $6.30 | Rake $0 
Seat 1: tintin641 (small blind) folded before Flop
Seat 2: paramourx (big blind) folded before Flop
Seat 3: MoRsCeReBruM folded before Flop (didn't bet)
Seat 4: Kristo 914 folded before Flop
Seat 5: PhoenixAssassin folded before Flop (didn't bet)
Seat 6: 1fudihara (button) collected ($6.30)



PokerStars Hand #254582545622:  Hold'em No Limit ($0.50/$1.00 USD) - 2025/01/27 18:57:36 WET [2025/01/27 13:57:36 ET]
Table 'Eumaios V' 6-max Seat #1 is the button
Seat 1: tintin641 ($106.68 in chips) 
Seat 2: paramourx ($120.55 in chips) 
Seat 3: MoRsCeReBruM ($123.23 in chips) 
Seat 4: Kristo 914 ($135.21 in chips) 
Seat 5: PhoenixAssassin ($114.74 in chips) 
Seat 6: 1fudihara ($103.90 in chips) 
paramourx: posts small blind $0.50
MoRsCeReBruM: posts big blind $1
*** HOLE CARDS ***
Kristo 914: folds 
PhoenixAssassin: folds 
1fudihara: folds 
tintin641: raises $1.50 to $2.50
paramourx: folds 
MoRsCeReBruM: raises $9.50 to $12
tintin641: calls $9.50
*** FLOP *** [Ts 8c Kd]
MoRsCeReBruM: bets $9.31
tintin641: calls $9.31
*** TURN *** [Ts 8c Kd] [Jd]
MoRsCeReBruM: checks 
tintin641: bets $20.48
MoRsCeReBruM: raises $81.44 to $101.92 and is all-in
tintin641: calls $64.89 and is all-in
Uncalled bet ($16.55) returned to MoRsCeReBruM
*** RIVER *** [Ts 8c Kd Jd] [2s]
*** SHOW DOWN ***
MoRsCeReBruM: shows [Tc Th] (three of a kind, Tens)
tintin641: shows [8h 8d] (three of a kind, Eights)
MoRsCeReBruM collected $211.36 from pot
*** SUMMARY ***
Total pot $213.86 | Rake $2.50 
Board [Ts 8c Kd Jd 2s]
Seat 1: tintin641 (button) showed [8h 8d] and lost with three of a kind, Eights
Seat 2: paramourx (small blind) folded before Flop
Seat 3: MoRsCeReBruM (big blind) showed [Tc Th] and won ($211.36) with three of a kind, Tens
Seat 4: Kristo 914 folded before Flop (didn't bet)
Seat 5: PhoenixAssassin folded before Flop (didn't bet)
Seat 6: 1fudihara folded before Flop (didn't bet)



PokerStars Hand #254582564520:  Hold'em No Limit ($0.50/$1.00 USD) - 2025/01/27 18:59:09 WET [2025/01/27 13:59:09 ET]
Table 'Eumaios V' 6-max Seat #2 is the button
Seat 1: tintin641 ($100 in chips) 
Seat 2: paramourx ($120.05 in chips) 
Seat 3: MoRsCeReBruM ($227.91 in chips) 
Seat 4: Kristo 914 ($135.21 in chips) 
Seat 5: PhoenixAssassin ($114.74 in chips) 
Seat 6: 1fudihara ($103.90 in chips) 
MoRsCeReBruM: posts small blind $0.50
Kristo 914: posts big blind $1
*** HOLE CARDS ***
PhoenixAssassin: folds 
1fudihara: raises $1.50 to $2.50
tintin641: raises $5 to $7.50
paramourx: folds 
MoRsCeReBruM: folds 
Kristo 914: folds 
1fudihara: calls $5
*** FLOP *** [Ac 8c 4d]
1fudihara: bets $9
tintin641: calls $9
*** TURN *** [Ac 8c 4d] [Qh]
1fudihara: checks 
tintin641: checks 
*** RIVER *** [Ac 8c 4d Qh] [Th]
1fudihara: checks 
tintin641: checks 
*** SHOW DOWN ***
1fudihara: shows [2d Qd] (a pair of Queens)
tintin641: shows [7d Ad] (a pair of Aces)
tintin641 collected $32.78 from pot
*** SUMMARY ***
Total pot $34.50 | Rake $1.72 
Board [Ac 8c 4d Qh Th]
Seat 1: tintin641 showed [7d Ad] and won ($32.78) with a pair of Aces
Seat 2: paramourx (button) folded before Flop (didn't bet)
Seat 3: MoRsCeReBruM (small blind) folded before Flop
Seat 4: Kristo 914 (big blind) folded before Flop
Seat 5: PhoenixAssassin folded before Flop (didn't bet)
Seat 6: 1fudihara showed [2d Qd] and lost with a pair of Queens



PokerStars Hand #254582582104:  Hold'em No Limit ($0.50/$1.00 USD) - 2025/01/27 19:00:34 WET [2025/01/27 14:00:34 ET]
Table 'Eumaios V' 6-max Seat #3 is the button
Seat 1: tintin641 ($116.28 in chips) 
Seat 2: paramourx ($120.05 in chips) 
Seat 3: MoRsCeReBruM ($227.41 in chips) 
Seat 4: Kristo 914 ($134.21 in chips) 
Seat 5: PhoenixAssassin ($114.74 in chips) 
Seat 6: 1fudihara ($87.40 in chips) 
Kristo 914: posts small blind $0.50
PhoenixAssassin: posts big blind $1
*** HOLE CARDS ***
1fudihara: folds 
tintin641: folds 
paramourx: folds 
MoRsCeReBruM: raises $1.50 to $2.50
Kristo 914: raises $8.50 to $11
PhoenixAssassin: folds 
MoRsCeReBruM: folds 
Uncalled bet ($8.50) returned to Kristo 914
Kristo 914 collected $6 from pot
Kristo 914: doesn't show hand 
*** SUMMARY ***
Total pot $6 | Rake $0 
Seat 1: tintin641 folded before Flop (didn't bet)
Seat 2: paramourx folded before Flop (didn't bet)
Seat 3: MoRsCeReBruM (button) folded before Flop
Seat 4: Kristo 914 (small blind) collected ($6)
Seat 5: PhoenixAssassin (big blind) folded before Flop
Seat 6: 1fudihara folded before Flop (didn't bet)



PokerStars Hand #254582590452:  Hold'em No Limit ($0.50/$1.00 USD) - 2025/01/27 19:01:10 WET [2025/01/27 14:01:10 ET]
Table 'Eumaios V' 6-max Seat #4 is the button
Seat 1: tintin641 ($116.28 in chips) 
Seat 2: paramourx ($120.05 in chips) 
Seat 3: MoRsCeReBruM ($224.91 in chips) 
Seat 4: Kristo 914 ($137.71 in chips) 
Seat 5: PhoenixAssassin ($113.74 in chips) 
Seat 6: 1fudihara ($91.98 in chips) 
PhoenixAssassin: posts small blind $0.50
1fudihara: posts big blind $1
*** HOLE CARDS ***
tintin641: folds 
paramourx: raises $2 to $3
MoRsCeReBruM: folds 
Kristo 914: folds 
PhoenixAssassin: folds 
1fudihara: folds 
Uncalled bet ($2) returned to paramourx
paramourx collected $2.50 from pot
paramourx: doesn't show hand 
*** SUMMARY ***
Total pot $2.50 | Rake $0 
Seat 1: tintin641 folded before Flop (didn't bet)
Seat 2: paramourx collected ($2.50)
Seat 3: MoRsCeReBruM folded before Flop (didn't bet)
Seat 4: Kristo 914 (button) folded before Flop (didn't bet)
Seat 5: PhoenixAssassin (small blind) folded before Flop
Seat 6: 1fudihara (big blind) folded before Flop



PokerStars Hand #254582593179:  Hold'em No Limit ($0.50/$1.00 USD) - 2025/01/27 19:01:21 WET [2025/01/27 14:01:21 ET]
Table 'Eumaios V' 6-max Seat #5 is the button
Seat 1: tintin641 ($116.28 in chips) 
Seat 2: paramourx ($121.55 in chips) 
Seat 3: MoRsCeReBruM ($224.91 in chips) 
Seat 4: Kristo 914 ($137.71 in chips) 
Seat 5: PhoenixAssassin ($113.24 in chips) 
Seat 6: 1fudihara ($90.98 in chips) 
1fudihara: posts small blind $0.50
tintin641: posts big blind $1
*** HOLE CARDS ***
paramourx: folds 
MoRsCeReBruM: folds 
Kristo 914: folds 
PhoenixAssassin: raises $1.50 to $2.50
1fudihara: calls $2
tintin641: folds 
*** FLOP *** [8c 9c 7h]
1fudihara: checks 
PhoenixAssassin: bets $3.76
1fudihara: raises $6.24 to $10
PhoenixAssassin: calls $6.24
*** TURN *** [8c 9c 7h] [7c]
1fudihara: bets $15
PhoenixAssassin: calls $15
*** RIVER *** [8c 9c 7h 7c] [Th]
1fudihara: checks 
PhoenixAssassin: checks 
*** SHOW DOWN ***
1fudihara: shows [5c 6h] (a straight, Six to Ten)
PhoenixAssassin: mucks hand 
1fudihara collected $53.50 from pot
*** SUMMARY ***
Total pot $56 | Rake $2.50 
Board [8c 9c 7h 7c Th]
Seat 1: tintin641 (big blind) folded before Flop
Seat 2: paramourx folded before Flop (didn't bet)
Seat 3: MoRsCeReBruM folded before Flop (didn't bet)
Seat 4: Kristo 914 folded before Flop (didn't bet)
Seat 5: PhoenixAssassin (button) mucked
Seat 6: 1fudihara (small blind) showed [5c 6h] and won ($53.50) with a straight, Six to Ten



PokerStars Hand #254582609649:  Hold'em No Limit ($0.50/$1.00 USD) - 2025/01/27 19:02:22 WET [2025/01/27 14:02:22 ET]
Table 'Eumaios V' 6-max Seat #6 is the button
Seat 1: tintin641 ($115.28 in chips) 
Seat 2: paramourx ($121.55 in chips) 
Seat 3: MoRsCeReBruM ($224.91 in chips) 
Seat 4: Kristo 914 ($137.71 in chips) 
Seat 5: PhoenixAssassin ($100 in chips) 
Seat 6: 1fudihara ($116.98 in chips) 
tintin641: posts small blind $0.50
paramourx: posts big blind $1
*** HOLE CARDS ***
MoRsCeReBruM: folds 
Kristo 914: raises $1.40 to $2.40
PhoenixAssassin: folds 
1fudihara: calls $2.40
tintin641: folds 
paramourx: calls $1.40
*** FLOP *** [9c Jc Jh]
paramourx: checks 
Kristo 914: checks 
1fudihara: bets $1.93
paramourx: folds 
Kristo 914: calls $1.93
*** TURN *** [9c Jc Jh] [Kc]
Kristo 914: bets $3.72
1fudihara: calls $3.72
*** RIVER *** [9c Jc Jh Kc] [5c]
Kristo 914: checks 
1fudihara: bets $17
Kristo 914: folds 
Uncalled bet ($17) returned to 1fudihara
1fudihara collected $18.05 from pot
1fudihara: doesn't show hand 
*** SUMMARY ***
Total pot $19 | Rake $0.95 
Board [9c Jc Jh Kc 5c]
Seat 1: tintin641 (small blind) folded before Flop
Seat 2: paramourx (big blind) folded on the Flop
Seat 3: MoRsCeReBruM folded before Flop (didn't bet)
Seat 4: Kristo 914 folded on the River
Seat 5: PhoenixAssassin folded before Flop (didn't bet)
Seat 6: 1fudihara (button) collected ($18.05)



PokerStars Hand #254582635990:  Hold'em No Limit ($0.50/$1.00 USD) - 2025/01/27 19:03:55 WET [2025/01/27 14:03:55 ET]
Table 'Eumaios V' 6-max Seat #1 is the button
Seat 1: tintin641 ($114.78 in chips) 
Seat 2: paramourx ($119.15 in chips) 
Seat 3: MoRsCeReBruM ($224.91 in chips) 
Seat 4: Kristo 914 ($129.66 in chips) 
Seat 5: PhoenixAssassin ($100 in chips) 
Seat 6: 1fudihara ($126.98 in chips) 
paramourx: posts small blind $0.50
MoRsCeReBruM: posts big blind $1
*** HOLE CARDS ***
Kristo 914: folds 
PhoenixAssassin: folds 
1fudihara: raises $1.50 to $2.50
tintin641: folds 
paramourx: folds 
MoRsCeReBruM: folds 
Uncalled bet ($1.50) returned to 1fudihara
1fudihara collected $2.50 from pot
1fudihara: doesn't show hand 
*** SUMMARY ***
Total pot $2.50 | Rake $0 
Seat 1: tintin641 (button) folded before Flop (didn't bet)
Seat 2: paramourx (small blind) folded before Flop
Seat 3: MoRsCeReBruM (big blind) folded before Flop
Seat 4: Kristo 914 folded before Flop (didn't bet)
Seat 5: PhoenixAssassin folded before Flop (didn't bet)
Seat 6: 1fudihara collected ($2.50)



PokerStars Hand #254582643571:  Hold'em No Limit ($0.50/$1.00 USD) - 2025/01/27 19:04:21 WET [2025/01/27 14:04:21 ET]
Table 'Eumaios V' 6-max Seat #2 is the button
Seat 1: tintin641 ($114.78 in chips) 
Seat 2: paramourx ($118.65 in chips) 
Seat 3: MoRsCeReBruM ($223.91 in chips) 
Seat 4: Kristo 914 ($129.66 in chips) 
Seat 5: PhoenixAssassin ($100 in chips) 
Seat 6: 1fudihara ($128.48 in chips) 
MoRsCeReBruM: posts small blind $0.50
Kristo 914: posts big blind $1
*** HOLE CARDS ***
PhoenixAssassin: folds 
1fudihara: folds 
tintin641: folds 
paramourx: folds 
MoRsCeReBruM: folds 
Uncalled bet ($0.50) returned to Kristo 914
Kristo 914 collected $1 from pot
Kristo 914: doesn't show hand 
*** SUMMARY ***
Total pot $1 | Rake $0 
Seat 1: tintin641 folded before Flop (didn't bet)
Seat 2: paramourx (button) folded before Flop (didn't bet)
Seat 3: MoRsCeReBruM (small blind) folded before Flop
Seat 4: Kristo 914 (big blind) collected ($1)
Seat 5: PhoenixAssassin folded before Flop (didn't bet)
Seat 6: 1fudihara folded before Flop (didn't bet)



PokerStars Hand #254582647136:  Hold'em No Limit ($0.50/$1.00 USD) - 2025/01/27 19:04:34 WET [2025/01/27 14:04:34 ET]
Table 'Eumaios V' 6-max Seat #3 is the button
Seat 1: tintin641 ($114.78 in chips) 
Seat 2: paramourx ($118.65 in chips) 
Seat 3: MoRsCeReBruM ($223.41 in chips) 
Seat 4: Kristo 914 ($130.16 in chips) 
Seat 5: PhoenixAssassin ($100 in chips) 
Seat 6: 1fudihara ($128.48 in chips) 
Kristo 914: posts small blind $0.50
PhoenixAssassin: posts big blind $1
*** HOLE CARDS ***
1fudihara: raises $1.50 to $2.50
tintin641: folds 
paramourx: raises $5.50 to $8
MoRsCeReBruM: folds 
Kristo 914: folds 
PhoenixAssassin: folds 
1fudihara: calls $5.50
*** FLOP *** [7h 2d Qh]
1fudihara: checks 
paramourx: bets $5.15
1fudihara: folds 
Uncalled bet ($5.15) returned to paramourx
paramourx collected $16.62 from pot
paramourx: doesn't show hand 
*** SUMMARY ***
Total pot $17.50 | Rake $0.88 
Board [7h 2d Qh]
Seat 1: tintin641 folded before Flop (didn't bet)
Seat 2: paramourx collected ($16.62)
Seat 3: MoRsCeReBruM (button) folded before Flop (didn't bet)
Seat 4: Kristo 914 (small blind) folded before Flop
Seat 5: PhoenixAssassin (big blind) folded before Flop
Seat 6: 1fudihara folded on the Flop



PokerStars Hand #254582663968:  Hold'em No Limit ($0.50/$1.00 USD) - 2025/01/27 19:05:33 WET [2025/01/27 14:05:33 ET]
Table 'Eumaios V' 6-max Seat #4 is the button
Seat 1: tintin641 ($114.78 in chips) 
Seat 2: paramourx ($127.27 in chips) 
Seat 3: MoRsCeReBruM ($223.41 in chips) 
Seat 4: Kristo 914 ($129.66 in chips) 
Seat 5: PhoenixAssassin ($100 in chips) 
Seat 6: 1fudihara ($120.48 in chips) 
PhoenixAssassin: posts small blind $0.50
1fudihara: posts big blind $1
*** HOLE CARDS ***
tintin641: raises $1.50 to $2.50
paramourx: folds 
MoRsCeReBruM: folds 
Kristo 914: folds 
PhoenixAssassin: folds 
1fudihara: calls $1.50
*** FLOP *** [5h 9c 5c]
1fudihara: checks 
tintin641: bets $1.72
1fudihara: raises $4.28 to $6
tintin641: calls $4.28
*** TURN *** [5h 9c 5c] [Ks]
1fudihara: bets $13.62
tintin641: calls $13.62
*** RIVER *** [5h 9c 5c Ks] [Ac]
1fudihara: checks 
tintin641: bets $31.88
1fudihara: folds 
Uncalled bet ($31.88) returned to tintin641
tintin641 collected $42.50 from pot
tintin641: doesn't show hand 
*** SUMMARY ***
Total pot $44.74 | Rake $2.24 
Board [5h 9c 5c Ks Ac]
Seat 1: tintin641 collected ($42.50)
Seat 2: paramourx folded before Flop (didn't bet)
Seat 3: MoRsCeReBruM folded before Flop (didn't bet)
Seat 4: Kristo 914 (button) folded before Flop (didn't bet)
Seat 5: PhoenixAssassin (small blind) folded before Flop
Seat 6: 1fudihara (big blind) folded on the River



PokerStars Hand #254582694177:  Hold'em No Limit ($0.50/$1.00 USD) - 2025/01/27 19:07:17 WET [2025/01/27 14:07:17 ET]
Table 'Eumaios V' 6-max Seat #5 is the button
Seat 1: tintin641 ($135.16 in chips) 
Seat 2: paramourx ($127.27 in chips) 
Seat 3: MoRsCeReBruM ($223.41 in chips) 
Seat 4: Kristo 914 ($129.66 in chips) 
Seat 5: PhoenixAssassin ($100 in chips) 
Seat 6: 1fudihara ($98.36 in chips) 
1fudihara: posts small blind $0.50
tintin641: posts big blind $1
*** HOLE CARDS ***
paramourx: folds 
MoRsCeReBruM: folds 
Kristo 914: folds 
PhoenixAssassin: folds 
1fudihara: raises $2 to $3
tintin641: folds 
Uncalled bet ($2) returned to 1fudihara
1fudihara collected $2 from pot
1fudihara: doesn't show hand 
*** SUMMARY ***
Total pot $2 | Rake $0 
Seat 1: tintin641 (big blind) folded before Flop
Seat 2: paramourx folded before Flop (didn't bet)
Seat 3: MoRsCeReBruM folded before Flop (didn't bet)
Seat 4: Kristo 914 folded before Flop (didn't bet)
Seat 5: PhoenixAssassin (button) folded before Flop (didn't bet)
Seat 6: 1fudihara (small blind) collected ($2)



PokerStars Hand #254582703064:  Hold'em No Limit ($0.50/$1.00 USD) - 2025/01/27 19:07:48 WET [2025/01/27 14:07:48 ET]
Table 'Eumaios V' 6-max Seat #6 is the button
Seat 1: tintin641 ($134.16 in chips) 
Seat 2: paramourx ($127.27 in chips) 
Seat 3: MoRsCeReBruM ($223.41 in chips) 
Seat 4: Kristo 914 ($129.66 in chips) 
Seat 5: PhoenixAssassin ($100 in chips) 
Seat 6: 1fudihara ($99.36 in chips) 
tintin641: posts small blind $0.50
paramourx: posts big blind $1
*** HOLE CARDS ***
MoRsCeReBruM: folds 
Kristo 914: folds 
PhoenixAssassin: folds 
1fudihara: folds 
tintin641: folds 
Uncalled bet ($0.50) returned to paramourx
paramourx collected $1 from pot
paramourx: doesn't show hand 
*** SUMMARY ***
Total pot $1 | Rake $0 
Seat 1: tintin641 (small blind) folded before Flop
Seat 2: paramourx (big blind) collected ($1)
Seat 3: MoRsCeReBruM folded before Flop (didn't bet)
Seat 4: Kristo 914 folded before Flop (didn't bet)
Seat 5: PhoenixAssassin folded before Flop (didn't bet)
Seat 6: 1fudihara (button) folded before Flop (didn't bet)



PokerStars Hand #254582706600:  Hold'em No Limit ($0.50/$1.00 USD) - 2025/01/27 19:08:00 WET [2025/01/27 14:08:00 ET]
Table 'Eumaios V' 6-max Seat #1 is the button
Seat 1: tintin641 ($133.66 in chips) 
Seat 2: paramourx ($127.77 in chips) 
Seat 3: MoRsCeReBruM ($223.41 in chips) 
Seat 4: Kristo 914 ($129.66 in chips) 
Seat 5: PhoenixAssassin ($100 in chips) 
Seat 6: 1fudihara ($99.36 in chips) 
paramourx: posts small blind $0.50
MoRsCeReBruM: posts big blind $1
*** HOLE CARDS ***
Kristo 914: folds 
PhoenixAssassin: folds 
1fudihara: raises $1.50 to $2.50
tintin641: folds 
paramourx: calls $2
MoRsCeReBruM: folds 
*** FLOP *** [Jc Ad Qc]
paramourx: checks 
1fudihara: bets $4
paramourx: calls $4
*** TURN *** [Jc Ad Qc] [Td]
paramourx: checks 
1fudihara: checks 
*** RIVER *** [Jc Ad Qc Td] [Jd]
paramourx: bets $4.12
1fudihara: calls $4.12
*** SHOW DOWN ***
paramourx: shows [Qh Ks] (a straight, Ten to Ace)
1fudihara: mucks hand 
paramourx collected $21.13 from pot
*** SUMMARY ***
Total pot $22.24 | Rake $1.11 
Board [Jc Ad Qc Td Jd]
Seat 1: tintin641 (button) folded before Flop (didn't bet)
Seat 2: paramourx (small blind) showed [Qh Ks] and won ($21.13) with a straight, Ten to Ace
Seat 3: MoRsCeReBruM (big blind) folded before Flop
Seat 4: Kristo 914 folded before Flop (didn't bet)
Seat 5: PhoenixAssassin folded before Flop (didn't bet)
Seat 6: 1fudihara mucked



PokerStars Hand #254582721364:  Hold'em No Limit ($0.50/$1.00 USD) - 2025/01/27 19:08:52 WET [2025/01/27 14:08:52 ET]
Table 'Eumaios V' 6-max Seat #2 is the button
Seat 1: tintin641 ($133.66 in chips) 
Seat 2: paramourx ($138.28 in chips) 
Seat 3: MoRsCeReBruM ($222.41 in chips) 
Seat 4: Kristo 914 ($129.66 in chips) 
Seat 5: PhoenixAssassin ($100 in chips) 
Seat 6: 1fudihara ($88.74 in chips) 
MoRsCeReBruM: posts small blind $0.50
Kristo 914: posts big blind $1
*** HOLE CARDS ***
PhoenixAssassin: folds 
1fudihara: folds 
tintin641: folds 
paramourx: folds 
MoRsCeReBruM: folds 
Uncalled bet ($0.50) returned to Kristo 914
Kristo 914 collected $1 from pot
Kristo 914: doesn't show hand 
*** SUMMARY ***
Total pot $1 | Rake $0 
Seat 1: tintin641 folded before Flop (didn't bet)
Seat 2: paramourx (button) folded before Flop (didn't bet)
Seat 3: MoRsCeReBruM (small blind) folded before Flop
Seat 4: Kristo 914 (big blind) collected ($1)
Seat 5: PhoenixAssassin folded before Flop (didn't bet)
Seat 6: 1fudihara folded before Flop (didn't bet)



PokerStars Hand #254582725043:  Hold'em No Limit ($0.50/$1.00 USD) - 2025/01/27 19:09:04 WET [2025/01/27 14:09:04 ET]
Table 'Eumaios V' 6-max Seat #3 is the button
Seat 1: tintin641 ($133.66 in chips) 
Seat 2: paramourx ($138.28 in chips) 
Seat 3: MoRsCeReBruM ($221.91 in chips) 
Seat 4: Kristo 914 ($130.16 in chips) 
Seat 5: PhoenixAssassin ($100 in chips) 
Seat 6: 1fudihara ($88.74 in chips) 
Kristo 914: posts small blind $0.50
PhoenixAssassin: posts big blind $1
*** HOLE CARDS ***
1fudihara: folds 
tintin641: folds 
paramourx: folds 
MoRsCeReBruM: folds 
Kristo 914: folds 
Uncalled bet ($0.50) returned to PhoenixAssassin
PhoenixAssassin collected $1 from pot
PhoenixAssassin: doesn't show hand 
*** SUMMARY ***
Total pot $1 | Rake $0 
Seat 1: tintin641 folded before Flop (didn't bet)
Seat 2: paramourx folded before Flop (didn't bet)
Seat 3: MoRsCeReBruM (button) folded before Flop (didn't bet)
Seat 4: Kristo 914 (small blind) folded before Flop
Seat 5: PhoenixAssassin (big blind) collected ($1)
Seat 6: 1fudihara folded before Flop (didn't bet)



PokerStars Hand #254582731325:  Hold'em No Limit ($0.50/$1.00 USD) - 2025/01/27 19:09:26 WET [2025/01/27 14:09:26 ET]
Table 'Eumaios V' 6-max Seat #4 is the button
Seat 1: tintin641 ($133.66 in chips) 
Seat 2: paramourx ($138.28 in chips) 
Seat 3: MoRsCeReBruM ($221.91 in chips) 
Seat 4: Kristo 914 ($129.66 in chips) 
Seat 5: PhoenixAssassin ($100.50 in chips) 
Seat 6: 1fudihara ($88.74 in chips) 
PhoenixAssassin: posts small blind $0.50
1fudihara: posts big blind $1
*** HOLE CARDS ***
tintin641: folds 
paramourx: folds 
MoRsCeReBruM: raises $1.20 to $2.20
Kristo 914: folds 
PhoenixAssassin: folds 
1fudihara: raises $6.80 to $9
MoRsCeReBruM: calls $6.80
*** FLOP *** [3s 4h Kh]
1fudihara: bets $6.03
MoRsCeReBruM: calls $6.03
*** TURN *** [3s 4h Kh] [3h]
1fudihara: bets $14
MoRsCeReBruM: calls $14
*** RIVER *** [3s 4h Kh 3h] [4s]
1fudihara: bets $29
MoRsCeReBruM: folds 
Uncalled bet ($29) returned to 1fudihara
1fudihara collected $56.06 from pot
1fudihara: doesn't show hand 
*** SUMMARY ***
Total pot $58.56 | Rake $2.50 
Board [3s 4h Kh 3h 4s]
Seat 1: tintin641 folded before Flop (didn't bet)
Seat 2: paramourx folded before Flop (didn't bet)
Seat 3: MoRsCeReBruM folded on the River
Seat 4: Kristo 914 (button) folded before Flop (didn't bet)
Seat 5: PhoenixAssassin (small blind) folded before Flop
Seat 6: 1fudihara (big blind) collected ($56.06)



PokerStars Hand #254582756510:  Hold'em No Limit ($0.50/$1.00 USD) - 2025/01/27 19:10:52 WET [2025/01/27 14:10:52 ET]
Table 'Eumaios V' 6-max Seat #5 is the button
Seat 1: tintin641 ($133.66 in chips) 
Seat 2: paramourx ($138.28 in chips) 
Seat 3: MoRsCeReBruM ($192.88 in chips) 
Seat 4: Kristo 914 ($129.66 in chips) 
Seat 5: PhoenixAssassin ($100 in chips) 
Seat 6: 1fudihara ($115.77 in chips) 
1fudihara: posts small blind $0.50
tintin641: posts big blind $1
*** HOLE CARDS ***
paramourx: raises $2 to $3
MoRsCeReBruM: raises $6 to $9
Kristo 914: folds 
PhoenixAssassin: folds 
1fudihara: folds 
tintin641: folds 
paramourx: folds 
Uncalled bet ($6) returned to MoRsCeReBruM
MoRsCeReBruM collected $7.50 from pot
MoRsCeReBruM: doesn't show hand 
*** SUMMARY ***
Total pot $7.50 | Rake $0 
Seat 1: tintin641 (big blind) folded before Flop
Seat 2: paramourx folded before Flop
Seat 3: MoRsCeReBruM collected ($7.50)
Seat 4: Kristo 914 folded before Flop (didn't bet)
Seat 5: PhoenixAssassin (button) folded before Flop (didn't bet)
Seat 6: 1fudihara (small blind) folded before Flop



PokerStars Hand #254582762884:  Hold'em No Limit ($0.50/$1.00 USD) - 2025/01/27 19:11:14 WET [2025/01/27 14:11:14 ET]
Table 'Eumaios V' 6-max Seat #6 is the button
Seat 1: tintin641 ($132.66 in chips) 
Seat 2: paramourx ($135.28 in chips) 
Seat 3: MoRsCeReBruM ($197.38 in chips) 
Seat 4: Kristo 914 ($129.66 in chips) 
Seat 5: PhoenixAssassin ($100 in chips) 
Seat 6: 1fudihara ($115.27 in chips) 
tintin641: posts small blind $0.50
paramourx: posts big blind $1
*** HOLE CARDS ***
MoRsCeReBruM: raises $1 to $2
Kristo 914: folds 
PhoenixAssassin: folds 
1fudihara: calls $2
tintin641: folds 
paramourx: folds 
*** FLOP *** [Jd 9h 2c]
MoRsCeReBruM: bets $3.50
1fudihara: calls $3.50
*** TURN *** [Jd 9h 2c] [7d]
MoRsCeReBruM: checks 
1fudihara: bets $3.75
MoRsCeReBruM: calls $3.75
*** RIVER *** [Jd 9h 2c 7d] [5d]
MoRsCeReBruM: bets $12.73
1fudihara: calls $12.73
*** SHOW DOWN ***
MoRsCeReBruM: shows [Qd Qs] (a pair of Queens)
1fudihara: mucks hand 
MoRsCeReBruM collected $43.19 from pot
*** SUMMARY ***
Total pot $45.46 | Rake $2.27 
Board [Jd 9h 2c 7d 5d]
Seat 1: tintin641 (small blind) folded before Flop
Seat 2: paramourx (big blind) folded before Flop
Seat 3: MoRsCeReBruM showed [Qd Qs] and won ($43.19) with a pair of Queens
Seat 4: Kristo 914 folded before Flop (didn't bet)
Seat 5: PhoenixAssassin folded before Flop (didn't bet)
Seat 6: 1fudihara (button) mucked



PokerStars Hand #254582778374:  Hold'em No Limit ($0.50/$1.00 USD) - 2025/01/27 19:12:07 WET [2025/01/27 14:12:07 ET]
Table 'Eumaios V' 6-max Seat #1 is the button
Seat 3: MoRsCeReBruM ($218.59 in chips) is sitting out
Seat 1: tintin641 ($132.16 in chips) 
Seat 2: paramourx ($134.28 in chips) 
Seat 4: Kristo 914 ($129.66 in chips) 
Seat 5: PhoenixAssassin ($100 in chips) 
Seat 6: 1fudihara ($93.29 in chips) 
paramourx: posts small blind $0.50
MoRsCeReBruM: is sitting out 
Kristo 914: posts big blind $1
*** HOLE CARDS ***
PhoenixAssassin: folds 
1fudihara: folds 
tintin641: folds 
MoRsCeReBruM leaves the table
paramourx: folds 
Uncalled bet ($0.50) returned to Kristo 914
Kristo 914 collected $1 from pot
Kristo 914: doesn't show hand 
*** SUMMARY ***
Total pot $1 | Rake $0 
Seat 3: MoRsCeReBruM
Seat 1: tintin641 (button) folded before Flop (didn't bet)
Seat 2: paramourx (small blind) folded before Flop
Seat 4: Kristo 914 (big blind) collected ($1)
Seat 5: PhoenixAssassin folded before Flop (didn't bet)
Seat 6: 1fudihara folded before Flop (didn't bet)



PokerStars Hand #254582783831:  Hold'em No Limit ($0.50/$1.00 USD) - 2025/01/27 19:12:27 WET [2025/01/27 14:12:27 ET]
Table 'Eumaios V' 6-max Seat #2 is the button
Seat 1: tintin641 ($132.16 in chips) 
Seat 2: paramourx ($133.78 in chips) 
Seat 4: Kristo 914 ($130.16 in chips) 
Seat 5: PhoenixAssassin ($100 in chips) 
Seat 6: 1fudihara ($93.29 in chips) 
Kristo 914: posts small blind $0.50
PhoenixAssassin: posts big blind $1
*** HOLE CARDS ***
1fudihara: folds 
tintin641: folds 
paramourx: folds 
xxxZeka joins the table at seat #3 
Kristo 914: raises $2 to $3
PhoenixAssassin: calls $2
*** FLOP *** [Kh 9h As]
Kristo 914: checks 
PhoenixAssassin: checks 
*** TURN *** [Kh 9h As] [3c]
Kristo 914: bets $4.33
PhoenixAssassin: folds 
Uncalled bet ($4.33) returned to Kristo 914
Kristo 914 collected $5.70 from pot
*** SUMMARY ***
Total pot $6 | Rake $0.30 
Board [Kh 9h As 3c]
Seat 1: tintin641 folded before Flop (didn't bet)
Seat 2: paramourx (button) folded before Flop (didn't bet)
Seat 4: Kristo 914 (small blind) collected ($5.70)
Seat 5: PhoenixAssassin (big blind) folded on the Turn
Seat 6: 1fudihara folded before Flop (didn't bet)



PokerStars Hand #254582797516:  Hold'em No Limit ($0.50/$1.00 USD) - 2025/01/27 19:13:13 WET [2025/01/27 14:13:13 ET]
Table 'Eumaios V' 6-max Seat #4 is the button
Seat 3: xxxZeka ($100 in chips) is sitting out
Seat 1: tintin641 ($132.16 in chips) 
Seat 2: paramourx ($133.78 in chips) 
Seat 4: Kristo 914 ($132.86 in chips) 
Seat 5: PhoenixAssassin ($100 in chips) 
Seat 6: 1fudihara ($93.29 in chips) 
PhoenixAssassin: posts small blind $0.50
1fudihara: posts big blind $1
xxxZeka: sits out 
*** HOLE CARDS ***
tintin641: folds 
paramourx: raises $2 to $3
Kristo 914: folds 
PhoenixAssassin: folds 
1fudihara: folds 
Uncalled bet ($2) returned to paramourx
paramourx collected $2.50 from pot
paramourx: doesn't show hand 
*** SUMMARY ***
Total pot $2.50 | Rake $0 
Seat 3: xxxZeka
Seat 1: tintin641 folded before Flop (didn't bet)
Seat 2: paramourx collected ($2.50)
Seat 4: Kristo 914 (button) folded before Flop (didn't bet)
Seat 5: PhoenixAssassin (small blind) folded before Flop
Seat 6: 1fudihara (big blind) folded before Flop



PokerStars Hand #254582801576:  Hold'em No Limit ($0.50/$1.00 USD) - 2025/01/27 19:13:27 WET [2025/01/27 14:13:27 ET]
Table 'Eumaios V' 6-max Seat #5 is the button
Seat 3: xxxZeka ($100 in chips) is sitting out
Seat 1: tintin641 ($132.16 in chips) 
Seat 2: paramourx ($135.28 in chips) 
Seat 4: Kristo 914 ($132.86 in chips) 
Seat 5: PhoenixAssassin ($100 in chips) 
Seat 6: 1fudihara ($92.29 in chips) 
1fudihara: posts small blind $0.50
tintin641: posts big blind $1
xxxZeka: sits out 
*** HOLE CARDS ***
paramourx: folds 
Kristo 914: raises $1.40 to $2.40
PhoenixAssassin: folds 
1fudihara: folds 
tintin641: folds 
Uncalled bet ($1.40) returned to Kristo 914
Kristo 914 collected $2.50 from pot
Kristo 914: doesn't show hand 
*** SUMMARY ***
Total pot $2.50 | Rake $0 
Seat 3: xxxZeka
Seat 1: tintin641 (big blind) folded before Flop
Seat 2: paramourx folded before Flop (didn't bet)
Seat 4: Kristo 914 collected ($2.50)
Seat 5: PhoenixAssassin (button) folded before Flop (didn't bet)
Seat 6: 1fudihara (small blind) folded before Flop



PokerStars Hand #254582807104:  Hold'em No Limit ($0.50/$1.00 USD) - 2025/01/27 19:13:46 WET [2025/01/27 14:13:46 ET]
Table 'Eumaios V' 6-max Seat #6 is the button
Seat 3: xxxZeka ($100 in chips) is sitting out
Seat 1: tintin641 ($131.16 in chips) 
Seat 2: paramourx ($135.28 in chips) 
Seat 4: Kristo 914 ($134.36 in chips) 
Seat 5: PhoenixAssassin ($100 in chips) 
Seat 6: 1fudihara ($91.79 in chips) 
tintin641: posts small blind $0.50
paramourx: posts big blind $1
xxxZeka: sits out 
*** HOLE CARDS ***
Kristo 914: folds 
PhoenixAssassin: folds 
1fudihara: raises $1.50 to $2.50
tintin641: folds 
paramourx: folds 
Uncalled bet ($1.50) returned to 1fudihara
1fudihara collected $2.50 from pot
1fudihara: doesn't show hand 
*** SUMMARY ***
Total pot $2.50 | Rake $0 
Seat 3: xxxZeka
Seat 1: tintin641 (small blind) folded before Flop
Seat 2: paramourx (big blind) folded before Flop
Seat 4: Kristo 914 folded before Flop (didn't bet)
Seat 5: PhoenixAssassin folded before Flop (didn't bet)
Seat 6: 1fudihara (button) collected ($2.50)



PokerStars Hand #254582810623:  Hold'em No Limit ($0.50/$1.00 USD) - 2025/01/27 19:13:59 WET [2025/01/27 14:13:59 ET]
Table 'Eumaios V' 6-max Seat #1 is the button
Seat 1: tintin641 ($130.66 in chips) 
Seat 2: paramourx ($134.28 in chips) 
Seat 3: xxxZeka ($100 in chips) 
Seat 4: Kristo 914 ($134.36 in chips) 
Seat 5: PhoenixAssassin ($100 in chips) 
Seat 6: 1fudihara ($93.29 in chips) 
paramourx: posts small blind $0.50
xxxZeka: posts big blind $1
*** HOLE CARDS ***
Kristo 914: folds 
PhoenixAssassin: folds 
1fudihara: raises $1.50 to $2.50
tintin641: folds 
paramourx: folds 
xxxZeka: folds 
Uncalled bet ($1.50) returned to 1fudihara
1fudihara collected $2.50 from pot
1fudihara: doesn't show hand 
*** SUMMARY ***
Total pot $2.50 | Rake $0 
Seat 1: tintin641 (button) folded before Flop (didn't bet)
Seat 2: paramourx (small blind) folded before Flop
Seat 3: xxxZeka (big blind) folded before Flop
Seat 4: Kristo 914 folded before Flop (didn't bet)
Seat 5: PhoenixAssassin folded before Flop (didn't bet)
Seat 6: 1fudihara collected ($2.50)



PokerStars Hand #254582819232:  Hold'em No Limit ($0.50/$1.00 USD) - 2025/01/27 19:14:28 WET [2025/01/27 14:14:28 ET]
Table 'Eumaios V' 6-max Seat #2 is the button
Seat 1: tintin641 ($130.66 in chips) 
Seat 2: paramourx ($133.78 in chips) 
Seat 3: xxxZeka ($100 in chips) 
Seat 4: Kristo 914 ($134.36 in chips) 
Seat 5: PhoenixAssassin ($100 in chips) 
Seat 6: 1fudihara ($94.79 in chips) 
xxxZeka: posts small blind $0.50
Kristo 914: posts big blind $1
*** HOLE CARDS ***
PhoenixAssassin: folds 
1fudihara: folds 
tintin641: folds 
paramourx: raises $2 to $3
xxxZeka: raises $10 to $13
Kristo 914: folds 
paramourx: folds 
Uncalled bet ($10) returned to xxxZeka
xxxZeka collected $7 from pot
xxxZeka: doesn't show hand 
*** SUMMARY ***
Total pot $7 | Rake $0 
Seat 1: tintin641 folded before Flop (didn't bet)
Seat 2: paramourx (button) folded before Flop
Seat 3: xxxZeka (small blind) collected ($7)
Seat 4: Kristo 914 (big blind) folded before Flop
Seat 5: PhoenixAssassin folded before Flop (didn't bet)
Seat 6: 1fudihara folded before Flop (didn't bet)



PokerStars Hand #254582826140:  Hold'em No Limit ($0.50/$1.00 USD) - 2025/01/27 19:14:52 WET [2025/01/27 14:14:52 ET]
Table 'Eumaios V' 6-max Seat #3 is the button
Seat 1: tintin641 ($130.66 in chips) 
Seat 2: paramourx ($130.78 in chips) 
Seat 3: xxxZeka ($104 in chips) 
Seat 4: Kristo 914 ($133.36 in chips) 
Seat 5: PhoenixAssassin ($100 in chips) 
Seat 6: 1fudihara ($94.79 in chips) 
Kristo 914: posts small blind $0.50
PhoenixAssassin: posts big blind $1
*** HOLE CARDS ***
1fudihara: folds 
tintin641: raises $1.50 to $2.50
paramourx: raises $5.50 to $8
xxxZeka: folds 
Kristo 914: folds 
PhoenixAssassin: folds 
tintin641: folds 
Uncalled bet ($5.50) returned to paramourx
paramourx collected $6.50 from pot
paramourx: doesn't show hand 
*** SUMMARY ***
Total pot $6.50 | Rake $0 
Seat 1: tintin641 folded before Flop
Seat 2: paramourx collected ($6.50)
Seat 3: xxxZeka (button) folded before Flop (didn't bet)
Seat 4: Kristo 914 (small blind) folded before Flop
Seat 5: PhoenixAssassin (big blind) folded before Flop
Seat 6: 1fudihara folded before Flop (didn't bet)



PokerStars Hand #254582837821:  Hold'em No Limit ($0.50/$1.00 USD) - 2025/01/27 19:15:32 WET [2025/01/27 14:15:32 ET]
Table 'Eumaios V' 6-max Seat #4 is the button
Seat 1: tintin641 ($128.16 in chips) 
Seat 2: paramourx ($134.78 in chips) 
Seat 3: xxxZeka ($104 in chips) 
Seat 4: Kristo 914 ($132.86 in chips) 
Seat 5: PhoenixAssassin ($100 in chips) 
Seat 6: 1fudihara ($94.79 in chips) 
PhoenixAssassin: posts small blind $0.50
1fudihara: posts big blind $1
*** HOLE CARDS ***
tintin641: folds 
paramourx: folds 
xxxZeka: raises $1.50 to $2.50
Kristo 914: folds 
PhoenixAssassin: folds 
1fudihara: folds 
Uncalled bet ($1.50) returned to xxxZeka
xxxZeka collected $2.50 from pot
xxxZeka: doesn't show hand 
*** SUMMARY ***
Total pot $2.50 | Rake $0 
Seat 1: tintin641 folded before Flop (didn't bet)
Seat 2: paramourx folded before Flop (didn't bet)
Seat 3: xxxZeka collected ($2.50)
Seat 4: Kristo 914 (button) folded before Flop (didn't bet)
Seat 5: PhoenixAssassin (small blind) folded before Flop
Seat 6: 1fudihara (big blind) folded before Flop



PokerStars Hand #254582848062:  Hold'em No Limit ($0.50/$1.00 USD) - 2025/01/27 19:16:07 WET [2025/01/27 14:16:07 ET]
Table 'Eumaios V' 6-max Seat #5 is the button
Seat 1: tintin641 ($128.16 in chips) 
Seat 2: paramourx ($134.78 in chips) 
Seat 3: xxxZeka ($105.50 in chips) 
Seat 4: Kristo 914 ($132.86 in chips) 
Seat 5: PhoenixAssassin ($100 in chips) 
Seat 6: 1fudihara ($93.79 in chips) 
1fudihara: posts small blind $0.50
tintin641: posts big blind $1
*** HOLE CARDS ***
paramourx: folds 
xxxZeka: raises $1.50 to $2.50
Kristo 914: folds 
PhoenixAssassin: raises $5.50 to $8
1fudihara: calls $7.50
tintin641: folds 
xxxZeka: calls $5.50
*** FLOP *** [Ah 5d 7h]
1fudihara: checks 
xxxZeka: checks 
PhoenixAssassin: checks 
*** TURN *** [Ah 5d 7h] [2s]
1fudihara: checks 
xxxZeka: bets $10
PhoenixAssassin: folds 
1fudihara: calls $10
*** RIVER *** [Ah 5d 7h 2s] [9c]
1fudihara: bets $34
xxxZeka: calls $34
*** SHOW DOWN ***
1fudihara: shows [6s 8s] (a straight, Five to Nine)
xxxZeka: mucks hand 
1fudihara collected $110.50 from pot
*** SUMMARY ***
Total pot $113 | Rake $2.50 
Board [Ah 5d 7h 2s 9c]
Seat 1: tintin641 (big blind) folded before Flop
Seat 2: paramourx folded before Flop (didn't bet)
Seat 3: xxxZeka mucked
Seat 4: Kristo 914 folded before Flop (didn't bet)
Seat 5: PhoenixAssassin (button) folded on the Turn
Seat 6: 1fudihara (small blind) showed [6s 8s] and won ($110.50) with a straight, Five to Nine



PokerStars Hand #254582886586:  Hold'em No Limit ($0.50/$1.00 USD) - 2025/01/27 19:18:18 WET [2025/01/27 14:18:18 ET]
Table 'Eumaios V' 6-max Seat #6 is the button
Seat 1: tintin641 ($127.16 in chips) 
Seat 2: paramourx ($134.78 in chips) 
Seat 3: xxxZeka ($100 in chips) 
Seat 4: Kristo 914 ($132.86 in chips) 
Seat 5: PhoenixAssassin ($100 in chips) 
Seat 6: 1fudihara ($152.29 in chips) 
tintin641: posts small blind $0.50
paramourx: posts big blind $1
*** HOLE CARDS ***
xxxZeka: folds 
Kristo 914: folds 
PhoenixAssassin: raises $1.50 to $2.50
1fudihara: folds 
tintin641: folds 
paramourx: calls $1.50
*** FLOP *** [7c 6h 5c]
paramourx: checks 
PhoenixAssassin: checks 
*** TURN *** [7c 6h 5c] [Qc]
paramourx: checks 
PhoenixAssassin: checks 
*** RIVER *** [7c 6h 5c Qc] [Td]
paramourx: checks 
PhoenixAssassin: bets $4
paramourx: folds 
Uncalled bet ($4) returned to PhoenixAssassin
PhoenixAssassin collected $5.22 from pot
PhoenixAssassin: doesn't show hand 
*** SUMMARY ***
Total pot $5.50 | Rake $0.28 
Board [7c 6h 5c Qc Td]
Seat 1: tintin641 (small blind) folded before Flop
Seat 2: paramourx (big blind) folded on the River
Seat 3: xxxZeka folded before Flop (didn't bet)
Seat 4: Kristo 914 folded before Flop (didn't bet)
Seat 5: PhoenixAssassin collected ($5.22)
Seat 6: 1fudihara (button) folded before Flop (didn't bet)



PokerStars Hand #254582921654:  Hold'em No Limit ($0.50/$1.00 USD) - 2025/01/27 19:20:15 WET [2025/01/27 14:20:15 ET]
Table 'Eumaios V' 6-max Seat #1 is the button
Seat 1: tintin641 ($126.66 in chips) 
Seat 2: paramourx ($132.28 in chips) 
Seat 3: xxxZeka ($100 in chips) 
Seat 4: Kristo 914 ($132.86 in chips) 
Seat 5: PhoenixAssassin ($102.72 in chips) 
Seat 6: 1fudihara ($152.29 in chips) 
paramourx: posts small blind $0.50
xxxZeka: posts big blind $1
*** HOLE CARDS ***
Kristo 914: folds 
PhoenixAssassin: folds 
1fudihara: folds 
tintin641: folds 
paramourx: folds 
Uncalled bet ($0.50) returned to xxxZeka
xxxZeka collected $1 from pot
xxxZeka: doesn't show hand 
*** SUMMARY ***
Total pot $1 | Rake $0 
Seat 1: tintin641 (button) folded before Flop (didn't bet)
Seat 2: paramourx (small blind) folded before Flop
Seat 3: xxxZeka (big blind) collected ($1)
Seat 4: Kristo 914 folded before Flop (didn't bet)
Seat 5: PhoenixAssassin folded before Flop (didn't bet)
Seat 6: 1fudihara folded before Flop (didn't bet)



PokerStars Hand #254582925769:  Hold'em No Limit ($0.50/$1.00 USD) - 2025/01/27 19:20:29 WET [2025/01/27 14:20:29 ET]
Table 'Eumaios V' 6-max Seat #2 is the button
Seat 1: tintin641 ($126.66 in chips) 
Seat 2: paramourx ($131.78 in chips) 
Seat 3: xxxZeka ($100.50 in chips) 
Seat 4: Kristo 914 ($132.86 in chips) 
Seat 5: PhoenixAssassin ($102.72 in chips) 
Seat 6: 1fudihara ($152.29 in chips) 
xxxZeka: posts small blind $0.50
Kristo 914: posts big blind $1
*** HOLE CARDS ***
PhoenixAssassin: folds 
1fudihara: raises $1.50 to $2.50
tintin641: folds 
paramourx: folds 
xxxZeka: folds 
Kristo 914: folds 
Uncalled bet ($1.50) returned to 1fudihara
1fudihara collected $2.50 from pot
1fudihara: doesn't show hand 
*** SUMMARY ***
Total pot $2.50 | Rake $0 
Seat 1: tintin641 folded before Flop (didn't bet)
Seat 2: paramourx (button) folded before Flop (didn't bet)
Seat 3: xxxZeka (small blind) folded before Flop
Seat 4: Kristo 914 (big blind) folded before Flop
Seat 5: PhoenixAssassin folded before Flop (didn't bet)
Seat 6: 1fudihara collected ($2.50)



PokerStars Hand #254582933043:  Hold'em No Limit ($0.50/$1.00 USD) - 2025/01/27 19:20:53 WET [2025/01/27 14:20:53 ET]
Table 'Eumaios V' 6-max Seat #3 is the button
Seat 1: tintin641 ($126.66 in chips) 
Seat 2: paramourx ($131.78 in chips) 
Seat 3: xxxZeka ($100 in chips) 
Seat 4: Kristo 914 ($131.86 in chips) 
Seat 5: PhoenixAssassin ($102.72 in chips) 
Seat 6: 1fudihara ($153.79 in chips) 
Kristo 914: posts small blind $0.50
PhoenixAssassin: posts big blind $1
*** HOLE CARDS ***
1fudihara: folds 
tintin641: folds 
paramourx: raises $2 to $3
xxxZeka: folds 
Kristo 914: folds 
PhoenixAssassin: folds 
Uncalled bet ($2) returned to paramourx
paramourx collected $2.50 from pot
paramourx: doesn't show hand 
*** SUMMARY ***
Total pot $2.50 | Rake $0 
Seat 1: tintin641 folded before Flop (didn't bet)
Seat 2: paramourx collected ($2.50)
Seat 3: xxxZeka (button) folded before Flop (didn't bet)
Seat 4: Kristo 914 (small blind) folded before Flop
Seat 5: PhoenixAssassin (big blind) folded before Flop
Seat 6: 1fudihara folded before Flop (didn't bet)



PokerStars Hand #254582937303:  Hold'em No Limit ($0.50/$1.00 USD) - 2025/01/27 19:21:08 WET [2025/01/27 14:21:08 ET]
Table 'Eumaios V' 6-max Seat #4 is the button
Seat 1: tintin641 ($126.66 in chips) 
Seat 2: paramourx ($133.28 in chips) 
Seat 3: xxxZeka ($100 in chips) 
Seat 4: Kristo 914 ($131.36 in chips) 
Seat 5: PhoenixAssassin ($101.72 in chips) 
Seat 6: 1fudihara ($153.79 in chips) 
PhoenixAssassin: posts small blind $0.50
1fudihara: posts big blind $1
*** HOLE CARDS ***
tintin641: raises $1.50 to $2.50
paramourx: folds 
xxxZeka: folds 
Kristo 914: folds 
PhoenixAssassin: folds 
1fudihara: calls $1.50
*** FLOP *** [Qs Qd Kd]
1fudihara: checks 
tintin641: bets $1.72
1fudihara: folds 
Uncalled bet ($1.72) returned to tintin641
tintin641 collected $5.22 from pot
tintin641: doesn't show hand 
*** SUMMARY ***
Total pot $5.50 | Rake $0.28 
Board [Qs Qd Kd]
Seat 1: tintin641 collected ($5.22)
Seat 2: paramourx folded before Flop (didn't bet)
Seat 3: xxxZeka folded before Flop (didn't bet)
Seat 4: Kristo 914 (button) folded before Flop (didn't bet)
Seat 5: PhoenixAssassin (small blind) folded before Flop
Seat 6: 1fudihara (big blind) folded on the Flop



PokerStars Hand #254582948514:  Hold'em No Limit ($0.50/$1.00 USD) - 2025/01/27 19:21:46 WET [2025/01/27 14:21:46 ET]
Table 'Eumaios V' 6-max Seat #5 is the button
Seat 1: tintin641 ($129.38 in chips) 
Seat 2: paramourx ($133.28 in chips) 
Seat 3: xxxZeka ($100 in chips) 
Seat 4: Kristo 914 ($131.36 in chips) 
Seat 5: PhoenixAssassin ($101.22 in chips) 
Seat 6: 1fudihara ($151.29 in chips) 
1fudihara: posts small blind $0.50
tintin641: posts big blind $1
*** HOLE CARDS ***
paramourx: raises $2 to $3
xxxZeka: folds 
Kristo 914: folds 
PhoenixAssassin: folds 
1fudihara: calls $2.50
tintin641: folds 
*** FLOP *** [2d 7d 3c]
1fudihara: checks 
paramourx: bets $5.19
1fudihara: folds 
Uncalled bet ($5.19) returned to paramourx
paramourx collected $6.65 from pot
paramourx: doesn't show hand 
*** SUMMARY ***
Total pot $7 | Rake $0.35 
Board [2d 7d 3c]
Seat 1: tintin641 (big blind) folded before Flop
Seat 2: paramourx collected ($6.65)
Seat 3: xxxZeka folded before Flop (didn't bet)
Seat 4: Kristo 914 folded before Flop (didn't bet)
Seat 5: PhoenixAssassin (button) folded before Flop (didn't bet)
Seat 6: 1fudihara (small blind) folded on the Flop



PokerStars Hand #254582960506:  Hold'em No Limit ($0.50/$1.00 USD) - 2025/01/27 19:22:26 WET [2025/01/27 14:22:26 ET]
Table 'Eumaios V' 6-max Seat #6 is the button
Seat 1: tintin641 ($128.38 in chips) 
Seat 2: paramourx ($136.93 in chips) 
Seat 3: xxxZeka ($100 in chips) 
Seat 4: Kristo 914 ($131.36 in chips) 
Seat 5: PhoenixAssassin ($101.22 in chips) 
Seat 6: 1fudihara ($148.29 in chips) 
tintin641: posts small blind $0.50
paramourx: posts big blind $1
*** HOLE CARDS ***
xxxZeka: folds 
Kristo 914: folds 
PhoenixAssassin: folds 
1fudihara: raises $1.50 to $2.50
tintin641: folds 
paramourx: folds 
Uncalled bet ($1.50) returned to 1fudihara
1fudihara collected $2.50 from pot
1fudihara: doesn't show hand 
*** SUMMARY ***
Total pot $2.50 | Rake $0 
Seat 1: tintin641 (small blind) folded before Flop
Seat 2: paramourx (big blind) folded before Flop
Seat 3: xxxZeka folded before Flop (didn't bet)
Seat 4: Kristo 914 folded before Flop (didn't bet)
Seat 5: PhoenixAssassin folded before Flop (didn't bet)
Seat 6: 1fudihara (button) collected ($2.50)



PokerStars Hand #254582965281:  Hold'em No Limit ($0.50/$1.00 USD) - 2025/01/27 19:22:43 WET [2025/01/27 14:22:43 ET]
Table 'Eumaios V' 6-max Seat #1 is the button
Seat 1: tintin641 ($127.88 in chips) 
Seat 2: paramourx ($135.93 in chips) 
Seat 3: xxxZeka ($100 in chips) 
Seat 4: Kristo 914 ($131.36 in chips) 
Seat 5: PhoenixAssassin ($101.22 in chips) 
Seat 6: 1fudihara ($149.79 in chips) 
paramourx: posts small blind $0.50
xxxZeka: posts big blind $1
*** HOLE CARDS ***
Kristo 914: folds 
PhoenixAssassin: raises $1.20 to $2.20
1fudihara: calls $2.20
tintin641: folds 
paramourx: folds 
xxxZeka: calls $1.20
*** FLOP *** [4c 3c Th]
xxxZeka: checks 
PhoenixAssassin: bets $4.45
1fudihara: folds 
xxxZeka: folds 
Uncalled bet ($4.45) returned to PhoenixAssassin
PhoenixAssassin collected $6.74 from pot
PhoenixAssassin: doesn't show hand 
*** SUMMARY ***
Total pot $7.10 | Rake $0.36 
Board [4c 3c Th]
Seat 1: tintin641 (button) folded before Flop (didn't bet)
Seat 2: paramourx (small blind) folded before Flop
Seat 3: xxxZeka (big blind) folded on the Flop
Seat 4: Kristo 914 folded before Flop (didn't bet)
Seat 5: PhoenixAssassin collected ($6.74)
Seat 6: 1fudihara folded on the Flop



PokerStars Hand #254582981753:  Hold'em No Limit ($0.50/$1.00 USD) - 2025/01/27 19:23:38 WET [2025/01/27 14:23:38 ET]
Table 'Eumaios V' 6-max Seat #2 is the button
Seat 4: Kristo 914 ($131.36 in chips) is sitting out
Seat 1: tintin641 ($127.88 in chips) 
Seat 2: paramourx ($135.43 in chips) 
Seat 3: xxxZeka ($100 in chips) 
Seat 5: PhoenixAssassin ($105.76 in chips) 
Seat 6: 1fudihara ($147.59 in chips) 
xxxZeka: posts small blind $0.50
Kristo 914: is sitting out 
Kristo 914 leaves the table
PhoenixAssassin: posts big blind $1
*** HOLE CARDS ***
1fudihara: folds 
tintin641: raises $1.50 to $2.50
paramourx: folds 
xxxZeka: raises $8.50 to $11
PhoenixAssassin: folds 
tintin641: calls $8.50
*** FLOP *** [Ad 9s 5c]
xxxZeka: bets $7
coeeeelho joins the table at seat #4 
tintin641: calls $7
*** TURN *** [Ad 9s 5c] [Kd]
xxxZeka: checks 
tintin641: checks 
*** RIVER *** [Ad 9s 5c Kd] [3s]
xxxZeka: checks 
tintin641: bets $26.36
xxxZeka: folds 
Uncalled bet ($26.36) returned to tintin641
tintin641 collected $35.15 from pot
tintin641: doesn't show hand 
*** SUMMARY ***
Total pot $37 | Rake $1.85 
Board [Ad 9s 5c Kd 3s]
Seat 4: Kristo 914
Seat 1: tintin641 collected ($35.15)
Seat 2: paramourx (button) folded before Flop (didn't bet)
Seat 3: xxxZeka (small blind) folded on the River
Seat 5: PhoenixAssassin (big blind) folded before Flop
Seat 6: 1fudihara folded before Flop (didn't bet)



PokerStars Hand #254583013180:  Hold'em No Limit ($0.50/$1.00 USD) - 2025/01/27 19:25:25 WET [2025/01/27 14:25:25 ET]
Table 'Eumaios V' 6-max Seat #3 is the button
Seat 4: coeeeelho ($100 in chips) is sitting out
Seat 1: tintin641 ($145.03 in chips) 
Seat 2: paramourx ($135.43 in chips) 
Seat 3: xxxZeka ($100 in chips) 
Seat 5: PhoenixAssassin ($104.76 in chips) 
Seat 6: 1fudihara ($147.59 in chips) 
PhoenixAssassin: posts small blind $0.50
1fudihara: posts big blind $1
*** HOLE CARDS ***
tintin641: folds 
paramourx: raises $2 to $3
xxxZeka: folds 
PhoenixAssassin: folds 
1fudihara: folds 
Uncalled bet ($2) returned to paramourx
paramourx collected $2.50 from pot
paramourx: doesn't show hand 
*** SUMMARY ***
Total pot $2.50 | Rake $0 
Seat 4: coeeeelho
Seat 1: tintin641 folded before Flop (didn't bet)
Seat 2: paramourx collected ($2.50)
Seat 3: xxxZeka (button) folded before Flop (didn't bet)
Seat 5: PhoenixAssassin (small blind) folded before Flop
Seat 6: 1fudihara (big blind) folded before Flop



PokerStars Hand #254583019556:  Hold'em No Limit ($0.50/$1.00 USD) - 2025/01/27 19:25:46 WET [2025/01/27 14:25:46 ET]
Table 'Eumaios V' 6-max Seat #5 is the button
Seat 4: coeeeelho ($100 in chips) is sitting out
Seat 1: tintin641 ($145.03 in chips) 
Seat 2: paramourx ($136.93 in chips) 
Seat 3: xxxZeka ($100 in chips) 
Seat 5: PhoenixAssassin ($104.26 in chips) 
Seat 6: 1fudihara ($146.59 in chips) 
1fudihara: posts small blind $0.50
tintin641: posts big blind $1
coeeeelho: sits out 
*** HOLE CARDS ***
paramourx: folds 
xxxZeka: folds 
PhoenixAssassin: folds 
1fudihara: folds 
Uncalled bet ($0.50) returned to tintin641
tintin641 collected $1 from pot
tintin641: doesn't show hand 
*** SUMMARY ***
Total pot $1 | Rake $0 
Seat 4: coeeeelho
Seat 1: tintin641 (big blind) collected ($1)
Seat 2: paramourx folded before Flop (didn't bet)
Seat 3: xxxZeka folded before Flop (didn't bet)
Seat 5: PhoenixAssassin (button) folded before Flop (didn't bet)
Seat 6: 1fudihara (small blind) folded before Flop



PokerStars Hand #254583023239:  Hold'em No Limit ($0.50/$1.00 USD) - 2025/01/27 19:25:59 WET [2025/01/27 14:25:59 ET]
Table 'Eumaios V' 6-max Seat #6 is the button
Seat 4: coeeeelho ($100 in chips) is sitting out
Seat 1: tintin641 ($145.53 in chips) 
Seat 2: paramourx ($136.93 in chips) 
Seat 3: xxxZeka ($100 in chips) 
Seat 5: PhoenixAssassin ($104.26 in chips) 
Seat 6: 1fudihara ($146.09 in chips) 
tintin641: posts small blind $0.50
paramourx: posts big blind $1
coeeeelho: sits out 
*** HOLE CARDS ***
xxxZeka: folds 
PhoenixAssassin: raises $1.50 to $2.50
1fudihara: calls $2.50
tintin641: folds 
paramourx: calls $1.50
*** FLOP *** [As Js 4d]
paramourx: checks 
PhoenixAssassin: bets $2.51
1fudihara: raises $6.49 to $9
paramourx: folds 
PhoenixAssassin: calls $6.49
*** TURN *** [As Js 4d] [5s]
PhoenixAssassin: checks 
1fudihara: bets $15
PhoenixAssassin: folds 
Uncalled bet ($15) returned to 1fudihara
1fudihara collected $24.70 from pot
1fudihara: doesn't show hand 
*** SUMMARY ***
Total pot $26 | Rake $1.30 
Board [As Js 4d 5s]
Seat 4: coeeeelho
Seat 1: tintin641 (small blind) folded before Flop
Seat 2: paramourx (big blind) folded on the Flop
Seat 3: xxxZeka folded before Flop (didn't bet)
Seat 5: PhoenixAssassin folded on the Turn
Seat 6: 1fudihara (button) collected ($24.70)



PokerStars Hand #254583035954:  Hold'em No Limit ($0.50/$1.00 USD) - 2025/01/27 19:26:42 WET [2025/01/27 14:26:42 ET]
Table 'Eumaios V' 6-max Seat #1 is the button
Seat 4: coeeeelho ($100 in chips) is sitting out
Seat 1: tintin641 ($145.03 in chips) 
Seat 2: paramourx ($134.43 in chips) 
Seat 3: xxxZeka ($100 in chips) 
Seat 5: PhoenixAssassin ($100 in chips) 
Seat 6: 1fudihara ($159.29 in chips) 
paramourx: posts small blind $0.50
xxxZeka: posts big blind $1
coeeeelho: sits out 
*** HOLE CARDS ***
PhoenixAssassin: raises $1.20 to $2.20
1fudihara: folds 
tintin641: folds 
paramourx: folds 
xxxZeka: folds 
Uncalled bet ($1.20) returned to PhoenixAssassin
PhoenixAssassin collected $2.50 from pot
PhoenixAssassin: doesn't show hand 
*** SUMMARY ***
Total pot $2.50 | Rake $0 
Seat 4: coeeeelho
Seat 1: tintin641 (button) folded before Flop (didn't bet)
Seat 2: paramourx (small blind) folded before Flop
Seat 3: xxxZeka (big blind) folded before Flop
Seat 5: PhoenixAssassin collected ($2.50)
Seat 6: 1fudihara folded before Flop (didn't bet)



PokerStars Hand #254583040677:  Hold'em No Limit ($0.50/$1.00 USD) - 2025/01/27 19:26:58 WET [2025/01/27 14:26:58 ET]
Table 'Eumaios V' 6-max Seat #2 is the button
Seat 1: tintin641 ($145.03 in chips) 
Seat 2: paramourx ($133.93 in chips) 
Seat 3: xxxZeka ($100 in chips) 
Seat 4: coeeeelho ($100 in chips) 
Seat 5: PhoenixAssassin ($101.50 in chips) 
Seat 6: 1fudihara ($159.29 in chips) 
xxxZeka: posts small blind $0.50
coeeeelho: posts big blind $1
*** HOLE CARDS ***
PhoenixAssassin: folds 
1fudihara: folds 
tintin641: folds 
paramourx: folds 
xxxZeka: folds 
Uncalled bet ($0.50) returned to coeeeelho
coeeeelho collected $1 from pot
*** SUMMARY ***
Total pot $1 | Rake $0 
Seat 1: tintin641 folded before Flop (didn't bet)
Seat 2: paramourx (button) folded before Flop (didn't bet)
Seat 3: xxxZeka (small blind) folded before Flop
Seat 4: coeeeelho (big blind) collected ($1)
Seat 5: PhoenixAssassin folded before Flop (didn't bet)
Seat 6: 1fudihara folded before Flop (didn't bet)



PokerStars Hand #254583051446:  Hold'em No Limit ($0.50/$1.00 USD) - 2025/01/27 19:27:34 WET [2025/01/27 14:27:34 ET]
Table 'Eumaios V' 6-max Seat #3 is the button
Seat 1: tintin641 ($145.03 in chips) 
Seat 2: paramourx ($133.93 in chips) 
Seat 3: xxxZeka ($100 in chips) 
Seat 4: coeeeelho ($100.50 in chips) 
Seat 5: PhoenixAssassin ($101.50 in chips) 
Seat 6: 1fudihara ($159.29 in chips) 
coeeeelho: posts small blind $0.50
PhoenixAssassin: posts big blind $1
*** HOLE CARDS ***
1fudihara: raises $1.45 to $2.45
tintin641: folds 
paramourx: folds 
xxxZeka: folds 
coeeeelho: folds 
PhoenixAssassin: folds 
Uncalled bet ($1.45) returned to 1fudihara
1fudihara collected $2.50 from pot
1fudihara: doesn't show hand 
*** SUMMARY ***
Total pot $2.50 | Rake $0 
Seat 1: tintin641 folded before Flop (didn't bet)
Seat 2: paramourx folded before Flop (didn't bet)
Seat 3: xxxZeka (button) folded before Flop (didn't bet)
Seat 4: coeeeelho (small blind) folded before Flop
Seat 5: PhoenixAssassin (big blind) folded before Flop
Seat 6: 1fudihara collected ($2.50)



PokerStars Hand #254583056065:  Hold'em No Limit ($0.50/$1.00 USD) - 2025/01/27 19:27:50 WET [2025/01/27 14:27:50 ET]
Table 'Eumaios V' 6-max Seat #4 is the button
Seat 1: tintin641 ($145.03 in chips) 
Seat 2: paramourx ($133.93 in chips) 
Seat 3: xxxZeka ($100 in chips) 
Seat 4: coeeeelho ($100 in chips) 
Seat 5: PhoenixAssassin ($100.50 in chips) 
Seat 6: 1fudihara ($160.79 in chips) 
PhoenixAssassin: posts small blind $0.50
1fudihara: posts big blind $1
*** HOLE CARDS ***
tintin641: folds 
paramourx: folds 
xxxZeka: folds 
coeeeelho: folds 
PhoenixAssassin: raises $2 to $3
1fudihara: folds 
Uncalled bet ($2) returned to PhoenixAssassin
PhoenixAssassin collected $2 from pot
PhoenixAssassin: doesn't show hand 
*** SUMMARY ***
Total pot $2 | Rake $0 
Seat 1: tintin641 folded before Flop (didn't bet)
Seat 2: paramourx folded before Flop (didn't bet)
Seat 3: xxxZeka folded before Flop (didn't bet)
Seat 4: coeeeelho (button) folded before Flop (didn't bet)
Seat 5: PhoenixAssassin (small blind) collected ($2)
Seat 6: 1fudihara (big blind) folded before Flop



PokerStars Hand #254583061817:  Hold'em No Limit ($0.50/$1.00 USD) - 2025/01/27 19:28:09 WET [2025/01/27 14:28:09 ET]
Table 'Eumaios V' 6-max Seat #5 is the button
Seat 1: tintin641 ($145.03 in chips) 
Seat 2: paramourx ($133.93 in chips) 
Seat 3: xxxZeka ($100 in chips) 
Seat 4: coeeeelho ($100 in chips) 
Seat 5: PhoenixAssassin ($101.50 in chips) 
Seat 6: 1fudihara ($159.79 in chips) 
1fudihara: posts small blind $0.50
tintin641: posts big blind $1
*** HOLE CARDS ***
paramourx: folds 
paramourx leaves the table
xxxZeka: folds 
coeeeelho: raises $1.20 to $2.20
PhoenixAssassin: folds 
1fudihara: folds 
tintin641: folds 
Uncalled bet ($1.20) returned to coeeeelho
coeeeelho collected $2.50 from pot
*** SUMMARY ***
Total pot $2.50 | Rake $0 
Seat 1: tintin641 (big blind) folded before Flop
Seat 2: paramourx folded before Flop (didn't bet)
Seat 3: xxxZeka folded before Flop (didn't bet)
Seat 4: coeeeelho collected ($2.50)
Seat 5: PhoenixAssassin (button) folded before Flop (didn't bet)
Seat 6: 1fudihara (small blind) folded before Flop



PokerStars Hand #254583066456:  Hold'em No Limit ($0.50/$1.00 USD) - 2025/01/27 19:28:25 WET [2025/01/27 14:28:25 ET]
Table 'Eumaios V' 6-max Seat #6 is the button
Seat 1: tintin641 ($144.03 in chips) 
Seat 3: xxxZeka ($100 in chips) 
Seat 4: coeeeelho ($101.50 in chips) 
Seat 5: PhoenixAssassin ($101.50 in chips) 
Seat 6: 1fudihara ($159.29 in chips) 
tintin641: posts small blind $0.50
xxxZeka: posts big blind $1
*** HOLE CARDS ***
coeeeelho: raises $1.10 to $2.10
PhoenixAssassin: folds 
1fudihara: calls $2.10
Joe_Li7 joins the table at seat #2 
tintin641: folds 
xxxZeka: calls $1.10
*** FLOP *** [9d 4c 4h]
xxxZeka: checks 
coeeeelho: checks 
1fudihara: bets $3.76
xxxZeka: folds 
coeeeelho: raises $6.24 to $10
1fudihara: calls $6.24
*** TURN *** [9d 4c 4h] [8d]
coeeeelho: bets $12.73
1fudihara: calls $12.73
*** RIVER *** [9d 4c 4h 8d] [Jc]
coeeeelho: bets $76.67 and is all-in
1fudihara: calls $76.67
*** SHOW DOWN ***
coeeeelho: shows [Qd Tc] (a straight, Eight to Queen)
1fudihara: shows [8h 8s] (a full house, Eights full of Fours)
1fudihara collected $203.10 from pot
*** SUMMARY ***
Total pot $205.60 | Rake $2.50 
Board [9d 4c 4h 8d Jc]
Seat 1: tintin641 (small blind) folded before Flop
Seat 3: xxxZeka (big blind) folded on the Flop
Seat 4: coeeeelho showed [Qd Tc] and lost with a straight, Eight to Queen
Seat 5: PhoenixAssassin folded before Flop (didn't bet)
Seat 6: 1fudihara (button) showed [8h 8s] and won ($203.10) with a full house, Eights full of Fours



PokerStars Hand #254583087462:  Hold'em No Limit ($0.50/$1.00 USD) - 2025/01/27 19:29:37 WET [2025/01/27 14:29:37 ET]
Table 'Eumaios V' 6-max Seat #1 is the button
Seat 2: Joe_Li7 ($100 in chips) is sitting out
Seat 1: tintin641 ($143.53 in chips) 
Seat 3: xxxZeka ($100 in chips) 
Seat 5: PhoenixAssassin ($101.50 in chips) 
Seat 6: 1fudihara ($260.89 in chips) 
xxxZeka: posts small blind $0.50
PhoenixAssassin: posts big blind $1
*** HOLE CARDS ***
1fudihara: folds 
tintin641: folds 
alexandr699 joins the table at seat #4 
xxxZeka: raises $2 to $3
PhoenixAssassin: folds 
Uncalled bet ($2) returned to xxxZeka
xxxZeka collected $2 from pot
xxxZeka: doesn't show hand 
*** SUMMARY ***
Total pot $2 | Rake $0 
Seat 2: Joe_Li7
Seat 1: tintin641 (button) folded before Flop (didn't bet)
Seat 3: xxxZeka (small blind) collected ($2)
Seat 5: PhoenixAssassin (big blind) folded before Flop
Seat 6: 1fudihara folded before Flop (didn't bet)



PokerStars Hand #254583094125:  Hold'em No Limit ($0.50/$1.00 USD) - 2025/01/27 19:29:59 WET [2025/01/27 14:29:59 ET]
Table 'Eumaios V' 6-max Seat #3 is the button
Seat 2: Joe_Li7 ($100 in chips) is sitting out
Seat 4: alexandr699 ($100 in chips) is sitting out
Seat 1: tintin641 ($143.53 in chips) 
Seat 3: xxxZeka ($101 in chips) 
Seat 5: PhoenixAssassin ($100.50 in chips) 
Seat 6: 1fudihara ($260.89 in chips) 
PhoenixAssassin: posts small blind $0.50
1fudihara: posts big blind $1
Joe_Li7: sits out 
*** HOLE CARDS ***
tintin641: folds 
xxxZeka: folds 
PhoenixAssassin: folds 
Uncalled bet ($0.50) returned to 1fudihara
1fudihara collected $1 from pot
1fudihara: doesn't show hand 
*** SUMMARY ***
Total pot $1 | Rake $0 
Seat 2: Joe_Li7
Seat 4: alexandr699
Seat 1: tintin641 folded before Flop (didn't bet)
Seat 3: xxxZeka (button) folded before Flop (didn't bet)
Seat 5: PhoenixAssassin (small blind) folded before Flop
Seat 6: 1fudihara (big blind) collected ($1)



PokerStars Hand #254583098577:  Hold'em No Limit ($0.50/$1.00 USD) - 2025/01/27 19:30:13 WET [2025/01/27 14:30:13 ET]
Table 'Eumaios V' 6-max Seat #5 is the button
Seat 2: Joe_Li7 ($100 in chips) is sitting out
Seat 4: alexandr699 ($100 in chips) is sitting out
Seat 1: tintin641 ($143.53 in chips) 
Seat 3: xxxZeka ($101 in chips) 
Seat 5: PhoenixAssassin ($100 in chips) 
Seat 6: 1fudihara ($261.39 in chips) 
1fudihara: posts small blind $0.50
tintin641: posts big blind $1
Joe_Li7: sits out 
alexandr699: sits out 
*** HOLE CARDS ***
xxxZeka: folds 
PhoenixAssassin: raises $1.50 to $2.50
1fudihara: raises $6 to $8.50
tintin641: folds 
PhoenixAssassin: folds 
Uncalled bet ($6) returned to 1fudihara
1fudihara collected $6 from pot
1fudihara: doesn't show hand 
*** SUMMARY ***
Total pot $6 | Rake $0 
Seat 2: Joe_Li7
Seat 4: alexandr699
Seat 1: tintin641 (big blind) folded before Flop
Seat 3: xxxZeka folded before Flop (didn't bet)
Seat 5: PhoenixAssassin (button) folded before Flop
Seat 6: 1fudihara (small blind) collected ($6)



PokerStars Hand #254583245862:  Hold'em No Limit ($0.50/$1.00 USD) - 2025/01/27 19:38:22 WET [2025/01/27 14:38:22 ET]
Table 'Eumaios V' 6-max Seat #3 is the button
Seat 1: tintin641 ($111.85 in chips) 
Seat 2: Joe_Li7 ($111.95 in chips) 
Seat 3: xxxZeka ($117.15 in chips) 
Seat 4: alexandr699 ($104.58 in chips) 
Seat 5: PhoenixAssassin ($130.60 in chips) 
Seat 6: 1fudihara ($232.07 in chips) 
alexandr699: posts small blind $0.50
PhoenixAssassin: posts big blind $1
*** HOLE CARDS ***
1fudihara: raises $1.50 to $2.50
tintin641: folds 
Joe_Li7: folds 
xxxZeka: folds 
alexandr699: folds 
PhoenixAssassin: calls $1.50
*** FLOP *** [8c 4d 7h]
PhoenixAssassin: checks 
1fudihara: bets $2.09
PhoenixAssassin: calls $2.09
*** TURN *** [8c 4d 7h] [Kc]
PhoenixAssassin: checks 
1fudihara: bets $4
PhoenixAssassin: folds 
Uncalled bet ($4) returned to 1fudihara
1fudihara collected $9.20 from pot
1fudihara: doesn't show hand 
*** SUMMARY ***
Total pot $9.68 | Rake $0.48 
Board [8c 4d 7h Kc]
Seat 1: tintin641 folded before Flop (didn't bet)
Seat 2: Joe_Li7 folded before Flop (didn't bet)
Seat 3: xxxZeka (button) folded before Flop (didn't bet)
Seat 4: alexandr699 (small blind) folded before Flop
Seat 5: PhoenixAssassin (big blind) folded on the Turn
Seat 6: 1fudihara collected ($9.20)



PokerStars Hand #254583258444:  Hold'em No Limit ($0.50/$1.00 USD) - 2025/01/27 19:39:03 WET [2025/01/27 14:39:03 ET]
Table 'Eumaios V' 6-max Seat #4 is the button
Seat 1: tintin641 ($111.85 in chips) 
Seat 2: Joe_Li7 ($111.95 in chips) 
Seat 3: xxxZeka ($117.15 in chips) 
Seat 4: alexandr699 ($104.08 in chips) 
Seat 5: PhoenixAssassin ($126.01 in chips) 
Seat 6: 1fudihara ($236.68 in chips) 
PhoenixAssassin: posts small blind $0.50
1fudihara: posts big blind $1
*** HOLE CARDS ***
tintin641: folds 
Joe_Li7: folds 
xxxZeka: folds 
alexandr699: folds 
PhoenixAssassin: folds 
Uncalled bet ($0.50) returned to 1fudihara
1fudihara collected $1 from pot
1fudihara: doesn't show hand 
*** SUMMARY ***
Total pot $1 | Rake $0 
Seat 1: tintin641 folded before Flop (didn't bet)
Seat 2: Joe_Li7 folded before Flop (didn't bet)
Seat 3: xxxZeka folded before Flop (didn't bet)
Seat 4: alexandr699 (button) folded before Flop (didn't bet)
Seat 5: PhoenixAssassin (small blind) folded before Flop
Seat 6: 1fudihara (big blind) collected ($1)



PokerStars Hand #254583264026:  Hold'em No Limit ($0.50/$1.00 USD) - 2025/01/27 19:39:22 WET [2025/01/27 14:39:22 ET]
Table 'Eumaios V' 6-max Seat #5 is the button
Seat 1: tintin641 ($111.85 in chips) 
Seat 2: Joe_Li7 ($111.95 in chips) 
Seat 3: xxxZeka ($117.15 in chips) 
Seat 4: alexandr699 ($104.08 in chips) 
Seat 5: PhoenixAssassin ($125.51 in chips) 
Seat 6: 1fudihara ($237.18 in chips) 
1fudihara: posts small blind $0.50
tintin641: posts big blind $1
*** HOLE CARDS ***
Joe_Li7: raises $1.20 to $2.20
xxxZeka: folds 
alexandr699: folds 
PhoenixAssassin: calls $2.20
1fudihara: calls $1.70
tintin641: raises $12.80 to $15
Joe_Li7: folds 
PhoenixAssassin: folds 
1fudihara: folds 
Uncalled bet ($12.80) returned to tintin641
tintin641 collected $8.80 from pot
tintin641: doesn't show hand 
*** SUMMARY ***
Total pot $8.80 | Rake $0 
Seat 1: tintin641 (big blind) collected ($8.80)
Seat 2: Joe_Li7 folded before Flop
Seat 3: xxxZeka folded before Flop (didn't bet)
Seat 4: alexandr699 folded before Flop (didn't bet)
Seat 5: PhoenixAssassin (button) folded before Flop
Seat 6: 1fudihara (small blind) folded before Flop



PokerStars Hand #254583280187:  Hold'em No Limit ($0.50/$1.00 USD) - 2025/01/27 19:40:15 WET [2025/01/27 14:40:15 ET]
Table 'Eumaios V' 6-max Seat #6 is the button
Seat 1: tintin641 ($118.45 in chips) 
Seat 2: Joe_Li7 ($109.75 in chips) 
Seat 3: xxxZeka ($117.15 in chips) 
Seat 4: alexandr699 ($104.08 in chips) 
Seat 5: PhoenixAssassin ($123.31 in chips) 
Seat 6: 1fudihara ($234.98 in chips) 
tintin641: posts small blind $0.50
Joe_Li7: posts big blind $1
*** HOLE CARDS ***
xxxZeka: folds 
alexandr699: folds 
PhoenixAssassin: folds 
1fudihara: folds 
tintin641: folds 
Uncalled bet ($0.50) returned to Joe_Li7
Joe_Li7 collected $1 from pot
*** SUMMARY ***
Total pot $1 | Rake $0 
Seat 1: tintin641 (small blind) folded before Flop
Seat 2: Joe_Li7 (big blind) collected ($1)
Seat 3: xxxZeka folded before Flop (didn't bet)
Seat 4: alexandr699 folded before Flop (didn't bet)
Seat 5: PhoenixAssassin folded before Flop (didn't bet)
Seat 6: 1fudihara (button) folded before Flop (didn't bet)



PokerStars Hand #254583283776:  Hold'em No Limit ($0.50/$1.00 USD) - 2025/01/27 19:40:27 WET [2025/01/27 14:40:27 ET]
Table 'Eumaios V' 6-max Seat #1 is the button
Seat 1: tintin641 ($117.95 in chips) 
Seat 2: Joe_Li7 ($110.25 in chips) 
Seat 3: xxxZeka ($117.15 in chips) 
Seat 4: alexandr699 ($104.08 in chips) 
Seat 5: PhoenixAssassin ($123.31 in chips) 
Seat 6: 1fudihara ($234.98 in chips) 
Joe_Li7: posts small blind $0.50
xxxZeka: posts big blind $1
*** HOLE CARDS ***
alexandr699: folds 
PhoenixAssassin: folds 
1fudihara: folds 
tintin641: raises $1.50 to $2.50
Joe_Li7: folds 
xxxZeka: folds 
Uncalled bet ($1.50) returned to tintin641
tintin641 collected $2.50 from pot
tintin641: doesn't show hand 
*** SUMMARY ***
Total pot $2.50 | Rake $0 
Seat 1: tintin641 (button) collected ($2.50)
Seat 2: Joe_Li7 (small blind) folded before Flop
Seat 3: xxxZeka (big blind) folded before Flop
Seat 4: alexandr699 folded before Flop (didn't bet)
Seat 5: PhoenixAssassin folded before Flop (didn't bet)
Seat 6: 1fudihara folded before Flop (didn't bet)



PokerStars Hand #254583289318:  Hold'em No Limit ($0.50/$1.00 USD) - 2025/01/27 19:40:45 WET [2025/01/27 14:40:45 ET]
Table 'Eumaios V' 6-max Seat #2 is the button
Seat 1: tintin641 ($119.45 in chips) 
Seat 2: Joe_Li7 ($109.75 in chips) 
Seat 3: xxxZeka ($116.15 in chips) 
Seat 4: alexandr699 ($104.08 in chips) 
Seat 5: PhoenixAssassin ($123.31 in chips) 
Seat 6: 1fudihara ($234.98 in chips) 
xxxZeka: posts small blind $0.50
alexandr699: posts big blind $1
*** HOLE CARDS ***
PhoenixAssassin: folds 
1fudihara: folds 
tintin641: raises $1.50 to $2.50
Joe_Li7: folds 
xxxZeka: folds 
alexandr699: folds 
Uncalled bet ($1.50) returned to tintin641
tintin641 collected $2.50 from pot
tintin641: doesn't show hand 
*** SUMMARY ***
Total pot $2.50 | Rake $0 
Seat 1: tintin641 collected ($2.50)
Seat 2: Joe_Li7 (button) folded before Flop (didn't bet)
Seat 3: xxxZeka (small blind) folded before Flop
Seat 4: alexandr699 (big blind) folded before Flop
Seat 5: PhoenixAssassin folded before Flop (didn't bet)
Seat 6: 1fudihara folded before Flop (didn't bet)



PokerStars Hand #254583294656:  Hold'em No Limit ($0.50/$1.00 USD) - 2025/01/27 19:41:02 WET [2025/01/27 14:41:02 ET]
Table 'Eumaios V' 6-max Seat #3 is the button
Seat 1: tintin641 ($120.95 in chips) 
Seat 2: Joe_Li7 ($109.75 in chips) 
Seat 3: xxxZeka ($115.65 in chips) 
Seat 4: alexandr699 ($103.08 in chips) 
Seat 5: PhoenixAssassin ($123.31 in chips) 
Seat 6: 1fudihara ($234.98 in chips) 
alexandr699: posts small blind $0.50
PhoenixAssassin: posts big blind $1
*** HOLE CARDS ***
1fudihara: folds 
tintin641: folds 
Joe_Li7: raises $1.20 to $2.20
xxxZeka: folds 
alexandr699: folds 
PhoenixAssassin: folds 
Uncalled bet ($1.20) returned to Joe_Li7
Joe_Li7 collected $2.50 from pot
*** SUMMARY ***
Total pot $2.50 | Rake $0 
Seat 1: tintin641 folded before Flop (didn't bet)
Seat 2: Joe_Li7 collected ($2.50)
Seat 3: xxxZeka (button) folded before Flop (didn't bet)
Seat 4: alexandr699 (small blind) folded before Flop
Seat 5: PhoenixAssassin (big blind) folded before Flop
Seat 6: 1fudihara folded before Flop (didn't bet)



PokerStars Hand #254583300833:  Hold'em No Limit ($0.50/$1.00 USD) - 2025/01/27 19:41:22 WET [2025/01/27 14:41:22 ET]
Table 'Eumaios V' 6-max Seat #4 is the button
Seat 1: tintin641 ($120.95 in chips) 
Seat 2: Joe_Li7 ($111.25 in chips) 
Seat 3: xxxZeka ($115.65 in chips) 
Seat 4: alexandr699 ($102.58 in chips) 
Seat 5: PhoenixAssassin ($122.31 in chips) 
Seat 6: 1fudihara ($234.98 in chips) 
PhoenixAssassin: posts small blind $0.50
1fudihara: posts big blind $1
*** HOLE CARDS ***
tintin641: folds 
Joe_Li7: folds 
xxxZeka: folds 
alexandr699: raises $1.98 to $2.98
PhoenixAssassin: folds 
1fudihara: folds 
Uncalled bet ($1.98) returned to alexandr699
alexandr699 collected $2.50 from pot
alexandr699: doesn't show hand 
*** SUMMARY ***
Total pot $2.50 | Rake $0 
Seat 1: tintin641 folded before Flop (didn't bet)
Seat 2: Joe_Li7 folded before Flop (didn't bet)
Seat 3: xxxZeka folded before Flop (didn't bet)
Seat 4: alexandr699 (button) collected ($2.50)
Seat 5: PhoenixAssassin (small blind) folded before Flop
Seat 6: 1fudihara (big blind) folded before Flop



PokerStars Hand #254583306896:  Hold'em No Limit ($0.50/$1.00 USD) - 2025/01/27 19:41:42 WET [2025/01/27 14:41:42 ET]
Table 'Eumaios V' 6-max Seat #5 is the button
Seat 1: tintin641 ($120.95 in chips) 
Seat 2: Joe_Li7 ($111.25 in chips) 
Seat 3: xxxZeka ($115.65 in chips) 
Seat 4: alexandr699 ($104.08 in chips) 
Seat 5: PhoenixAssassin ($121.81 in chips) 
Seat 6: 1fudihara ($233.98 in chips) 
1fudihara: posts small blind $0.50
tintin641: posts big blind $1
*** HOLE CARDS ***
Joe_Li7: folds 
xxxZeka: raises $1.50 to $2.50
alexandr699: folds 
PhoenixAssassin: raises $5.50 to $8
1fudihara: folds 
tintin641: folds 
xxxZeka: raises $15 to $23
PhoenixAssassin: folds 
Uncalled bet ($15) returned to xxxZeka
xxxZeka collected $17.50 from pot
xxxZeka: doesn't show hand 
*** SUMMARY ***
Total pot $17.50 | Rake $0 
Seat 1: tintin641 (big blind) folded before Flop
Seat 2: Joe_Li7 folded before Flop (didn't bet)
Seat 3: xxxZeka collected ($17.50)
Seat 4: alexandr699 folded before Flop (didn't bet)
Seat 5: PhoenixAssassin (button) folded before Flop
Seat 6: 1fudihara (small blind) folded before Flop



PokerStars Hand #254583319046:  Hold'em No Limit ($0.50/$1.00 USD) - 2025/01/27 19:42:22 WET [2025/01/27 14:42:22 ET]
Table 'Eumaios V' 6-max Seat #6 is the button
Seat 1: tintin641 ($119.95 in chips) 
Seat 2: Joe_Li7 ($111.25 in chips) 
Seat 3: xxxZeka ($125.15 in chips) 
Seat 4: alexandr699 ($104.08 in chips) 
Seat 5: PhoenixAssassin ($113.81 in chips) 
Seat 6: 1fudihara ($233.48 in chips) 
tintin641: posts small blind $0.50
Joe_Li7: posts big blind $1
*** HOLE CARDS ***
xxxZeka: folds 
alexandr699: folds 
PhoenixAssassin: folds 
1fudihara: raises $1.50 to $2.50
tintin641: folds 
Joe_Li7: raises $11.50 to $14
1fudihara: raises $219.48 to $233.48 and is all-in
Joe_Li7: calls $97.25 and is all-in
Uncalled bet ($122.23) returned to 1fudihara
*** FIRST FLOP *** [9c 4h Kh]
*** FIRST TURN *** [9c 4h Kh] [7d]
*** FIRST RIVER *** [9c 4h Kh 7d] [2d]
*** SECOND FLOP *** [4d 3d Qc]
*** SECOND TURN *** [4d 3d Qc] [5s]
*** SECOND RIVER *** [4d 3d Qc 5s] [5d]
*** FIRST SHOW DOWN ***
Joe_Li7: shows [Ad Qs] (high card Ace)
1fudihara: shows [Ks As] (a pair of Kings)
1fudihara collected $110.25 from pot
*** SECOND SHOW DOWN ***
Joe_Li7: shows [Ad Qs] (two pair, Queens and Fives)
1fudihara: shows [Ks As] (a pair of Fives)
Joe_Li7 collected $110.25 from pot
*** SUMMARY ***
Total pot $223 | Rake $2.50 
Hand was run twice
FIRST Board [9c 4h Kh 7d 2d]
SECOND Board [4d 3d Qc 5s 5d]
Seat 1: tintin641 (small blind) folded before Flop
Seat 2: Joe_Li7 (big blind) showed [Ad Qs] and lost with high card Ace, and won ($110.25) with two pair, Queens and Fives
Seat 3: xxxZeka folded before Flop (didn't bet)
Seat 4: alexandr699 folded before Flop (didn't bet)
Seat 5: PhoenixAssassin folded before Flop (didn't bet)
Seat 6: 1fudihara (button) showed [Ks As] and won ($110.25) with a pair of Kings, and lost with a pair of Fives



PokerStars Hand #254583335385:  Hold'em No Limit ($0.50/$1.00 USD) - 2025/01/27 19:43:17 WET [2025/01/27 14:43:17 ET]
Table 'Eumaios V' 6-max Seat #1 is the button
Seat 1: tintin641 ($119.45 in chips) 
Seat 2: Joe_Li7 ($110.25 in chips) 
Seat 3: xxxZeka ($125.15 in chips) 
Seat 4: alexandr699 ($104.08 in chips) 
Seat 5: PhoenixAssassin ($113.81 in chips) 
Seat 6: 1fudihara ($232.48 in chips) 
Joe_Li7: posts small blind $0.50
xxxZeka: posts big blind $1
*** HOLE CARDS ***
alexandr699: folds 
PhoenixAssassin: folds 
1fudihara: raises $1.50 to $2.50
tintin641: folds 
Joe_Li7: raises $11.50 to $14
xxxZeka: folds 
1fudihara: folds 
Uncalled bet ($11.50) returned to Joe_Li7
Joe_Li7 collected $6 from pot
*** SUMMARY ***
Total pot $6 | Rake $0 
Seat 1: tintin641 (button) folded before Flop (didn't bet)
Seat 2: Joe_Li7 (small blind) collected ($6)
Seat 3: xxxZeka (big blind) folded before Flop
Seat 4: alexandr699 folded before Flop (didn't bet)
Seat 5: PhoenixAssassin folded before Flop (didn't bet)
Seat 6: 1fudihara folded before Flop



PokerStars Hand #254583346158:  Hold'em No Limit ($0.50/$1.00 USD) - 2025/01/27 19:43:52 WET [2025/01/27 14:43:52 ET]
Table 'Eumaios V' 6-max Seat #2 is the button
Seat 1: tintin641 ($119.45 in chips) 
Seat 2: Joe_Li7 ($113.75 in chips) 
Seat 3: xxxZeka ($124.15 in chips) 
Seat 4: alexandr699 ($104.08 in chips) 
Seat 5: PhoenixAssassin ($113.81 in chips) 
Seat 6: 1fudihara ($229.98 in chips) 
xxxZeka: posts small blind $0.50
alexandr699: posts big blind $1
*** HOLE CARDS ***
PhoenixAssassin: folds 
1fudihara: raises $1.50 to $2.50
tintin641: folds 
Joe_Li7: calls $2.50
xxxZeka: folds 
alexandr699: folds 
*** FLOP *** [6d Qh 4s]
1fudihara: checks 
Joe_Li7: bets $2.04
1fudihara: raises $4.96 to $7
Joe_Li7: calls $4.96
*** TURN *** [6d Qh 4s] [8h]
1fudihara: bets $11.48
Joe_Li7: calls $11.48
*** RIVER *** [6d Qh 4s 8h] [7s]
1fudihara: bets $209 and is all-in
Joe_Li7: calls $92.77 and is all-in
Uncalled bet ($116.23) returned to 1fudihara
*** SHOW DOWN ***
1fudihara: shows [Jh Th] (high card Queen)
Joe_Li7: shows [9h 6h] (a pair of Sixes)
Joe_Li7 collected $226.50 from pot
*** SUMMARY ***
Total pot $229 | Rake $2.50 
Board [6d Qh 4s 8h 7s]
Seat 1: tintin641 folded before Flop (didn't bet)
Seat 2: Joe_Li7 (button) showed [9h 6h] and won ($226.50) with a pair of Sixes
Seat 3: xxxZeka (small blind) folded before Flop
Seat 4: alexandr699 (big blind) folded before Flop
Seat 5: PhoenixAssassin folded before Flop (didn't bet)
Seat 6: 1fudihara showed [Jh Th] and lost with high card Queen



PokerStars Hand #254583383857:  Hold'em No Limit ($0.50/$1.00 USD) - 2025/01/27 19:45:55 WET [2025/01/27 14:45:55 ET]
Table 'Eumaios V' 6-max Seat #3 is the button
Seat 1: tintin641 ($119.45 in chips) 
Seat 2: Joe_Li7 ($226.50 in chips) 
Seat 3: xxxZeka ($123.65 in chips) 
Seat 4: alexandr699 ($103.08 in chips) 
Seat 5: PhoenixAssassin ($113.81 in chips) 
Seat 6: 1fudihara ($116.23 in chips) 
alexandr699: posts small blind $0.50
PhoenixAssassin: posts big blind $1
*** HOLE CARDS ***
1fudihara: folds 
tintin641: folds 
Joe_Li7: folds 
xxxZeka: raises $1.50 to $2.50
alexandr699: folds 
PhoenixAssassin: folds 
Uncalled bet ($1.50) returned to xxxZeka
xxxZeka collected $2.50 from pot
xxxZeka: doesn't show hand 
*** SUMMARY ***
Total pot $2.50 | Rake $0 
Seat 1: tintin641 folded before Flop (didn't bet)
Seat 2: Joe_Li7 folded before Flop (didn't bet)
Seat 3: xxxZeka (button) collected ($2.50)
Seat 4: alexandr699 (small blind) folded before Flop
Seat 5: PhoenixAssassin (big blind) folded before Flop
Seat 6: 1fudihara folded before Flop (didn't bet)



PokerStars Hand #254583389786:  Hold'em No Limit ($0.50/$1.00 USD) - 2025/01/27 19:46:14 WET [2025/01/27 14:46:14 ET]
Table 'Eumaios V' 6-max Seat #4 is the button
Seat 1: tintin641 ($119.45 in chips) 
Seat 2: Joe_Li7 ($226.50 in chips) 
Seat 3: xxxZeka ($125.15 in chips) 
Seat 4: alexandr699 ($102.58 in chips) 
Seat 5: PhoenixAssassin ($112.81 in chips) 
Seat 6: 1fudihara ($116.23 in chips) 
PhoenixAssassin: posts small blind $0.50
1fudihara: posts big blind $1
*** HOLE CARDS ***
tintin641: folds 
Joe_Li7: folds 
xxxZeka: folds 
alexandr699: raises $1.98 to $2.98
PhoenixAssassin: folds 
1fudihara: folds 
Uncalled bet ($1.98) returned to alexandr699
alexandr699 collected $2.50 from pot
alexandr699: doesn't show hand 
*** SUMMARY ***
Total pot $2.50 | Rake $0 
Seat 1: tintin641 folded before Flop (didn't bet)
Seat 2: Joe_Li7 folded before Flop (didn't bet)
Seat 3: xxxZeka folded before Flop (didn't bet)
Seat 4: alexandr699 (button) collected ($2.50)
Seat 5: PhoenixAssassin (small blind) folded before Flop
Seat 6: 1fudihara (big blind) folded before Flop



PokerStars Hand #254583401182:  Hold'em No Limit ($0.50/$1.00 USD) - 2025/01/27 19:46:51 WET [2025/01/27 14:46:51 ET]
Table 'Eumaios V' 6-max Seat #5 is the button
Seat 1: tintin641 ($119.45 in chips) 
Seat 2: Joe_Li7 ($226.50 in chips) 
Seat 3: xxxZeka ($125.15 in chips) 
Seat 4: alexandr699 ($104.08 in chips) 
Seat 5: PhoenixAssassin ($112.31 in chips) 
Seat 6: 1fudihara ($115.23 in chips) 
1fudihara: posts small blind $0.50
tintin641: posts big blind $1
*** HOLE CARDS ***
Joe_Li7: folds 
xxxZeka: raises $1.50 to $2.50
alexandr699: folds 
PhoenixAssassin: folds 
1fudihara: calls $2
tintin641: folds 
*** FLOP *** [Ac 4h Js]
1fudihara: checks 
xxxZeka: bets $1.88
1fudihara: calls $1.88
*** TURN *** [Ac 4h Js] [Kd]
1fudihara: checks 
xxxZeka: bets $9.27
1fudihara: folds 
Uncalled bet ($9.27) returned to xxxZeka
xxxZeka collected $9.27 from pot
xxxZeka: doesn't show hand 
*** SUMMARY ***
Total pot $9.76 | Rake $0.49 
Board [Ac 4h Js Kd]
Seat 1: tintin641 (big blind) folded before Flop
Seat 2: Joe_Li7 folded before Flop (didn't bet)
Seat 3: xxxZeka collected ($9.27)
Seat 4: alexandr699 folded before Flop (didn't bet)
Seat 5: PhoenixAssassin (button) folded before Flop (didn't bet)
Seat 6: 1fudihara (small blind) folded on the Turn



PokerStars Hand #254583414087:  Hold'em No Limit ($0.50/$1.00 USD) - 2025/01/27 19:47:33 WET [2025/01/27 14:47:33 ET]
Table 'Eumaios V' 6-max Seat #6 is the button
Seat 1: tintin641 ($118.45 in chips) 
Seat 2: Joe_Li7 ($226.50 in chips) 
Seat 3: xxxZeka ($130.04 in chips) 
Seat 4: alexandr699 ($104.08 in chips) 
Seat 5: PhoenixAssassin ($112.31 in chips) 
Seat 6: 1fudihara ($110.85 in chips) 
tintin641: posts small blind $0.50
Joe_Li7: posts big blind $1
*** HOLE CARDS ***
xxxZeka: folds 
alexandr699: folds 
PhoenixAssassin: raises $1.50 to $2.50
1fudihara: calls $2.50
tintin641: folds 
Joe_Li7: calls $1.50
*** FLOP *** [Ks 4s 6c]
Joe_Li7: checks 
PhoenixAssassin: checks 
1fudihara: checks 
*** TURN *** [Ks 4s 6c] [2h]
Joe_Li7: bets $2.51
PhoenixAssassin: folds 
1fudihara: calls $2.51
*** RIVER *** [Ks 4s 6c 2h] [9d]
Joe_Li7: checks 
1fudihara: checks 
*** SHOW DOWN ***
Joe_Li7: shows [3d 4d] (a pair of Fours)
1fudihara: mucks hand 
Joe_Li7 collected $12.37 from pot
*** SUMMARY ***
Total pot $13.02 | Rake $0.65 
Board [Ks 4s 6c 2h 9d]
Seat 1: tintin641 (small blind) folded before Flop
Seat 2: Joe_Li7 (big blind) showed [3d 4d] and won ($12.37) with a pair of Fours
Seat 3: xxxZeka folded before Flop (didn't bet)
Seat 4: alexandr699 folded before Flop (didn't bet)
Seat 5: PhoenixAssassin folded on the Turn
Seat 6: 1fudihara (button) mucked



PokerStars Hand #254583430187:  Hold'em No Limit ($0.50/$1.00 USD) - 2025/01/27 19:48:25 WET [2025/01/27 14:48:25 ET]
Table 'Eumaios V' 6-max Seat #1 is the button
Seat 1: tintin641 ($117.95 in chips) 
Seat 2: Joe_Li7 ($233.86 in chips) 
Seat 3: xxxZeka ($130.04 in chips) 
Seat 4: alexandr699 ($104.08 in chips) 
Seat 5: PhoenixAssassin ($109.81 in chips) 
Seat 6: 1fudihara ($105.84 in chips) 
Joe_Li7: posts small blind $0.50
xxxZeka: posts big blind $1
*** HOLE CARDS ***
alexandr699: folds 
PhoenixAssassin: folds 
1fudihara: folds 
tintin641: folds 
Joe_Li7: raises $2 to $3
xxxZeka: folds 
Uncalled bet ($2) returned to Joe_Li7
Joe_Li7 collected $2 from pot
*** SUMMARY ***
Total pot $2 | Rake $0 
Seat 1: tintin641 (button) folded before Flop (didn't bet)
Seat 2: Joe_Li7 (small blind) collected ($2)
Seat 3: xxxZeka (big blind) folded before Flop
Seat 4: alexandr699 folded before Flop (didn't bet)
Seat 5: PhoenixAssassin folded before Flop (didn't bet)
Seat 6: 1fudihara folded before Flop (didn't bet)



PokerStars Hand #254583434694:  Hold'em No Limit ($0.50/$1.00 USD) - 2025/01/27 19:48:40 WET [2025/01/27 14:48:40 ET]
Table 'Eumaios V' 6-max Seat #2 is the button
Seat 1: tintin641 ($117.95 in chips) 
Seat 2: Joe_Li7 ($234.86 in chips) 
Seat 3: xxxZeka ($129.04 in chips) 
Seat 4: alexandr699 ($104.08 in chips) 
Seat 5: PhoenixAssassin ($109.81 in chips) 
Seat 6: 1fudihara ($105.84 in chips) 
xxxZeka: posts small blind $0.50
alexandr699: posts big blind $1
*** HOLE CARDS ***
PhoenixAssassin: folds 
1fudihara: folds 
tintin641: folds 
Joe_Li7: raises $1.50 to $2.50
xxxZeka: folds 
alexandr699: folds 
Uncalled bet ($1.50) returned to Joe_Li7
Joe_Li7 collected $2.50 from pot
*** SUMMARY ***
Total pot $2.50 | Rake $0 
Seat 1: tintin641 folded before Flop (didn't bet)
Seat 2: Joe_Li7 (button) collected ($2.50)
Seat 3: xxxZeka (small blind) folded before Flop
Seat 4: alexandr699 (big blind) folded before Flop
Seat 5: PhoenixAssassin folded before Flop (didn't bet)
Seat 6: 1fudihara folded before Flop (didn't bet)



PokerStars Hand #254583441694:  Hold'em No Limit ($0.50/$1.00 USD) - 2025/01/27 19:49:02 WET [2025/01/27 14:49:02 ET]
Table 'Eumaios V' 6-max Seat #3 is the button
Seat 1: tintin641 ($117.95 in chips) 
Seat 2: Joe_Li7 ($236.36 in chips) 
Seat 3: xxxZeka ($128.54 in chips) 
Seat 4: alexandr699 ($103.08 in chips) 
Seat 5: PhoenixAssassin ($109.81 in chips) 
Seat 6: 1fudihara ($105.84 in chips) 
alexandr699: posts small blind $0.50
PhoenixAssassin: posts big blind $1
*** HOLE CARDS ***
1fudihara: folds 
tintin641: folds 
Joe_Li7: folds 
xxxZeka: folds 
alexandr699: folds 
Uncalled bet ($0.50) returned to PhoenixAssassin
PhoenixAssassin collected $1 from pot
PhoenixAssassin: doesn't show hand 
*** SUMMARY ***
Total pot $1 | Rake $0 
Seat 1: tintin641 folded before Flop (didn't bet)
Seat 2: Joe_Li7 folded before Flop (didn't bet)
Seat 3: xxxZeka (button) folded before Flop (didn't bet)
Seat 4: alexandr699 (small blind) folded before Flop
Seat 5: PhoenixAssassin (big blind) collected ($1)
Seat 6: 1fudihara folded before Flop (didn't bet)



PokerStars Hand #254583447604:  Hold'em No Limit ($0.50/$1.00 USD) - 2025/01/27 19:49:21 WET [2025/01/27 14:49:21 ET]
Table 'Eumaios V' 6-max Seat #4 is the button
Seat 1: tintin641 ($117.95 in chips) 
Seat 2: Joe_Li7 ($236.36 in chips) 
Seat 3: xxxZeka ($128.54 in chips) 
Seat 4: alexandr699 ($102.58 in chips) 
Seat 5: PhoenixAssassin ($110.31 in chips) 
Seat 6: 1fudihara ($105.84 in chips) 
PhoenixAssassin: posts small blind $0.50
1fudihara: posts big blind $1
*** HOLE CARDS ***
tintin641: folds 
Joe_Li7: raises $2.50 to $3.50
xxxZeka: folds 
alexandr699: folds 
PhoenixAssassin: folds 
1fudihara: raises $7.50 to $11
Joe_Li7: calls $7.50
*** FLOP *** [Qs 6c 4s]
1fudihara: checks 
Joe_Li7: checks 
*** TURN *** [Qs 6c 4s] [2s]
1fudihara: bets $10
Joe_Li7: calls $10
*** RIVER *** [Qs 6c 4s 2s] [4h]
1fudihara: bets $20
Joe_Li7: calls $20
*** SHOW DOWN ***
1fudihara: shows [Jh 9d] (a pair of Fours)
Joe_Li7: shows [8s 8d] (two pair, Eights and Fours)
Joe_Li7 collected $80 from pot
*** SUMMARY ***
Total pot $82.50 | Rake $2.50 
Board [Qs 6c 4s 2s 4h]
Seat 1: tintin641 folded before Flop (didn't bet)
Seat 2: Joe_Li7 showed [8s 8d] and won ($80) with two pair, Eights and Fours
Seat 3: xxxZeka folded before Flop (didn't bet)
Seat 4: alexandr699 (button) folded before Flop (didn't bet)
Seat 5: PhoenixAssassin (small blind) folded before Flop
Seat 6: 1fudihara (big blind) showed [Jh 9d] and lost with a pair of Fours



PokerStars Hand #254583474221:  Hold'em No Limit ($0.50/$1.00 USD) - 2025/01/27 19:50:48 WET [2025/01/27 14:50:48 ET]
Table 'Eumaios V' 6-max Seat #5 is the button
Seat 1: tintin641 ($117.95 in chips) 
Seat 2: Joe_Li7 ($275.36 in chips) 
Seat 3: xxxZeka ($128.54 in chips) 
Seat 4: alexandr699 ($102.58 in chips) 
Seat 5: PhoenixAssassin ($109.81 in chips) 
Seat 6: 1fudihara ($64.84 in chips) 
1fudihara: posts small blind $0.50
tintin641: posts big blind $1
*** HOLE CARDS ***
Joe_Li7: folds 
xxxZeka: folds 
alexandr699: raises $1.98 to $2.98
PhoenixAssassin: folds 
1fudihara: calls $2.48
tintin641: folds 
*** FLOP *** [8h 3h Qd]
1fudihara: checks 
alexandr699: bets $1.65
1fudihara: folds 
Uncalled bet ($1.65) returned to alexandr699
alexandr699 collected $6.61 from pot
alexandr699: doesn't show hand 
*** SUMMARY ***
Total pot $6.96 | Rake $0.35 
Board [8h 3h Qd]
Seat 1: tintin641 (big blind) folded before Flop
Seat 2: Joe_Li7 folded before Flop (didn't bet)
Seat 3: xxxZeka folded before Flop (didn't bet)
Seat 4: alexandr699 collected ($6.61)
Seat 5: PhoenixAssassin (button) folded before Flop (didn't bet)
Seat 6: 1fudihara (small blind) folded on the Flop



PokerStars Hand #254583484221:  Hold'em No Limit ($0.50/$1.00 USD) - 2025/01/27 19:51:20 WET [2025/01/27 14:51:20 ET]
Table 'Eumaios V' 6-max Seat #6 is the button
Seat 2: Joe_Li7 ($275.36 in chips) is sitting out
Seat 1: tintin641 ($116.95 in chips) 
Seat 3: xxxZeka ($128.54 in chips) 
Seat 4: alexandr699 ($106.21 in chips) 
Seat 5: PhoenixAssassin ($109.81 in chips) 
Seat 6: 1fudihara ($61.86 in chips) 
tintin641: posts small blind $0.50
Joe_Li7: is sitting out 
xxxZeka: posts big blind $1
*** HOLE CARDS ***
alexandr699: folds 
PhoenixAssassin: folds 
Joe_Li7 leaves the table
1fudihara: raises $1.50 to $2.50
tintin641: folds 
Supermegopro joins the table at seat #2 
xxxZeka: calls $1.50
*** FLOP *** [Ac 5s Th]
xxxZeka: checks 
1fudihara: bets $2.09
xxxZeka: folds 
Uncalled bet ($2.09) returned to 1fudihara
1fudihara collected $5.22 from pot
1fudihara: doesn't show hand 
*** SUMMARY ***
Total pot $5.50 | Rake $0.28 
Board [Ac 5s Th]
Seat 2: Joe_Li7
Seat 1: tintin641 (small blind) folded before Flop
Seat 3: xxxZeka (big blind) folded on the Flop
Seat 4: alexandr699 folded before Flop (didn't bet)
Seat 5: PhoenixAssassin folded before Flop (didn't bet)
Seat 6: 1fudihara (button) collected ($5.22)



PokerStars Hand #254583492427:  Hold'em No Limit ($0.50/$1.00 USD) - 2025/01/27 19:51:46 WET [2025/01/27 14:51:46 ET]
Table 'Eumaios V' 6-max Seat #1 is the button
Seat 2: Supermegopro ($100 in chips) is sitting out
Seat 1: tintin641 ($116.45 in chips) 
Seat 3: xxxZeka ($126.04 in chips) 
Seat 4: alexandr699 ($106.21 in chips) 
Seat 5: PhoenixAssassin ($109.81 in chips) 
Seat 6: 1fudihara ($64.58 in chips) 
xxxZeka: posts small blind $0.50
alexandr699: posts big blind $1
*** HOLE CARDS ***
PhoenixAssassin: folds 
1fudihara: raises $1.50 to $2.50
tintin641: raises $5 to $7.50
xxxZeka: folds 
alexandr699: folds 
1fudihara: calls $5
*** FLOP *** [4s Ac 9s]
1fudihara: checks 
tintin641: checks 
*** TURN *** [4s Ac 9s] [Td]
1fudihara: checks 
tintin641: checks 
*** RIVER *** [4s Ac 9s Td] [Ks]
1fudihara: checks 
tintin641: checks 
*** SHOW DOWN ***
1fudihara: shows [Qc 4c] (a pair of Fours)
tintin641: shows [7c 7h] (a pair of Sevens)
tintin641 collected $15.68 from pot
*** SUMMARY ***
Total pot $16.50 | Rake $0.82 
Board [4s Ac 9s Td Ks]
Seat 2: Supermegopro
Seat 1: tintin641 (button) showed [7c 7h] and won ($15.68) with a pair of Sevens
Seat 3: xxxZeka (small blind) folded before Flop
Seat 4: alexandr699 (big blind) folded before Flop
Seat 5: PhoenixAssassin folded before Flop (didn't bet)
Seat 6: 1fudihara showed [Qc 4c] and lost with a pair of Fours



PokerStars Hand #254583511887:  Hold'em No Limit ($0.50/$1.00 USD) - 2025/01/27 19:52:49 WET [2025/01/27 14:52:49 ET]
Table 'Eumaios V' 6-max Seat #3 is the button
Seat 2: Supermegopro ($100 in chips) is sitting out
Seat 1: tintin641 ($124.63 in chips) 
Seat 3: xxxZeka ($125.54 in chips) 
Seat 4: alexandr699 ($105.21 in chips) 
Seat 5: PhoenixAssassin ($109.81 in chips) 
Seat 6: 1fudihara ($57.08 in chips) 
alexandr699: posts small blind $0.50
PhoenixAssassin: posts big blind $1
Supermegopro: sits out 
*** HOLE CARDS ***
1fudihara: folds 
tintin641: folds 
xxxZeka: folds 
alexandr699: raises $1.98 to $2.98
PhoenixAssassin: calls $1.98
*** FLOP *** [4d 5h Jh]
alexandr699: checks 
PhoenixAssassin: checks 
*** TURN *** [4d 5h Jh] [8h]
alexandr699: checks 
PhoenixAssassin: bets $3.74
alexandr699: calls $3.74
*** RIVER *** [4d 5h Jh 8h] [6d]
alexandr699: checks 
PhoenixAssassin: bets $8.43
alexandr699: calls $8.43
*** SHOW DOWN ***
PhoenixAssassin: shows [Qs 9d] (high card Queen)
alexandr699: shows [Ac Qd] (high card Ace)
alexandr699 collected $28.78 from pot
*** SUMMARY ***
Total pot $30.30 | Rake $1.52 
Board [4d 5h Jh 8h 6d]
Seat 2: Supermegopro
Seat 1: tintin641 folded before Flop (didn't bet)
Seat 3: xxxZeka (button) folded before Flop (didn't bet)
Seat 4: alexandr699 (small blind) showed [Ac Qd] and won ($28.78) with high card Ace
Seat 5: PhoenixAssassin (big blind) showed [Qs 9d] and lost with high card Queen
Seat 6: 1fudihara folded before Flop (didn't bet)



PokerStars Hand #254583536146:  Hold'em No Limit ($0.50/$1.00 USD) - 2025/01/27 19:54:06 WET [2025/01/27 14:54:06 ET]
Table 'Eumaios V' 6-max Seat #4 is the button
Seat 2: Supermegopro ($100 in chips) is sitting out
Seat 1: tintin641 ($124.63 in chips) 
Seat 3: xxxZeka ($125.54 in chips) 
Seat 4: alexandr699 ($118.84 in chips) 
Seat 5: PhoenixAssassin ($100 in chips) 
Seat 6: 1fudihara ($97.08 in chips) 
PhoenixAssassin: posts small blind $0.50
1fudihara: posts big blind $1
Supermegopro: sits out 
*** HOLE CARDS ***
tintin641: folds 
xxxZeka: folds 
alexandr699: raises $1.98 to $2.98
PhoenixAssassin: folds 
1fudihara: raises $8.02 to $11
alexandr699: calls $8.02
*** FLOP *** [Ah Qc Kd]
1fudihara: bets $9.55
alexandr699: raises $14.23 to $23.78
1fudihara: folds 
Uncalled bet ($14.23) returned to alexandr699
alexandr699 collected $39.52 from pot
alexandr699: doesn't show hand 
*** SUMMARY ***
Total pot $41.60 | Rake $2.08 
Board [Ah Qc Kd]
Seat 2: Supermegopro
Seat 1: tintin641 folded before Flop (didn't bet)
Seat 3: xxxZeka folded before Flop (didn't bet)
Seat 4: alexandr699 (button) collected ($39.52)
Seat 5: PhoenixAssassin (small blind) folded before Flop
Seat 6: 1fudihara (big blind) folded on the Flop



PokerStars Hand #254583552435:  Hold'em No Limit ($0.50/$1.00 USD) - 2025/01/27 19:54:59 WET [2025/01/27 14:54:59 ET]
Table 'Eumaios V' 6-max Seat #5 is the button
Seat 2: Supermegopro ($100 in chips) is sitting out
Seat 1: tintin641 ($124.63 in chips) 
Seat 3: xxxZeka ($125.54 in chips) 
Seat 4: alexandr699 ($137.81 in chips) 
Seat 5: PhoenixAssassin ($100 in chips) 
Seat 6: 1fudihara ($100 in chips) 
1fudihara: posts small blind $0.50
tintin641: posts big blind $1
Supermegopro: sits out 
*** HOLE CARDS ***
xxxZeka: folds 
alexandr699: folds 
PhoenixAssassin: raises $1.50 to $2.50
1fudihara: raises $7.50 to $10
tintin641: folds 
PhoenixAssassin: folds 
Uncalled bet ($7.50) returned to 1fudihara
1fudihara collected $6 from pot
1fudihara: doesn't show hand 
*** SUMMARY ***
Total pot $6 | Rake $0 
Seat 2: Supermegopro
Seat 1: tintin641 (big blind) folded before Flop
Seat 3: xxxZeka folded before Flop (didn't bet)
Seat 4: alexandr699 folded before Flop (didn't bet)
Seat 5: PhoenixAssassin (button) folded before Flop
Seat 6: 1fudihara (small blind) collected ($6)



PokerStars Hand #254583558339:  Hold'em No Limit ($0.50/$1.00 USD) - 2025/01/27 19:55:22 WET [2025/01/27 14:55:22 ET]
Table 'Eumaios V' 6-max Seat #6 is the button
Seat 1: tintin641 ($123.63 in chips) 
Seat 2: Supermegopro ($100 in chips) 
Seat 3: xxxZeka ($125.54 in chips) 
Seat 4: alexandr699 ($137.81 in chips) 
Seat 5: PhoenixAssassin ($100 in chips) 
Seat 6: 1fudihara ($103.50 in chips) 
tintin641: posts small blind $0.50
Supermegopro: posts big blind $1
*** HOLE CARDS ***
xxxZeka: raises $1.50 to $2.50
alexandr699: folds 
PhoenixAssassin: folds 
1fudihara: folds 
tintin641: folds 
Supermegopro: folds 
Uncalled bet ($1.50) returned to xxxZeka
xxxZeka collected $2.50 from pot
xxxZeka: doesn't show hand 
*** SUMMARY ***
Total pot $2.50 | Rake $0 
Seat 1: tintin641 (small blind) folded before Flop
Seat 2: Supermegopro (big blind) folded before Flop
Seat 3: xxxZeka collected ($2.50)
Seat 4: alexandr699 folded before Flop (didn't bet)
Seat 5: PhoenixAssassin folded before Flop (didn't bet)
Seat 6: 1fudihara (button) folded before Flop (didn't bet)



PokerStars Hand #254583562449:  Hold'em No Limit ($0.50/$1.00 USD) - 2025/01/27 19:55:42 WET [2025/01/27 14:55:42 ET]
Table 'Eumaios V' 6-max Seat #1 is the button
Seat 1: tintin641 ($123.13 in chips) 
Seat 2: Supermegopro ($100 in chips) 
Seat 3: xxxZeka ($127.04 in chips) 
Seat 4: alexandr699 ($137.81 in chips) 
Seat 5: PhoenixAssassin ($100 in chips) 
Seat 6: 1fudihara ($103.50 in chips) 
Supermegopro: posts small blind $0.50
xxxZeka: posts big blind $1
*** HOLE CARDS ***
alexandr699: folds 
PhoenixAssassin: folds 
1fudihara: raises $1.50 to $2.50
tintin641: folds 
Supermegopro: calls $2
xxxZeka: calls $1.50
*** FLOP *** [6c Jd 6s]
Supermegopro: checks 
xxxZeka: checks 
1fudihara: checks 
*** TURN *** [6c Jd 6s] [4d]
Supermegopro: bets $10.68
xxxZeka: folds 
1fudihara: folds 
Uncalled bet ($10.68) returned to Supermegopro
Supermegopro collected $7.12 from pot
Supermegopro: doesn't show hand 
*** SUMMARY ***
Total pot $7.50 | Rake $0.38 
Board [6c Jd 6s 4d]
Seat 1: tintin641 (button) folded before Flop (didn't bet)
Seat 2: Supermegopro (small blind) collected ($7.12)
Seat 3: xxxZeka (big blind) folded on the Turn
Seat 4: alexandr699 folded before Flop (didn't bet)
Seat 5: PhoenixAssassin folded before Flop (didn't bet)
Seat 6: 1fudihara folded on the Turn



PokerStars Hand #254583574520:  Hold'em No Limit ($0.50/$1.00 USD) - 2025/01/27 19:56:38 WET [2025/01/27 14:56:38 ET]
Table 'Eumaios V' 6-max Seat #2 is the button
Seat 1: tintin641 ($123.13 in chips) 
Seat 2: Supermegopro ($104.62 in chips) 
Seat 3: xxxZeka ($124.54 in chips) 
Seat 4: alexandr699 ($137.81 in chips) 
Seat 5: PhoenixAssassin ($100 in chips) 
Seat 6: 1fudihara ($101 in chips) 
xxxZeka: posts small blind $0.50
alexandr699: posts big blind $1
*** HOLE CARDS ***
PhoenixAssassin: folds 
1fudihara: folds 
tintin641: raises $1.50 to $2.50
Supermegopro: folds 
xxxZeka: folds 
alexandr699: folds 
Uncalled bet ($1.50) returned to tintin641
tintin641 collected $2.50 from pot
tintin641: doesn't show hand 
*** SUMMARY ***
Total pot $2.50 | Rake $0 
Seat 1: tintin641 collected ($2.50)
Seat 2: Supermegopro (button) folded before Flop (didn't bet)
Seat 3: xxxZeka (small blind) folded before Flop
Seat 4: alexandr699 (big blind) folded before Flop
Seat 5: PhoenixAssassin folded before Flop (didn't bet)
Seat 6: 1fudihara folded before Flop (didn't bet)



PokerStars Hand #254583580200:  Hold'em No Limit ($0.50/$1.00 USD) - 2025/01/27 19:57:05 WET [2025/01/27 14:57:05 ET]
Table 'Eumaios V' 6-max Seat #3 is the button
Seat 1: tintin641 ($124.63 in chips) 
Seat 2: Supermegopro ($104.62 in chips) 
Seat 3: xxxZeka ($124.04 in chips) 
Seat 4: alexandr699 ($136.81 in chips) 
Seat 5: PhoenixAssassin ($100 in chips) 
Seat 6: 1fudihara ($101 in chips) 
alexandr699: posts small blind $0.50
PhoenixAssassin: posts big blind $1
*** HOLE CARDS ***
1fudihara: folds 
tintin641: raises $1.50 to $2.50
Supermegopro: folds 
xxxZeka: folds 
alexandr699: folds 
PhoenixAssassin: calls $1.50
*** FLOP *** [8d 7h Qs]
PhoenixAssassin: checks 
tintin641: bets $1.72
PhoenixAssassin: calls $1.72
*** TURN *** [8d 7h Qs] [7s]
PhoenixAssassin: checks 
tintin641: checks 
*** RIVER *** [8d 7h Qs 7s] [3c]
PhoenixAssassin: checks 
tintin641: checks 
*** SHOW DOWN ***
PhoenixAssassin: shows [6s 6d] (two pair, Sevens and Sixes)
tintin641: mucks hand 
PhoenixAssassin collected $8.49 from pot
*** SUMMARY ***
Total pot $8.94 | Rake $0.45 
Board [8d 7h Qs 7s 3c]
Seat 1: tintin641 mucked
Seat 2: Supermegopro folded before Flop (didn't bet)
Seat 3: xxxZeka (button) folded before Flop (didn't bet)
Seat 4: alexandr699 (small blind) folded before Flop
Seat 5: PhoenixAssassin (big blind) showed [6s 6d] and won ($8.49) with two pair, Sevens and Sixes
Seat 6: 1fudihara folded before Flop (didn't bet)



PokerStars Hand #254583594703:  Hold'em No Limit ($0.50/$1.00 USD) - 2025/01/27 19:58:13 WET [2025/01/27 14:58:13 ET]
Table 'Eumaios V' 6-max Seat #4 is the button
Seat 1: tintin641 ($120.41 in chips) 
Seat 2: Supermegopro ($104.62 in chips) 
Seat 3: xxxZeka ($124.04 in chips) 
Seat 4: alexandr699 ($136.31 in chips) 
Seat 5: PhoenixAssassin ($104.27 in chips) 
Seat 6: 1fudihara ($101 in chips) 
PhoenixAssassin: posts small blind $0.50
1fudihara: posts big blind $1
*** HOLE CARDS ***
tintin641: folds 
Supermegopro: folds 
xxxZeka: raises $1.50 to $2.50
alexandr699: raises $5 to $7.50
PhoenixAssassin: folds 
1fudihara: calls $6.50
xxxZeka: calls $5
*** FLOP *** [Th Tc 2s]
1fudihara: checks 
xxxZeka: checks 
alexandr699: checks 
*** TURN *** [Th Tc 2s] [3h]
1fudihara: bets $12
xxxZeka: folds 
alexandr699: calls $12
*** RIVER *** [Th Tc 2s 3h] [Ts]
1fudihara: bets $30
alexandr699: calls $30
*** SHOW DOWN ***
1fudihara: shows [8d Jd] (three of a kind, Tens)
alexandr699: shows [Ac 7c] (three of a kind, Tens - Ace kicker)
alexandr699 collected $104.50 from pot
*** SUMMARY ***
Total pot $107 | Rake $2.50 
Board [Th Tc 2s 3h Ts]
Seat 1: tintin641 folded before Flop (didn't bet)
Seat 2: Supermegopro folded before Flop (didn't bet)
Seat 3: xxxZeka folded on the Turn
Seat 4: alexandr699 (button) showed [Ac 7c] and won ($104.50) with three of a kind, Tens
Seat 5: PhoenixAssassin (small blind) folded before Flop
Seat 6: 1fudihara (big blind) showed [8d Jd] and lost with three of a kind, Tens



PokerStars Hand #254583610989:  Hold'em No Limit ($0.50/$1.00 USD) - 2025/01/27 19:59:27 WET [2025/01/27 14:59:27 ET]
Table 'Eumaios V' 6-max Seat #5 is the button
Seat 1: tintin641 ($120.41 in chips) 
Seat 2: Supermegopro ($104.62 in chips) 
Seat 3: xxxZeka ($116.54 in chips) 
Seat 4: alexandr699 ($191.31 in chips) 
Seat 5: PhoenixAssassin ($103.77 in chips) 
Seat 6: 1fudihara ($51.50 in chips) 
1fudihara: posts small blind $0.50
tintin641: posts big blind $1
*** HOLE CARDS ***
Supermegopro: folds 
xxxZeka: folds 
alexandr699: folds 
PhoenixAssassin: raises $1.50 to $2.50
1fudihara: raises $6 to $8.50
tintin641: folds 
PhoenixAssassin: calls $6
*** FLOP *** [4d 3c Ah]
1fudihara: bets $6.84
PhoenixAssassin: calls $6.84
*** TURN *** [4d 3c Ah] [As]
1fudihara: checks 
PhoenixAssassin: checks 
*** RIVER *** [4d 3c Ah As] [2s]
1fudihara: checks 
PhoenixAssassin: checks 
*** SHOW DOWN ***
1fudihara: shows [Kd 8s] (a pair of Aces)
PhoenixAssassin: shows [Kh Qh] (a pair of Aces - King+Queen kicker)
PhoenixAssassin collected $30.10 from pot
*** SUMMARY ***
Total pot $31.68 | Rake $1.58 
Board [4d 3c Ah As 2s]
Seat 1: tintin641 (big blind) folded before Flop
Seat 2: Supermegopro folded before Flop (didn't bet)
Seat 3: xxxZeka folded before Flop (didn't bet)
Seat 4: alexandr699 folded before Flop (didn't bet)
Seat 5: PhoenixAssassin (button) showed [Kh Qh] and won ($30.10) with a pair of Aces
Seat 6: 1fudihara (small blind) showed [Kd 8s] and lost with a pair of Aces



PokerStars Hand #254583623996:  Hold'em No Limit ($0.50/$1.00 USD) - 2025/01/27 20:00:26 WET [2025/01/27 15:00:26 ET]
Table 'Eumaios V' 6-max Seat #6 is the button
Seat 1: tintin641 ($119.41 in chips) 
Seat 2: Supermegopro ($104.62 in chips) 
Seat 3: xxxZeka ($116.54 in chips) 
Seat 4: alexandr699 ($191.31 in chips) 
Seat 5: PhoenixAssassin ($118.53 in chips) 
Seat 6: 1fudihara ($70.31 in chips) 
tintin641: posts small blind $0.50
Supermegopro: posts big blind $1
*** HOLE CARDS ***
xxxZeka: folds 
alexandr699: folds 
PhoenixAssassin: folds 
1fudihara: raises $1.50 to $2.50
tintin641: folds 
Supermegopro: calls $1.50
*** FLOP *** [7d 2c 4d]
Supermegopro: checks 
1fudihara: bets $3
Supermegopro: folds 
Uncalled bet ($3) returned to 1fudihara
1fudihara collected $5.22 from pot
1fudihara: doesn't show hand 
*** SUMMARY ***
Total pot $5.50 | Rake $0.28 
Board [7d 2c 4d]
Seat 1: tintin641 (small blind) folded before Flop
Seat 2: Supermegopro (big blind) folded on the Flop
Seat 3: xxxZeka folded before Flop (didn't bet)
Seat 4: alexandr699 folded before Flop (didn't bet)
Seat 5: PhoenixAssassin folded before Flop (didn't bet)
Seat 6: 1fudihara (button) collected ($5.22)



PokerStars Hand #254583629623:  Hold'em No Limit ($0.50/$1.00 USD) - 2025/01/27 20:00:50 WET [2025/01/27 15:00:50 ET]
Table 'Eumaios V' 6-max Seat #1 is the button
Seat 1: tintin641 ($118.91 in chips) 
Seat 2: Supermegopro ($102.12 in chips) 
Seat 3: xxxZeka ($116.54 in chips) 
Seat 4: alexandr699 ($191.31 in chips) 
Seat 5: PhoenixAssassin ($118.53 in chips) 
Seat 6: 1fudihara ($73.03 in chips) 
Supermegopro: posts small blind $0.50
xxxZeka: posts big blind $1
*** HOLE CARDS ***
alexandr699: folds 
PhoenixAssassin: folds 
1fudihara: folds 
tintin641: raises $1.50 to $2.50
Supermegopro: folds 
xxxZeka: folds 
Uncalled bet ($1.50) returned to tintin641
tintin641 collected $2.50 from pot
tintin641: doesn't show hand 
*** SUMMARY ***
Total pot $2.50 | Rake $0 
Seat 1: tintin641 (button) collected ($2.50)
Seat 2: Supermegopro (small blind) folded before Flop
Seat 3: xxxZeka (big blind) folded before Flop
Seat 4: alexandr699 folded before Flop (didn't bet)
Seat 5: PhoenixAssassin folded before Flop (didn't bet)
Seat 6: 1fudihara folded before Flop (didn't bet)



PokerStars Hand #254583632650:  Hold'em No Limit ($0.50/$1.00 USD) - 2025/01/27 20:01:02 WET [2025/01/27 15:01:02 ET]
Table 'Eumaios V' 6-max Seat #2 is the button
Seat 1: tintin641 ($120.41 in chips) 
Seat 2: Supermegopro ($101.62 in chips) 
Seat 3: xxxZeka ($115.54 in chips) 
Seat 4: alexandr699 ($191.31 in chips) 
Seat 5: PhoenixAssassin ($118.53 in chips) 
Seat 6: 1fudihara ($73.03 in chips) 
xxxZeka: posts small blind $0.50
alexandr699: posts big blind $1
*** HOLE CARDS ***
PhoenixAssassin: folds 
1fudihara: folds 
tintin641: folds 
Supermegopro: folds 
xxxZeka: folds 
Uncalled bet ($0.50) returned to alexandr699
alexandr699 collected $1 from pot
alexandr699: doesn't show hand 
*** SUMMARY ***
Total pot $1 | Rake $0 
Seat 1: tintin641 folded before Flop (didn't bet)
Seat 2: Supermegopro (button) folded before Flop (didn't bet)
Seat 3: xxxZeka (small blind) folded before Flop
Seat 4: alexandr699 (big blind) collected ($1)
Seat 5: PhoenixAssassin folded before Flop (didn't bet)
Seat 6: 1fudihara folded before Flop (didn't bet)



PokerStars Hand #254583637591:  Hold'em No Limit ($0.50/$1.00 USD) - 2025/01/27 20:01:21 WET [2025/01/27 15:01:21 ET]
Table 'Eumaios V' 6-max Seat #3 is the button
Seat 1: tintin641 ($120.41 in chips) 
Seat 2: Supermegopro ($101.62 in chips) 
Seat 3: xxxZeka ($115.04 in chips) 
Seat 4: alexandr699 ($191.81 in chips) 
Seat 5: PhoenixAssassin ($118.53 in chips) 
Seat 6: 1fudihara ($73.03 in chips) 
alexandr699: posts small blind $0.50
PhoenixAssassin: posts big blind $1
*** HOLE CARDS ***
1fudihara: raises $1.50 to $2.50
tintin641: folds 
Supermegopro: folds 
xxxZeka: folds 
alexandr699: folds 
PhoenixAssassin: calls $1.50
*** FLOP *** [Jd Ac Ad]
PhoenixAssassin: checks 
1fudihara: checks 
*** TURN *** [Jd Ac Ad] [7s]
PhoenixAssassin: checks 
1fudihara: bets $2.09
PhoenixAssassin: calls $2.09
*** RIVER *** [Jd Ac Ad 7s] [5d]
PhoenixAssassin: checks 
1fudihara: checks 
*** SHOW DOWN ***
PhoenixAssassin: shows [As 4s] (three of a kind, Aces)
1fudihara: mucks hand 
PhoenixAssassin collected $9.20 from pot
*** SUMMARY ***
Total pot $9.68 | Rake $0.48 
Board [Jd Ac Ad 7s 5d]
Seat 1: tintin641 folded before Flop (didn't bet)
Seat 2: Supermegopro folded before Flop (didn't bet)
Seat 3: xxxZeka (button) folded before Flop (didn't bet)
Seat 4: alexandr699 (small blind) folded before Flop
Seat 5: PhoenixAssassin (big blind) showed [As 4s] and won ($9.20) with three of a kind, Aces
Seat 6: 1fudihara mucked



PokerStars Hand #254583648798:  Hold'em No Limit ($0.50/$1.00 USD) - 2025/01/27 20:02:03 WET [2025/01/27 15:02:03 ET]
Table 'Eumaios V' 6-max Seat #4 is the button
Seat 1: tintin641 ($120.41 in chips) 
Seat 2: Supermegopro ($101.62 in chips) 
Seat 3: xxxZeka ($115.04 in chips) 
Seat 4: alexandr699 ($191.31 in chips) 
Seat 5: PhoenixAssassin ($123.14 in chips) 
Seat 6: 1fudihara ($68.44 in chips) 
PhoenixAssassin: posts small blind $0.50
1fudihara: posts big blind $1
*** HOLE CARDS ***
tintin641: folds 
Supermegopro: folds 
xxxZeka: raises $1.50 to $2.50
alexandr699: folds 
PhoenixAssassin: raises $9.50 to $12
1fudihara: folds 
xxxZeka: folds 
Uncalled bet ($9.50) returned to PhoenixAssassin
PhoenixAssassin collected $6 from pot
PhoenixAssassin: doesn't show hand 
*** SUMMARY ***
Total pot $6 | Rake $0 
Seat 1: tintin641 folded before Flop (didn't bet)
Seat 2: Supermegopro folded before Flop (didn't bet)
Seat 3: xxxZeka folded before Flop
Seat 4: alexandr699 (button) folded before Flop (didn't bet)
Seat 5: PhoenixAssassin (small blind) collected ($6)
Seat 6: 1fudihara (big blind) folded before Flop



PokerStars Hand #254583655393:  Hold'em No Limit ($0.50/$1.00 USD) - 2025/01/27 20:02:23 WET [2025/01/27 15:02:23 ET]
Table 'Eumaios V' 6-max Seat #5 is the button
Seat 1: tintin641 ($120.41 in chips) 
Seat 2: Supermegopro ($101.62 in chips) 
Seat 3: xxxZeka ($112.54 in chips) 
Seat 4: alexandr699 ($191.31 in chips) 
Seat 5: PhoenixAssassin ($126.64 in chips) 
Seat 6: 1fudihara ($67.44 in chips) 
1fudihara: posts small blind $0.50
tintin641: posts big blind $1
*** HOLE CARDS ***
Supermegopro: folds 
xxxZeka: folds 
alexandr699: raises $1.98 to $2.98
PhoenixAssassin: folds 
1fudihara: raises $8.02 to $11
tintin641: folds 
alexandr699: folds 
Uncalled bet ($8.02) returned to 1fudihara
1fudihara collected $6.96 from pot
1fudihara: doesn't show hand 
*** SUMMARY ***
Total pot $6.96 | Rake $0 
Seat 1: tintin641 (big blind) folded before Flop
Seat 2: Supermegopro folded before Flop (didn't bet)
Seat 3: xxxZeka folded before Flop (didn't bet)
Seat 4: alexandr699 folded before Flop
Seat 5: PhoenixAssassin (button) folded before Flop (didn't bet)
Seat 6: 1fudihara (small blind) collected ($6.96)



PokerStars Hand #254583664712:  Hold'em No Limit ($0.50/$1.00 USD) - 2025/01/27 20:02:55 WET [2025/01/27 15:02:55 ET]
Table 'Eumaios V' 6-max Seat #6 is the button
Seat 1: tintin641 ($119.41 in chips) 
Seat 2: Supermegopro ($101.62 in chips) 
Seat 3: xxxZeka ($112.54 in chips) 
Seat 4: alexandr699 ($188.33 in chips) 
Seat 5: PhoenixAssassin ($126.64 in chips) 
Seat 6: 1fudihara ($71.42 in chips) 
tintin641: posts small blind $0.50
Supermegopro: posts big blind $1
*** HOLE CARDS ***
xxxZeka: folds 
alexandr699: folds 
PhoenixAssassin: folds 
1fudihara: folds 
tintin641: folds 
Uncalled bet ($0.50) returned to Supermegopro
Supermegopro collected $1 from pot
Supermegopro: doesn't show hand 
*** SUMMARY ***
Total pot $1 | Rake $0 
Seat 1: tintin641 (small blind) folded before Flop
Seat 2: Supermegopro (big blind) collected ($1)
Seat 3: xxxZeka folded before Flop (didn't bet)
Seat 4: alexandr699 folded before Flop (didn't bet)
Seat 5: PhoenixAssassin folded before Flop (didn't bet)
Seat 6: 1fudihara (button) folded before Flop (didn't bet)



PokerStars Hand #254583667659:  Hold'em No Limit ($0.50/$1.00 USD) - 2025/01/27 20:03:05 WET [2025/01/27 15:03:05 ET]
Table 'Eumaios V' 6-max Seat #1 is the button
Seat 1: tintin641 ($118.91 in chips) 
Seat 2: Supermegopro ($102.12 in chips) 
Seat 3: xxxZeka ($112.54 in chips) 
Seat 4: alexandr699 ($188.33 in chips) 
Seat 5: PhoenixAssassin ($126.64 in chips) 
Seat 6: 1fudihara ($71.42 in chips) 
Supermegopro: posts small blind $0.50
xxxZeka: posts big blind $1
*** HOLE CARDS ***
alexandr699: folds 
PhoenixAssassin: raises $1.20 to $2.20
1fudihara: folds 
tintin641: folds 
Supermegopro: folds 
xxxZeka: folds 
Uncalled bet ($1.20) returned to PhoenixAssassin
PhoenixAssassin collected $2.50 from pot
PhoenixAssassin: doesn't show hand 
*** SUMMARY ***
Total pot $2.50 | Rake $0 
Seat 1: tintin641 (button) folded before Flop (didn't bet)
Seat 2: Supermegopro (small blind) folded before Flop
Seat 3: xxxZeka (big blind) folded before Flop
Seat 4: alexandr699 folded before Flop (didn't bet)
Seat 5: PhoenixAssassin collected ($2.50)
Seat 6: 1fudihara folded before Flop (didn't bet)



PokerStars Hand #254583673219:  Hold'em No Limit ($0.50/$1.00 USD) - 2025/01/27 20:03:23 WET [2025/01/27 15:03:23 ET]
Table 'Eumaios V' 6-max Seat #2 is the button
Seat 1: tintin641 ($118.91 in chips) 
Seat 2: Supermegopro ($101.62 in chips) 
Seat 3: xxxZeka ($111.54 in chips) 
Seat 4: alexandr699 ($188.33 in chips) 
Seat 5: PhoenixAssassin ($128.14 in chips) 
Seat 6: 1fudihara ($71.42 in chips) 
xxxZeka: posts small blind $0.50
alexandr699: posts big blind $1
*** HOLE CARDS ***
PhoenixAssassin: folds 
1fudihara: raises $1.50 to $2.50
tintin641: folds 
Supermegopro: calls $2.50
xxxZeka: folds 
alexandr699: calls $1.50
*** FLOP *** [9h Kd 2d]
alexandr699: checks 
1fudihara: checks 
Supermegopro: checks 
*** TURN *** [9h Kd 2d] [Qd]
alexandr699: bets $6.46
1fudihara: folds 
Supermegopro: calls $6.46
*** RIVER *** [9h Kd 2d Qd] [5s]
alexandr699: bets $29.80
Supermegopro: calls $29.80
*** SHOW DOWN ***
alexandr699: shows [4d Ad] (a flush, Ace high)
Supermegopro: mucks hand 
alexandr699 collected $78.02 from pot
*** SUMMARY ***
Total pot $80.52 | Rake $2.50 
Board [9h Kd 2d Qd 5s]
Seat 1: tintin641 folded before Flop (didn't bet)
Seat 2: Supermegopro (button) mucked
Seat 3: xxxZeka (small blind) folded before Flop
Seat 4: alexandr699 (big blind) showed [4d Ad] and won ($78.02) with a flush, Ace high
Seat 5: PhoenixAssassin folded before Flop (didn't bet)
Seat 6: 1fudihara folded on the Turn



PokerStars Hand #254583691060:  Hold'em No Limit ($0.50/$1.00 USD) - 2025/01/27 20:04:19 WET [2025/01/27 15:04:19 ET]
Table 'Eumaios V' 6-max Seat #3 is the button
Seat 1: tintin641 ($118.91 in chips) 
Seat 2: Supermegopro ($100 in chips) 
Seat 3: xxxZeka ($111.04 in chips) 
Seat 4: alexandr699 ($227.59 in chips) 
Seat 5: PhoenixAssassin ($128.14 in chips) 
Seat 6: 1fudihara ($68.92 in chips) 
alexandr699: posts small blind $0.50
PhoenixAssassin: posts big blind $1
*** HOLE CARDS ***
1fudihara: folds 
tintin641: folds 
Supermegopro: folds 
xxxZeka: folds 
alexandr699: folds 
Uncalled bet ($0.50) returned to PhoenixAssassin
PhoenixAssassin collected $1 from pot
PhoenixAssassin: doesn't show hand 
*** SUMMARY ***
Total pot $1 | Rake $0 
Seat 1: tintin641 folded before Flop (didn't bet)
Seat 2: Supermegopro folded before Flop (didn't bet)
Seat 3: xxxZeka (button) folded before Flop (didn't bet)
Seat 4: alexandr699 (small blind) folded before Flop
Seat 5: PhoenixAssassin (big blind) collected ($1)
Seat 6: 1fudihara folded before Flop (didn't bet)



PokerStars Hand #254583695692:  Hold'em No Limit ($0.50/$1.00 USD) - 2025/01/27 20:04:34 WET [2025/01/27 15:04:34 ET]
Table 'Eumaios V' 6-max Seat #4 is the button
Seat 1: tintin641 ($118.91 in chips) 
Seat 2: Supermegopro ($100 in chips) 
Seat 3: xxxZeka ($111.04 in chips) 
Seat 4: alexandr699 ($227.09 in chips) 
Seat 5: PhoenixAssassin ($128.64 in chips) 
Seat 6: 1fudihara ($68.92 in chips) 
PhoenixAssassin: posts small blind $0.50
1fudihara: posts big blind $1
*** HOLE CARDS ***
tintin641: folds 
Supermegopro: folds 
xxxZeka: folds 
alexandr699: folds 
PhoenixAssassin: raises $2 to $3
1fudihara: calls $2
*** FLOP *** [Ad 3h Jc]
PhoenixAssassin: bets $1.88
1fudihara: calls $1.88
*** TURN *** [Ad 3h Jc] [2s]
PhoenixAssassin: bets $6.12
1fudihara: raises $8.88 to $15
PhoenixAssassin: folds 
Uncalled bet ($8.88) returned to 1fudihara
1fudihara collected $20.90 from pot
1fudihara: doesn't show hand 
*** SUMMARY ***
Total pot $22 | Rake $1.10 
Board [Ad 3h Jc 2s]
Seat 1: tintin641 folded before Flop (didn't bet)
Seat 2: Supermegopro folded before Flop (didn't bet)
Seat 3: xxxZeka folded before Flop (didn't bet)
Seat 4: alexandr699 (button) folded before Flop (didn't bet)
Seat 5: PhoenixAssassin (small blind) folded on the Turn
Seat 6: 1fudihara (big blind) collected ($20.90)



PokerStars Hand #254583710525:  Hold'em No Limit ($0.50/$1.00 USD) - 2025/01/27 20:05:19 WET [2025/01/27 15:05:19 ET]
Table 'Eumaios V' 6-max Seat #5 is the button
Seat 1: tintin641 ($118.91 in chips) 
Seat 2: Supermegopro ($100 in chips) 
Seat 3: xxxZeka ($111.04 in chips) 
Seat 4: alexandr699 ($227.09 in chips) 
Seat 5: PhoenixAssassin ($117.64 in chips) 
Seat 6: 1fudihara ($78.82 in chips) 
1fudihara: posts small blind $0.50
tintin641: posts big blind $1
*** HOLE CARDS ***
Supermegopro: folds 
xxxZeka: folds 
alexandr699: folds 
PhoenixAssassin: folds 
1fudihara: calls $0.50
tintin641: checks 
*** FLOP *** [Jh 9c Jd]
1fudihara: checks 
tintin641: checks 
*** TURN *** [Jh 9c Jd] [6c]
1fudihara: bets $1
tintin641: calls $1
*** RIVER *** [Jh 9c Jd 6c] [2d]
1fudihara: checks 
tintin641: bets $1.25
1fudihara: folds 
Uncalled bet ($1.25) returned to tintin641
tintin641 collected $3.80 from pot
tintin641: doesn't show hand 
*** SUMMARY ***
Total pot $4 | Rake $0.20 
Board [Jh 9c Jd 6c 2d]
Seat 1: tintin641 (big blind) collected ($3.80)
Seat 2: Supermegopro folded before Flop (didn't bet)
Seat 3: xxxZeka folded before Flop (didn't bet)
Seat 4: alexandr699 folded before Flop (didn't bet)
Seat 5: PhoenixAssassin (button) folded before Flop (didn't bet)
Seat 6: 1fudihara (small blind) folded on the River



PokerStars Hand #254583726221:  Hold'em No Limit ($0.50/$1.00 USD) - 2025/01/27 20:06:07 WET [2025/01/27 15:06:07 ET]
Table 'Eumaios V' 6-max Seat #6 is the button
Seat 1: tintin641 ($120.71 in chips) 
Seat 2: Supermegopro ($100 in chips) 
Seat 3: xxxZeka ($111.04 in chips) 
Seat 4: alexandr699 ($227.09 in chips) 
Seat 5: PhoenixAssassin ($117.64 in chips) 
Seat 6: 1fudihara ($76.82 in chips) 
tintin641: posts small blind $0.50
Supermegopro: posts big blind $1
*** HOLE CARDS ***
xxxZeka: folds 
alexandr699: folds 
PhoenixAssassin: folds 
1fudihara: raises $1.50 to $2.50
tintin641: folds 
Supermegopro: calls $1.50
*** FLOP *** [Kd Ts Kc]
Supermegopro: checks 
1fudihara: checks 
*** TURN *** [Kd Ts Kc] [7s]
Supermegopro: bets $1.72
1fudihara: calls $1.72
*** RIVER *** [Kd Ts Kc 7s] [3c]
Supermegopro: checks 
1fudihara: bets $3.40
Supermegopro: folds 
Uncalled bet ($3.40) returned to 1fudihara
1fudihara collected $8.49 from pot
1fudihara: doesn't show hand 
*** SUMMARY ***
Total pot $8.94 | Rake $0.45 
Board [Kd Ts Kc 7s 3c]
Seat 1: tintin641 (small blind) folded before Flop
Seat 2: Supermegopro (big blind) folded on the River
Seat 3: xxxZeka folded before Flop (didn't bet)
Seat 4: alexandr699 folded before Flop (didn't bet)
Seat 5: PhoenixAssassin folded before Flop (didn't bet)
Seat 6: 1fudihara (button) collected ($8.49)



PokerStars Hand #254583740905:  Hold'em No Limit ($0.50/$1.00 USD) - 2025/01/27 20:06:51 WET [2025/01/27 15:06:51 ET]
Table 'Eumaios V' 6-max Seat #1 is the button
Seat 1: tintin641 ($120.21 in chips) 
Seat 2: Supermegopro ($100 in chips) 
Seat 3: xxxZeka ($111.04 in chips) 
Seat 4: alexandr699 ($227.09 in chips) 
Seat 5: PhoenixAssassin ($117.64 in chips) 
Seat 6: 1fudihara ($81.09 in chips) 
Supermegopro: posts small blind $0.50
xxxZeka: posts big blind $1
*** HOLE CARDS ***
alexandr699: folds 
PhoenixAssassin: folds 
1fudihara: folds 
tintin641: raises $1.50 to $2.50
Supermegopro: folds 
xxxZeka: folds 
Uncalled bet ($1.50) returned to tintin641
tintin641 collected $2.50 from pot
tintin641: doesn't show hand 
*** SUMMARY ***
Total pot $2.50 | Rake $0 
Seat 1: tintin641 (button) collected ($2.50)
Seat 2: Supermegopro (small blind) folded before Flop
Seat 3: xxxZeka (big blind) folded before Flop
Seat 4: alexandr699 folded before Flop (didn't bet)
Seat 5: PhoenixAssassin folded before Flop (didn't bet)
Seat 6: 1fudihara folded before Flop (didn't bet)



PokerStars Hand #254583744408:  Hold'em No Limit ($0.50/$1.00 USD) - 2025/01/27 20:07:02 WET [2025/01/27 15:07:02 ET]
Table 'Eumaios V' 6-max Seat #2 is the button
Seat 1: tintin641 ($121.71 in chips) 
Seat 2: Supermegopro ($100 in chips) 
Seat 3: xxxZeka ($110.04 in chips) 
Seat 4: alexandr699 ($227.09 in chips) 
Seat 5: PhoenixAssassin ($117.64 in chips) 
Seat 6: 1fudihara ($81.09 in chips) 
xxxZeka: posts small blind $0.50
alexandr699: posts big blind $1
*** HOLE CARDS ***
PhoenixAssassin: folds 
1fudihara: raises $1.50 to $2.50
tintin641: raises $5 to $7.50
Supermegopro: folds 
xxxZeka: folds 
alexandr699: folds 
1fudihara: calls $5
*** FLOP *** [6s 2c 5d]
1fudihara: checks 
tintin641: bets $5.17
1fudihara: raises $10.83 to $16
tintin641: calls $10.83
*** TURN *** [6s 2c 5d] [9h]
1fudihara: bets $17
tintin641: raises $81.21 to $98.21 and is all-in
1fudihara: folds 
Uncalled bet ($81.21) returned to tintin641
tintin641 collected $80 from pot
tintin641: doesn't show hand 
*** SUMMARY ***
Total pot $82.50 | Rake $2.50 
Board [6s 2c 5d 9h]
Seat 1: tintin641 collected ($80)
Seat 2: Supermegopro (button) folded before Flop (didn't bet)
Seat 3: xxxZeka (small blind) folded before Flop
Seat 4: alexandr699 (big blind) folded before Flop
Seat 5: PhoenixAssassin folded before Flop (didn't bet)
Seat 6: 1fudihara folded on the Turn



PokerStars Hand #254583776578:  Hold'em No Limit ($0.50/$1.00 USD) - 2025/01/27 20:08:38 WET [2025/01/27 15:08:38 ET]
Table 'Eumaios V' 6-max Seat #3 is the button
Seat 1: tintin641 ($161.21 in chips) 
Seat 2: Supermegopro ($100 in chips) 
Seat 3: xxxZeka ($109.54 in chips) 
Seat 4: alexandr699 ($226.09 in chips) 
Seat 5: PhoenixAssassin ($117.64 in chips) 
Seat 6: 1fudihara ($40.59 in chips) 
alexandr699: posts small blind $0.50
PhoenixAssassin: posts big blind $1
*** HOLE CARDS ***
1fudihara: folds 
tintin641: folds 
Supermegopro: folds 
xxxZeka: folds 
alexandr699: raises $1.98 to $2.98
PhoenixAssassin: folds 
Uncalled bet ($1.98) returned to alexandr699
alexandr699 collected $2 from pot
alexandr699: doesn't show hand 
*** SUMMARY ***
Total pot $2 | Rake $0 
Seat 1: tintin641 folded before Flop (didn't bet)
Seat 2: Supermegopro folded before Flop (didn't bet)
Seat 3: xxxZeka (button) folded before Flop (didn't bet)
Seat 4: alexandr699 (small blind) collected ($2)
Seat 5: PhoenixAssassin (big blind) folded before Flop
Seat 6: 1fudihara folded before Flop (didn't bet)



PokerStars Hand #254583782177:  Hold'em No Limit ($0.50/$1.00 USD) - 2025/01/27 20:08:55 WET [2025/01/27 15:08:55 ET]
Table 'Eumaios V' 6-max Seat #4 is the button
Seat 1: tintin641 ($161.21 in chips) 
Seat 2: Supermegopro ($100 in chips) 
Seat 3: xxxZeka ($109.54 in chips) 
Seat 4: alexandr699 ($227.09 in chips) 
Seat 5: PhoenixAssassin ($116.64 in chips) 
Seat 6: 1fudihara ($40.59 in chips) 
PhoenixAssassin: posts small blind $0.50
1fudihara: posts big blind $1
*** HOLE CARDS ***
tintin641: folds 
Supermegopro: raises $1.50 to $2.50
xxxZeka: folds 
alexandr699: folds 
PhoenixAssassin: raises $9.50 to $12
1fudihara: folds 
Supermegopro: calls $9.50
*** FLOP *** [8h As 6c]
1fudihara leaves the table
PhoenixAssassin: bets $7.84
Supermegopro: folds 
Uncalled bet ($7.84) returned to PhoenixAssassin
PhoenixAssassin collected $23.75 from pot
PhoenixAssassin: doesn't show hand 
*** SUMMARY ***
Total pot $25 | Rake $1.25 
Board [8h As 6c]
Seat 1: tintin641 folded before Flop (didn't bet)
Seat 2: Supermegopro folded on the Flop
Seat 3: xxxZeka folded before Flop (didn't bet)
Seat 4: alexandr699 (button) folded before Flop (didn't bet)
Seat 5: PhoenixAssassin (small blind) collected ($23.75)
Seat 6: 1fudihara (big blind) folded before Flop



PokerStars Hand #254583792456:  Hold'em No Limit ($0.50/$1.00 USD) - 2025/01/27 20:09:26 WET [2025/01/27 15:09:26 ET]
Table 'Eumaios V' 6-max Seat #5 is the button
Seat 2: Supermegopro ($100 in chips) is sitting out
Seat 1: tintin641 ($161.21 in chips) 
Seat 3: xxxZeka ($109.54 in chips) 
Seat 4: alexandr699 ($227.09 in chips) 
Seat 5: PhoenixAssassin ($128.39 in chips) 
tintin641: posts small blind $0.50
Supermegopro: is sitting out 
xxxZeka: posts big blind $1
*** HOLE CARDS ***
Supermegopro leaves the table
alexandr699: folds 
PhoenixAssassin: folds 
tintin641: folds 
Uncalled bet ($0.50) returned to xxxZeka
alexandr699 leaves the table
xxxZeka collected $1 from pot
xxxZeka: doesn't show hand 
*** SUMMARY ***
Total pot $1 | Rake $0 
Seat 2: Supermegopro
Seat 1: tintin641 (small blind) folded before Flop
Seat 3: xxxZeka (big blind) collected ($1)
Seat 4: alexandr699 folded before Flop (didn't bet)
Seat 5: PhoenixAssassin (button) folded before Flop (didn't bet)



