PokerStars Hand #254575583336:  Hold'em No Limit ($0.50/$1.00 USD) - 2025/01/27 5:34:43 WET [2025/01/27 0:34:43 ET]
Table 'Botein IV' 6-max Seat #3 is the button
Seat 5: radjamas ($100 in chips) is sitting out
Seat 1: raiseinthedarkk ($100 in chips) 
Seat 3: Aleqseuka ($100 in chips) 
Aleqseuka: posts small blind $0.50
raiseinthedarkk: posts big blind $1
*** HOLE CARDS ***
Aleqseuka: raises $1.50 to $2.50
radjamas leaves the table
raiseinthedarkk: folds 
Uncalled bet ($1.50) returned to Aleqseuka
Aleqseuka collected $2 from pot
Aleqseuka: doesn't show hand 
*** SUMMARY ***
Total pot $2 | Rake $0 
Seat 5: radjamas
Seat 1: raiseinthedarkk (big blind) folded before Flop
Seat 3: Aleqseuka (button) (small blind) collected ($2)



PokerStars Hand #254575584193:  Hold'em No Limit ($0.50/$1.00 USD) - 2025/01/27 5:34:54 WET [2025/01/27 0:34:54 ET]
Table 'Botein IV' 6-max Seat #1 is the button
Seat 1: raiseinthedarkk ($100 in chips) 
Seat 3: Aleqseuka ($101 in chips) 
raiseinthedarkk: posts small blind $0.50
Aleqseuka: posts big blind $1
*** HOLE CARDS ***
raiseinthedarkk: folds 
Uncalled bet ($0.50) returned to Aleqseuka
Aleqseuka collected $1 from pot
Aleqseuka: doesn't show hand 
*** SUMMARY ***
Total pot $1 | Rake $0 
Seat 1: raiseinthedarkk (button) (small blind) folded before Flop
Seat 3: Aleqseuka (big blind) collected ($1)



PokerStars Hand #254575659684:  Hold'em No Limit ($0.50/$1.00 USD) - 2025/01/27 5:52:06 WET [2025/01/27 0:52:06 ET]
Table 'Botein IV' 6-max Seat #3 is the button
Seat 3: Aleqseuka ($101.50 in chips) 
Seat 5: ka100pka527 ($80 in chips) 
Seat 6: XneferX ($100 in chips) 
ka100pka527: posts small blind $0.50
XneferX: posts big blind $1
*** HOLE CARDS ***
Aleqseuka: raises $1.50 to $2.50
ka100pka527: folds 
XneferX: calls $1.50
*** FLOP *** [3h 9s 6c]
XneferX: checks 
Aleqseuka: bets $3.92
XneferX: calls $3.92
*** TURN *** [3h 9s 6c] [7c]
XneferX: checks 
Aleqseuka: checks 
*** RIVER *** [3h 9s 6c 7c] [2d]
XneferX: checks 
Aleqseuka: checks 
*** SHOW DOWN ***
XneferX: shows [4h 2h] (a pair of Deuces)
Aleqseuka: mucks hand 
XneferX collected $12.67 from pot
*** SUMMARY ***
Total pot $13.34 | Rake $0.67 
Board [3h 9s 6c 7c 2d]
Seat 3: Aleqseuka (button) mucked
Seat 5: ka100pka527 (small blind) folded before Flop
Seat 6: XneferX (big blind) showed [4h 2h] and won ($12.67) with a pair of Deuces



PokerStars Hand #254575664083:  Hold'em No Limit ($0.50/$1.00 USD) - 2025/01/27 5:53:09 WET [2025/01/27 0:53:09 ET]
Table 'Botein IV' 6-max Seat #5 is the button
Seat 3: Aleqseuka ($100 in chips) 
Seat 5: ka100pka527 ($100 in chips) 
Seat 6: XneferX ($106.25 in chips) 
XneferX: posts small blind $0.50
Aleqseuka: posts big blind $1
*** HOLE CARDS ***
ka100pka527: folds 
XneferX: raises $1.50 to $2.50
Aleqseuka: folds 
Uncalled bet ($1.50) returned to XneferX
XneferX collected $2 from pot
XneferX: doesn't show hand 
*** SUMMARY ***
Total pot $2 | Rake $0 
Seat 3: Aleqseuka (big blind) folded before Flop
Seat 5: ka100pka527 (button) folded before Flop (didn't bet)
Seat 6: XneferX (small blind) collected ($2)



PokerStars Hand #254575665098:  Hold'em No Limit ($0.50/$1.00 USD) - 2025/01/27 5:53:24 WET [2025/01/27 0:53:24 ET]
Table 'Botein IV' 6-max Seat #6 is the button
Seat 3: Aleqseuka ($100 in chips) 
Seat 5: ka100pka527 ($100 in chips) 
Seat 6: XneferX ($107.25 in chips) 
Aleqseuka: posts small blind $0.50
ka100pka527: posts big blind $1
*** HOLE CARDS ***
XneferX: folds 
Aleqseuka: raises $2 to $3
ka100pka527: calls $2
*** FLOP *** [Kc 6s 3c]
Aleqseuka: bets $1.88
ka100pka527: calls $1.88
*** TURN *** [Kc 6s 3c] [Jd]
Aleqseuka: checks 
ka100pka527: bets $7.05
Aleqseuka: folds 
Uncalled bet ($7.05) returned to ka100pka527
ka100pka527 collected $9.27 from pot
ka100pka527: doesn't show hand 
*** SUMMARY ***
Total pot $9.76 | Rake $0.49 
Board [Kc 6s 3c Jd]
Seat 3: Aleqseuka (small blind) folded on the Turn
Seat 5: ka100pka527 (big blind) collected ($9.27)
Seat 6: XneferX (button) folded before Flop (didn't bet)



PokerStars Hand #254575669411:  Hold'em No Limit ($0.50/$1.00 USD) - 2025/01/27 5:54:24 WET [2025/01/27 0:54:24 ET]
Table 'Botein IV' 6-max Seat #3 is the button
Seat 3: Aleqseuka ($100 in chips) 
Seat 5: ka100pka527 ($104.39 in chips) 
Seat 6: XneferX ($107.25 in chips) 
ka100pka527: posts small blind $0.50
XneferX: posts big blind $1
*** HOLE CARDS ***
Aleqseuka: folds 
ka100pka527: folds 
Uncalled bet ($0.50) returned to XneferX
XneferX collected $1 from pot
XneferX: doesn't show hand 
*** SUMMARY ***
Total pot $1 | Rake $0 
Seat 3: Aleqseuka (button) folded before Flop (didn't bet)
Seat 5: ka100pka527 (small blind) folded before Flop
Seat 6: XneferX (big blind) collected ($1)



PokerStars Hand #254575670019:  Hold'em No Limit ($0.50/$1.00 USD) - 2025/01/27 5:54:32 WET [2025/01/27 0:54:32 ET]
Table 'Botein IV' 6-max Seat #5 is the button
Seat 3: Aleqseuka ($100 in chips) 
Seat 5: ka100pka527 ($103.89 in chips) 
Seat 6: XneferX ($107.75 in chips) 
XneferX: posts small blind $0.50
Aleqseuka: posts big blind $1
*** HOLE CARDS ***
ka100pka527: folds 
XneferX: raises $2 to $3
Aleqseuka: folds 
Uncalled bet ($2) returned to XneferX
XneferX collected $2 from pot
XneferX: doesn't show hand 
*** SUMMARY ***
Total pot $2 | Rake $0 
Seat 3: Aleqseuka (big blind) folded before Flop
Seat 5: ka100pka527 (button) folded before Flop (didn't bet)
Seat 6: XneferX (small blind) collected ($2)



PokerStars Hand #254575670766:  Hold'em No Limit ($0.50/$1.00 USD) - 2025/01/27 5:54:43 WET [2025/01/27 0:54:43 ET]
Table 'Botein IV' 6-max Seat #6 is the button
Seat 3: Aleqseuka ($100 in chips) 
Seat 5: ka100pka527 ($103.89 in chips) 
Seat 6: XneferX ($108.75 in chips) 
Aleqseuka: posts small blind $0.50
ka100pka527: posts big blind $1
*** HOLE CARDS ***
XneferX: raises $1.77 to $2.77
Aleqseuka: folds 
ka100pka527: folds 
Uncalled bet ($1.77) returned to XneferX
XneferX collected $2.50 from pot
XneferX: doesn't show hand 
Calabazaking joins the table at seat #1 
*** SUMMARY ***
Total pot $2.50 | Rake $0 
Seat 3: Aleqseuka (small blind) folded before Flop
Seat 5: ka100pka527 (big blind) folded before Flop
Seat 6: XneferX (button) collected ($2.50)



PokerStars Hand #254575672241:  Hold'em No Limit ($0.50/$1.00 USD) - 2025/01/27 5:55:04 WET [2025/01/27 0:55:04 ET]
Table 'Botein IV' 6-max Seat #3 is the button
Seat 1: Calabazaking ($100 in chips) is sitting out
Seat 3: Aleqseuka ($100 in chips) 
Seat 5: ka100pka527 ($102.89 in chips) 
Seat 6: XneferX ($110.25 in chips) 
ka100pka527: posts small blind $0.50
XneferX: posts big blind $1
Calabazaking: sits out 
*** HOLE CARDS ***
Aleqseuka: raises $1.50 to $2.50
elcutez joins the table at seat #2 
elcutez is disconnected 
ka100pka527: raises $8.50 to $11
XneferX: folds 
Aleqseuka: folds 
Uncalled bet ($8.50) returned to ka100pka527
ka100pka527 collected $6 from pot
ka100pka527: doesn't show hand 
*** SUMMARY ***
Total pot $6 | Rake $0 
Seat 1: Calabazaking
Seat 3: Aleqseuka (button) folded before Flop
Seat 5: ka100pka527 (small blind) collected ($6)
Seat 6: XneferX (big blind) folded before Flop



PokerStars Hand #254575673090:  Hold'em No Limit ($0.50/$1.00 USD) - 2025/01/27 5:55:18 WET [2025/01/27 0:55:18 ET]
Table 'Botein IV' 6-max Seat #5 is the button
Seat 1: Calabazaking ($100 in chips) 
Seat 2: elcutez ($100 in chips) 
Seat 3: Aleqseuka ($100 in chips) 
Seat 5: ka100pka527 ($106.39 in chips) 
Seat 6: XneferX ($109.25 in chips) 
XneferX: posts small blind $0.50
Calabazaking: posts big blind $1
elcutez: posts big blind $1
*** HOLE CARDS ***
elcutez: checks 
Aleqseuka: folds 
ka100pka527: raises $3.50 to $4.50
XneferX: folds 
Calabazaking: folds 
elcutez: folds 
Uncalled bet ($3.50) returned to ka100pka527
ka100pka527 collected $3.50 from pot
ka100pka527: doesn't show hand 
*** SUMMARY ***
Total pot $3.50 | Rake $0 
Seat 1: Calabazaking (big blind) folded before Flop
Seat 2: elcutez folded before Flop (didn't bet)
Seat 3: Aleqseuka folded before Flop (didn't bet)
Seat 5: ka100pka527 (button) collected ($3.50)
Seat 6: XneferX (small blind) folded before Flop



PokerStars Hand #254575674929:  Hold'em No Limit ($0.50/$1.00 USD) - 2025/01/27 5:55:49 WET [2025/01/27 0:55:49 ET]
Table 'Botein IV' 6-max Seat #6 is the button
Seat 1: Calabazaking ($100 in chips) 
Seat 2: elcutez ($99 in chips) 
Seat 3: Aleqseuka ($100 in chips) 
Seat 5: ka100pka527 ($108.89 in chips) 
Seat 6: XneferX ($108.75 in chips) 
Calabazaking: posts small blind $0.50
elcutez: posts big blind $1
*** HOLE CARDS ***
Aleqseuka: raises $1.35 to $2.35
ka100pka527: folds 
XneferX: folds 
Calabazaking: folds 
elcutez: folds 
Uncalled bet ($1.35) returned to Aleqseuka
Aleqseuka collected $2.50 from pot
Aleqseuka: doesn't show hand 
*** SUMMARY ***
Total pot $2.50 | Rake $0 
Seat 1: Calabazaking (small blind) folded before Flop
Seat 2: elcutez (big blind) folded before Flop
Seat 3: Aleqseuka collected ($2.50)
Seat 5: ka100pka527 folded before Flop (didn't bet)
Seat 6: XneferX (button) folded before Flop (didn't bet)



PokerStars Hand #254575676341:  Hold'em No Limit ($0.50/$1.00 USD) - 2025/01/27 5:56:13 WET [2025/01/27 0:56:13 ET]
Table 'Botein IV' 6-max Seat #1 is the button
Seat 1: Calabazaking ($100 in chips) 
Seat 2: elcutez ($98 in chips) 
Seat 3: Aleqseuka ($101.50 in chips) 
Seat 5: ka100pka527 ($108.89 in chips) 
Seat 6: XneferX ($108.75 in chips) 
elcutez: posts small blind $0.50
Aleqseuka: posts big blind $1
*** HOLE CARDS ***
ka100pka527: folds 
XneferX: folds 
Calabazaking: raises $1.50 to $2.50
elcutez: calls $2
iTrustU21 joins the table at seat #4 
Aleqseuka: calls $1.50
*** FLOP *** [Kc 3c Kd]
elcutez: checks 
Aleqseuka: checks 
Calabazaking: checks 
*** TURN *** [Kc 3c Kd] [Ad]
elcutez: checks 
Aleqseuka: checks 
Calabazaking: checks 
*** RIVER *** [Kc 3c Kd Ad] [5d]
elcutez: checks 
Aleqseuka: checks 
Calabazaking: checks 
*** SHOW DOWN ***
elcutez: shows [6d 6h] (two pair, Kings and Sixes)
Aleqseuka: mucks hand 
Calabazaking: shows [9c Ah] (two pair, Aces and Kings)
Calabazaking collected $7.12 from pot
*** SUMMARY ***
Total pot $7.50 | Rake $0.38 
Board [Kc 3c Kd Ad 5d]
Seat 1: Calabazaking (button) showed [9c Ah] and won ($7.12) with two pair, Aces and Kings
Seat 2: elcutez (small blind) showed [6d 6h] and lost with two pair, Kings and Sixes
Seat 3: Aleqseuka (big blind) mucked
Seat 5: ka100pka527 folded before Flop (didn't bet)
Seat 6: XneferX folded before Flop (didn't bet)



PokerStars Hand #254575679413:  Hold'em No Limit ($0.50/$1.00 USD) - 2025/01/27 5:57:06 WET [2025/01/27 0:57:06 ET]
Table 'Botein IV' 6-max Seat #2 is the button
Seat 1: Calabazaking ($104.62 in chips) 
Seat 2: elcutez ($95.50 in chips) 
Seat 3: Aleqseuka ($100 in chips) 
Seat 4: iTrustU21 ($100 in chips) 
Seat 5: ka100pka527 ($108.89 in chips) 
Seat 6: XneferX ($108.75 in chips) 
Aleqseuka: posts small blind $0.50
iTrustU21: posts big blind $1
*** HOLE CARDS ***
ka100pka527: raises $2 to $3
XneferX: folds 
Calabazaking: folds 
elcutez: folds 
Aleqseuka: folds 
iTrustU21: folds 
Uncalled bet ($2) returned to ka100pka527
ka100pka527 collected $2.50 from pot
ka100pka527: doesn't show hand 
*** SUMMARY ***
Total pot $2.50 | Rake $0 
Seat 1: Calabazaking folded before Flop (didn't bet)
Seat 2: elcutez (button) folded before Flop (didn't bet)
Seat 3: Aleqseuka (small blind) folded before Flop
Seat 4: iTrustU21 (big blind) folded before Flop
Seat 5: ka100pka527 collected ($2.50)
Seat 6: XneferX folded before Flop (didn't bet)



PokerStars Hand #254575680339:  Hold'em No Limit ($0.50/$1.00 USD) - 2025/01/27 5:57:21 WET [2025/01/27 0:57:21 ET]
Table 'Botein IV' 6-max Seat #3 is the button
Seat 1: Calabazaking ($104.62 in chips) 
Seat 2: elcutez ($95.50 in chips) 
Seat 3: Aleqseuka ($100 in chips) 
Seat 4: iTrustU21 ($100 in chips) 
Seat 5: ka100pka527 ($110.39 in chips) 
Seat 6: XneferX ($108.75 in chips) 
iTrustU21: posts small blind $0.50
ka100pka527: posts big blind $1
*** HOLE CARDS ***
XneferX: folds 
Calabazaking: folds 
elcutez: raises $2.50 to $3.50
Aleqseuka: folds 
iTrustU21: folds 
ka100pka527: folds 
Uncalled bet ($2.50) returned to elcutez
elcutez collected $2.50 from pot
*** SUMMARY ***
Total pot $2.50 | Rake $0 
Seat 1: Calabazaking folded before Flop (didn't bet)
Seat 2: elcutez collected ($2.50)
Seat 3: Aleqseuka (button) folded before Flop (didn't bet)
Seat 4: iTrustU21 (small blind) folded before Flop
Seat 5: ka100pka527 (big blind) folded before Flop
Seat 6: XneferX folded before Flop (didn't bet)



PokerStars Hand #254575681515:  Hold'em No Limit ($0.50/$1.00 USD) - 2025/01/27 5:57:43 WET [2025/01/27 0:57:43 ET]
Table 'Botein IV' 6-max Seat #4 is the button
Seat 1: Calabazaking ($104.62 in chips) 
Seat 2: elcutez ($97 in chips) 
Seat 3: Aleqseuka ($100 in chips) 
Seat 4: iTrustU21 ($100 in chips) 
Seat 5: ka100pka527 ($109.39 in chips) 
Seat 6: XneferX ($108.75 in chips) 
ka100pka527: posts small blind $0.50
XneferX: posts big blind $1
*** HOLE CARDS ***
Calabazaking: folds 
elcutez: folds 
Aleqseuka: folds 
iTrustU21: raises $1.20 to $2.20
ka100pka527: folds 
XneferX: folds 
Uncalled bet ($1.20) returned to iTrustU21
iTrustU21 collected $2.50 from pot
iTrustU21: doesn't show hand 
*** SUMMARY ***
Total pot $2.50 | Rake $0 
Seat 1: Calabazaking folded before Flop (didn't bet)
Seat 2: elcutez folded before Flop (didn't bet)
Seat 3: Aleqseuka folded before Flop (didn't bet)
Seat 4: iTrustU21 (button) collected ($2.50)
Seat 5: ka100pka527 (small blind) folded before Flop
Seat 6: XneferX (big blind) folded before Flop



PokerStars Hand #254575682771:  Hold'em No Limit ($0.50/$1.00 USD) - 2025/01/27 5:58:05 WET [2025/01/27 0:58:05 ET]
Table 'Botein IV' 6-max Seat #5 is the button
Seat 1: Calabazaking ($104.62 in chips) 
Seat 2: elcutez ($97 in chips) 
Seat 3: Aleqseuka ($100 in chips) 
Seat 4: iTrustU21 ($101.50 in chips) 
Seat 5: ka100pka527 ($108.89 in chips) 
Seat 6: XneferX ($107.75 in chips) 
XneferX: posts small blind $0.50
Calabazaking: posts big blind $1
*** HOLE CARDS ***
elcutez: folds 
Aleqseuka: folds 
iTrustU21: raises $1.20 to $2.20
ka100pka527: folds 
XneferX: folds 
Calabazaking: calls $1.20
*** FLOP *** [Th 6h Jd]
Calabazaking: checks 
iTrustU21: bets $3
Calabazaking: raises $5.86 to $8.86
iTrustU21: calls $5.86
*** TURN *** [Th 6h Jd] [3c]
Calabazaking: bets $18
iTrustU21: calls $18
*** RIVER *** [Th 6h Jd 3c] [Kd]
Calabazaking: bets $75.56 and is all-in
iTrustU21: folds 
Uncalled bet ($75.56) returned to Calabazaking
Calabazaking collected $56.12 from pot
*** SUMMARY ***
Total pot $58.62 | Rake $2.50 
Board [Th 6h Jd 3c Kd]
Seat 1: Calabazaking (big blind) collected ($56.12)
Seat 2: elcutez folded before Flop (didn't bet)
Seat 3: Aleqseuka folded before Flop (didn't bet)
Seat 4: iTrustU21 folded on the River
Seat 5: ka100pka527 (button) folded before Flop (didn't bet)
Seat 6: XneferX (small blind) folded before Flop



PokerStars Hand #254575686768:  Hold'em No Limit ($0.50/$1.00 USD) - 2025/01/27 5:59:12 WET [2025/01/27 0:59:12 ET]
Table 'Botein IV' 6-max Seat #6 is the button
Seat 1: Calabazaking ($131.68 in chips) 
Seat 2: elcutez ($97 in chips) 
Seat 3: Aleqseuka ($100 in chips) 
Seat 4: iTrustU21 ($100 in chips) 
Seat 5: ka100pka527 ($108.89 in chips) 
Seat 6: XneferX ($107.25 in chips) 
Calabazaking: posts small blind $0.50
elcutez: posts big blind $1
*** HOLE CARDS ***
Aleqseuka: folds 
iTrustU21: folds 
ka100pka527: folds 
XneferX: folds 
Calabazaking: folds 
Uncalled bet ($0.50) returned to elcutez
elcutez collected $1 from pot
*** SUMMARY ***
Total pot $1 | Rake $0 
Seat 1: Calabazaking (small blind) folded before Flop
Seat 2: elcutez (big blind) collected ($1)
Seat 3: Aleqseuka folded before Flop (didn't bet)
Seat 4: iTrustU21 folded before Flop (didn't bet)
Seat 5: ka100pka527 folded before Flop (didn't bet)
Seat 6: XneferX (button) folded before Flop (didn't bet)



PokerStars Hand #254575687590:  Hold'em No Limit ($0.50/$1.00 USD) - 2025/01/27 5:59:26 WET [2025/01/27 0:59:26 ET]
Table 'Botein IV' 6-max Seat #1 is the button
Seat 3: Aleqseuka ($100 in chips) is sitting out
Seat 4: iTrustU21 ($100 in chips) is sitting out
Seat 1: Calabazaking ($131.18 in chips) 
Seat 2: elcutez ($97.50 in chips) 
Seat 5: ka100pka527 ($108.89 in chips) 
Seat 6: XneferX ($107.25 in chips) 
elcutez: posts small blind $0.50
Aleqseuka: is sitting out 
iTrustU21: is sitting out 
ka100pka527: posts big blind $1
*** HOLE CARDS ***
iTrustU21 leaves the table
XneferX: folds 
Calabazaking: folds 
elcutez: folds 
Uncalled bet ($0.50) returned to ka100pka527
Aleqseuka leaves the table
ka100pka527 collected $1 from pot
ka100pka527: doesn't show hand 
*** SUMMARY ***
Total pot $1 | Rake $0 
Seat 3: Aleqseuka
Seat 4: iTrustU21
Seat 1: Calabazaking (button) folded before Flop (didn't bet)
Seat 2: elcutez (small blind) folded before Flop
Seat 5: ka100pka527 (big blind) collected ($1)
Seat 6: XneferX folded before Flop (didn't bet)



PokerStars Hand #254575688260:  Hold'em No Limit ($0.50/$1.00 USD) - 2025/01/27 5:59:37 WET [2025/01/27 0:59:37 ET]
Table 'Botein IV' 6-max Seat #2 is the button
Seat 1: Calabazaking ($131.18 in chips) 
Seat 2: elcutez ($97 in chips) 
Seat 5: ka100pka527 ($109.39 in chips) 
Seat 6: XneferX ($107.25 in chips) 
ka100pka527: posts small blind $0.50
XneferX: posts big blind $1
*** HOLE CARDS ***
Calabazaking: folds 
elcutez: raises $2 to $3
ka100pka527: folds 
XneferX: folds 
Uncalled bet ($2) returned to elcutez
elcutez collected $2.50 from pot
*** SUMMARY ***
Total pot $2.50 | Rake $0 
Seat 1: Calabazaking folded before Flop (didn't bet)
Seat 2: elcutez (button) collected ($2.50)
Seat 5: ka100pka527 (small blind) folded before Flop
Seat 6: XneferX (big blind) folded before Flop



PokerStars Hand #254575689962:  Hold'em No Limit ($0.50/$1.00 USD) - 2025/01/27 6:00:07 WET [2025/01/27 1:00:07 ET]
Table 'Botein IV' 6-max Seat #5 is the button
Seat 1: Calabazaking ($131.18 in chips) 
Seat 2: elcutez ($98.50 in chips) 
Seat 5: ka100pka527 ($108.89 in chips) 
Seat 6: XneferX ($106.25 in chips) 
XneferX: posts small blind $0.50
Calabazaking: posts big blind $1
*** HOLE CARDS ***
elcutez: folds 
ka100pka527: folds 
XneferX: raises $2 to $3
Calabazaking: folds 
Uncalled bet ($2) returned to XneferX
XneferX collected $2 from pot
XneferX: doesn't show hand 
*** SUMMARY ***
Total pot $2 | Rake $0 
Seat 1: Calabazaking (big blind) folded before Flop
Seat 2: elcutez folded before Flop (didn't bet)
Seat 5: ka100pka527 (button) folded before Flop (didn't bet)
Seat 6: XneferX (small blind) collected ($2)



PokerStars Hand #254575691222:  Hold'em No Limit ($0.50/$1.00 USD) - 2025/01/27 6:00:27 WET [2025/01/27 1:00:27 ET]
Table 'Botein IV' 6-max Seat #6 is the button
Seat 1: Calabazaking ($130.18 in chips) 
Seat 2: elcutez ($98.50 in chips) 
Seat 5: ka100pka527 ($108.89 in chips) 
Seat 6: XneferX ($107.25 in chips) 
Calabazaking: posts small blind $0.50
elcutez: posts big blind $1
*** HOLE CARDS ***
ka100pka527: folds 
XneferX: folds 
Calabazaking: raises $2 to $3
elcutez: folds 
Uncalled bet ($2) returned to Calabazaking
Calabazaking collected $2 from pot
*** SUMMARY ***
Total pot $2 | Rake $0 
Seat 1: Calabazaking (small blind) collected ($2)
Seat 2: elcutez (big blind) folded before Flop
Seat 5: ka100pka527 folded before Flop (didn't bet)
Seat 6: XneferX (button) folded before Flop (didn't bet)



PokerStars Hand #254575692182:  Hold'em No Limit ($0.50/$1.00 USD) - 2025/01/27 6:00:42 WET [2025/01/27 1:00:42 ET]
Table 'Botein IV' 6-max Seat #1 is the button
Seat 1: Calabazaking ($131.18 in chips) 
Seat 2: elcutez ($97.50 in chips) 
Seat 5: ka100pka527 ($108.89 in chips) 
Seat 6: XneferX ($107.25 in chips) 
elcutez: posts small blind $0.50
ka100pka527: posts big blind $1
*** HOLE CARDS ***
XneferX: raises $1.30 to $2.30
Calabazaking: raises $3.80 to $6.10
elcutez: folds 
ka100pka527: folds 
XneferX: folds 
Uncalled bet ($3.80) returned to Calabazaking
Calabazaking collected $6.10 from pot
*** SUMMARY ***
Total pot $6.10 | Rake $0 
Seat 1: Calabazaking (button) collected ($6.10)
Seat 2: elcutez (small blind) folded before Flop
Seat 5: ka100pka527 (big blind) folded before Flop
Seat 6: XneferX folded before Flop



PokerStars Hand #254575693373:  Hold'em No Limit ($0.50/$1.00 USD) - 2025/01/27 6:01:00 WET [2025/01/27 1:01:00 ET]
Table 'Botein IV' 6-max Seat #2 is the button
Seat 1: Calabazaking ($134.98 in chips) 
Seat 2: elcutez ($97 in chips) 
Seat 5: ka100pka527 ($107.89 in chips) 
Seat 6: XneferX ($104.95 in chips) 
ka100pka527: posts small blind $0.50
XneferX: posts big blind $1
*** HOLE CARDS ***
Calabazaking: raises $1.50 to $2.50
elcutez: folds 
ka100pka527: folds 
MoRsCeReBruM joins the table at seat #4 
XneferX: calls $1.50
*** FLOP *** [6h 3h 8c]
XneferX: checks 
Calabazaking: checks 
*** TURN *** [6h 3h 8c] [3s]
XneferX: checks 
Calabazaking: checks 
*** RIVER *** [6h 3h 8c 3s] [9h]
XneferX: checks 
Calabazaking: checks 
*** SHOW DOWN ***
XneferX: shows [Qc Ks] (a pair of Threes)
Calabazaking: shows [Qd Ad] (a pair of Threes - Ace kicker)
Calabazaking collected $5.22 from pot
*** SUMMARY ***
Total pot $5.50 | Rake $0.28 
Board [6h 3h 8c 3s 9h]
Seat 1: Calabazaking showed [Qd Ad] and won ($5.22) with a pair of Threes
Seat 2: elcutez (button) folded before Flop (didn't bet)
Seat 5: ka100pka527 (small blind) folded before Flop
Seat 6: XneferX (big blind) showed [Qc Ks] and lost with a pair of Threes



PokerStars Hand #254575698557:  Hold'em No Limit ($0.50/$1.00 USD) - 2025/01/27 6:02:17 WET [2025/01/27 1:02:17 ET]
Table 'Botein IV' 6-max Seat #5 is the button
Seat 4: MoRsCeReBruM ($100 in chips) is sitting out
Seat 1: Calabazaking ($137.70 in chips) 
Seat 2: elcutez ($97 in chips) 
Seat 5: ka100pka527 ($107.39 in chips) 
Seat 6: XneferX ($102.45 in chips) 
XneferX: posts small blind $0.50
Calabazaking: posts big blind $1
MoRsCeReBruM: sits out 
*** HOLE CARDS ***
elcutez: folds 
ka100pka527: folds 
XneferX: folds 
Uncalled bet ($0.50) returned to Calabazaking
Calabazaking collected $1 from pot
*** SUMMARY ***
Total pot $1 | Rake $0 
Seat 4: MoRsCeReBruM
Seat 1: Calabazaking (big blind) collected ($1)
Seat 2: elcutez folded before Flop (didn't bet)
Seat 5: ka100pka527 (button) folded before Flop (didn't bet)
Seat 6: XneferX (small blind) folded before Flop



PokerStars Hand #254575699468:  Hold'em No Limit ($0.50/$1.00 USD) - 2025/01/27 6:02:30 WET [2025/01/27 1:02:30 ET]
Table 'Botein IV' 6-max Seat #6 is the button
Seat 4: MoRsCeReBruM ($100 in chips) is sitting out
Seat 1: Calabazaking ($138.20 in chips) 
Seat 2: elcutez ($97 in chips) 
Seat 5: ka100pka527 ($107.39 in chips) 
Seat 6: XneferX ($101.95 in chips) 
Calabazaking: posts small blind $0.50
elcutez: posts big blind $1
MoRsCeReBruM: sits out 
*** HOLE CARDS ***
ka100pka527: folds 
XneferX: folds 
Calabazaking: raises $2 to $3
elcutez: folds 
Uncalled bet ($2) returned to Calabazaking
Calabazaking collected $2 from pot
*** SUMMARY ***
Total pot $2 | Rake $0 
Seat 4: MoRsCeReBruM
Seat 1: Calabazaking (small blind) collected ($2)
Seat 2: elcutez (big blind) folded before Flop
Seat 5: ka100pka527 folded before Flop (didn't bet)
Seat 6: XneferX (button) folded before Flop (didn't bet)



PokerStars Hand #254575700553:  Hold'em No Limit ($0.50/$1.00 USD) - 2025/01/27 6:02:46 WET [2025/01/27 1:02:46 ET]
Table 'Botein IV' 6-max Seat #1 is the button
Seat 1: Calabazaking ($139.20 in chips) 
Seat 2: elcutez ($96 in chips) 
Seat 4: MoRsCeReBruM ($100 in chips) 
Seat 5: ka100pka527 ($107.39 in chips) 
Seat 6: XneferX ($101.95 in chips) 
elcutez: posts small blind $0.50
MoRsCeReBruM: posts big blind $1
*** HOLE CARDS ***
ka100pka527: folds 
XneferX: folds 
Calabazaking: raises $1.50 to $2.50
Iospirate joins the table at seat #3 
Iospirate is disconnected 
elcutez: raises $6 to $8.50
MoRsCeReBruM: folds 
Calabazaking: folds 
Uncalled bet ($6) returned to elcutez
elcutez collected $6 from pot
*** SUMMARY ***
Total pot $6 | Rake $0 
Seat 1: Calabazaking (button) folded before Flop
Seat 2: elcutez (small blind) collected ($6)
Seat 4: MoRsCeReBruM (big blind) folded before Flop
Seat 5: ka100pka527 folded before Flop (didn't bet)
Seat 6: XneferX folded before Flop (didn't bet)



PokerStars Hand #254575702055:  Hold'em No Limit ($0.50/$1.00 USD) - 2025/01/27 6:03:09 WET [2025/01/27 1:03:09 ET]
Table 'Botein IV' 6-max Seat #2 is the button
Seat 3: Iospirate ($100 in chips) is sitting out
Seat 1: Calabazaking ($136.70 in chips) 
Seat 2: elcutez ($99.50 in chips) 
Seat 4: MoRsCeReBruM ($100 in chips) 
Seat 5: ka100pka527 ($107.39 in chips) 
Seat 6: XneferX ($101.95 in chips) 
MoRsCeReBruM: posts small blind $0.50
ka100pka527: posts big blind $1
*** HOLE CARDS ***
XneferX: folds 
Calabazaking: folds 
elcutez: raises $2 to $3
MoRsCeReBruM: folds 
ka100pka527: folds 
Uncalled bet ($2) returned to elcutez
elcutez collected $2.50 from pot
*** SUMMARY ***
Total pot $2.50 | Rake $0 
Seat 3: Iospirate
Seat 1: Calabazaking folded before Flop (didn't bet)
Seat 2: elcutez (button) collected ($2.50)
Seat 4: MoRsCeReBruM (small blind) folded before Flop
Seat 5: ka100pka527 (big blind) folded before Flop
Seat 6: XneferX folded before Flop (didn't bet)



PokerStars Hand #254575705328:  Hold'em No Limit ($0.50/$1.00 USD) - 2025/01/27 6:03:57 WET [2025/01/27 1:03:57 ET]
Table 'Botein IV' 6-max Seat #4 is the button
Seat 1: Calabazaking ($136.70 in chips) 
Seat 2: elcutez ($101 in chips) 
Seat 3: Iospirate ($100 in chips) 
Seat 4: MoRsCeReBruM ($100 in chips) 
Seat 5: ka100pka527 ($106.39 in chips) 
Seat 6: XneferX ($101.95 in chips) 
ka100pka527: posts small blind $0.50
XneferX: posts big blind $1
Iospirate: posts big blind $1
*** HOLE CARDS ***
Calabazaking: folds 
elcutez: raises $2 to $3
Iospirate: folds 
MoRsCeReBruM: folds 
ka100pka527: raises $8 to $11
XneferX: folds 
elcutez: folds 
Uncalled bet ($8) returned to ka100pka527
ka100pka527 collected $8 from pot
ka100pka527: doesn't show hand 
*** SUMMARY ***
Total pot $8 | Rake $0 
Seat 1: Calabazaking folded before Flop (didn't bet)
Seat 2: elcutez folded before Flop
Seat 3: Iospirate folded before Flop (didn't bet)
Seat 4: MoRsCeReBruM (button) folded before Flop (didn't bet)
Seat 5: ka100pka527 (small blind) collected ($8)
Seat 6: XneferX (big blind) folded before Flop



PokerStars Hand #254575707728:  Hold'em No Limit ($0.50/$1.00 USD) - 2025/01/27 6:04:32 WET [2025/01/27 1:04:32 ET]
Table 'Botein IV' 6-max Seat #5 is the button
Seat 1: Calabazaking ($136.70 in chips) 
Seat 2: elcutez ($98 in chips) 
Seat 3: Iospirate ($99 in chips) 
Seat 4: MoRsCeReBruM ($100 in chips) 
Seat 5: ka100pka527 ($111.39 in chips) 
Seat 6: XneferX ($100.95 in chips) 
XneferX: posts small blind $0.50
Calabazaking: posts big blind $1
*** HOLE CARDS ***
elcutez: folds 
Iospirate: folds 
MoRsCeReBruM: folds 
ka100pka527: raises $1.50 to $2.50
XneferX: folds 
Calabazaking: raises $9 to $11.50
ka100pka527: folds 
Uncalled bet ($9) returned to Calabazaking
Calabazaking collected $5.50 from pot
*** SUMMARY ***
Total pot $5.50 | Rake $0 
Seat 1: Calabazaking (big blind) collected ($5.50)
Seat 2: elcutez folded before Flop (didn't bet)
Seat 3: Iospirate folded before Flop (didn't bet)
Seat 4: MoRsCeReBruM folded before Flop (didn't bet)
Seat 5: ka100pka527 (button) folded before Flop
Seat 6: XneferX (small blind) folded before Flop



PokerStars Hand #254575710563:  Hold'em No Limit ($0.50/$1.00 USD) - 2025/01/27 6:05:14 WET [2025/01/27 1:05:14 ET]
Table 'Botein IV' 6-max Seat #6 is the button
Seat 1: Calabazaking ($139.70 in chips) 
Seat 2: elcutez ($98 in chips) 
Seat 3: Iospirate ($99 in chips) 
Seat 4: MoRsCeReBruM ($100 in chips) 
Seat 5: ka100pka527 ($108.89 in chips) 
Seat 6: XneferX ($100.45 in chips) 
Calabazaking: posts small blind $0.50
elcutez: posts big blind $1
*** HOLE CARDS ***
Iospirate: folds 
MoRsCeReBruM: raises $1 to $2
ka100pka527: folds 
XneferX: calls $2
Calabazaking: folds 
elcutez: folds 
*** FLOP *** [Js Kh Ac]
MoRsCeReBruM: checks 
XneferX: checks 
*** TURN *** [Js Kh Ac] [As]
MoRsCeReBruM: bets $3.50
XneferX: folds 
Uncalled bet ($3.50) returned to MoRsCeReBruM
MoRsCeReBruM collected $5.22 from pot
MoRsCeReBruM: doesn't show hand 
*** SUMMARY ***
Total pot $5.50 | Rake $0.28 
Board [Js Kh Ac As]
Seat 1: Calabazaking (small blind) folded before Flop
Seat 2: elcutez (big blind) folded before Flop
Seat 3: Iospirate folded before Flop (didn't bet)
Seat 4: MoRsCeReBruM collected ($5.22)
Seat 5: ka100pka527 folded before Flop (didn't bet)
Seat 6: XneferX (button) folded on the Turn



PokerStars Hand #254575714790:  Hold'em No Limit ($0.50/$1.00 USD) - 2025/01/27 6:06:17 WET [2025/01/27 1:06:17 ET]
Table 'Botein IV' 6-max Seat #1 is the button
Seat 1: Calabazaking ($139.20 in chips) 
Seat 2: elcutez ($97 in chips) 
Seat 3: Iospirate ($99 in chips) 
Seat 4: MoRsCeReBruM ($103.22 in chips) 
Seat 5: ka100pka527 ($108.89 in chips) 
Seat 6: XneferX ($100 in chips) 
elcutez: posts small blind $0.50
Iospirate: posts big blind $1
*** HOLE CARDS ***
MoRsCeReBruM: folds 
ka100pka527: raises $2 to $3
XneferX: folds 
Calabazaking: calls $3
elcutez: calls $2.50
Iospirate: calls $2
*** FLOP *** [4h 3c 2s]
elcutez: checks 
Iospirate: checks 
ka100pka527: checks 
Calabazaking: checks 
*** TURN *** [4h 3c 2s] [2d]
elcutez: bets $5.70
Iospirate: calls $5.70
ka100pka527: calls $5.70
Calabazaking: folds 
*** RIVER *** [4h 3c 2s 2d] [3d]
elcutez: checks 
Iospirate: checks 
ka100pka527: checks 
*** SHOW DOWN ***
elcutez: shows [4d 6d] (two pair, Fours and Threes)
Iospirate: shows [7h 7s] (two pair, Sevens and Threes)
ka100pka527: mucks hand 
Iospirate collected $27.64 from pot
*** SUMMARY ***
Total pot $29.10 | Rake $1.46 
Board [4h 3c 2s 2d 3d]
Seat 1: Calabazaking (button) folded on the Turn
Seat 2: elcutez (small blind) showed [4d 6d] and lost with two pair, Fours and Threes
Seat 3: Iospirate (big blind) showed [7h 7s] and won ($27.64) with two pair, Sevens and Threes
Seat 4: MoRsCeReBruM folded before Flop (didn't bet)
Seat 5: ka100pka527 mucked
Seat 6: XneferX folded before Flop (didn't bet)



PokerStars Hand #254575719602:  Hold'em No Limit ($0.50/$1.00 USD) - 2025/01/27 6:07:27 WET [2025/01/27 1:07:27 ET]
Table 'Botein IV' 6-max Seat #2 is the button
Seat 1: Calabazaking ($136.20 in chips) 
Seat 2: elcutez ($88.30 in chips) 
Seat 3: Iospirate ($117.94 in chips) 
Seat 4: MoRsCeReBruM ($103.22 in chips) 
Seat 5: ka100pka527 ($100.19 in chips) 
Seat 6: XneferX ($100 in chips) 
Iospirate: posts small blind $0.50
MoRsCeReBruM: posts big blind $1
*** HOLE CARDS ***
ka100pka527: raises $2 to $3
XneferX: folds 
Calabazaking: calls $3
elcutez: folds 
Iospirate: folds 
MoRsCeReBruM: folds 
*** FLOP *** [9s Qc As]
ka100pka527: checks 
Calabazaking: checks 
*** TURN *** [9s Qc As] [9d]
ka100pka527: checks 
Calabazaking: checks 
*** RIVER *** [9s Qc As 9d] [6s]
ka100pka527: checks 
Calabazaking: checks 
*** SHOW DOWN ***
ka100pka527: shows [Ah 3h] (two pair, Aces and Nines)
Calabazaking: mucks hand 
ka100pka527 collected $7.12 from pot
*** SUMMARY ***
Total pot $7.50 | Rake $0.38 
Board [9s Qc As 9d 6s]
Seat 1: Calabazaking mucked
Seat 2: elcutez (button) folded before Flop (didn't bet)
Seat 3: Iospirate (small blind) folded before Flop
Seat 4: MoRsCeReBruM (big blind) folded before Flop
Seat 5: ka100pka527 showed [Ah 3h] and won ($7.12) with two pair, Aces and Nines
Seat 6: XneferX folded before Flop (didn't bet)



PokerStars Hand #254575724691:  Hold'em No Limit ($0.50/$1.00 USD) - 2025/01/27 6:08:40 WET [2025/01/27 1:08:40 ET]
Table 'Botein IV' 6-max Seat #3 is the button
Seat 1: Calabazaking ($133.20 in chips) 
Seat 2: elcutez ($88.30 in chips) 
Seat 3: Iospirate ($117.44 in chips) 
Seat 4: MoRsCeReBruM ($102.22 in chips) 
Seat 5: ka100pka527 ($104.31 in chips) 
Seat 6: XneferX ($100 in chips) 
MoRsCeReBruM: posts small blind $0.50
ka100pka527: posts big blind $1
*** HOLE CARDS ***
XneferX: folds 
Calabazaking: folds 
elcutez: folds 
Iospirate: folds 
MoRsCeReBruM: raises $2 to $3
ka100pka527: calls $2
*** FLOP *** [5h 7h 7s]
MoRsCeReBruM: bets $1.43
ka100pka527: raises $2.86 to $4.29
MoRsCeReBruM: calls $2.86
*** TURN *** [5h 7h 7s] [Ad]
MoRsCeReBruM: checks 
ka100pka527: checks 
*** RIVER *** [5h 7h 7s Ad] [Jc]
MoRsCeReBruM: checks 
ka100pka527: checks 
*** SHOW DOWN ***
MoRsCeReBruM: shows [7d 9d] (three of a kind, Sevens)
ka100pka527: mucks hand 
MoRsCeReBruM collected $13.85 from pot
*** SUMMARY ***
Total pot $14.58 | Rake $0.73 
Board [5h 7h 7s Ad Jc]
Seat 1: Calabazaking folded before Flop (didn't bet)
Seat 2: elcutez folded before Flop (didn't bet)
Seat 3: Iospirate (button) folded before Flop (didn't bet)
Seat 4: MoRsCeReBruM (small blind) showed [7d 9d] and won ($13.85) with three of a kind, Sevens
Seat 5: ka100pka527 (big blind) mucked
Seat 6: XneferX folded before Flop (didn't bet)



PokerStars Hand #254575729734:  Hold'em No Limit ($0.50/$1.00 USD) - 2025/01/27 6:09:55 WET [2025/01/27 1:09:55 ET]
Table 'Botein IV' 6-max Seat #4 is the button
Seat 6: XneferX ($100 in chips) is sitting out
Seat 1: Calabazaking ($133.20 in chips) 
Seat 2: elcutez ($88.30 in chips) 
Seat 3: Iospirate ($117.44 in chips) 
Seat 4: MoRsCeReBruM ($108.78 in chips) 
Seat 5: ka100pka527 ($100 in chips) 
ka100pka527: posts small blind $0.50
Calabazaking: posts big blind $1
*** HOLE CARDS ***
elcutez: folds 
Iospirate: folds 
MoRsCeReBruM: folds 
ka100pka527: raises $1.50 to $2.50
Calabazaking: folds 
Uncalled bet ($1.50) returned to ka100pka527
ka100pka527 collected $2 from pot
ka100pka527: doesn't show hand 
*** SUMMARY ***
Total pot $2 | Rake $0 
Seat 6: XneferX
Seat 1: Calabazaking (big blind) folded before Flop
Seat 2: elcutez folded before Flop (didn't bet)
Seat 3: Iospirate folded before Flop (didn't bet)
Seat 4: MoRsCeReBruM (button) folded before Flop (didn't bet)
Seat 5: ka100pka527 (small blind) collected ($2)



PokerStars Hand #254575731876:  Hold'em No Limit ($0.50/$1.00 USD) - 2025/01/27 6:10:27 WET [2025/01/27 1:10:27 ET]
Table 'Botein IV' 6-max Seat #5 is the button
Seat 6: XneferX ($100 in chips) is sitting out
Seat 1: Calabazaking ($132.20 in chips) 
Seat 2: elcutez ($88.30 in chips) 
Seat 3: Iospirate ($117.44 in chips) 
Seat 4: MoRsCeReBruM ($108.78 in chips) 
Seat 5: ka100pka527 ($101 in chips) 
Calabazaking: posts small blind $0.50
elcutez: posts big blind $1
*** HOLE CARDS ***
Iospirate: calls $1
MoRsCeReBruM: folds 
ka100pka527: folds 
Calabazaking: folds 
elcutez: checks 
*** FLOP *** [8h 2h 5d]
elcutez: bets $2.38
Iospirate: folds 
Uncalled bet ($2.38) returned to elcutez
elcutez collected $2.38 from pot
*** SUMMARY ***
Total pot $2.50 | Rake $0.12 
Board [8h 2h 5d]
Seat 6: XneferX
Seat 1: Calabazaking (small blind) folded before Flop
Seat 2: elcutez (big blind) collected ($2.38)
Seat 3: Iospirate folded on the Flop
Seat 4: MoRsCeReBruM folded before Flop (didn't bet)
Seat 5: ka100pka527 (button) folded before Flop (didn't bet)



PokerStars Hand #254575733911:  Hold'em No Limit ($0.50/$1.00 USD) - 2025/01/27 6:10:57 WET [2025/01/27 1:10:57 ET]
Table 'Botein IV' 6-max Seat #1 is the button
Seat 6: XneferX ($100 in chips) is sitting out
Seat 1: Calabazaking ($131.70 in chips) 
Seat 2: elcutez ($89.68 in chips) 
Seat 3: Iospirate ($116.44 in chips) 
Seat 4: MoRsCeReBruM ($108.78 in chips) 
Seat 5: ka100pka527 ($101 in chips) 
elcutez: posts small blind $0.50
Iospirate: posts big blind $1
*** HOLE CARDS ***
MoRsCeReBruM: folds 
ka100pka527: raises $1.50 to $2.50
Calabazaking: folds 
elcutez: folds 
Iospirate: calls $1.50
*** FLOP *** [7h 9s 2h]
Iospirate: checks 
ka100pka527: checks 
*** TURN *** [7h 9s 2h] [5s]
Iospirate: checks 
ka100pka527: checks 
*** RIVER *** [7h 9s 2h 5s] [3h]
Iospirate: checks 
ka100pka527: bets $2.82
Iospirate: calls $2.82
*** SHOW DOWN ***
ka100pka527: shows [Kc Qc] (high card King)
Iospirate: shows [As Jd] (high card Ace)
Iospirate collected $10.58 from pot
*** SUMMARY ***
Total pot $11.14 | Rake $0.56 
Board [7h 9s 2h 5s 3h]
Seat 6: XneferX
Seat 1: Calabazaking (button) folded before Flop (didn't bet)
Seat 2: elcutez (small blind) folded before Flop
Seat 3: Iospirate (big blind) showed [As Jd] and won ($10.58) with high card Ace
Seat 4: MoRsCeReBruM folded before Flop (didn't bet)
Seat 5: ka100pka527 showed [Kc Qc] and lost with high card King



PokerStars Hand #254575737057:  Hold'em No Limit ($0.50/$1.00 USD) - 2025/01/27 6:11:42 WET [2025/01/27 1:11:42 ET]
Table 'Botein IV' 6-max Seat #2 is the button
Seat 4: MoRsCeReBruM ($108.78 in chips) is sitting out
Seat 6: XneferX ($100 in chips) is sitting out
Seat 1: Calabazaking ($131.70 in chips) 
Seat 2: elcutez ($89.18 in chips) 
Seat 3: Iospirate ($121.70 in chips) 
Seat 5: ka100pka527 ($100 in chips) 
Iospirate: posts small blind $0.50
MoRsCeReBruM: is sitting out 
ka100pka527: posts big blind $1
*** HOLE CARDS ***
XneferX leaves the table
Calabazaking: raises $1.50 to $2.50
elcutez: folds 
zizizib joins the table at seat #6 
Iospirate: folds 
ka100pka527: calls $1.50
*** FLOP *** [Ah 4d 8d]
ka100pka527: checks 
Calabazaking: bets $2.87
ka100pka527: raises $5.92 to $8.79
Calabazaking: calls $5.92
*** TURN *** [Ah 4d 8d] [7c]
ka100pka527: checks 
Calabazaking: bets $33.12
ka100pka527: folds 
Uncalled bet ($33.12) returned to Calabazaking
Calabazaking collected $22.08 from pot
*** SUMMARY ***
Total pot $23.08 | Rake $1 
Board [Ah 4d 8d 7c]
Seat 4: MoRsCeReBruM
Seat 6: XneferX
Seat 1: Calabazaking collected ($22.08)
Seat 2: elcutez (button) folded before Flop (didn't bet)
Seat 3: Iospirate (small blind) folded before Flop
Seat 5: ka100pka527 (big blind) folded on the Turn



PokerStars Hand #254575743123:  Hold'em No Limit ($0.50/$1.00 USD) - 2025/01/27 6:13:13 WET [2025/01/27 1:13:13 ET]
Table 'Botein IV' 6-max Seat #3 is the button
Seat 4: MoRsCeReBruM ($108.78 in chips) is sitting out
Seat 1: Calabazaking ($142.49 in chips) 
Seat 2: elcutez ($89.18 in chips) 
Seat 3: Iospirate ($121.20 in chips) 
Seat 5: ka100pka527 ($100 in chips) 
Seat 6: zizizib ($100 in chips) 
ka100pka527: posts small blind $0.50
zizizib: posts big blind $1
*** HOLE CARDS ***
Calabazaking: folds 
elcutez: raises $2.50 to $3.50
Iospirate: folds 
ka100pka527: raises $9.75 to $13.25
zizizib: folds 
elcutez: folds 
Uncalled bet ($9.75) returned to ka100pka527
ka100pka527 collected $8 from pot
ka100pka527: doesn't show hand 
*** SUMMARY ***
Total pot $8 | Rake $0 
Seat 4: MoRsCeReBruM
Seat 1: Calabazaking folded before Flop (didn't bet)
Seat 2: elcutez folded before Flop
Seat 3: Iospirate (button) folded before Flop (didn't bet)
Seat 5: ka100pka527 (small blind) collected ($8)
Seat 6: zizizib (big blind) folded before Flop



PokerStars Hand #254575745600:  Hold'em No Limit ($0.50/$1.00 USD) - 2025/01/27 6:13:49 WET [2025/01/27 1:13:49 ET]
Table 'Botein IV' 6-max Seat #5 is the button
Seat 4: MoRsCeReBruM ($108.78 in chips) is sitting out
Seat 1: Calabazaking ($142.49 in chips) 
Seat 2: elcutez ($85.68 in chips) 
Seat 3: Iospirate ($121.20 in chips) 
Seat 5: ka100pka527 ($104.50 in chips) 
Seat 6: zizizib ($100 in chips) 
zizizib: posts small blind $0.50
Calabazaking: posts big blind $1
MoRsCeReBruM: sits out 
*** HOLE CARDS ***
elcutez: folds 
Iospirate: calls $1
ka100pka527: folds 
zizizib: folds 
Calabazaking: checks 
*** FLOP *** [5s 5d 9h]
Calabazaking: checks 
Iospirate: bets $1.19
Calabazaking: folds 
Uncalled bet ($1.19) returned to Iospirate
Iospirate collected $2.38 from pot
*** SUMMARY ***
Total pot $2.50 | Rake $0.12 
Board [5s 5d 9h]
Seat 4: MoRsCeReBruM
Seat 1: Calabazaking (big blind) folded on the Flop
Seat 2: elcutez folded before Flop (didn't bet)
Seat 3: Iospirate collected ($2.38)
Seat 5: ka100pka527 (button) folded before Flop (didn't bet)
Seat 6: zizizib (small blind) folded before Flop



PokerStars Hand #254575747193:  Hold'em No Limit ($0.50/$1.00 USD) - 2025/01/27 6:14:13 WET [2025/01/27 1:14:13 ET]
Table 'Botein IV' 6-max Seat #6 is the button
Seat 4: MoRsCeReBruM ($108.78 in chips) is sitting out
Seat 1: Calabazaking ($141.49 in chips) 
Seat 2: elcutez ($85.68 in chips) 
Seat 3: Iospirate ($122.58 in chips) 
Seat 5: ka100pka527 ($104.50 in chips) 
Seat 6: zizizib ($100 in chips) 
Calabazaking: posts small blind $0.50
elcutez: posts big blind $1
MoRsCeReBruM: sits out 
*** HOLE CARDS ***
Iospirate: folds 
ka100pka527: folds 
zizizib: folds 
Calabazaking: raises $2 to $3
elcutez: raises $6 to $9
Calabazaking: calls $6
*** FLOP *** [Ah 3d 4s]
Calabazaking: checks 
elcutez: checks 
*** TURN *** [Ah 3d 4s] [Jh]
Calabazaking: bets $11.91
elcutez: raises $12.09 to $24
ka100pka527 leaves the table
Calabazaking: folds 
Uncalled bet ($12.09) returned to elcutez
elcutez collected $39.73 from pot
*** SUMMARY ***
Total pot $41.82 | Rake $2.09 
Board [Ah 3d 4s Jh]
Seat 4: MoRsCeReBruM
Seat 1: Calabazaking (small blind) folded on the Turn
Seat 2: elcutez (big blind) collected ($39.73)
Seat 3: Iospirate folded before Flop (didn't bet)
Seat 5: ka100pka527 folded before Flop (didn't bet)
Seat 6: zizizib (button) folded before Flop (didn't bet)



PokerStars Hand #254575751183:  Hold'em No Limit ($0.50/$1.00 USD) - 2025/01/27 6:15:13 WET [2025/01/27 1:15:13 ET]
Table 'Botein IV' 6-max Seat #1 is the button
Seat 4: MoRsCeReBruM ($108.78 in chips) is sitting out
Seat 1: Calabazaking ($120.58 in chips) 
Seat 2: elcutez ($104.50 in chips) 
Seat 3: Iospirate ($122.58 in chips) 
Seat 6: zizizib ($100 in chips) 
elcutez: posts small blind $0.50
Iospirate: posts big blind $1
MoRsCeReBruM: sits out 
*** HOLE CARDS ***
zizizib: folds 
Calabazaking: folds 
elcutez: folds 
Uncalled bet ($0.50) returned to Iospirate
Iospirate collected $1 from pot
*** SUMMARY ***
Total pot $1 | Rake $0 
Seat 4: MoRsCeReBruM
Seat 1: Calabazaking (button) folded before Flop (didn't bet)
Seat 2: elcutez (small blind) folded before Flop
Seat 3: Iospirate (big blind) collected ($1)
Seat 6: zizizib folded before Flop (didn't bet)



PokerStars Hand #254575758406:  Hold'em No Limit ($0.50/$1.00 USD) - 2025/01/27 6:17:03 WET [2025/01/27 1:17:03 ET]
Table 'Botein IV' 6-max Seat #4 is the button
Seat 1: Calabazaking ($120.58 in chips) 
Seat 2: elcutez ($112.15 in chips) 
Seat 3: Iospirate ($114.08 in chips) 
Seat 4: MoRsCeReBruM ($100 in chips) 
Seat 5: jklñjklñ ($116.14 in chips) 
Seat 6: zizizib ($100 in chips) 
jklñjklñ: posts small blind $0.50
zizizib: posts big blind $1
*** HOLE CARDS ***
Calabazaking: folds 
elcutez: folds 
Iospirate: folds 
MoRsCeReBruM: folds 
jklñjklñ: folds 
Uncalled bet ($0.50) returned to zizizib
zizizib collected $1 from pot
zizizib: doesn't show hand 
*** SUMMARY ***
Total pot $1 | Rake $0 
Seat 1: Calabazaking folded before Flop (didn't bet)
Seat 2: elcutez folded before Flop (didn't bet)
Seat 3: Iospirate folded before Flop (didn't bet)
Seat 4: MoRsCeReBruM (button) folded before Flop (didn't bet)
Seat 5: jklñjklñ (small blind) folded before Flop
Seat 6: zizizib (big blind) collected ($1)



PokerStars Hand #254575759430:  Hold'em No Limit ($0.50/$1.00 USD) - 2025/01/27 6:17:18 WET [2025/01/27 1:17:18 ET]
Table 'Botein IV' 6-max Seat #5 is the button
Seat 1: Calabazaking ($120.58 in chips) 
Seat 2: elcutez ($112.15 in chips) 
Seat 3: Iospirate ($114.08 in chips) 
Seat 4: MoRsCeReBruM ($100 in chips) 
Seat 5: jklñjklñ ($115.64 in chips) 
Seat 6: zizizib ($100.50 in chips) 
zizizib: posts small blind $0.50
Calabazaking: posts big blind $1
*** HOLE CARDS ***
elcutez: folds 
Iospirate: folds 
MoRsCeReBruM: folds 
jklñjklñ: calls $1
zizizib: folds 
Calabazaking: checks 
*** FLOP *** [Qc Js Ac]
Calabazaking: checks 
jklñjklñ: checks 
*** TURN *** [Qc Js Ac] [9h]
Calabazaking: bets $3.57
jklñjklñ is disconnected 
jklñjklñ has timed out while disconnected
jklñjklñ: folds 
Uncalled bet ($3.57) returned to Calabazaking
Calabazaking collected $2.38 from pot
*** SUMMARY ***
Total pot $2.50 | Rake $0.12 
Board [Qc Js Ac 9h]
Seat 1: Calabazaking (big blind) collected ($2.38)
Seat 2: elcutez folded before Flop (didn't bet)
Seat 3: Iospirate folded before Flop (didn't bet)
Seat 4: MoRsCeReBruM folded before Flop (didn't bet)
Seat 5: jklñjklñ (button) folded on the Turn
Seat 6: zizizib (small blind) folded before Flop



PokerStars Hand #254575764190:  Hold'em No Limit ($0.50/$1.00 USD) - 2025/01/27 6:18:32 WET [2025/01/27 1:18:32 ET]
Table 'Botein IV' 6-max Seat #6 is the button
Seat 5: jklñjklñ ($114.64 in chips) is sitting out
Seat 1: Calabazaking ($121.96 in chips) 
Seat 2: elcutez ($112.15 in chips) 
Seat 3: Iospirate ($114.08 in chips) 
Seat 4: MoRsCeReBruM ($100 in chips) 
Seat 6: zizizib ($100 in chips) 
Calabazaking: posts small blind $0.50
elcutez: posts big blind $1
*** HOLE CARDS ***
Iospirate: calls $1
MoRsCeReBruM: folds 
zizizib: folds 
Calabazaking: raises $3 to $4
elcutez: folds 
Iospirate: calls $3
*** FLOP *** [Ac 5d 3c]
Calabazaking: checks 
Iospirate: checks 
*** TURN *** [Ac 5d 3c] [3d]
Calabazaking: bets $4.70
Iospirate: folds 
Uncalled bet ($4.70) returned to Calabazaking
Calabazaking collected $8.55 from pot
*** SUMMARY ***
Total pot $9 | Rake $0.45 
Board [Ac 5d 3c 3d]
Seat 5: jklñjklñ
Seat 1: Calabazaking (small blind) collected ($8.55)
Seat 2: elcutez (big blind) folded before Flop
Seat 3: Iospirate folded on the Turn
Seat 4: MoRsCeReBruM folded before Flop (didn't bet)
Seat 6: zizizib (button) folded before Flop (didn't bet)



PokerStars Hand #254575766747:  Hold'em No Limit ($0.50/$1.00 USD) - 2025/01/27 6:19:11 WET [2025/01/27 1:19:11 ET]
Table 'Botein IV' 6-max Seat #1 is the button
Seat 1: Calabazaking ($126.51 in chips) 
Seat 2: elcutez ($111.15 in chips) 
Seat 3: Iospirate ($110.08 in chips) 
Seat 4: MoRsCeReBruM ($100 in chips) 
Seat 5: jklñjklñ ($114.64 in chips) 
Seat 6: zizizib ($100 in chips) 
elcutez: posts small blind $0.50
Iospirate: posts big blind $1
*** HOLE CARDS ***
MoRsCeReBruM: folds 
jklñjklñ: calls $1
zizizib: raises $3 to $4
Calabazaking: folds 
elcutez: folds 
Iospirate: folds 
jklñjklñ: calls $3
*** FLOP *** [6h 4c 4s]
jklñjklñ: checks 
zizizib: bets $2.98
jklñjklñ: calls $2.98
*** TURN *** [6h 4c 4s] [8d]
jklñjklñ: checks 
zizizib: checks 
*** RIVER *** [6h 4c 4s 8d] [5d]
Iospirate leaves the table
jklñjklñ: checks 
zizizib: checks 
*** SHOW DOWN ***
jklñjklñ: shows [5c 9c] (two pair, Fives and Fours)
zizizib: mucks hand 
jklñjklñ collected $14.69 from pot
*** SUMMARY ***
Total pot $15.46 | Rake $0.77 
Board [6h 4c 4s 8d 5d]
Seat 1: Calabazaking (button) folded before Flop (didn't bet)
Seat 2: elcutez (small blind) folded before Flop
Seat 3: Iospirate (big blind) folded before Flop
Seat 4: MoRsCeReBruM folded before Flop (didn't bet)
Seat 5: jklñjklñ showed [5c 9c] and won ($14.69) with two pair, Fives and Fours
Seat 6: zizizib mucked



PokerStars Hand #254575771121:  Hold'em No Limit ($0.50/$1.00 USD) - 2025/01/27 6:20:18 WET [2025/01/27 1:20:18 ET]
Table 'Botein IV' 6-max Seat #2 is the button
Seat 1: Calabazaking ($126.51 in chips) 
Seat 2: elcutez ($110.65 in chips) 
Seat 4: MoRsCeReBruM ($100 in chips) 
Seat 5: jklñjklñ ($122.35 in chips) 
Seat 6: zizizib ($100 in chips) 
MoRsCeReBruM: posts small blind $0.50
jklñjklñ: posts big blind $1
*** HOLE CARDS ***
zizizib: folds 
Calabazaking: raises $1.50 to $2.50
elcutez: folds 
MoRsCeReBruM: folds 
jklñjklñ: calls $1.50
*** FLOP *** [Th 4s Td]
jklñjklñ: checks 
Calabazaking: bets $1.22
jklñjklñ: folds 
Uncalled bet ($1.22) returned to Calabazaking
Calabazaking collected $5.22 from pot
Burlica2013 joins the table at seat #3 
*** SUMMARY ***
Total pot $5.50 | Rake $0.28 
Board [Th 4s Td]
Seat 1: Calabazaking collected ($5.22)
Seat 2: elcutez (button) folded before Flop (didn't bet)
Seat 4: MoRsCeReBruM (small blind) folded before Flop
Seat 5: jklñjklñ (big blind) folded on the Flop
Seat 6: zizizib folded before Flop (didn't bet)



PokerStars Hand #254575773385:  Hold'em No Limit ($0.50/$1.00 USD) - 2025/01/27 6:20:53 WET [2025/01/27 1:20:53 ET]
Table 'Botein IV' 6-max Seat #4 is the button
Seat 3: Burlica2013 ($100 in chips) is sitting out
Seat 1: Calabazaking ($129.23 in chips) 
Seat 2: elcutez ($110.65 in chips) 
Seat 4: MoRsCeReBruM ($100 in chips) 
Seat 5: jklñjklñ ($119.85 in chips) 
Seat 6: zizizib ($100 in chips) 
jklñjklñ: posts small blind $0.50
zizizib: posts big blind $1
Burlica2013: sits out 
*** HOLE CARDS ***
Calabazaking: folds 
elcutez: folds 
MoRsCeReBruM: raises $1.50 to $2.50
jklñjklñ: folds 
zizizib: calls $1.50
*** FLOP *** [5c 3h Ts]
zizizib: checks 
elcutez leaves the table
MoRsCeReBruM: bets $1.31
zizizib: calls $1.31
*** TURN *** [5c 3h Ts] [Js]
zizizib: checks 
Fold Your Cats joins the table at seat #2 
MoRsCeReBruM: bets $8.87
zizizib: folds 
Uncalled bet ($8.87) returned to MoRsCeReBruM
MoRsCeReBruM collected $7.71 from pot
MoRsCeReBruM: doesn't show hand 
*** SUMMARY ***
Total pot $8.12 | Rake $0.41 
Board [5c 3h Ts Js]
Seat 3: Burlica2013
Seat 1: Calabazaking folded before Flop (didn't bet)
Seat 2: elcutez folded before Flop (didn't bet)
Seat 4: MoRsCeReBruM (button) collected ($7.71)
Seat 5: jklñjklñ (small blind) folded before Flop
Seat 6: zizizib (big blind) folded on the Turn



PokerStars Hand #254575777431:  Hold'em No Limit ($0.50/$1.00 USD) - 2025/01/27 6:21:54 WET [2025/01/27 1:21:54 ET]
Table 'Botein IV' 6-max Seat #5 is the button
Seat 2: Fold Your Cats ($100 in chips) is sitting out
Seat 3: Burlica2013 ($100 in chips) is sitting out
Seat 1: Calabazaking ($129.23 in chips) 
Seat 4: MoRsCeReBruM ($103.90 in chips) 
Seat 5: jklñjklñ ($119.35 in chips) 
Seat 6: zizizib ($100 in chips) 
zizizib: posts small blind $0.50
Calabazaking: posts big blind $1
Fold Your Cats: sits out 
Burlica2013: sits out 
*** HOLE CARDS ***
MoRsCeReBruM: folds 
jklñjklñ: raises $1 to $2
zizizib: raises $8 to $10
Calabazaking: folds 
jklñjklñ: folds 
Uncalled bet ($8) returned to zizizib
zizizib collected $5 from pot
zizizib: doesn't show hand 
*** SUMMARY ***
Total pot $5 | Rake $0 
Seat 2: Fold Your Cats
Seat 3: Burlica2013
Seat 1: Calabazaking (big blind) folded before Flop
Seat 4: MoRsCeReBruM folded before Flop (didn't bet)
Seat 5: jklñjklñ (button) folded before Flop
Seat 6: zizizib (small blind) collected ($5)



PokerStars Hand #254575778498:  Hold'em No Limit ($0.50/$1.00 USD) - 2025/01/27 6:22:11 WET [2025/01/27 1:22:11 ET]
Table 'Botein IV' 6-max Seat #6 is the button
Seat 3: Burlica2013 ($100 in chips) is sitting out
Seat 1: Calabazaking ($128.23 in chips) 
Seat 2: Fold Your Cats ($100 in chips) 
Seat 4: MoRsCeReBruM ($103.90 in chips) 
Seat 5: jklñjklñ ($117.35 in chips) 
Seat 6: zizizib ($103 in chips) 
Calabazaking: posts small blind $0.50
Fold Your Cats: posts big blind $1
Burlica2013: sits out 
*** HOLE CARDS ***
MoRsCeReBruM: folds 
jklñjklñ: raises $1 to $2
zizizib: calls $2
Calabazaking: folds 
Fold Your Cats: calls $1
*** FLOP *** [As Jc Kh]
Fold Your Cats: checks 
jklñjklñ: bets $3
zizizib: calls $3
Fold Your Cats: calls $3
*** TURN *** [As Jc Kh] [2s]
Fold Your Cats: checks 
jklñjklñ: bets $10.36
zizizib: calls $10.36
Fold Your Cats: folds 
*** RIVER *** [As Jc Kh 2s] [3h]
jklñjklñ: bets $23.21
zizizib: calls $23.21
*** SHOW DOWN ***
jklñjklñ: shows [Qh 7h] (high card Ace)
zizizib: shows [2d Ad] (two pair, Aces and Deuces)
zizizib collected $80.14 from pot
*** SUMMARY ***
Total pot $82.64 | Rake $2.50 
Board [As Jc Kh 2s 3h]
Seat 3: Burlica2013
Seat 1: Calabazaking (small blind) folded before Flop
Seat 2: Fold Your Cats (big blind) folded on the Turn
Seat 4: MoRsCeReBruM folded before Flop (didn't bet)
Seat 5: jklñjklñ showed [Qh 7h] and lost with high card Ace
Seat 6: zizizib (button) showed [2d Ad] and won ($80.14) with two pair, Aces and Deuces



PokerStars Hand #254575782939:  Hold'em No Limit ($0.50/$1.00 USD) - 2025/01/27 6:23:19 WET [2025/01/27 1:23:19 ET]
Table 'Botein IV' 6-max Seat #1 is the button
Seat 1: Calabazaking ($127.73 in chips) 
Seat 2: Fold Your Cats ($100 in chips) 
Seat 3: Burlica2013 ($100 in chips) 
Seat 4: MoRsCeReBruM ($103.90 in chips) 
Seat 5: jklñjklñ ($78.78 in chips) 
Seat 6: zizizib ($144.57 in chips) 
Fold Your Cats: posts small blind $0.50
Burlica2013: posts big blind $1
*** HOLE CARDS ***
MoRsCeReBruM: folds 
jklñjklñ: folds 
zizizib: folds 
Calabazaking: folds 
Fold Your Cats: folds 
Uncalled bet ($0.50) returned to Burlica2013
Burlica2013 collected $1 from pot
Burlica2013: doesn't show hand 
*** SUMMARY ***
Total pot $1 | Rake $0 
Seat 1: Calabazaking (button) folded before Flop (didn't bet)
Seat 2: Fold Your Cats (small blind) folded before Flop
Seat 3: Burlica2013 (big blind) collected ($1)
Seat 4: MoRsCeReBruM folded before Flop (didn't bet)
Seat 5: jklñjklñ folded before Flop (didn't bet)
Seat 6: zizizib folded before Flop (didn't bet)



PokerStars Hand #254575783691:  Hold'em No Limit ($0.50/$1.00 USD) - 2025/01/27 6:23:30 WET [2025/01/27 1:23:30 ET]
Table 'Botein IV' 6-max Seat #2 is the button
Seat 1: Calabazaking ($127.73 in chips) 
Seat 2: Fold Your Cats ($100 in chips) 
Seat 3: Burlica2013 ($100.50 in chips) 
Seat 4: MoRsCeReBruM ($103.90 in chips) 
Seat 5: jklñjklñ ($78.78 in chips) 
Seat 6: zizizib ($144.57 in chips) 
Burlica2013: posts small blind $0.50
MoRsCeReBruM: posts big blind $1
*** HOLE CARDS ***
jklñjklñ: folds 
zizizib: folds 
Calabazaking: folds 
Fold Your Cats: folds 
Burlica2013: raises $2 to $3
MoRsCeReBruM: folds 
Uncalled bet ($2) returned to Burlica2013
Burlica2013 collected $2 from pot
Burlica2013: doesn't show hand 
*** SUMMARY ***
Total pot $2 | Rake $0 
Seat 1: Calabazaking folded before Flop (didn't bet)
Seat 2: Fold Your Cats (button) folded before Flop (didn't bet)
Seat 3: Burlica2013 (small blind) collected ($2)
Seat 4: MoRsCeReBruM (big blind) folded before Flop
Seat 5: jklñjklñ folded before Flop (didn't bet)
Seat 6: zizizib folded before Flop (didn't bet)



PokerStars Hand #254575785234:  Hold'em No Limit ($0.50/$1.00 USD) - 2025/01/27 6:23:54 WET [2025/01/27 1:23:54 ET]
Table 'Botein IV' 6-max Seat #3 is the button
Seat 1: Calabazaking ($127.73 in chips) 
Seat 2: Fold Your Cats ($100 in chips) 
Seat 3: Burlica2013 ($101.50 in chips) 
Seat 4: MoRsCeReBruM ($102.90 in chips) 
Seat 5: jklñjklñ ($78.78 in chips) 
Seat 6: zizizib ($144.57 in chips) 
MoRsCeReBruM: posts small blind $0.50
jklñjklñ: posts big blind $1
*** HOLE CARDS ***
zizizib: folds 
Calabazaking: folds 
Fold Your Cats: raises $1.50 to $2.50
Burlica2013: folds 
MoRsCeReBruM: folds 
jklñjklñ: calls $1.50
*** FLOP *** [Jh Ks 6d]
jklñjklñ: checks 
Fold Your Cats: bets $1.74
jklñjklñ: calls $1.74
*** TURN *** [Jh Ks 6d] [Td]
jklñjklñ: checks 
Fold Your Cats: checks 
*** RIVER *** [Jh Ks 6d Td] [Ac]
jklñjklñ: bets $8.53
Fold Your Cats: folds 
Uncalled bet ($8.53) returned to jklñjklñ
jklñjklñ collected $8.53 from pot
*** SUMMARY ***
Total pot $8.98 | Rake $0.45 
Board [Jh Ks 6d Td Ac]
Seat 1: Calabazaking folded before Flop (didn't bet)
Seat 2: Fold Your Cats folded on the River
Seat 3: Burlica2013 (button) folded before Flop (didn't bet)
Seat 4: MoRsCeReBruM (small blind) folded before Flop
Seat 5: jklñjklñ (big blind) collected ($8.53)
Seat 6: zizizib folded before Flop (didn't bet)



PokerStars Hand #254575787293:  Hold'em No Limit ($0.50/$1.00 USD) - 2025/01/27 6:24:25 WET [2025/01/27 1:24:25 ET]
Table 'Botein IV' 6-max Seat #4 is the button
Seat 1: Calabazaking ($127.73 in chips) 
Seat 2: Fold Your Cats ($100 in chips) 
Seat 3: Burlica2013 ($101.50 in chips) 
Seat 4: MoRsCeReBruM ($102.40 in chips) 
Seat 5: jklñjklñ ($100 in chips) 
Seat 6: zizizib ($144.57 in chips) 
jklñjklñ: posts small blind $0.50
zizizib: posts big blind $1
*** HOLE CARDS ***
Calabazaking: raises $1.50 to $2.50
Fold Your Cats: folds 
Burlica2013: folds 
MoRsCeReBruM: folds 
jklñjklñ: calls $2
zizizib: folds 
*** FLOP *** [7h 8d Ts]
jklñjklñ: checks 
Calabazaking: checks 
*** TURN *** [7h 8d Ts] [4d]
jklñjklñ: checks 
Calabazaking: checks 
*** RIVER *** [7h 8d Ts 4d] [2c]
jklñjklñ: checks 
Calabazaking: checks 
*** SHOW DOWN ***
jklñjklñ: shows [3d Kd] (high card King)
Calabazaking: shows [Kh Qs] (high card King - Queen kicker)
Calabazaking collected $5.70 from pot
*** SUMMARY ***
Total pot $6 | Rake $0.30 
Board [7h 8d Ts 4d 2c]
Seat 1: Calabazaking showed [Kh Qs] and won ($5.70) with high card King
Seat 2: Fold Your Cats folded before Flop (didn't bet)
Seat 3: Burlica2013 folded before Flop (didn't bet)
Seat 4: MoRsCeReBruM (button) folded before Flop (didn't bet)
Seat 5: jklñjklñ (small blind) showed [3d Kd] and lost with high card King
Seat 6: zizizib (big blind) folded before Flop



PokerStars Hand #254575789522:  Hold'em No Limit ($0.50/$1.00 USD) - 2025/01/27 6:25:00 WET [2025/01/27 1:25:00 ET]
Table 'Botein IV' 6-max Seat #5 is the button
Seat 1: Calabazaking ($130.93 in chips) 
Seat 2: Fold Your Cats ($100 in chips) 
Seat 3: Burlica2013 ($101.50 in chips) 
Seat 4: MoRsCeReBruM ($102.40 in chips) 
Seat 5: jklñjklñ ($97.50 in chips) 
Seat 6: zizizib ($143.57 in chips) 
zizizib: posts small blind $0.50
Calabazaking: posts big blind $1
*** HOLE CARDS ***
Fold Your Cats: folds 
Burlica2013: folds 
MoRsCeReBruM: folds 
jklñjklñ: calls $1
zizizib: folds 
Calabazaking: raises $3.50 to $4.50
jklñjklñ: calls $3.50
*** FLOP *** [6h 7s 8c]
Calabazaking: checks 
jklñjklñ: checks 
*** TURN *** [6h 7s 8c] [7h]
Calabazaking: bets $2.98
jklñjklñ: raises $7.49 to $10.47
Calabazaking: calls $7.49
*** RIVER *** [6h 7s 8c 7h] [Tc]
Calabazaking: checks 
jklñjklñ: checks 
*** SHOW DOWN ***
Calabazaking: shows [Jh Ac] (a pair of Sevens)
jklñjklñ: mucks hand 
Calabazaking collected $28.92 from pot
*** SUMMARY ***
Total pot $30.44 | Rake $1.52 
Board [6h 7s 8c 7h Tc]
Seat 1: Calabazaking (big blind) showed [Jh Ac] and won ($28.92) with a pair of Sevens
Seat 2: Fold Your Cats folded before Flop (didn't bet)
Seat 3: Burlica2013 folded before Flop (didn't bet)
Seat 4: MoRsCeReBruM folded before Flop (didn't bet)
Seat 5: jklñjklñ (button) mucked
Seat 6: zizizib (small blind) folded before Flop



PokerStars Hand #254575795337:  Hold'em No Limit ($0.50/$1.00 USD) - 2025/01/27 6:26:30 WET [2025/01/27 1:26:30 ET]
Table 'Botein IV' 6-max Seat #6 is the button
Seat 2: Fold Your Cats ($100 in chips) is sitting out
Seat 1: Calabazaking ($144.88 in chips) 
Seat 3: Burlica2013 ($101.50 in chips) 
Seat 4: MoRsCeReBruM ($102.40 in chips) 
Seat 5: jklñjklñ ($82.53 in chips) 
Seat 6: zizizib ($143.07 in chips) 
Calabazaking: posts small blind $0.50
Fold Your Cats: is sitting out 
Burlica2013: posts big blind $1
*** HOLE CARDS ***
MoRsCeReBruM: folds 
jklñjklñ: calls $1
zizizib: folds 
Calabazaking: folds 
Burlica2013: raises $3 to $4
jklñjklñ: calls $3
*** FLOP *** [5c 9d Ts]
Burlica2013: bets $2.67
jklñjklñ: calls $2.67
*** TURN *** [5c 9d Ts] [Tc]
Burlica2013: checks 
jklñjklñ: bets $4
Burlica2013: calls $4
*** RIVER *** [5c 9d Ts Tc] [7d]
Burlica2013: checks 
jklñjklñ: bets $20.75
Burlica2013: calls $20.75
*** SHOW DOWN ***
jklñjklñ: shows [Th As] (three of a kind, Tens)
Burlica2013: mucks hand 
jklñjklñ collected $60.84 from pot
*** SUMMARY ***
Total pot $63.34 | Rake $2.50 
Board [5c 9d Ts Tc 7d]
Seat 2: Fold Your Cats
Seat 1: Calabazaking (small blind) folded before Flop
Seat 3: Burlica2013 (big blind) mucked
Seat 4: MoRsCeReBruM folded before Flop (didn't bet)
Seat 5: jklñjklñ showed [Th As] and won ($60.84) with three of a kind, Tens
Seat 6: zizizib (button) folded before Flop (didn't bet)



PokerStars Hand #254575799433:  Hold'em No Limit ($0.50/$1.00 USD) - 2025/01/27 6:27:34 WET [2025/01/27 1:27:34 ET]
Table 'Botein IV' 6-max Seat #1 is the button
Seat 2: Fold Your Cats ($100 in chips) is sitting out
Seat 1: Calabazaking ($144.38 in chips) 
Seat 3: Burlica2013 ($100 in chips) 
Seat 4: MoRsCeReBruM ($102.40 in chips) 
Seat 5: jklñjklñ ($111.95 in chips) 
Seat 6: zizizib ($143.07 in chips) 
Burlica2013: posts small blind $0.50
MoRsCeReBruM: posts big blind $1
*** HOLE CARDS ***
jklñjklñ: folds 
zizizib: raises $1.30 to $2.30
Calabazaking: folds 
Burlica2013: folds 
MoRsCeReBruM: folds 
Uncalled bet ($1.30) returned to zizizib
zizizib collected $2.50 from pot
zizizib: doesn't show hand 
*** SUMMARY ***
Total pot $2.50 | Rake $0 
Seat 2: Fold Your Cats
Seat 1: Calabazaking (button) folded before Flop (didn't bet)
Seat 3: Burlica2013 (small blind) folded before Flop
Seat 4: MoRsCeReBruM (big blind) folded before Flop
Seat 5: jklñjklñ folded before Flop (didn't bet)
Seat 6: zizizib collected ($2.50)



PokerStars Hand #254575801434:  Hold'em No Limit ($0.50/$1.00 USD) - 2025/01/27 6:28:05 WET [2025/01/27 1:28:05 ET]
Table 'Botein IV' 6-max Seat #3 is the button
Seat 2: Fold Your Cats ($100 in chips) is sitting out
Seat 1: Calabazaking ($144.38 in chips) 
Seat 3: Burlica2013 ($100 in chips) 
Seat 4: MoRsCeReBruM ($101.40 in chips) 
Seat 5: jklñjklñ ($111.95 in chips) 
Seat 6: zizizib ($144.57 in chips) 
MoRsCeReBruM: posts small blind $0.50
jklñjklñ: posts big blind $1
Fold Your Cats: sits out 
*** HOLE CARDS ***
zizizib: raises $1.10 to $2.10
Calabazaking: folds 
Burlica2013: folds 
MoRsCeReBruM: folds 
jklñjklñ: calls $1.10
*** FLOP *** [7h 9h 7s]
jklñjklñ: checks 
zizizib: bets $1.47
jklñjklñ: calls $1.47
*** TURN *** [7h 9h 7s] [9c]
jklñjklñ: bets $3
zizizib: folds 
Uncalled bet ($3) returned to jklñjklñ
jklñjklñ collected $7.26 from pot
*** SUMMARY ***
Total pot $7.64 | Rake $0.38 
Board [7h 9h 7s 9c]
Seat 2: Fold Your Cats
Seat 1: Calabazaking folded before Flop (didn't bet)
Seat 3: Burlica2013 (button) folded before Flop (didn't bet)
Seat 4: MoRsCeReBruM (small blind) folded before Flop
Seat 5: jklñjklñ (big blind) collected ($7.26)
Seat 6: zizizib folded on the Turn



PokerStars Hand #254575804080:  Hold'em No Limit ($0.50/$1.00 USD) - 2025/01/27 6:28:48 WET [2025/01/27 1:28:48 ET]
Table 'Botein IV' 6-max Seat #4 is the button
Seat 2: Fold Your Cats ($100 in chips) is sitting out
Seat 1: Calabazaking ($144.38 in chips) 
Seat 3: Burlica2013 ($100 in chips) 
Seat 4: MoRsCeReBruM ($100.90 in chips) 
Seat 5: jklñjklñ ($115.64 in chips) 
Seat 6: zizizib ($141 in chips) 
jklñjklñ: posts small blind $0.50
zizizib: posts big blind $1
Fold Your Cats: sits out 
*** HOLE CARDS ***
Calabazaking: raises $1.50 to $2.50
Burlica2013: folds 
MoRsCeReBruM: raises $5 to $7.50
jklñjklñ: folds 
zizizib: folds 
Calabazaking: raises $14 to $21.50
MoRsCeReBruM: folds 
Uncalled bet ($14) returned to Calabazaking
Calabazaking collected $16.50 from pot
*** SUMMARY ***
Total pot $16.50 | Rake $0 
Seat 2: Fold Your Cats
Seat 1: Calabazaking collected ($16.50)
Seat 3: Burlica2013 folded before Flop (didn't bet)
Seat 4: MoRsCeReBruM (button) folded before Flop
Seat 5: jklñjklñ (small blind) folded before Flop
Seat 6: zizizib (big blind) folded before Flop



PokerStars Hand #254575806184:  Hold'em No Limit ($0.50/$1.00 USD) - 2025/01/27 6:29:21 WET [2025/01/27 1:29:21 ET]
Table 'Botein IV' 6-max Seat #5 is the button
Seat 2: Fold Your Cats ($100 in chips) is sitting out
Seat 1: Calabazaking ($153.38 in chips) 
Seat 3: Burlica2013 ($100 in chips) 
Seat 4: MoRsCeReBruM ($100 in chips) 
Seat 5: jklñjklñ ($115.14 in chips) 
Seat 6: zizizib ($140 in chips) 
zizizib: posts small blind $0.50
Calabazaking: posts big blind $1
Fold Your Cats: sits out 
*** HOLE CARDS ***
Burlica2013: folds 
MoRsCeReBruM: folds 
jklñjklñ: folds 
zizizib: folds 
Uncalled bet ($0.50) returned to Calabazaking
Calabazaking collected $1 from pot
*** SUMMARY ***
Total pot $1 | Rake $0 
Seat 2: Fold Your Cats
Seat 1: Calabazaking (big blind) collected ($1)
Seat 3: Burlica2013 folded before Flop (didn't bet)
Seat 4: MoRsCeReBruM folded before Flop (didn't bet)
Seat 5: jklñjklñ (button) folded before Flop (didn't bet)
Seat 6: zizizib (small blind) folded before Flop



PokerStars Hand #254575807128:  Hold'em No Limit ($0.50/$1.00 USD) - 2025/01/27 6:29:35 WET [2025/01/27 1:29:35 ET]
Table 'Botein IV' 6-max Seat #6 is the button
Seat 1: Calabazaking ($153.88 in chips) 
Seat 2: Fold Your Cats ($100 in chips) 
Seat 3: Burlica2013 ($100 in chips) 
Seat 4: MoRsCeReBruM ($100 in chips) 
Seat 5: jklñjklñ ($115.14 in chips) 
Seat 6: zizizib ($139.50 in chips) 
Calabazaking: posts small blind $0.50
Fold Your Cats: posts big blind $1
*** HOLE CARDS ***
Burlica2013: folds 
MoRsCeReBruM: folds 
jklñjklñ: calls $1
zizizib: folds 
Calabazaking: folds 
Fold Your Cats: raises $3 to $4
jklñjklñ: calls $3
*** FLOP *** [6c 7h Kd]
Fold Your Cats: bets $2.69
jklñjklñ: calls $2.69
*** TURN *** [6c 7h Kd] [Kh]
Fold Your Cats: checks 
jklñjklñ: bets $7.60
Fold Your Cats: folds 
Uncalled bet ($7.60) returned to jklñjklñ
jklñjklñ collected $13.19 from pot
*** SUMMARY ***
Total pot $13.88 | Rake $0.69 
Board [6c 7h Kd Kh]
Seat 1: Calabazaking (small blind) folded before Flop
Seat 2: Fold Your Cats (big blind) folded on the Turn
Seat 3: Burlica2013 folded before Flop (didn't bet)
Seat 4: MoRsCeReBruM folded before Flop (didn't bet)
Seat 5: jklñjklñ collected ($13.19)
Seat 6: zizizib (button) folded before Flop (didn't bet)



PokerStars Hand #254575810615:  Hold'em No Limit ($0.50/$1.00 USD) - 2025/01/27 6:30:30 WET [2025/01/27 1:30:30 ET]
Table 'Botein IV' 6-max Seat #1 is the button
Seat 1: Calabazaking ($153.38 in chips) 
Seat 2: Fold Your Cats ($100 in chips) 
Seat 3: Burlica2013 ($100 in chips) 
Seat 4: MoRsCeReBruM ($100 in chips) 
Seat 5: jklñjklñ ($121.64 in chips) 
Seat 6: zizizib ($139.50 in chips) 
Fold Your Cats: posts small blind $0.50
Burlica2013: posts big blind $1
*** HOLE CARDS ***
MoRsCeReBruM: folds 
MoRsCeReBruM leaves the table
jklñjklñ: raises $1 to $2
zizizib: folds 
sarpele71 joins the table at seat #4 
sarpele71 is disconnected 
Calabazaking: raises $4 to $6
Fold Your Cats: raises $12 to $18
Burlica2013: folds 
jklñjklñ: folds 
Calabazaking: raises $135.38 to $153.38 and is all-in
Fold Your Cats: calls $82 and is all-in
Uncalled bet ($53.38) returned to Calabazaking
*** FLOP *** [Td 9h 9c]
*** TURN *** [Td 9h 9c] [Js]
*** RIVER *** [Td 9h 9c Js] [Jc]
*** SHOW DOWN ***
Fold Your Cats: shows [Qc Qs] (two pair, Queens and Jacks)
Calabazaking: shows [Kd As] (two pair, Jacks and Nines)
Fold Your Cats collected $200.50 from pot
*** SUMMARY ***
Total pot $203 | Rake $2.50 
Board [Td 9h 9c Js Jc]
Seat 1: Calabazaking (button) showed [Kd As] and lost with two pair, Jacks and Nines
Seat 2: Fold Your Cats (small blind) showed [Qc Qs] and won ($200.50) with two pair, Queens and Jacks
Seat 3: Burlica2013 (big blind) folded before Flop
Seat 4: MoRsCeReBruM folded before Flop (didn't bet)
Seat 5: jklñjklñ folded before Flop
Seat 6: zizizib folded before Flop (didn't bet)



PokerStars Hand #254575813539:  Hold'em No Limit ($0.50/$1.00 USD) - 2025/01/27 6:31:16 WET [2025/01/27 1:31:16 ET]
Table 'Botein IV' 6-max Seat #2 is the button
Seat 1: Calabazaking ($100 in chips) 
Seat 2: Fold Your Cats ($200.50 in chips) 
Seat 3: Burlica2013 ($100 in chips) 
Seat 4: sarpele71 ($41.76 in chips) 
Seat 5: jklñjklñ ($119.64 in chips) 
Seat 6: zizizib ($139.50 in chips) 
Burlica2013: posts small blind $0.50
sarpele71: posts big blind $1
*** HOLE CARDS ***
jklñjklñ: raises $1 to $2
zizizib: folds 
Calabazaking: raises $3.50 to $5.50
Fold Your Cats: folds 
Burlica2013: folds 
sarpele71: folds 
jklñjklñ: calls $3.50
*** FLOP *** [6d Ks 5h]
jklñjklñ: bets $5.94
Calabazaking: calls $5.94
*** TURN *** [6d Ks 5h] [4h]
jklñjklñ: checks 
Calabazaking: checks 
*** RIVER *** [6d Ks 5h 4h] [9d]
jklñjklñ: bets $23.16
Calabazaking: folds 
Uncalled bet ($23.16) returned to jklñjklñ
jklñjklñ collected $23.16 from pot
*** SUMMARY ***
Total pot $24.38 | Rake $1.22 
Board [6d Ks 5h 4h 9d]
Seat 1: Calabazaking folded on the River
Seat 2: Fold Your Cats (button) folded before Flop (didn't bet)
Seat 3: Burlica2013 (small blind) folded before Flop
Seat 4: sarpele71 (big blind) folded before Flop
Seat 5: jklñjklñ collected ($23.16)
Seat 6: zizizib folded before Flop (didn't bet)



PokerStars Hand #254575817273:  Hold'em No Limit ($0.50/$1.00 USD) - 2025/01/27 6:32:15 WET [2025/01/27 1:32:15 ET]
Table 'Botein IV' 6-max Seat #3 is the button
Seat 1: Calabazaking ($100 in chips) 
Seat 2: Fold Your Cats ($200.50 in chips) 
Seat 3: Burlica2013 ($100 in chips) 
Seat 4: sarpele71 ($40.76 in chips) 
Seat 5: jklñjklñ ($131.36 in chips) 
Seat 6: zizizib ($139.50 in chips) 
sarpele71: posts small blind $0.50
jklñjklñ: posts big blind $1
*** HOLE CARDS ***
zizizib: folds 
Calabazaking: folds 
Fold Your Cats: raises $2 to $3
Burlica2013: folds 
sarpele71: folds 
jklñjklñ: calls $2
*** FLOP *** [4s 6h Ts]
jklñjklñ: checks 
Fold Your Cats: bets $2.06
jklñjklñ: calls $2.06
*** TURN *** [4s 6h Ts] [9h]
jklñjklñ: checks 
Fold Your Cats: checks 
*** RIVER *** [4s 6h Ts 9h] [4c]
jklñjklñ: checks 
Fold Your Cats: checks 
*** SHOW DOWN ***
jklñjklñ: shows [8h Js] (a pair of Fours)
Fold Your Cats: shows [Kc As] (a pair of Fours - Ace kicker)
Fold Your Cats collected $10.09 from pot
*** SUMMARY ***
Total pot $10.62 | Rake $0.53 
Board [4s 6h Ts 9h 4c]
Seat 1: Calabazaking folded before Flop (didn't bet)
Seat 2: Fold Your Cats showed [Kc As] and won ($10.09) with a pair of Fours
Seat 3: Burlica2013 (button) folded before Flop (didn't bet)
Seat 4: sarpele71 (small blind) folded before Flop
Seat 5: jklñjklñ (big blind) showed [8h Js] and lost with a pair of Fours
Seat 6: zizizib folded before Flop (didn't bet)



PokerStars Hand #254575819442:  Hold'em No Limit ($0.50/$1.00 USD) - 2025/01/27 6:32:51 WET [2025/01/27 1:32:51 ET]
Table 'Botein IV' 6-max Seat #4 is the button
Seat 1: Calabazaking ($100 in chips) 
Seat 2: Fold Your Cats ($205.53 in chips) 
Seat 3: Burlica2013 ($100 in chips) 
Seat 4: sarpele71 ($40.26 in chips) 
Seat 5: jklñjklñ ($126.30 in chips) 
Seat 6: zizizib ($139.50 in chips) 
jklñjklñ: posts small blind $0.50
zizizib: posts big blind $1
*** HOLE CARDS ***
Calabazaking: folds 
Fold Your Cats: folds 
Burlica2013: folds 
sarpele71: raises $1 to $2
jklñjklñ: calls $1.50
zizizib: calls $1
*** FLOP *** [5d 3d 8h]
jklñjklñ: checks 
zizizib: checks 
sarpele71: checks 
*** TURN *** [5d 3d 8h] [5c]
jklñjklñ: checks 
zizizib: checks 
sarpele71: checks 
*** RIVER *** [5d 3d 8h 5c] [2d]
jklñjklñ: checks 
zizizib: checks 
sarpele71: checks 
*** SHOW DOWN ***
jklñjklñ: shows [Ah 2c] (two pair, Fives and Deuces)
zizizib: shows [Ac 3c] (two pair, Fives and Threes)
sarpele71: mucks hand 
zizizib collected $5.70 from pot
*** SUMMARY ***
Total pot $6 | Rake $0.30 
Board [5d 3d 8h 5c 2d]
Seat 1: Calabazaking folded before Flop (didn't bet)
Seat 2: Fold Your Cats folded before Flop (didn't bet)
Seat 3: Burlica2013 folded before Flop (didn't bet)
Seat 4: sarpele71 (button) mucked
Seat 5: jklñjklñ (small blind) showed [Ah 2c] and lost with two pair, Fives and Deuces
Seat 6: zizizib (big blind) showed [Ac 3c] and won ($5.70) with two pair, Fives and Threes



PokerStars Hand #254575823111:  Hold'em No Limit ($0.50/$1.00 USD) - 2025/01/27 6:33:49 WET [2025/01/27 1:33:49 ET]
Table 'Botein IV' 6-max Seat #5 is the button
Seat 1: Calabazaking ($100 in chips) 
Seat 2: Fold Your Cats ($205.53 in chips) 
Seat 3: Burlica2013 ($100 in chips) 
Seat 4: sarpele71 ($38.26 in chips) 
Seat 5: jklñjklñ ($124.30 in chips) 
Seat 6: zizizib ($143.20 in chips) 
zizizib: posts small blind $0.50
Calabazaking: posts big blind $1
*** HOLE CARDS ***
Fold Your Cats: folds 
Burlica2013: folds 
sarpele71: calls $1
jklñjklñ: folds 
zizizib: folds 
Calabazaking: checks 
*** FLOP *** [4d Jd 9s]
Calabazaking: checks 
sarpele71: checks 
*** TURN *** [4d Jd 9s] [Ac]
Calabazaking: checks 
sarpele71: bets $1.19
Calabazaking: folds 
Uncalled bet ($1.19) returned to sarpele71
sarpele71 collected $2.38 from pot
*** SUMMARY ***
Total pot $2.50 | Rake $0.12 
Board [4d Jd 9s Ac]
Seat 1: Calabazaking (big blind) folded on the Turn
Seat 2: Fold Your Cats folded before Flop (didn't bet)
Seat 3: Burlica2013 folded before Flop (didn't bet)
Seat 4: sarpele71 collected ($2.38)
Seat 5: jklñjklñ (button) folded before Flop (didn't bet)
Seat 6: zizizib (small blind) folded before Flop



PokerStars Hand #254575825522:  Hold'em No Limit ($0.50/$1.00 USD) - 2025/01/27 6:34:26 WET [2025/01/27 1:34:26 ET]
Table 'Botein IV' 6-max Seat #6 is the button
Seat 1: Calabazaking ($100 in chips) 
Seat 2: Fold Your Cats ($205.53 in chips) 
Seat 3: Burlica2013 ($100 in chips) 
Seat 4: sarpele71 ($39.64 in chips) 
Seat 5: jklñjklñ ($124.30 in chips) 
Seat 6: zizizib ($142.70 in chips) 
Calabazaking: posts small blind $0.50
Fold Your Cats: posts big blind $1
*** HOLE CARDS ***
Burlica2013: folds 
sarpele71: folds 
jklñjklñ: raises $2 to $3
zizizib: folds 
Calabazaking: folds 
Fold Your Cats: folds 
Uncalled bet ($2) returned to jklñjklñ
jklñjklñ collected $2.50 from pot
*** SUMMARY ***
Total pot $2.50 | Rake $0 
Seat 1: Calabazaking (small blind) folded before Flop
Seat 2: Fold Your Cats (big blind) folded before Flop
Seat 3: Burlica2013 folded before Flop (didn't bet)
Seat 4: sarpele71 folded before Flop (didn't bet)
Seat 5: jklñjklñ collected ($2.50)
Seat 6: zizizib (button) folded before Flop (didn't bet)



PokerStars Hand #254575826807:  Hold'em No Limit ($0.50/$1.00 USD) - 2025/01/27 6:34:46 WET [2025/01/27 1:34:46 ET]
Table 'Botein IV' 6-max Seat #1 is the button
Seat 1: Calabazaking ($100 in chips) 
Seat 2: Fold Your Cats ($204.53 in chips) 
Seat 3: Burlica2013 ($100 in chips) 
Seat 4: sarpele71 ($39.64 in chips) 
Seat 5: jklñjklñ ($125.80 in chips) 
Seat 6: zizizib ($142.70 in chips) 
Fold Your Cats: posts small blind $0.50
Burlica2013: posts big blind $1
*** HOLE CARDS ***
sarpele71: folds 
jklñjklñ: folds 
zizizib: raises $1.30 to $2.30
Calabazaking: folds 
Fold Your Cats: folds 
Burlica2013: folds 
Uncalled bet ($1.30) returned to zizizib
zizizib collected $2.50 from pot
zizizib: doesn't show hand 
*** SUMMARY ***
Total pot $2.50 | Rake $0 
Seat 1: Calabazaking (button) folded before Flop (didn't bet)
Seat 2: Fold Your Cats (small blind) folded before Flop
Seat 3: Burlica2013 (big blind) folded before Flop
Seat 4: sarpele71 folded before Flop (didn't bet)
Seat 5: jklñjklñ folded before Flop (didn't bet)
Seat 6: zizizib collected ($2.50)



PokerStars Hand #254575827744:  Hold'em No Limit ($0.50/$1.00 USD) - 2025/01/27 6:35:01 WET [2025/01/27 1:35:01 ET]
Table 'Botein IV' 6-max Seat #2 is the button
Seat 1: Calabazaking ($100 in chips) 
Seat 2: Fold Your Cats ($204.03 in chips) 
Seat 3: Burlica2013 ($100 in chips) 
Seat 4: sarpele71 ($39.64 in chips) 
Seat 5: jklñjklñ ($125.80 in chips) 
Seat 6: zizizib ($144.20 in chips) 
Burlica2013: posts small blind $0.50
sarpele71: posts big blind $1
*** HOLE CARDS ***
jklñjklñ: folds 
zizizib: folds 
Calabazaking: folds 
Fold Your Cats: folds 
Burlica2013: folds 
Uncalled bet ($0.50) returned to sarpele71
sarpele71 collected $1 from pot
*** SUMMARY ***
Total pot $1 | Rake $0 
Seat 1: Calabazaking folded before Flop (didn't bet)
Seat 2: Fold Your Cats (button) folded before Flop (didn't bet)
Seat 3: Burlica2013 (small blind) folded before Flop
Seat 4: sarpele71 (big blind) collected ($1)
Seat 5: jklñjklñ folded before Flop (didn't bet)
Seat 6: zizizib folded before Flop (didn't bet)



PokerStars Hand #254575828802:  Hold'em No Limit ($0.50/$1.00 USD) - 2025/01/27 6:35:17 WET [2025/01/27 1:35:17 ET]
Table 'Botein IV' 6-max Seat #3 is the button
Seat 1: Calabazaking ($100 in chips) 
Seat 2: Fold Your Cats ($204.03 in chips) 
Seat 3: Burlica2013 ($100 in chips) 
Seat 4: sarpele71 ($40.14 in chips) 
Seat 5: jklñjklñ ($125.80 in chips) 
Seat 6: zizizib ($144.20 in chips) 
sarpele71: posts small blind $0.50
jklñjklñ: posts big blind $1
*** HOLE CARDS ***
zizizib: raises $1.10 to $2.10
Calabazaking: folds 
Fold Your Cats: folds 
Burlica2013: folds 
sarpele71: folds 
jklñjklñ: calls $1.10
*** FLOP *** [3h Kc 3s]
jklñjklñ: checks 
zizizib: bets $1.47
jklñjklñ: folds 
Uncalled bet ($1.47) returned to zizizib
zizizib collected $4.46 from pot
zizizib: doesn't show hand 
*** SUMMARY ***
Total pot $4.70 | Rake $0.24 
Board [3h Kc 3s]
Seat 1: Calabazaking folded before Flop (didn't bet)
Seat 2: Fold Your Cats folded before Flop (didn't bet)
Seat 3: Burlica2013 (button) folded before Flop (didn't bet)
Seat 4: sarpele71 (small blind) folded before Flop
Seat 5: jklñjklñ (big blind) folded on the Flop
Seat 6: zizizib collected ($4.46)



PokerStars Hand #254575830201:  Hold'em No Limit ($0.50/$1.00 USD) - 2025/01/27 6:35:39 WET [2025/01/27 1:35:39 ET]
Table 'Botein IV' 6-max Seat #4 is the button
Seat 1: Calabazaking ($100 in chips) 
Seat 2: Fold Your Cats ($204.03 in chips) 
Seat 3: Burlica2013 ($100 in chips) 
Seat 4: sarpele71 ($39.64 in chips) 
Seat 5: jklñjklñ ($123.70 in chips) 
Seat 6: zizizib ($146.56 in chips) 
jklñjklñ: posts small blind $0.50
zizizib: posts big blind $1
*** HOLE CARDS ***
Calabazaking: folds 
Fold Your Cats: folds 
Burlica2013: raises $1.25 to $2.25
sarpele71: raises $6 to $8.25
jklñjklñ: folds 
zizizib: folds 
Burlica2013: folds 
Uncalled bet ($6) returned to sarpele71
sarpele71 collected $6 from pot
*** SUMMARY ***
Total pot $6 | Rake $0 
Seat 1: Calabazaking folded before Flop (didn't bet)
Seat 2: Fold Your Cats folded before Flop (didn't bet)
Seat 3: Burlica2013 folded before Flop
Seat 4: sarpele71 (button) collected ($6)
Seat 5: jklñjklñ (small blind) folded before Flop
Seat 6: zizizib (big blind) folded before Flop



PokerStars Hand #254575831862:  Hold'em No Limit ($0.50/$1.00 USD) - 2025/01/27 6:36:06 WET [2025/01/27 1:36:06 ET]
Table 'Botein IV' 6-max Seat #5 is the button
Seat 1: Calabazaking ($100 in chips) 
Seat 2: Fold Your Cats ($204.03 in chips) 
Seat 3: Burlica2013 ($100 in chips) 
Seat 4: sarpele71 ($43.39 in chips) 
Seat 5: jklñjklñ ($123.20 in chips) 
Seat 6: zizizib ($145.56 in chips) 
zizizib: posts small blind $0.50
Calabazaking: posts big blind $1
*** HOLE CARDS ***
Fold Your Cats: folds 
Burlica2013: folds 
sarpele71: folds 
jklñjklñ: raises $2 to $3
zizizib: folds 
Calabazaking: raises $8.50 to $11.50
jklñjklñ: calls $8.50
*** FLOP *** [Td 4c Kh]
Calabazaking: bets $6.37
jklñjklñ: calls $6.37
*** TURN *** [Td 4c Kh] [8s]
Calabazaking: bets $18.94
jklñjklñ: raises $72.31 to $91.25
Calabazaking: calls $63.19 and is all-in
Uncalled bet ($9.12) returned to jklñjklñ
*** RIVER *** [Td 4c Kh 8s] [Jh]
*** SHOW DOWN ***
Calabazaking: shows [Ts Ks] (two pair, Kings and Tens)
jklñjklñ: shows [Js Qh] (a pair of Jacks)
Calabazaking collected $198 from pot
*** SUMMARY ***
Total pot $200.50 | Rake $2.50 
Board [Td 4c Kh 8s Jh]
Seat 1: Calabazaking (big blind) showed [Ts Ks] and won ($198) with two pair, Kings and Tens
Seat 2: Fold Your Cats folded before Flop (didn't bet)
Seat 3: Burlica2013 folded before Flop (didn't bet)
Seat 4: sarpele71 folded before Flop (didn't bet)
Seat 5: jklñjklñ (button) showed [Js Qh] and lost with a pair of Jacks
Seat 6: zizizib (small blind) folded before Flop



PokerStars Hand #254575835281:  Hold'em No Limit ($0.50/$1.00 USD) - 2025/01/27 6:37:01 WET [2025/01/27 1:37:01 ET]
Table 'Botein IV' 6-max Seat #6 is the button
Seat 1: Calabazaking ($198 in chips) 
Seat 2: Fold Your Cats ($204.03 in chips) 
Seat 3: Burlica2013 ($100 in chips) 
Seat 4: sarpele71 ($43.39 in chips) 
Seat 5: jklñjklñ ($23.20 in chips) 
Seat 6: zizizib ($145.06 in chips) 
Calabazaking: posts small blind $0.50
Fold Your Cats: posts big blind $1
*** HOLE CARDS ***
Burlica2013: folds 
sarpele71: folds 
jklñjklñ: folds 
jklñjklñ leaves the table
zizizib: raises $1.50 to $2.50
Calabazaking: folds 
Fold Your Cats: calls $1.50
*** FLOP *** [Js 8c Kc]
jeffy27dt1 joins the table at seat #5 
Fold Your Cats: checks 
zizizib: checks 
*** TURN *** [Js 8c Kc] [6h]
Fold Your Cats: checks 
zizizib: checks 
*** RIVER *** [Js 8c Kc 6h] [4h]
Fold Your Cats: bets $3.92
zizizib: folds 
Uncalled bet ($3.92) returned to Fold Your Cats
Fold Your Cats collected $5.22 from pot
Fold Your Cats: doesn't show hand 
*** SUMMARY ***
Total pot $5.50 | Rake $0.28 
Board [Js 8c Kc 6h 4h]
Seat 1: Calabazaking (small blind) folded before Flop
Seat 2: Fold Your Cats (big blind) collected ($5.22)
Seat 3: Burlica2013 folded before Flop (didn't bet)
Seat 4: sarpele71 folded before Flop (didn't bet)
Seat 5: jklñjklñ folded before Flop (didn't bet)
Seat 6: zizizib (button) folded on the River



PokerStars Hand #254575840661:  Hold'em No Limit ($0.50/$1.00 USD) - 2025/01/27 6:38:27 WET [2025/01/27 1:38:27 ET]
Table 'Botein IV' 6-max Seat #1 is the button
Seat 5: jeffy27dt1 ($100 in chips) is sitting out
Seat 1: Calabazaking ($197.50 in chips) 
Seat 2: Fold Your Cats ($206.75 in chips) 
Seat 3: Burlica2013 ($100 in chips) 
Seat 4: sarpele71 ($43.39 in chips) 
Seat 6: zizizib ($142.56 in chips) 
Fold Your Cats: posts small blind $0.50
Burlica2013: posts big blind $1
jeffy27dt1: sits out 
*** HOLE CARDS ***
sarpele71: folds 
zizizib: folds 
Calabazaking: folds 
Fold Your Cats: folds 
Uncalled bet ($0.50) returned to Burlica2013
Burlica2013 collected $1 from pot
Burlica2013: doesn't show hand 
*** SUMMARY ***
Total pot $1 | Rake $0 
Seat 5: jeffy27dt1
Seat 1: Calabazaking (button) folded before Flop (didn't bet)
Seat 2: Fold Your Cats (small blind) folded before Flop
Seat 3: Burlica2013 (big blind) collected ($1)
Seat 4: sarpele71 folded before Flop (didn't bet)
Seat 6: zizizib folded before Flop (didn't bet)



PokerStars Hand #254575841401:  Hold'em No Limit ($0.50/$1.00 USD) - 2025/01/27 6:38:38 WET [2025/01/27 1:38:38 ET]
Table 'Botein IV' 6-max Seat #2 is the button
Seat 5: jeffy27dt1 ($100 in chips) is sitting out
Seat 1: Calabazaking ($197.50 in chips) 
Seat 2: Fold Your Cats ($206.25 in chips) 
Seat 3: Burlica2013 ($100.50 in chips) 
Seat 4: sarpele71 ($43.39 in chips) 
Seat 6: zizizib ($142.56 in chips) 
Burlica2013: posts small blind $0.50
sarpele71: posts big blind $1
jeffy27dt1: sits out 
*** HOLE CARDS ***
zizizib: folds 
Calabazaking: raises $1.50 to $2.50
Fold Your Cats: folds 
Burlica2013: folds 
sarpele71: calls $1.50
*** FLOP *** [9d Jd Qd]
sarpele71: checks 
Calabazaking: checks 
*** TURN *** [9d Jd Qd] [9c]
sarpele71: bets $2.61
Calabazaking: calls $2.61
*** RIVER *** [9d Jd Qd 9c] [Ad]
sarpele71: checks 
Calabazaking: bets $15.27
sarpele71: folds 
Uncalled bet ($15.27) returned to Calabazaking
Calabazaking collected $10.18 from pot
*** SUMMARY ***
Total pot $10.72 | Rake $0.54 
Board [9d Jd Qd 9c Ad]
Seat 5: jeffy27dt1
Seat 1: Calabazaking collected ($10.18)
Seat 2: Fold Your Cats (button) folded before Flop (didn't bet)
Seat 3: Burlica2013 (small blind) folded before Flop
Seat 4: sarpele71 (big blind) folded on the River
Seat 6: zizizib folded before Flop (didn't bet)



PokerStars Hand #254575845391:  Hold'em No Limit ($0.50/$1.00 USD) - 2025/01/27 6:39:42 WET [2025/01/27 1:39:42 ET]
Table 'Botein IV' 6-max Seat #3 is the button
Seat 1: Calabazaking ($202.57 in chips) 
Seat 2: Fold Your Cats ($206.25 in chips) 
Seat 3: Burlica2013 ($100 in chips) 
Seat 4: sarpele71 ($38.28 in chips) 
Seat 5: jeffy27dt1 ($100 in chips) 
Seat 6: zizizib ($142.56 in chips) 
sarpele71: posts small blind $0.50
jeffy27dt1: posts big blind $1
*** HOLE CARDS ***
zizizib: folds 
Calabazaking: raises $1.50 to $2.50
Fold Your Cats: raises $6.50 to $9
Burlica2013: folds 
sarpele71: folds 
jeffy27dt1: folds 
Calabazaking: calls $6.50
*** FLOP *** [2c 3d 3h]
Calabazaking: checks 
Fold Your Cats: bets $13.89
Calabazaking: calls $13.89
*** TURN *** [2c 3d 3h] [8h]
Calabazaking: checks 
Fold Your Cats: bets $33.69
Calabazaking: folds 
Uncalled bet ($33.69) returned to Fold Your Cats
Fold Your Cats collected $44.92 from pot
Fold Your Cats: doesn't show hand 
*** SUMMARY ***
Total pot $47.28 | Rake $2.36 
Board [2c 3d 3h 8h]
Seat 1: Calabazaking folded on the Turn
Seat 2: Fold Your Cats collected ($44.92)
Seat 3: Burlica2013 (button) folded before Flop (didn't bet)
Seat 4: sarpele71 (small blind) folded before Flop
Seat 5: jeffy27dt1 (big blind) folded before Flop
Seat 6: zizizib folded before Flop (didn't bet)



PokerStars Hand #254575850731:  Hold'em No Limit ($0.50/$1.00 USD) - 2025/01/27 6:41:07 WET [2025/01/27 1:41:07 ET]
Table 'Botein IV' 6-max Seat #4 is the button
Seat 1: Calabazaking ($179.68 in chips) 
Seat 2: Fold Your Cats ($228.28 in chips) 
Seat 3: Burlica2013 ($100 in chips) 
Seat 4: sarpele71 ($37.78 in chips) 
Seat 5: jeffy27dt1 ($100 in chips) 
Seat 6: zizizib ($142.56 in chips) 
jeffy27dt1: posts small blind $0.50
zizizib: posts big blind $1
*** HOLE CARDS ***
Calabazaking: folds 
Fold Your Cats: raises $1.50 to $2.50
Burlica2013: folds 
sarpele71: calls $2.50
jeffy27dt1: folds 
zizizib: folds 
*** FLOP *** [5d Qc Jh]
Fold Your Cats: bets $2.16
sarpele71: calls $2.16
*** TURN *** [5d Qc Jh] [3s]
Fold Your Cats: checks 
sarpele71: bets $4.14
Fold Your Cats: raises $6.50 to $10.64
sarpele71: folds 
Uncalled bet ($6.50) returned to Fold Your Cats
Fold Your Cats collected $18.14 from pot
Fold Your Cats: doesn't show hand 
*** SUMMARY ***
Total pot $19.10 | Rake $0.96 
Board [5d Qc Jh 3s]
Seat 1: Calabazaking folded before Flop (didn't bet)
Seat 2: Fold Your Cats collected ($18.14)
Seat 3: Burlica2013 folded before Flop (didn't bet)
Seat 4: sarpele71 (button) folded on the Turn
Seat 5: jeffy27dt1 (small blind) folded before Flop
Seat 6: zizizib (big blind) folded before Flop



PokerStars Hand #254575854144:  Hold'em No Limit ($0.50/$1.00 USD) - 2025/01/27 6:42:02 WET [2025/01/27 1:42:02 ET]
Table 'Botein IV' 6-max Seat #5 is the button
Seat 1: Calabazaking ($179.68 in chips) 
Seat 2: Fold Your Cats ($237.62 in chips) 
Seat 3: Burlica2013 ($100 in chips) 
Seat 4: sarpele71 ($28.98 in chips) 
Seat 5: jeffy27dt1 ($100 in chips) 
Seat 6: zizizib ($141.56 in chips) 
zizizib: posts small blind $0.50
Calabazaking: posts big blind $1
*** HOLE CARDS ***
Fold Your Cats: folds 
Burlica2013: folds 
sarpele71: folds 
jeffy27dt1: raises $1.50 to $2.50
zizizib: raises $8.50 to $11
Calabazaking: folds 
jeffy27dt1: folds 
Uncalled bet ($8.50) returned to zizizib
zizizib collected $6 from pot
zizizib: doesn't show hand 
*** SUMMARY ***
Total pot $6 | Rake $0 
Seat 1: Calabazaking (big blind) folded before Flop
Seat 2: Fold Your Cats folded before Flop (didn't bet)
Seat 3: Burlica2013 folded before Flop (didn't bet)
Seat 4: sarpele71 folded before Flop (didn't bet)
Seat 5: jeffy27dt1 (button) folded before Flop
Seat 6: zizizib (small blind) collected ($6)



PokerStars Hand #254575856595:  Hold'em No Limit ($0.50/$1.00 USD) - 2025/01/27 6:42:41 WET [2025/01/27 1:42:41 ET]
Table 'Botein IV' 6-max Seat #6 is the button
Seat 2: Fold Your Cats ($237.62 in chips) is sitting out
Seat 1: Calabazaking ($178.68 in chips) 
Seat 3: Burlica2013 ($100 in chips) 
Seat 4: sarpele71 ($28.98 in chips) 
Seat 5: jeffy27dt1 ($100 in chips) 
Seat 6: zizizib ($145.06 in chips) 
Calabazaking: posts small blind $0.50
Fold Your Cats: is sitting out 
Burlica2013: posts big blind $1
*** HOLE CARDS ***
sarpele71: raises $1 to $2
jeffy27dt1: folds 
zizizib: folds 
Calabazaking: folds 
Burlica2013: folds 
Uncalled bet ($1) returned to sarpele71
sarpele71 collected $2.50 from pot
*** SUMMARY ***
Total pot $2.50 | Rake $0 
Seat 2: Fold Your Cats
Seat 1: Calabazaking (small blind) folded before Flop
Seat 3: Burlica2013 (big blind) folded before Flop
Seat 4: sarpele71 collected ($2.50)
Seat 5: jeffy27dt1 folded before Flop (didn't bet)
Seat 6: zizizib (button) folded before Flop (didn't bet)



PokerStars Hand #254575857620:  Hold'em No Limit ($0.50/$1.00 USD) - 2025/01/27 6:42:57 WET [2025/01/27 1:42:57 ET]
Table 'Botein IV' 6-max Seat #1 is the button
Seat 2: Fold Your Cats ($237.62 in chips) is sitting out
Seat 1: Calabazaking ($178.18 in chips) 
Seat 3: Burlica2013 ($100 in chips) 
Seat 4: sarpele71 ($30.48 in chips) 
Seat 5: jeffy27dt1 ($100 in chips) 
Seat 6: zizizib ($145.06 in chips) 
Burlica2013: posts small blind $0.50
sarpele71: posts big blind $1
*** HOLE CARDS ***
Fold Your Cats leaves the table
jeffy27dt1: folds 
zizizib: folds 
Calabazaking: raises $1.50 to $2.50
Burlica2013: folds 
sarpele71: calls $1.50
*** FLOP *** [8s Jh Qh]
sarpele71: checks 
Calabazaking: bets $2.87
sarpele71: calls $2.87
*** TURN *** [8s Jh Qh] [8c]
sarpele71: checks 
Pon4uk.ua joins the table at seat #2 
Calabazaking: checks 
*** RIVER *** [8s Jh Qh 8c] [Qs]
sarpele71: bets $5.34
Calabazaking: folds 
Uncalled bet ($5.34) returned to sarpele71
sarpele71 collected $10.68 from pot
*** SUMMARY ***
Total pot $11.24 | Rake $0.56 
Board [8s Jh Qh 8c Qs]
Seat 2: Fold Your Cats
Seat 1: Calabazaking (button) folded on the River
Seat 3: Burlica2013 (small blind) folded before Flop
Seat 4: sarpele71 (big blind) collected ($10.68)
Seat 5: jeffy27dt1 folded before Flop (didn't bet)
Seat 6: zizizib folded before Flop (didn't bet)



PokerStars Hand #254575860235:  Hold'em No Limit ($0.50/$1.00 USD) - 2025/01/27 6:43:39 WET [2025/01/27 1:43:39 ET]
Table 'Botein IV' 6-max Seat #3 is the button
Seat 2: Pon4uk.ua ($100 in chips) is sitting out
Seat 1: Calabazaking ($172.81 in chips) 
Seat 3: Burlica2013 ($100 in chips) 
Seat 4: sarpele71 ($35.79 in chips) 
Seat 5: jeffy27dt1 ($100 in chips) 
Seat 6: zizizib ($145.06 in chips) 
sarpele71: posts small blind $0.50
jeffy27dt1: posts big blind $1
Pon4uk.ua: sits out 
*** HOLE CARDS ***
zizizib: folds 
Calabazaking: folds 
Burlica2013: raises $1.45 to $2.45
sarpele71: folds 
jeffy27dt1: folds 
Uncalled bet ($1.45) returned to Burlica2013
Burlica2013 collected $2.50 from pot
Burlica2013: doesn't show hand 
*** SUMMARY ***
Total pot $2.50 | Rake $0 
Seat 2: Pon4uk.ua
Seat 1: Calabazaking folded before Flop (didn't bet)
Seat 3: Burlica2013 (button) collected ($2.50)
Seat 4: sarpele71 (small blind) folded before Flop
Seat 5: jeffy27dt1 (big blind) folded before Flop
Seat 6: zizizib folded before Flop (didn't bet)



PokerStars Hand #254575861519:  Hold'em No Limit ($0.50/$1.00 USD) - 2025/01/27 6:43:59 WET [2025/01/27 1:43:59 ET]
Table 'Botein IV' 6-max Seat #4 is the button
Seat 2: Pon4uk.ua ($100 in chips) is sitting out
Seat 1: Calabazaking ($172.81 in chips) 
Seat 3: Burlica2013 ($101.50 in chips) 
Seat 4: sarpele71 ($35.29 in chips) 
Seat 5: jeffy27dt1 ($100 in chips) 
Seat 6: zizizib ($145.06 in chips) 
jeffy27dt1: posts small blind $0.50
zizizib: posts big blind $1
Pon4uk.ua: sits out 
*** HOLE CARDS ***
Calabazaking: folds 
Burlica2013: folds 
sarpele71: raises $1.20 to $2.20
jeffy27dt1: folds 
zizizib: folds 
Uncalled bet ($1.20) returned to sarpele71
sarpele71 collected $2.50 from pot
*** SUMMARY ***
Total pot $2.50 | Rake $0 
Seat 2: Pon4uk.ua
Seat 1: Calabazaking folded before Flop (didn't bet)
Seat 3: Burlica2013 folded before Flop (didn't bet)
Seat 4: sarpele71 (button) collected ($2.50)
Seat 5: jeffy27dt1 (small blind) folded before Flop
Seat 6: zizizib (big blind) folded before Flop



PokerStars Hand #254575863262:  Hold'em No Limit ($0.50/$1.00 USD) - 2025/01/27 6:44:27 WET [2025/01/27 1:44:27 ET]
Table 'Botein IV' 6-max Seat #5 is the button
Seat 2: Pon4uk.ua ($100 in chips) is sitting out
Seat 1: Calabazaking ($172.81 in chips) 
Seat 3: Burlica2013 ($101.50 in chips) 
Seat 4: sarpele71 ($36.79 in chips) 
Seat 5: jeffy27dt1 ($100 in chips) 
Seat 6: zizizib ($144.06 in chips) 
zizizib: posts small blind $0.50
Calabazaking: posts big blind $1
Pon4uk.ua: sits out 
*** HOLE CARDS ***
Burlica2013: raises $1.20 to $2.20
sarpele71: folds 
jeffy27dt1: folds 
zizizib: raises $7.80 to $10
Calabazaking: folds 
Burlica2013: folds 
Uncalled bet ($7.80) returned to zizizib
zizizib collected $5.40 from pot
zizizib: doesn't show hand 
*** SUMMARY ***
Total pot $5.40 | Rake $0 
Seat 2: Pon4uk.ua
Seat 1: Calabazaking (big blind) folded before Flop
Seat 3: Burlica2013 folded before Flop
Seat 4: sarpele71 folded before Flop (didn't bet)
Seat 5: jeffy27dt1 (button) folded before Flop (didn't bet)
Seat 6: zizizib (small blind) collected ($5.40)



PokerStars Hand #254575864633:  Hold'em No Limit ($0.50/$1.00 USD) - 2025/01/27 6:44:49 WET [2025/01/27 1:44:49 ET]
Table 'Botein IV' 6-max Seat #6 is the button
Seat 1: Calabazaking ($171.81 in chips) 
Seat 2: Pon4uk.ua ($100 in chips) 
Seat 3: Burlica2013 ($100 in chips) 
Seat 4: sarpele71 ($36.79 in chips) 
Seat 5: jeffy27dt1 ($100 in chips) 
Seat 6: zizizib ($147.26 in chips) 
Calabazaking: posts small blind $0.50
Pon4uk.ua: posts big blind $1
*** HOLE CARDS ***
Burlica2013: folds 
sarpele71: folds 
jeffy27dt1: raises $1.50 to $2.50
zizizib: raises $5 to $7.50
Calabazaking: raises $13 to $20.50
Pon4uk.ua: folds 
jeffy27dt1: raises $79.50 to $100 and is all-in
zizizib: folds 
Calabazaking: folds 
Uncalled bet ($79.50) returned to jeffy27dt1
jeffy27dt1 collected $49.50 from pot
jeffy27dt1: doesn't show hand 
*** SUMMARY ***
Total pot $49.50 | Rake $0 
Seat 1: Calabazaking (small blind) folded before Flop
Seat 2: Pon4uk.ua (big blind) folded before Flop
Seat 3: Burlica2013 folded before Flop (didn't bet)
Seat 4: sarpele71 folded before Flop (didn't bet)
Seat 5: jeffy27dt1 collected ($49.50)
Seat 6: zizizib (button) folded before Flop



PokerStars Hand #254575868539:  Hold'em No Limit ($0.50/$1.00 USD) - 2025/01/27 6:45:51 WET [2025/01/27 1:45:51 ET]
Table 'Botein IV' 6-max Seat #1 is the button
Seat 3: Burlica2013 ($100 in chips) is sitting out
Seat 1: Calabazaking ($151.31 in chips) 
Seat 2: Pon4uk.ua ($100 in chips) 
Seat 4: sarpele71 ($36.79 in chips) 
Seat 5: jeffy27dt1 ($129 in chips) 
Seat 6: zizizib ($139.76 in chips) 
Pon4uk.ua: posts small blind $0.50
Burlica2013: is sitting out 
sarpele71: posts big blind $1
*** HOLE CARDS ***
Burlica2013 leaves the table
jeffy27dt1: folds 
raiseinthedarkk joins the table at seat #3 
zizizib: raises $1.30 to $2.30
Calabazaking: folds 
Pon4uk.ua: folds 
sarpele71: calls $1.30
*** FLOP *** [Jc 3s 2s]
sarpele71: checks 
zizizib: bets $1.60
sarpele71: calls $1.60
*** TURN *** [Jc 3s 2s] [7c]
sarpele71: checks 
zizizib: bets $9.85
sarpele71: folds 
Uncalled bet ($9.85) returned to zizizib
zizizib collected $7.88 from pot
zizizib: doesn't show hand 
*** SUMMARY ***
Total pot $8.30 | Rake $0.42 
Board [Jc 3s 2s 7c]
Seat 3: Burlica2013
Seat 1: Calabazaking (button) folded before Flop (didn't bet)
Seat 2: Pon4uk.ua (small blind) folded before Flop
Seat 4: sarpele71 (big blind) folded on the Turn
Seat 5: jeffy27dt1 folded before Flop (didn't bet)
Seat 6: zizizib collected ($7.88)



PokerStars Hand #254575871766:  Hold'em No Limit ($0.50/$1.00 USD) - 2025/01/27 6:46:41 WET [2025/01/27 1:46:41 ET]
Table 'Botein IV' 6-max Seat #2 is the button
Seat 3: raiseinthedarkk ($100 in chips) is sitting out
Seat 1: Calabazaking ($151.31 in chips) 
Seat 2: Pon4uk.ua ($100 in chips) 
Seat 4: sarpele71 ($32.89 in chips) 
Seat 5: jeffy27dt1 ($129 in chips) 
Seat 6: zizizib ($143.74 in chips) 
sarpele71: posts small blind $0.50
jeffy27dt1: posts big blind $1
*** HOLE CARDS ***
zizizib: folds 
Calabazaking: raises $1.50 to $2.50
Pon4uk.ua: raises $5 to $7.50
sarpele71: folds 
jeffy27dt1: folds 
Calabazaking: calls $5
*** FLOP *** [5s Ks 6s]
Calabazaking: checks 
Pon4uk.ua: bets $4.17
Calabazaking: folds 
Uncalled bet ($4.17) returned to Pon4uk.ua
Pon4uk.ua collected $15.68 from pot
Pon4uk.ua: doesn't show hand 
*** SUMMARY ***
Total pot $16.50 | Rake $0.82 
Board [5s Ks 6s]
Seat 3: raiseinthedarkk
Seat 1: Calabazaking folded on the Flop
Seat 2: Pon4uk.ua (button) collected ($15.68)
Seat 4: sarpele71 (small blind) folded before Flop
Seat 5: jeffy27dt1 (big blind) folded before Flop
Seat 6: zizizib folded before Flop (didn't bet)



PokerStars Hand #254575874071:  Hold'em No Limit ($0.50/$1.00 USD) - 2025/01/27 6:47:18 WET [2025/01/27 1:47:18 ET]
Table 'Botein IV' 6-max Seat #4 is the button
Seat 3: raiseinthedarkk ($100 in chips) is sitting out
Seat 1: Calabazaking ($143.81 in chips) 
Seat 2: Pon4uk.ua ($108.18 in chips) 
Seat 4: sarpele71 ($32.39 in chips) 
Seat 5: jeffy27dt1 ($128 in chips) 
Seat 6: zizizib ($143.74 in chips) 
jeffy27dt1: posts small blind $0.50
zizizib: posts big blind $1
raiseinthedarkk: sits out 
*** HOLE CARDS ***
Calabazaking: raises $1.50 to $2.50
Pon4uk.ua: folds 
sarpele71: calls $2.50
jeffy27dt1: folds 
zizizib: folds 
*** FLOP *** [Js 5s 9s]
Calabazaking: bets $2.04
sarpele71: calls $2.04
*** TURN *** [Js 5s 9s] [3s]
Calabazaking: checks 
sarpele71: bets $5.03
Calabazaking: calls $5.03
*** RIVER *** [Js 5s 9s 3s] [As]
Calabazaking: checks 
sarpele71: checks 
*** SHOW DOWN ***
Calabazaking: shows [Qh Qs] (a flush, Ace high)
sarpele71: mucks hand 
Calabazaking collected $19.61 from pot
*** SUMMARY ***
Total pot $20.64 | Rake $1.03 
Board [Js 5s 9s 3s As]
Seat 3: raiseinthedarkk
Seat 1: Calabazaking showed [Qh Qs] and won ($19.61) with a flush, Ace high
Seat 2: Pon4uk.ua folded before Flop (didn't bet)
Seat 4: sarpele71 (button) mucked
Seat 5: jeffy27dt1 (small blind) folded before Flop
Seat 6: zizizib (big blind) folded before Flop



PokerStars Hand #254575876375:  Hold'em No Limit ($0.50/$1.00 USD) - 2025/01/27 6:47:54 WET [2025/01/27 1:47:54 ET]
Table 'Botein IV' 6-max Seat #5 is the button
Seat 3: raiseinthedarkk ($100 in chips) is sitting out
Seat 1: Calabazaking ($153.85 in chips) 
Seat 2: Pon4uk.ua ($108.18 in chips) 
Seat 4: sarpele71 ($22.82 in chips) 
Seat 5: jeffy27dt1 ($127.50 in chips) 
Seat 6: zizizib ($142.74 in chips) 
zizizib: posts small blind $0.50
Calabazaking: posts big blind $1
raiseinthedarkk: sits out 
*** HOLE CARDS ***
Pon4uk.ua: folds 
sarpele71: raises $1 to $2
jeffy27dt1: calls $2
zizizib: folds 
Calabazaking: folds 
*** FLOP *** [2s 9d 9c]
sarpele71: bets $2.61
jeffy27dt1: calls $2.61
*** TURN *** [2s 9d 9c] [2d]
sarpele71: checks 
jeffy27dt1: checks 
*** RIVER *** [2s 9d 9c 2d] [As]
sarpele71: checks 
jeffy27dt1: bets $51
sarpele71: folds 
Uncalled bet ($51) returned to jeffy27dt1
jeffy27dt1 collected $10.18 from pot
jeffy27dt1: doesn't show hand 
*** SUMMARY ***
Total pot $10.72 | Rake $0.54 
Board [2s 9d 9c 2d As]
Seat 3: raiseinthedarkk
Seat 1: Calabazaking (big blind) folded before Flop
Seat 2: Pon4uk.ua folded before Flop (didn't bet)
Seat 4: sarpele71 folded on the River
Seat 5: jeffy27dt1 (button) collected ($10.18)
Seat 6: zizizib (small blind) folded before Flop



PokerStars Hand #254575880222:  Hold'em No Limit ($0.50/$1.00 USD) - 2025/01/27 6:48:56 WET [2025/01/27 1:48:56 ET]
Table 'Botein IV' 6-max Seat #6 is the button
Seat 3: raiseinthedarkk ($100 in chips) is sitting out
Seat 1: Calabazaking ($152.85 in chips) 
Seat 2: Pon4uk.ua ($108.18 in chips) 
Seat 4: sarpele71 ($18.21 in chips) 
Seat 5: jeffy27dt1 ($133.07 in chips) 
Seat 6: zizizib ($142.24 in chips) 
Calabazaking: posts small blind $0.50
Pon4uk.ua: posts big blind $1
raiseinthedarkk: sits out 
*** HOLE CARDS ***
sarpele71: folds 
jeffy27dt1: folds 
zizizib: raises $1.50 to $2.50
Calabazaking: folds 
Pon4uk.ua: folds 
Uncalled bet ($1.50) returned to zizizib
zizizib collected $2.50 from pot
zizizib: doesn't show hand 
*** SUMMARY ***
Total pot $2.50 | Rake $0 
Seat 3: raiseinthedarkk
Seat 1: Calabazaking (small blind) folded before Flop
Seat 2: Pon4uk.ua (big blind) folded before Flop
Seat 4: sarpele71 folded before Flop (didn't bet)
Seat 5: jeffy27dt1 folded before Flop (didn't bet)
Seat 6: zizizib (button) collected ($2.50)



PokerStars Hand #254575881258:  Hold'em No Limit ($0.50/$1.00 USD) - 2025/01/27 6:49:13 WET [2025/01/27 1:49:13 ET]
Table 'Botein IV' 6-max Seat #1 is the button
Seat 1: Calabazaking ($152.35 in chips) 
Seat 2: Pon4uk.ua ($107.18 in chips) 
Seat 3: raiseinthedarkk ($100 in chips) 
Seat 4: sarpele71 ($18.21 in chips) 
Seat 5: jeffy27dt1 ($133.07 in chips) 
Seat 6: zizizib ($143.74 in chips) 
Pon4uk.ua: posts small blind $0.50
raiseinthedarkk: posts big blind $1
*** HOLE CARDS ***
sarpele71: folds 
jeffy27dt1: raises $1.50 to $2.50
zizizib: folds 
Calabazaking: raises $4 to $6.50
Pon4uk.ua: folds 
raiseinthedarkk: folds 
jeffy27dt1: raises $16.50 to $23
Calabazaking: calls $16.50
*** FLOP *** [3c Td Jh]
jeffy27dt1: bets $22.55
Calabazaking: calls $22.55
*** TURN *** [3c Td Jh] [7c]
jeffy27dt1: bets $87.52 and is all-in
Calabazaking: folds 
Uncalled bet ($87.52) returned to jeffy27dt1
jeffy27dt1 collected $90.10 from pot
jeffy27dt1: doesn't show hand 
*** SUMMARY ***
Total pot $92.60 | Rake $2.50 
Board [3c Td Jh 7c]
Seat 1: Calabazaking (button) folded on the Turn
Seat 2: Pon4uk.ua (small blind) folded before Flop
Seat 3: raiseinthedarkk (big blind) folded before Flop
Seat 4: sarpele71 folded before Flop (didn't bet)
Seat 5: jeffy27dt1 collected ($90.10)
Seat 6: zizizib folded before Flop (didn't bet)



PokerStars Hand #254575887213:  Hold'em No Limit ($0.50/$1.00 USD) - 2025/01/27 6:50:48 WET [2025/01/27 1:50:48 ET]
Table 'Botein IV' 6-max Seat #2 is the button
Seat 1: Calabazaking ($106.80 in chips) 
Seat 2: Pon4uk.ua ($106.68 in chips) 
Seat 3: raiseinthedarkk ($100 in chips) 
Seat 4: sarpele71 ($18.21 in chips) 
Seat 5: jeffy27dt1 ($177.62 in chips) 
Seat 6: zizizib ($143.74 in chips) 
raiseinthedarkk: posts small blind $0.50
sarpele71: posts big blind $1
*** HOLE CARDS ***
jeffy27dt1: folds 
zizizib: folds 
Calabazaking: folds 
Pon4uk.ua: folds 
raiseinthedarkk: folds 
Uncalled bet ($0.50) returned to sarpele71
sarpele71 collected $1 from pot
*** SUMMARY ***
Total pot $1 | Rake $0 
Seat 1: Calabazaking folded before Flop (didn't bet)
Seat 2: Pon4uk.ua (button) folded before Flop (didn't bet)
Seat 3: raiseinthedarkk (small blind) folded before Flop
Seat 4: sarpele71 (big blind) collected ($1)
Seat 5: jeffy27dt1 folded before Flop (didn't bet)
Seat 6: zizizib folded before Flop (didn't bet)



PokerStars Hand #254575888142:  Hold'em No Limit ($0.50/$1.00 USD) - 2025/01/27 6:51:02 WET [2025/01/27 1:51:02 ET]
Table 'Botein IV' 6-max Seat #3 is the button
Seat 2: Pon4uk.ua ($106.68 in chips) is sitting out
Seat 5: jeffy27dt1 ($177.62 in chips) is sitting out
Seat 6: zizizib ($143.74 in chips) is sitting out
Seat 1: Calabazaking ($106.80 in chips) 
Seat 3: raiseinthedarkk ($100 in chips) 
Seat 4: sarpele71 ($18.71 in chips) 
sarpele71: posts small blind $0.50
jeffy27dt1: is sitting out 
zizizib: is sitting out 
Calabazaking: posts big blind $1
*** HOLE CARDS ***
Pon4uk.ua leaves the table
zizizib leaves the table
raiseinthedarkk: raises $1.50 to $2.50
sarpele71: raises $16.21 to $18.71 and is all-in
Calabazaking: folds 
raiseinthedarkk: folds 
Uncalled bet ($16.21) returned to sarpele71
sarpele71 collected $6 from pot
*** SUMMARY ***
Total pot $6 | Rake $0 
Seat 2: Pon4uk.ua
Seat 5: jeffy27dt1
Seat 6: zizizib
Seat 1: Calabazaking (big blind) folded before Flop
Seat 3: raiseinthedarkk (button) folded before Flop
Seat 4: sarpele71 (small blind) collected ($6)



PokerStars Hand #254575889141:  Hold'em No Limit ($0.50/$1.00 USD) - 2025/01/27 6:51:18 WET [2025/01/27 1:51:18 ET]
Table 'Botein IV' 6-max Seat #4 is the button
Seat 5: jeffy27dt1 ($177.62 in chips) is sitting out
Seat 1: Calabazaking ($105.80 in chips) 
Seat 3: raiseinthedarkk ($100 in chips) 
Seat 4: sarpele71 ($22.21 in chips) 
Calabazaking: posts small blind $0.50
raiseinthedarkk: posts big blind $1
*** HOLE CARDS ***
sarpele71: folds 
Calabazaking: folds 
Uncalled bet ($0.50) returned to raiseinthedarkk
raiseinthedarkk collected $1 from pot
raiseinthedarkk: doesn't show hand 
*** SUMMARY ***
Total pot $1 | Rake $0 
Seat 5: jeffy27dt1
Seat 1: Calabazaking (small blind) folded before Flop
Seat 3: raiseinthedarkk (big blind) collected ($1)
Seat 4: sarpele71 (button) folded before Flop (didn't bet)



PokerStars Hand #254575889854:  Hold'em No Limit ($0.50/$1.00 USD) - 2025/01/27 6:51:29 WET [2025/01/27 1:51:29 ET]
Table 'Botein IV' 6-max Seat #1 is the button
Seat 5: jeffy27dt1 ($177.62 in chips) is sitting out
Seat 1: Calabazaking ($105.30 in chips) 
Seat 3: raiseinthedarkk ($100.50 in chips) 
Seat 4: sarpele71 ($22.21 in chips) 
raiseinthedarkk: posts small blind $0.50
sarpele71: posts big blind $1
*** HOLE CARDS ***
Calabazaking: folds 
raiseinthedarkk: raises $1.50 to $2.50
sarpele71: raises $19.71 to $22.21 and is all-in
raiseinthedarkk: folds 
Uncalled bet ($19.71) returned to sarpele71
sarpele71 collected $5 from pot
*** SUMMARY ***
Total pot $5 | Rake $0 
Seat 5: jeffy27dt1
Seat 1: Calabazaking (button) folded before Flop (didn't bet)
Seat 3: raiseinthedarkk (small blind) folded before Flop
Seat 4: sarpele71 (big blind) collected ($5)



PokerStars Hand #254575890861:  Hold'em No Limit ($0.50/$1.00 USD) - 2025/01/27 6:51:46 WET [2025/01/27 1:51:46 ET]
Table 'Botein IV' 6-max Seat #3 is the button
Seat 5: jeffy27dt1 ($177.62 in chips) is sitting out
Seat 1: Calabazaking ($105.30 in chips) 
Seat 3: raiseinthedarkk ($100 in chips) 
Seat 4: sarpele71 ($24.71 in chips) 
sarpele71: posts small blind $0.50
Calabazaking: posts big blind $1
*** HOLE CARDS ***
raiseinthedarkk: folds 
AlexEliseev7 joins the table at seat #6 
sarpele71: calls $0.50
Calabazaking: checks 
*** FLOP *** [7s 3c Td]
sarpele71: checks 
Calabazaking: checks 
*** TURN *** [7s 3c Td] [6c]
sarpele71: bets $1
Pon4uk.ua joins the table at seat #2 
Calabazaking: folds 
Uncalled bet ($1) returned to sarpele71
sarpele71 collected $1.90 from pot
*** SUMMARY ***
Total pot $2 | Rake $0.10 
Board [7s 3c Td 6c]
Seat 5: jeffy27dt1
Seat 1: Calabazaking (big blind) folded on the Turn
Seat 3: raiseinthedarkk (button) folded before Flop (didn't bet)
Seat 4: sarpele71 (small blind) collected ($1.90)



PokerStars Hand #254575893710:  Hold'em No Limit ($0.50/$1.00 USD) - 2025/01/27 6:52:31 WET [2025/01/27 1:52:31 ET]
Table 'Botein IV' 6-max Seat #4 is the button
Seat 5: jeffy27dt1 ($177.62 in chips) is sitting out
Seat 6: AlexEliseev7 ($100 in chips) is sitting out
Seat 1: Calabazaking ($104.30 in chips) 
Seat 2: Pon4uk.ua ($106.68 in chips) 
Seat 3: raiseinthedarkk ($100 in chips) 
Seat 4: sarpele71 ($25.61 in chips) 
Calabazaking: posts small blind $0.50
Pon4uk.ua: posts big blind $1
*** HOLE CARDS ***
raiseinthedarkk: raises $1.20 to $2.20
sarpele71: raises $23.41 to $25.61 and is all-in
Calabazaking: folds 
Pon4uk.ua: folds 
raiseinthedarkk: folds 
Uncalled bet ($23.41) returned to sarpele71
sarpele71 collected $5.90 from pot
*** SUMMARY ***
Total pot $5.90 | Rake $0 
Seat 5: jeffy27dt1
Seat 6: AlexEliseev7
Seat 1: Calabazaking (small blind) folded before Flop
Seat 2: Pon4uk.ua (big blind) folded before Flop
Seat 3: raiseinthedarkk folded before Flop
Seat 4: sarpele71 (button) collected ($5.90)



PokerStars Hand #254575895070:  Hold'em No Limit ($0.50/$1.00 USD) - 2025/01/27 6:52:52 WET [2025/01/27 1:52:52 ET]
Table 'Botein IV' 6-max Seat #1 is the button
Seat 5: jeffy27dt1 ($177.62 in chips) is sitting out
Seat 6: AlexEliseev7 ($100 in chips) is sitting out
Seat 1: Calabazaking ($103.80 in chips) 
Seat 2: Pon4uk.ua ($105.68 in chips) 
Seat 3: raiseinthedarkk ($100 in chips) 
Seat 4: sarpele71 ($29.31 in chips) 
Pon4uk.ua: posts small blind $0.50
raiseinthedarkk: posts big blind $1
AlexEliseev7: sits out 
*** HOLE CARDS ***
sarpele71: folds 
Calabazaking: raises $1.50 to $2.50
Pon4uk.ua: folds 
raiseinthedarkk: folds 
Uncalled bet ($1.50) returned to Calabazaking
Calabazaking collected $2.50 from pot
*** SUMMARY ***
Total pot $2.50 | Rake $0 
Seat 5: jeffy27dt1
Seat 6: AlexEliseev7
Seat 1: Calabazaking (button) collected ($2.50)
Seat 2: Pon4uk.ua (small blind) folded before Flop
Seat 3: raiseinthedarkk (big blind) folded before Flop
Seat 4: sarpele71 folded before Flop (didn't bet)



PokerStars Hand #254575895903:  Hold'em No Limit ($0.50/$1.00 USD) - 2025/01/27 6:53:05 WET [2025/01/27 1:53:05 ET]
Table 'Botein IV' 6-max Seat #2 is the button
Seat 5: jeffy27dt1 ($177.62 in chips) is sitting out
Seat 6: AlexEliseev7 ($100 in chips) is sitting out
Seat 1: Calabazaking ($105.30 in chips) 
Seat 2: Pon4uk.ua ($105.18 in chips) 
Seat 3: raiseinthedarkk ($100 in chips) 
Seat 4: sarpele71 ($29.31 in chips) 
raiseinthedarkk: posts small blind $0.50
sarpele71: posts big blind $1
AlexEliseev7: sits out 
*** HOLE CARDS ***
Calabazaking: folds 
Pon4uk.ua: folds 
raiseinthedarkk: folds 
Uncalled bet ($0.50) returned to sarpele71
sarpele71 collected $1 from pot
*** SUMMARY ***
Total pot $1 | Rake $0 
Seat 5: jeffy27dt1
Seat 6: AlexEliseev7
Seat 1: Calabazaking folded before Flop (didn't bet)
Seat 2: Pon4uk.ua (button) folded before Flop (didn't bet)
Seat 3: raiseinthedarkk (small blind) folded before Flop
Seat 4: sarpele71 (big blind) collected ($1)



PokerStars Hand #254575896639:  Hold'em No Limit ($0.50/$1.00 USD) - 2025/01/27 6:53:17 WET [2025/01/27 1:53:17 ET]
Table 'Botein IV' 6-max Seat #3 is the button
Seat 5: jeffy27dt1 ($177.62 in chips) is sitting out
Seat 1: Calabazaking ($105.30 in chips) 
Seat 2: Pon4uk.ua ($105.18 in chips) 
Seat 3: raiseinthedarkk ($100 in chips) 
Seat 4: sarpele71 ($29.81 in chips) 
Seat 6: AlexEliseev7 ($100 in chips) 
sarpele71: posts small blind $0.50
AlexEliseev7: posts big blind $1
*** HOLE CARDS ***
Calabazaking: folds 
Pon4uk.ua: folds 
raiseinthedarkk: raises $1.50 to $2.50
sarpele71: folds 
AlexEliseev7: folds 
Uncalled bet ($1.50) returned to raiseinthedarkk
raiseinthedarkk collected $2.50 from pot
raiseinthedarkk: doesn't show hand 
*** SUMMARY ***
Total pot $2.50 | Rake $0 
Seat 5: jeffy27dt1
Seat 1: Calabazaking folded before Flop (didn't bet)
Seat 2: Pon4uk.ua folded before Flop (didn't bet)
Seat 3: raiseinthedarkk (button) collected ($2.50)
Seat 4: sarpele71 (small blind) folded before Flop
Seat 6: AlexEliseev7 (big blind) folded before Flop



PokerStars Hand #254575897580:  Hold'em No Limit ($0.50/$1.00 USD) - 2025/01/27 6:53:32 WET [2025/01/27 1:53:32 ET]
Table 'Botein IV' 6-max Seat #4 is the button
Seat 5: jeffy27dt1 ($177.62 in chips) is sitting out
Seat 1: Calabazaking ($105.30 in chips) 
Seat 2: Pon4uk.ua ($105.18 in chips) 
Seat 3: raiseinthedarkk ($101.50 in chips) 
Seat 4: sarpele71 ($29.31 in chips) 
Seat 6: AlexEliseev7 ($100 in chips) 
AlexEliseev7: posts small blind $0.50
Calabazaking: posts big blind $1
*** HOLE CARDS ***
Pon4uk.ua: folds 
raiseinthedarkk: folds 
sarpele71: folds 
AlexEliseev7: folds 
Uncalled bet ($0.50) returned to Calabazaking
Calabazaking collected $1 from pot
*** SUMMARY ***
Total pot $1 | Rake $0 
Seat 5: jeffy27dt1
Seat 1: Calabazaking (big blind) collected ($1)
Seat 2: Pon4uk.ua folded before Flop (didn't bet)
Seat 3: raiseinthedarkk folded before Flop (didn't bet)
Seat 4: sarpele71 (button) folded before Flop (didn't bet)
Seat 6: AlexEliseev7 (small blind) folded before Flop



PokerStars Hand #254575898309:  Hold'em No Limit ($0.50/$1.00 USD) - 2025/01/27 6:53:44 WET [2025/01/27 1:53:44 ET]
Table 'Botein IV' 6-max Seat #6 is the button
Seat 5: jeffy27dt1 ($177.62 in chips) is sitting out
Seat 1: Calabazaking ($105.80 in chips) 
Seat 2: Pon4uk.ua ($105.18 in chips) 
Seat 3: raiseinthedarkk ($101.50 in chips) 
Seat 4: sarpele71 ($29.31 in chips) 
Seat 6: AlexEliseev7 ($100 in chips) 
Calabazaking: posts small blind $0.50
Pon4uk.ua: posts big blind $1
*** HOLE CARDS ***
raiseinthedarkk: raises $1.20 to $2.20
sarpele71: folds 
AlexEliseev7: folds 
Calabazaking: folds 
Pon4uk.ua: folds 
Uncalled bet ($1.20) returned to raiseinthedarkk
raiseinthedarkk collected $2.50 from pot
raiseinthedarkk: doesn't show hand 
*** SUMMARY ***
Total pot $2.50 | Rake $0 
Seat 5: jeffy27dt1
Seat 1: Calabazaking (small blind) folded before Flop
Seat 2: Pon4uk.ua (big blind) folded before Flop
Seat 3: raiseinthedarkk collected ($2.50)
Seat 4: sarpele71 folded before Flop (didn't bet)
Seat 6: AlexEliseev7 (button) folded before Flop (didn't bet)



PokerStars Hand #254575900635:  Hold'em No Limit ($0.50/$1.00 USD) - 2025/01/27 6:54:20 WET [2025/01/27 1:54:20 ET]
Table 'Botein IV' 6-max Seat #1 is the button
Seat 5: jeffy27dt1 ($177.62 in chips) is sitting out
Seat 1: Calabazaking ($105.30 in chips) 
Seat 2: Pon4uk.ua ($104.18 in chips) 
Seat 3: raiseinthedarkk ($103 in chips) 
Seat 4: sarpele71 ($29.31 in chips) 
Seat 6: AlexEliseev7 ($100 in chips) 
Pon4uk.ua: posts small blind $0.50
raiseinthedarkk: posts big blind $1
*** HOLE CARDS ***
sarpele71: folds 
AlexEliseev7: folds 
Calabazaking: folds 
Pon4uk.ua: raises $1.75 to $2.75
raiseinthedarkk: folds 
Uncalled bet ($1.75) returned to Pon4uk.ua
Pon4uk.ua collected $2 from pot
Pon4uk.ua: doesn't show hand 
*** SUMMARY ***
Total pot $2 | Rake $0 
Seat 5: jeffy27dt1
Seat 1: Calabazaking (button) folded before Flop (didn't bet)
Seat 2: Pon4uk.ua (small blind) collected ($2)
Seat 3: raiseinthedarkk (big blind) folded before Flop
Seat 4: sarpele71 folded before Flop (didn't bet)
Seat 6: AlexEliseev7 folded before Flop (didn't bet)



PokerStars Hand #254575902645:  Hold'em No Limit ($0.50/$1.00 USD) - 2025/01/27 6:54:53 WET [2025/01/27 1:54:53 ET]
Table 'Botein IV' 6-max Seat #2 is the button
Seat 5: jeffy27dt1 ($177.62 in chips) is sitting out
Seat 1: Calabazaking ($105.30 in chips) 
Seat 2: Pon4uk.ua ($105.18 in chips) 
Seat 3: raiseinthedarkk ($102 in chips) 
Seat 4: sarpele71 ($29.31 in chips) 
Seat 6: AlexEliseev7 ($100 in chips) 
raiseinthedarkk: posts small blind $0.50
sarpele71: posts big blind $1
*** HOLE CARDS ***
AlexEliseev7: raises $1.50 to $2.50
Calabazaking: calls $2.50
Pon4uk.ua: raises $7 to $9.50
raiseinthedarkk: folds 
sarpele71: folds 
AlexEliseev7: calls $7
Calabazaking: raises $95.80 to $105.30 and is all-in
Pon4uk.ua: calls $95.68 and is all-in
AlexEliseev7: folds 
Uncalled bet ($0.12) returned to Calabazaking
*** FLOP *** [Ah 7s Qc]
*** TURN *** [Ah 7s Qc] [Kc]
*** RIVER *** [Ah 7s Qc Kc] [Ks]
*** SHOW DOWN ***
Calabazaking: shows [Td Tc] (two pair, Kings and Tens)
Pon4uk.ua: shows [Js Jh] (two pair, Kings and Jacks)
Pon4uk.ua collected $218.86 from pot
*** SUMMARY ***
Total pot $221.36 | Rake $2.50 
Board [Ah 7s Qc Kc Ks]
Seat 5: jeffy27dt1
Seat 1: Calabazaking showed [Td Tc] and lost with two pair, Kings and Tens
Seat 2: Pon4uk.ua (button) showed [Js Jh] and won ($218.86) with two pair, Kings and Jacks
Seat 3: raiseinthedarkk (small blind) folded before Flop
Seat 4: sarpele71 (big blind) folded before Flop
Seat 6: AlexEliseev7 folded before Flop



PokerStars Hand #254575905578:  Hold'em No Limit ($0.50/$1.00 USD) - 2025/01/27 6:55:46 WET [2025/01/27 1:55:46 ET]
Table 'Botein IV' 6-max Seat #3 is the button
Seat 5: jeffy27dt1 ($177.62 in chips) is sitting out
Seat 1: Calabazaking ($100 in chips) 
Seat 2: Pon4uk.ua ($218.86 in chips) 
Seat 3: raiseinthedarkk ($101.50 in chips) 
Seat 4: sarpele71 ($28.31 in chips) 
Seat 6: AlexEliseev7 ($100 in chips) 
sarpele71: posts small blind $0.50
AlexEliseev7: posts big blind $1
*** HOLE CARDS ***
Calabazaking: folds 
Pon4uk.ua: folds 
raiseinthedarkk: folds 
sarpele71: calls $0.50
AlexEliseev7: checks 
*** FLOP *** [Ad 2c 5h]
Calabazaking leaves the table
sarpele71: bets $1.90
AlexEliseev7: calls $1.90
*** TURN *** [Ad 2c 5h] [Qd]
sarpele71: bets $2.76
MoRsCeReBruM joins the table at seat #1 
AlexEliseev7: calls $2.76
*** RIVER *** [Ad 2c 5h Qd] [4s]
sarpele71: checks 
MoRsCeReBruM leaves the table
AlexEliseev7: bets $8.39
sarpele71: calls $8.39
*** SHOW DOWN ***
AlexEliseev7: shows [9d 3d] (a straight, Ace to Five)
sarpele71: mucks hand 
AlexEliseev7 collected $26.70 from pot
*** SUMMARY ***
Total pot $28.10 | Rake $1.40 
Board [Ad 2c 5h Qd 4s]
Seat 5: jeffy27dt1
Seat 1: Calabazaking folded before Flop (didn't bet)
Seat 2: Pon4uk.ua folded before Flop (didn't bet)
Seat 3: raiseinthedarkk (button) folded before Flop (didn't bet)
Seat 4: sarpele71 (small blind) mucked
Seat 6: AlexEliseev7 (big blind) showed [9d 3d] and won ($26.70) with a straight, Ace to Five



PokerStars Hand #254575909995:  Hold'em No Limit ($0.50/$1.00 USD) - 2025/01/27 6:57:07 WET [2025/01/27 1:57:07 ET]
Table 'Botein IV' 6-max Seat #4 is the button
Seat 5: jeffy27dt1 ($177.62 in chips) is sitting out
Seat 2: Pon4uk.ua ($218.86 in chips) 
Seat 3: raiseinthedarkk ($101.50 in chips) 
Seat 4: sarpele71 ($14.26 in chips) 
Seat 6: AlexEliseev7 ($112.65 in chips) 
AlexEliseev7: posts small blind $0.50
Pon4uk.ua: posts big blind $1
*** HOLE CARDS ***
raiseinthedarkk: folds 
sarpele71: raises $13.26 to $14.26 and is all-in
sutata joins the table at seat #1 
AlexEliseev7: calls $13.76
Pon4uk.ua: folds 
AlexEliseev7 has timed out
*** FLOP *** [2s 5h Qh]
*** TURN *** [2s 5h Qh] [Jc]
*** RIVER *** [2s 5h Qh Jc] [Ac]
*** SHOW DOWN ***
AlexEliseev7: shows [Th Ah] (a pair of Aces)
sarpele71: shows [9s 5d] (a pair of Fives)
AlexEliseev7 collected $28.52 from pot
*** SUMMARY ***
Total pot $29.52 | Rake $1 
Board [2s 5h Qh Jc Ac]
Seat 5: jeffy27dt1
Seat 2: Pon4uk.ua (big blind) folded before Flop
Seat 3: raiseinthedarkk folded before Flop (didn't bet)
Seat 4: sarpele71 (button) showed [9s 5d] and lost with a pair of Fives
Seat 6: AlexEliseev7 (small blind) showed [Th Ah] and won ($28.52) with a pair of Aces



PokerStars Hand #254575912264:  Hold'em No Limit ($0.50/$1.00 USD) - 2025/01/27 6:57:50 WET [2025/01/27 1:57:50 ET]
Table 'Botein IV' 6-max Seat #6 is the button
Seat 1: sutata ($100 in chips) is sitting out
Seat 4: sarpele71 ($0 in chips) is sitting out
Seat 5: jeffy27dt1 ($177.62 in chips) is sitting out
Seat 2: Pon4uk.ua ($217.86 in chips) 
Seat 3: raiseinthedarkk ($101.50 in chips) 
Seat 6: AlexEliseev7 ($126.91 in chips) 
Pon4uk.ua: posts small blind $0.50
raiseinthedarkk: posts big blind $1
jeffy27dt1: sits out 
*** HOLE CARDS ***
AlexEliseev7: folds 
Pon4uk.ua: folds 
Uncalled bet ($0.50) returned to raiseinthedarkk
raiseinthedarkk collected $1 from pot
raiseinthedarkk: doesn't show hand 
*** SUMMARY ***
Total pot $1 | Rake $0 
Seat 1: sutata
Seat 4: sarpele71
Seat 5: jeffy27dt1
Seat 2: Pon4uk.ua (small blind) folded before Flop
Seat 3: raiseinthedarkk (big blind) collected ($1)
Seat 6: AlexEliseev7 (button) folded before Flop (didn't bet)



PokerStars Hand #254575912794:  Hold'em No Limit ($0.50/$1.00 USD) - 2025/01/27 6:57:59 WET [2025/01/27 1:57:59 ET]
Table 'Botein IV' 6-max Seat #2 is the button
Seat 1: sutata ($100 in chips) is sitting out
Seat 4: sarpele71 ($0 in chips) is sitting out
Seat 2: Pon4uk.ua ($217.36 in chips) 
Seat 3: raiseinthedarkk ($102 in chips) 
Seat 5: jeffy27dt1 ($177.62 in chips) 
Seat 6: AlexEliseev7 ($126.91 in chips) 
raiseinthedarkk: posts small blind $0.50
jeffy27dt1: posts big blind $1
*** HOLE CARDS ***
AlexEliseev7: folds 
Pon4uk.ua: folds 
raiseinthedarkk: raises $2 to $3
jeffy27dt1: folds 
Uncalled bet ($2) returned to raiseinthedarkk
sarpele71 is disconnected 
raiseinthedarkk collected $2 from pot
raiseinthedarkk: doesn't show hand 
*** SUMMARY ***
Total pot $2 | Rake $0 
Seat 1: sutata
Seat 4: sarpele71
Seat 2: Pon4uk.ua (button) folded before Flop (didn't bet)
Seat 3: raiseinthedarkk (small blind) collected ($2)
Seat 5: jeffy27dt1 (big blind) folded before Flop
Seat 6: AlexEliseev7 folded before Flop (didn't bet)



PokerStars Hand #254575913869:  Hold'em No Limit ($0.50/$1.00 USD) - 2025/01/27 6:58:19 WET [2025/01/27 1:58:19 ET]
Table 'Botein IV' 6-max Seat #3 is the button
Seat 1: sutata ($100 in chips) is sitting out
Seat 4: sarpele71 ($0 in chips) is sitting out
Seat 2: Pon4uk.ua ($217.36 in chips) 
Seat 3: raiseinthedarkk ($103 in chips) 
Seat 5: jeffy27dt1 ($176.62 in chips) 
Seat 6: AlexEliseev7 ($126.91 in chips) 
jeffy27dt1: posts small blind $0.50
AlexEliseev7: posts big blind $1
*** HOLE CARDS ***
Pon4uk.ua: folds 
raiseinthedarkk: folds 
jeffy27dt1: raises $2 to $3
AlexEliseev7: raises $7 to $10
jeffy27dt1: raises $12 to $22
AlexEliseev7: raises $104.91 to $126.91 and is all-in
jeffy27dt1: folds 
Uncalled bet ($104.91) returned to AlexEliseev7
AlexEliseev7 collected $44 from pot
AlexEliseev7: doesn't show hand 
*** SUMMARY ***
Total pot $44 | Rake $0 
Seat 1: sutata
Seat 4: sarpele71
Seat 2: Pon4uk.ua folded before Flop (didn't bet)
Seat 3: raiseinthedarkk (button) folded before Flop (didn't bet)
Seat 5: jeffy27dt1 (small blind) folded before Flop
Seat 6: AlexEliseev7 (big blind) collected ($44)



PokerStars Hand #254575918147:  Hold'em No Limit ($0.50/$1.00 USD) - 2025/01/27 6:59:40 WET [2025/01/27 1:59:40 ET]
Table 'Botein IV' 6-max Seat #5 is the button
Seat 2: Pon4uk.ua ($217.36 in chips) is sitting out
Seat 4: sarpele71 ($0 in chips) is sitting out
Seat 1: sutata ($100 in chips) 
Seat 3: raiseinthedarkk ($103 in chips) 
Seat 5: jeffy27dt1 ($154.62 in chips) 
Seat 6: AlexEliseev7 ($148.91 in chips) 
AlexEliseev7: posts small blind $0.50
sutata: posts big blind $1
*** HOLE CARDS ***
raiseinthedarkk: folds 
jeffy27dt1: folds 
AlexEliseev7: folds 
Uncalled bet ($0.50) returned to sutata
sutata collected $1 from pot
sutata: doesn't show hand 
*** SUMMARY ***
Total pot $1 | Rake $0 
Seat 2: Pon4uk.ua
Seat 4: sarpele71
Seat 1: sutata (big blind) collected ($1)
Seat 3: raiseinthedarkk folded before Flop (didn't bet)
Seat 5: jeffy27dt1 (button) folded before Flop (didn't bet)
Seat 6: AlexEliseev7 (small blind) folded before Flop



PokerStars Hand #254575918946:  Hold'em No Limit ($0.50/$1.00 USD) - 2025/01/27 6:59:54 WET [2025/01/27 1:59:54 ET]
Table 'Botein IV' 6-max Seat #6 is the button
Seat 2: Pon4uk.ua ($217.36 in chips) is sitting out
Seat 4: sarpele71 ($0 in chips) is sitting out
Seat 1: sutata ($100.50 in chips) 
Seat 3: raiseinthedarkk ($103 in chips) 
Seat 5: jeffy27dt1 ($154.62 in chips) 
Seat 6: AlexEliseev7 ($148.41 in chips) 
sutata: posts small blind $0.50
raiseinthedarkk: posts big blind $1
*** HOLE CARDS ***
jeffy27dt1: folds 
AlexEliseev7: folds 
sutata: folds 
Uncalled bet ($0.50) returned to raiseinthedarkk
raiseinthedarkk collected $1 from pot
raiseinthedarkk: doesn't show hand 
*** SUMMARY ***
Total pot $1 | Rake $0 
Seat 2: Pon4uk.ua
Seat 4: sarpele71
Seat 1: sutata (small blind) folded before Flop
Seat 3: raiseinthedarkk (big blind) collected ($1)
Seat 5: jeffy27dt1 folded before Flop (didn't bet)
Seat 6: AlexEliseev7 (button) folded before Flop (didn't bet)



PokerStars Hand #254575919623:  Hold'em No Limit ($0.50/$1.00 USD) - 2025/01/27 7:00:07 WET [2025/01/27 2:00:07 ET]
Table 'Botein IV' 6-max Seat #1 is the button
Seat 2: Pon4uk.ua ($217.36 in chips) is sitting out
Seat 4: sarpele71 ($0 in chips) is sitting out
Seat 1: sutata ($100 in chips) 
Seat 3: raiseinthedarkk ($103.50 in chips) 
Seat 5: jeffy27dt1 ($154.62 in chips) 
Seat 6: AlexEliseev7 ($148.41 in chips) 
raiseinthedarkk: posts small blind $0.50
jeffy27dt1: posts big blind $1
*** HOLE CARDS ***
AlexEliseev7: folds 
sutata: folds 
raiseinthedarkk: folds 
Uncalled bet ($0.50) returned to jeffy27dt1
jeffy27dt1 collected $1 from pot
jeffy27dt1: doesn't show hand 
*** SUMMARY ***
Total pot $1 | Rake $0 
Seat 2: Pon4uk.ua
Seat 4: sarpele71
Seat 1: sutata (button) folded before Flop (didn't bet)
Seat 3: raiseinthedarkk (small blind) folded before Flop
Seat 5: jeffy27dt1 (big blind) collected ($1)
Seat 6: AlexEliseev7 folded before Flop (didn't bet)



PokerStars Hand #254575920437:  Hold'em No Limit ($0.50/$1.00 USD) - 2025/01/27 7:00:21 WET [2025/01/27 2:00:21 ET]
Table 'Botein IV' 6-max Seat #3 is the button
Seat 2: Pon4uk.ua ($217.36 in chips) is sitting out
Seat 4: sarpele71 ($0 in chips) is sitting out
Seat 1: sutata ($100 in chips) 
Seat 3: raiseinthedarkk ($103 in chips) 
Seat 5: jeffy27dt1 ($155.12 in chips) 
Seat 6: AlexEliseev7 ($148.41 in chips) 
jeffy27dt1: posts small blind $0.50
AlexEliseev7: posts big blind $1
*** HOLE CARDS ***
sutata has timed out
sutata: folds 
raiseinthedarkk: raises $1.50 to $2.50
jeffy27dt1: folds 
AlexEliseev7: folds 
Uncalled bet ($1.50) returned to raiseinthedarkk
raiseinthedarkk collected $2.50 from pot
raiseinthedarkk: doesn't show hand 
*** SUMMARY ***
Total pot $2.50 | Rake $0 
Seat 2: Pon4uk.ua
Seat 4: sarpele71
Seat 1: sutata folded before Flop (didn't bet)
Seat 3: raiseinthedarkk (button) collected ($2.50)
Seat 5: jeffy27dt1 (small blind) folded before Flop
Seat 6: AlexEliseev7 (big blind) folded before Flop



PokerStars Hand #254575922465:  Hold'em No Limit ($0.50/$1.00 USD) - 2025/01/27 7:00:56 WET [2025/01/27 2:00:56 ET]
Table 'Botein IV' 6-max Seat #5 is the button
Seat 2: Pon4uk.ua ($217.36 in chips) is sitting out
Seat 4: sarpele71 ($0 in chips) is sitting out
Seat 1: sutata ($100 in chips) 
Seat 3: raiseinthedarkk ($104.50 in chips) 
Seat 5: jeffy27dt1 ($154.62 in chips) 
Seat 6: AlexEliseev7 ($147.41 in chips) 
AlexEliseev7: posts small blind $0.50
sutata: posts big blind $1
*** HOLE CARDS ***
raiseinthedarkk: folds 
jeffy27dt1: raises $1.50 to $2.50
AlexEliseev7: folds 
sutata: folds 
Uncalled bet ($1.50) returned to jeffy27dt1
jeffy27dt1 collected $2.50 from pot
jeffy27dt1: doesn't show hand 
*** SUMMARY ***
Total pot $2.50 | Rake $0 
Seat 2: Pon4uk.ua
Seat 4: sarpele71
Seat 1: sutata (big blind) folded before Flop
Seat 3: raiseinthedarkk folded before Flop (didn't bet)
Seat 5: jeffy27dt1 (button) collected ($2.50)
Seat 6: AlexEliseev7 (small blind) folded before Flop



PokerStars Hand #254575924043:  Hold'em No Limit ($0.50/$1.00 USD) - 2025/01/27 7:01:22 WET [2025/01/27 2:01:22 ET]
Table 'Botein IV' 6-max Seat #6 is the button
Seat 2: Pon4uk.ua ($217.36 in chips) is sitting out
Seat 4: sarpele71 ($0 in chips) is sitting out
Seat 1: sutata ($100 in chips) 
Seat 3: raiseinthedarkk ($104.50 in chips) 
Seat 5: jeffy27dt1 ($156.12 in chips) 
Seat 6: AlexEliseev7 ($146.91 in chips) 
sutata: posts small blind $0.50
raiseinthedarkk: posts big blind $1
*** HOLE CARDS ***
jeffy27dt1: raises $1.50 to $2.50
AlexEliseev7: raises $6.50 to $9
sutata: folds 
raiseinthedarkk: folds 
jeffy27dt1: calls $6.50
*** FLOP *** [Ah Kh 8d]
jeffy27dt1: checks 
AlexEliseev7: bets $6.11
jeffy27dt1: calls $6.11
*** TURN *** [Ah Kh 8d] [Kd]
jeffy27dt1: checks 
AlexEliseev7: checks 
*** RIVER *** [Ah Kh 8d Kd] [3h]
jeffy27dt1: checks 
AlexEliseev7: bets $31
jeffy27dt1: folds 
Uncalled bet ($31) returned to AlexEliseev7
AlexEliseev7 collected $30.72 from pot
AlexEliseev7: doesn't show hand 
*** SUMMARY ***
Total pot $31.72 | Rake $1 
Board [Ah Kh 8d Kd 3h]
Seat 2: Pon4uk.ua
Seat 4: sarpele71
Seat 1: sutata (small blind) folded before Flop
Seat 3: raiseinthedarkk (big blind) folded before Flop
Seat 5: jeffy27dt1 folded on the River
Seat 6: AlexEliseev7 (button) collected ($30.72)



PokerStars Hand #254575933495:  Hold'em No Limit ($0.50/$1.00 USD) - 2025/01/27 7:03:58 WET [2025/01/27 2:03:58 ET]
Table 'Botein IV' 6-max Seat #1 is the button
Seat 2: Pon4uk.ua ($217.36 in chips) is sitting out
Seat 4: sarpele71 ($0 in chips) is sitting out
Seat 1: sutata ($100 in chips) 
Seat 3: raiseinthedarkk ($103.50 in chips) 
Seat 5: jeffy27dt1 ($141.01 in chips) 
Seat 6: AlexEliseev7 ($162.52 in chips) 
raiseinthedarkk: posts small blind $0.50
jeffy27dt1: posts big blind $1
*** HOLE CARDS ***
AlexEliseev7: folds 
sutata: folds 
raiseinthedarkk: raises $2 to $3
jeffy27dt1: folds 
Uncalled bet ($2) returned to raiseinthedarkk
raiseinthedarkk collected $2 from pot
raiseinthedarkk: doesn't show hand 
*** SUMMARY ***
Total pot $2 | Rake $0 
Seat 2: Pon4uk.ua
Seat 4: sarpele71
Seat 1: sutata (button) folded before Flop (didn't bet)
Seat 3: raiseinthedarkk (small blind) collected ($2)
Seat 5: jeffy27dt1 (big blind) folded before Flop
Seat 6: AlexEliseev7 folded before Flop (didn't bet)



PokerStars Hand #254575935027:  Hold'em No Limit ($0.50/$1.00 USD) - 2025/01/27 7:04:23 WET [2025/01/27 2:04:23 ET]
Table 'Botein IV' 6-max Seat #3 is the button
Seat 2: Pon4uk.ua ($217.36 in chips) is sitting out
Seat 4: sarpele71 ($0 in chips) is sitting out
Seat 6: AlexEliseev7 ($162.52 in chips) is sitting out
Seat 1: sutata ($100 in chips) 
Seat 3: raiseinthedarkk ($104.50 in chips) 
Seat 5: jeffy27dt1 ($140.01 in chips) 
jeffy27dt1: posts small blind $0.50
AlexEliseev7: is sitting out 
sutata: posts big blind $1
*** HOLE CARDS ***
raiseinthedarkk: raises $1.50 to $2.50
AlexEliseev7 leaves the table
jeffy27dt1: folds 
sutata: folds 
Uncalled bet ($1.50) returned to raiseinthedarkk
raiseinthedarkk collected $2.50 from pot
raiseinthedarkk: doesn't show hand 
*** SUMMARY ***
Total pot $2.50 | Rake $0 
Seat 2: Pon4uk.ua
Seat 4: sarpele71
Seat 6: AlexEliseev7
Seat 1: sutata (big blind) folded before Flop
Seat 3: raiseinthedarkk (button) collected ($2.50)
Seat 5: jeffy27dt1 (small blind) folded before Flop



PokerStars Hand #254575935951:  Hold'em No Limit ($0.50/$1.00 USD) - 2025/01/27 7:04:38 WET [2025/01/27 2:04:38 ET]
Table 'Botein IV' 6-max Seat #5 is the button
Seat 2: Pon4uk.ua ($217.36 in chips) is sitting out
Seat 4: sarpele71 ($0 in chips) is sitting out
Seat 1: sutata ($100 in chips) 
Seat 3: raiseinthedarkk ($106 in chips) 
Seat 5: jeffy27dt1 ($139.51 in chips) 
sutata: posts small blind $0.50
raiseinthedarkk: posts big blind $1
*** HOLE CARDS ***
jeffy27dt1: raises $1.50 to $2.50
sutata: folds 
raiseinthedarkk: folds 
Uncalled bet ($1.50) returned to jeffy27dt1
jeffy27dt1 collected $2.50 from pot
jeffy27dt1: doesn't show hand 
*** SUMMARY ***
Total pot $2.50 | Rake $0 
Seat 2: Pon4uk.ua
Seat 4: sarpele71
Seat 1: sutata (small blind) folded before Flop
Seat 3: raiseinthedarkk (big blind) folded before Flop
Seat 5: jeffy27dt1 (button) collected ($2.50)



PokerStars Hand #254575937007:  Hold'em No Limit ($0.50/$1.00 USD) - 2025/01/27 7:04:55 WET [2025/01/27 2:04:55 ET]
Table 'Botein IV' 6-max Seat #1 is the button
Seat 2: Pon4uk.ua ($217.36 in chips) is sitting out
Seat 4: sarpele71 ($0 in chips) is sitting out
Seat 1: sutata ($100 in chips) 
Seat 3: raiseinthedarkk ($105 in chips) 
Seat 5: jeffy27dt1 ($141.01 in chips) 
raiseinthedarkk: posts small blind $0.50
jeffy27dt1: posts big blind $1
*** HOLE CARDS ***
sutata: raises $2 to $3
raiseinthedarkk: raises $9 to $12
jeffy27dt1: folds 
sutata: folds 
Uncalled bet ($9) returned to raiseinthedarkk
raiseinthedarkk collected $7 from pot
sarpele71 leaves the table
raiseinthedarkk: doesn't show hand 
*** SUMMARY ***
Total pot $7 | Rake $0 
Seat 2: Pon4uk.ua
Seat 4: sarpele71
Seat 1: sutata (button) folded before Flop
Seat 3: raiseinthedarkk (small blind) collected ($7)
Seat 5: jeffy27dt1 (big blind) folded before Flop



PokerStars Hand #254575938446:  Hold'em No Limit ($0.50/$1.00 USD) - 2025/01/27 7:05:18 WET [2025/01/27 2:05:18 ET]
Table 'Botein IV' 6-max Seat #3 is the button
Seat 2: Pon4uk.ua ($217.36 in chips) is sitting out
Seat 1: sutata ($100 in chips) 
Seat 3: raiseinthedarkk ($109 in chips) 
Seat 5: jeffy27dt1 ($140.01 in chips) 
jeffy27dt1: posts small blind $0.50
sutata: posts big blind $1
*** HOLE CARDS ***
tsunaandrew joins the table at seat #6 
raiseinthedarkk: folds 
jeffy27dt1: folds 
Uncalled bet ($0.50) returned to sutata
sutata collected $1 from pot
sutata: doesn't show hand 
*** SUMMARY ***
Total pot $1 | Rake $0 
Seat 2: Pon4uk.ua
Seat 1: sutata (big blind) collected ($1)
Seat 3: raiseinthedarkk (button) folded before Flop (didn't bet)
Seat 5: jeffy27dt1 (small blind) folded before Flop



PokerStars Hand #254575939004:  Hold'em No Limit ($0.50/$1.00 USD) - 2025/01/27 7:05:28 WET [2025/01/27 2:05:28 ET]
Table 'Botein IV' 6-max Seat #1 is the button
Seat 2: Pon4uk.ua ($217.36 in chips) is sitting out
Seat 3: raiseinthedarkk ($109 in chips) is sitting out
Seat 6: tsunaandrew ($100 in chips) is sitting out
Seat 1: sutata ($100.50 in chips) 
Seat 5: jeffy27dt1 ($139.51 in chips) 
sutata: posts small blind $0.50
raiseinthedarkk: is sitting out 
jeffy27dt1: posts big blind $1
*** HOLE CARDS ***
sutata: raises $2 to $3
raiseinthedarkk leaves the table
jeffy27dt1: folds 
Uncalled bet ($2) returned to sutata
sutata collected $2 from pot
sutata: doesn't show hand 
*** SUMMARY ***
Total pot $2 | Rake $0 
Seat 2: Pon4uk.ua
Seat 3: raiseinthedarkk
Seat 6: tsunaandrew
Seat 1: sutata (button) (small blind) collected ($2)
Seat 5: jeffy27dt1 (big blind) folded before Flop



PokerStars Hand #254575939684:  Hold'em No Limit ($0.50/$1.00 USD) - 2025/01/27 7:05:38 WET [2025/01/27 2:05:38 ET]
Table 'Botein IV' 6-max Seat #5 is the button
Seat 6: tsunaandrew ($100 in chips) is sitting out
Seat 1: sutata ($101.50 in chips) 
Seat 2: Pon4uk.ua ($217.36 in chips) 
Seat 5: jeffy27dt1 ($138.51 in chips) 
sutata: posts small blind $0.50
Pon4uk.ua: posts big blind $1
*** HOLE CARDS ***
jeffy27dt1: raises $1.50 to $2.50
sutata: folds 
Pon4uk.ua: folds 
Uncalled bet ($1.50) returned to jeffy27dt1
jeffy27dt1 collected $2.50 from pot
jeffy27dt1: doesn't show hand 
*** SUMMARY ***
Total pot $2.50 | Rake $0 
Seat 6: tsunaandrew
Seat 1: sutata (small blind) folded before Flop
Seat 2: Pon4uk.ua (big blind) folded before Flop
Seat 5: jeffy27dt1 (button) collected ($2.50)



PokerStars Hand #254575940914:  Hold'em No Limit ($0.50/$1.00 USD) - 2025/01/27 7:05:58 WET [2025/01/27 2:05:58 ET]
Table 'Botein IV' 6-max Seat #1 is the button
Seat 6: tsunaandrew ($100 in chips) is sitting out
Seat 1: sutata ($101 in chips) 
Seat 2: Pon4uk.ua ($216.36 in chips) 
Seat 5: jeffy27dt1 ($140.01 in chips) 
Pon4uk.ua: posts small blind $0.50
jeffy27dt1: posts big blind $1
tsunaandrew: sits out 
*** HOLE CARDS ***
sutata: raises $2 to $3
Pon4uk.ua: folds 
jeffy27dt1: raises $10 to $13
sutata: calls $10
*** FLOP *** [2d 4h Jc]
jeffy27dt1: checks 
sutata: checks 
*** TURN *** [2d 4h Jc] [5d]
jeffy27dt1: checks 
sutata: bets $12.75
jeffy27dt1: calls $12.75
*** RIVER *** [2d 4h Jc 5d] [Kc]
jeffy27dt1: checks 
sutata: bets $75.25 and is all-in
jeffy27dt1: folds 
Uncalled bet ($75.25) returned to sutata
sutata collected $51 from pot
sutata: doesn't show hand 
*** SUMMARY ***
Total pot $52 | Rake $1 
Board [2d 4h Jc 5d Kc]
Seat 6: tsunaandrew
Seat 1: sutata (button) collected ($51)
Seat 2: Pon4uk.ua (small blind) folded before Flop
Seat 5: jeffy27dt1 (big blind) folded on the River



PokerStars Hand #254575946217:  Hold'em No Limit ($0.50/$1.00 USD) - 2025/01/27 7:07:25 WET [2025/01/27 2:07:25 ET]
Table 'Botein IV' 6-max Seat #2 is the button
Seat 1: sutata ($126.25 in chips) 
Seat 2: Pon4uk.ua ($215.86 in chips) 
Seat 5: jeffy27dt1 ($114.26 in chips) 
Seat 6: tsunaandrew ($100 in chips) 
jeffy27dt1: posts small blind $0.50
tsunaandrew: posts big blind $1
*** HOLE CARDS ***
sutata: folds 
Pon4uk.ua: folds 
jeffy27dt1: raises $1.50 to $2.50
fboulais joins the table at seat #3 
fboulais is disconnected 
tsunaandrew: calls $1.50
*** FLOP *** [2s 7s Ah]
jeffy27dt1: checks 
tsunaandrew: checks 
*** TURN *** [2s 7s Ah] [Jc]
jeffy27dt1: bets $3.56
tsunaandrew: calls $3.56
*** RIVER *** [2s 7s Ah Jc] [5d]
fboulais leaves the table
jeffy27dt1: bets $14.38
tsunaandrew: folds 
Uncalled bet ($14.38) returned to jeffy27dt1
jeffy27dt1 collected $11.51 from pot
jeffy27dt1: doesn't show hand 
*** SUMMARY ***
Total pot $12.12 | Rake $0.61 
Board [2s 7s Ah Jc 5d]
Seat 1: sutata folded before Flop (didn't bet)
Seat 2: Pon4uk.ua (button) folded before Flop (didn't bet)
Seat 5: jeffy27dt1 (small blind) collected ($11.51)
Seat 6: tsunaandrew (big blind) folded on the River



PokerStars Hand #254575951054:  Hold'em No Limit ($0.50/$1.00 USD) - 2025/01/27 7:08:45 WET [2025/01/27 2:08:45 ET]
Table 'Botein IV' 6-max Seat #5 is the button
Seat 1: sutata ($126.25 in chips) 
Seat 2: Pon4uk.ua ($215.86 in chips) 
Seat 5: jeffy27dt1 ($119.71 in chips) 
Seat 6: tsunaandrew ($100 in chips) 
tsunaandrew: posts small blind $0.50
sutata: posts big blind $1
*** HOLE CARDS ***
Pon4uk.ua: folds 
jeffy27dt1: folds 
tsunaandrew: folds 
Uncalled bet ($0.50) returned to sutata
sutata collected $1 from pot
sutata: doesn't show hand 
*** SUMMARY ***
Total pot $1 | Rake $0 
Seat 1: sutata (big blind) collected ($1)
Seat 2: Pon4uk.ua folded before Flop (didn't bet)
Seat 5: jeffy27dt1 (button) folded before Flop (didn't bet)
Seat 6: tsunaandrew (small blind) folded before Flop



PokerStars Hand #254575951989:  Hold'em No Limit ($0.50/$1.00 USD) - 2025/01/27 7:09:00 WET [2025/01/27 2:09:00 ET]
Table 'Botein IV' 6-max Seat #6 is the button
Seat 1: sutata ($126.75 in chips) 
Seat 2: Pon4uk.ua ($215.86 in chips) 
Seat 5: jeffy27dt1 ($119.71 in chips) 
Seat 6: tsunaandrew ($100 in chips) 
sutata: posts small blind $0.50
Pon4uk.ua: posts big blind $1
*** HOLE CARDS ***
jeffy27dt1: folds 
tsunaandrew: folds 
sutata: raises $2 to $3
Pon4uk.ua: raises $6 to $9
sutata: folds 
Uncalled bet ($6) returned to Pon4uk.ua
Pon4uk.ua collected $6 from pot
Pon4uk.ua: doesn't show hand 
*** SUMMARY ***
Total pot $6 | Rake $0 
Seat 1: sutata (small blind) folded before Flop
Seat 2: Pon4uk.ua (big blind) collected ($6)
Seat 5: jeffy27dt1 folded before Flop (didn't bet)
Seat 6: tsunaandrew (button) folded before Flop (didn't bet)



PokerStars Hand #254575953097:  Hold'em No Limit ($0.50/$1.00 USD) - 2025/01/27 7:09:18 WET [2025/01/27 2:09:18 ET]
Table 'Botein IV' 6-max Seat #1 is the button
Seat 5: jeffy27dt1 ($119.71 in chips) is sitting out
Seat 1: sutata ($123.75 in chips) 
Seat 2: Pon4uk.ua ($218.86 in chips) 
Seat 6: tsunaandrew ($100 in chips) 
Pon4uk.ua: posts small blind $0.50
jeffy27dt1: is sitting out 
tsunaandrew: posts big blind $1
*** HOLE CARDS ***
sutata: folds 
Pon4uk.ua: calls $0.50
tsunaandrew: checks 
*** FLOP *** [5h Th 2c]
Pon4uk.ua: bets $1
tsunaandrew: calls $1
*** TURN *** [5h Th 2c] [5c]
Pon4uk.ua: checks 
tsunaandrew: bets $2
Pon4uk.ua: calls $2
*** RIVER *** [5h Th 2c 5c] [9d]
Pon4uk.ua: checks 
tsunaandrew: checks 
*** SHOW DOWN ***
Pon4uk.ua: shows [Tc 6h] (two pair, Tens and Fives)
tsunaandrew: mucks hand 
Pon4uk.ua collected $7.60 from pot
*** SUMMARY ***
Total pot $8 | Rake $0.40 
Board [5h Th 2c 5c 9d]
Seat 5: jeffy27dt1
Seat 1: sutata (button) folded before Flop (didn't bet)
Seat 2: Pon4uk.ua (small blind) showed [Tc 6h] and won ($7.60) with two pair, Tens and Fives
Seat 6: tsunaandrew (big blind) mucked



PokerStars Hand #254575955146:  Hold'em No Limit ($0.50/$1.00 USD) - 2025/01/27 7:09:51 WET [2025/01/27 2:09:51 ET]
Table 'Botein IV' 6-max Seat #2 is the button
Seat 5: jeffy27dt1 ($119.71 in chips) is sitting out
Seat 1: sutata ($123.75 in chips) 
Seat 2: Pon4uk.ua ($222.46 in chips) 
Seat 6: tsunaandrew ($100 in chips) 
tsunaandrew: posts small blind $0.50
sutata: posts big blind $1
*** HOLE CARDS ***
Pon4uk.ua: raises $1.50 to $2.50
tsunaandrew: folds 
sutata: raises $9.80 to $12.30
Pon4uk.ua: calls $9.80
*** FLOP *** [6h 2d 7d]
sutata: checks 
Pon4uk.ua: bets $7.95
sutata: calls $7.95
*** TURN *** [6h 2d 7d] [3h]
sutata: checks 
Pon4uk.ua: bets $30
sutata: raises $73.50 to $103.50 and is all-in
Pon4uk.ua: folds 
Uncalled bet ($73.50) returned to sutata
sutata collected $100 from pot
sutata: doesn't show hand 
*** SUMMARY ***
Total pot $101 | Rake $1 
Board [6h 2d 7d 3h]
Seat 5: jeffy27dt1
Seat 1: sutata (big blind) collected ($100)
Seat 2: Pon4uk.ua (button) folded on the Turn
Seat 6: tsunaandrew (small blind) folded before Flop



PokerStars Hand #254575961203:  Hold'em No Limit ($0.50/$1.00 USD) - 2025/01/27 7:11:32 WET [2025/01/27 2:11:32 ET]
Table 'Botein IV' 6-max Seat #6 is the button
Seat 5: jeffy27dt1 ($119.71 in chips) is sitting out
Seat 1: sutata ($173.50 in chips) 
Seat 2: Pon4uk.ua ($172.21 in chips) 
Seat 6: tsunaandrew ($100 in chips) 
sutata: posts small blind $0.50
Pon4uk.ua: posts big blind $1
*** HOLE CARDS ***
tsunaandrew: folds 
sutata: raises $2 to $3
Pon4uk.ua: folds 
Uncalled bet ($2) returned to sutata
sutata collected $2 from pot
sutata: doesn't show hand 
*** SUMMARY ***
Total pot $2 | Rake $0 
Seat 5: jeffy27dt1
Seat 1: sutata (small blind) collected ($2)
Seat 2: Pon4uk.ua (big blind) folded before Flop
Seat 6: tsunaandrew (button) folded before Flop (didn't bet)



PokerStars Hand #254575962074:  Hold'em No Limit ($0.50/$1.00 USD) - 2025/01/27 7:11:48 WET [2025/01/27 2:11:48 ET]
Table 'Botein IV' 6-max Seat #1 is the button
Seat 5: jeffy27dt1 ($119.71 in chips) is sitting out
Seat 1: sutata ($174.50 in chips) 
Seat 2: Pon4uk.ua ($171.21 in chips) 
Seat 6: tsunaandrew ($100 in chips) 
Pon4uk.ua: posts small blind $0.50
tsunaandrew: posts big blind $1
*** HOLE CARDS ***
sutata: folds 
Pon4uk.ua: raises $1.75 to $2.75
tsunaandrew: folds 
Uncalled bet ($1.75) returned to Pon4uk.ua
Pon4uk.ua collected $2 from pot
Pon4uk.ua: doesn't show hand 
jeffy27dt1 leaves the table
*** SUMMARY ***
Total pot $2 | Rake $0 
Seat 5: jeffy27dt1
Seat 1: sutata (button) folded before Flop (didn't bet)
Seat 2: Pon4uk.ua (small blind) collected ($2)
Seat 6: tsunaandrew (big blind) folded before Flop



PokerStars Hand #254575963156:  Hold'em No Limit ($0.50/$1.00 USD) - 2025/01/27 7:12:07 WET [2025/01/27 2:12:07 ET]
Table 'Botein IV' 6-max Seat #2 is the button
Seat 1: sutata ($174.50 in chips) 
Seat 2: Pon4uk.ua ($172.21 in chips) 
Seat 6: tsunaandrew ($100 in chips) 
tsunaandrew: posts small blind $0.50
sutata: posts big blind $1
*** HOLE CARDS ***
Pon4uk.ua: raises $1.50 to $2.50
tsunaandrew: raises $8.50 to $11
sutata: folds 
Pon4uk.ua: folds 
Uncalled bet ($8.50) returned to tsunaandrew
tsunaandrew collected $6 from pot
*** SUMMARY ***
Total pot $6 | Rake $0 
Seat 1: sutata (big blind) folded before Flop
Seat 2: Pon4uk.ua (button) folded before Flop
Seat 6: tsunaandrew (small blind) collected ($6)



PokerStars Hand #254575964361:  Hold'em No Limit ($0.50/$1.00 USD) - 2025/01/27 7:12:28 WET [2025/01/27 2:12:28 ET]
Table 'Botein IV' 6-max Seat #6 is the button
Seat 1: sutata ($173.50 in chips) 
Seat 2: Pon4uk.ua ($169.71 in chips) 
Seat 6: tsunaandrew ($103.50 in chips) 
sutata: posts small blind $0.50
Pon4uk.ua: posts big blind $1
*** HOLE CARDS ***
tsunaandrew has timed out
tsunaandrew: folds 
sutata: folds 
Uncalled bet ($0.50) returned to Pon4uk.ua
Pon4uk.ua collected $1 from pot
Pon4uk.ua: doesn't show hand 
*** SUMMARY ***
Total pot $1 | Rake $0 
Seat 1: sutata (small blind) folded before Flop
Seat 2: Pon4uk.ua (big blind) collected ($1)
Seat 6: tsunaandrew (button) folded before Flop (didn't bet)



