PokerStars Hand #254585606028:  Hold'em No Limit ($0.50/$1.00 USD) - 2025/01/27 21:43:24 WET [2025/01/27 16:43:24 ET]
Table 'Heze IV' 6-max Seat #1 is the button
Seat 5: Rambo_nvd ($100 in chips) is sitting out
Seat 1: nastja336 ($100 in chips) 
Seat 2: VahTang_89 ($100 in chips) 
Seat 3: app1e_j@ck ($100 in chips) 
Seat 4: Poker9803 ($100 in chips) 
Seat 6: 98steff ($81 in chips) 
VahTang_89: posts small blind $0.50
app1e_j@ck: posts big blind $1
Rambo_nvd: sits out 
*** HOLE CARDS ***
Poker9803: raises $1.50 to $2.50
98steff: folds 
nastja336: folds 
VahTang_89: folds 
app1e_j@ck: folds 
Uncalled bet ($1.50) returned to Poker9803
Poker9803 collected $2.50 from pot
Poker9803: doesn't show hand 
*** SUMMARY ***
Total pot $2.50 | Rake $0 
Seat 5: Rambo_nvd
Seat 1: nastja336 (button) folded before Flop (didn't bet)
Seat 2: VahTang_89 (small blind) folded before Flop
Seat 3: app1e_j@ck (big blind) folded before Flop
Seat 4: Poker9803 collected ($2.50)
Seat 6: 98steff folded before Flop (didn't bet)



PokerStars Hand #254585615980:  Hold'em No Limit ($0.50/$1.00 USD) - 2025/01/27 21:43:55 WET [2025/01/27 16:43:55 ET]
Table 'Heze IV' 6-max Seat #2 is the button
Seat 5: Rambo_nvd ($100 in chips) is sitting out
Seat 1: nastja336 ($100 in chips) 
Seat 2: VahTang_89 ($100 in chips) 
Seat 3: app1e_j@ck ($100 in chips) 
Seat 4: Poker9803 ($101.50 in chips) 
Seat 6: 98steff ($81 in chips) 
app1e_j@ck: posts small blind $0.50
Poker9803: posts big blind $1
Rambo_nvd: sits out 
*** HOLE CARDS ***
98steff: calls $1
nastja336: folds 
VahTang_89: folds 
app1e_j@ck: folds 
Poker9803: checks 
*** FLOP *** [7c 9d 5s]
Poker9803: checks 
98steff: bets $2.38
Poker9803: calls $2.38
*** TURN *** [7c 9d 5s] [7s]
Poker9803: checks 
98steff: bets $6.90
Poker9803: folds 
Uncalled bet ($6.90) returned to 98steff
98steff collected $6.81 from pot
*** SUMMARY ***
Total pot $7.26 | Rake $0.45 
Board [7c 9d 5s 7s]
Seat 5: Rambo_nvd
Seat 1: nastja336 folded before Flop (didn't bet)
Seat 2: VahTang_89 (button) folded before Flop (didn't bet)
Seat 3: app1e_j@ck (small blind) folded before Flop
Seat 4: Poker9803 (big blind) folded on the Turn
Seat 6: 98steff collected ($6.81)



PokerStars Hand #254585631353:  Hold'em No Limit ($0.50/$1.00 USD) - 2025/01/27 21:44:43 WET [2025/01/27 16:44:43 ET]
Table 'Heze IV' 6-max Seat #3 is the button
Seat 1: nastja336 ($100 in chips) 
Seat 2: VahTang_89 ($100 in chips) 
Seat 3: app1e_j@ck ($100 in chips) 
Seat 4: Poker9803 ($100 in chips) 
Seat 5: Rambo_nvd ($100 in chips) 
Seat 6: 98steff ($84.43 in chips) 
Poker9803: posts small blind $0.50
Rambo_nvd: posts big blind $1
*** HOLE CARDS ***
98steff: folds 
nastja336: folds 
VahTang_89: folds 
app1e_j@ck: raises $1.50 to $2.50
Poker9803: folds 
Rambo_nvd: calls $1.50
*** FLOP *** [Qc 2d 2c]
Rambo_nvd: checks 
app1e_j@ck: checks 
*** TURN *** [Qc 2d 2c] [5d]
Rambo_nvd: bets $3.45
app1e_j@ck: calls $3.45
*** RIVER *** [Qc 2d 2c 5d] [3d]
Rambo_nvd: bets $7.77
app1e_j@ck: calls $7.77
*** SHOW DOWN ***
Rambo_nvd: shows [7c 4c] (a pair of Deuces)
app1e_j@ck: shows [5s 7s] (two pair, Fives and Deuces)
app1e_j@ck collected $26.54 from pot
*** SUMMARY ***
Total pot $27.94 | Rake $1.40 
Board [Qc 2d 2c 5d 3d]
Seat 1: nastja336 folded before Flop (didn't bet)
Seat 2: VahTang_89 folded before Flop (didn't bet)
Seat 3: app1e_j@ck (button) showed [5s 7s] and won ($26.54) with two pair, Fives and Deuces
Seat 4: Poker9803 (small blind) folded before Flop
Seat 5: Rambo_nvd (big blind) showed [7c 4c] and lost with a pair of Deuces
Seat 6: 98steff folded before Flop (didn't bet)



PokerStars Hand #254585657717:  Hold'em No Limit ($0.50/$1.00 USD) - 2025/01/27 21:46:06 WET [2025/01/27 16:46:06 ET]
Table 'Heze IV' 6-max Seat #4 is the button
Seat 1: nastja336 ($100 in chips) 
Seat 2: VahTang_89 ($100 in chips) 
Seat 3: app1e_j@ck ($112.82 in chips) 
Seat 4: Poker9803 ($100 in chips) 
Seat 5: Rambo_nvd ($100 in chips) 
Seat 6: 98steff ($84.43 in chips) 
Rambo_nvd: posts small blind $0.50
98steff: posts big blind $1
*** HOLE CARDS ***
nastja336: folds 
VahTang_89: raises $1.20 to $2.20
app1e_j@ck: folds 
Poker9803: folds 
Rambo_nvd: folds 
98steff: calls $1.20
*** FLOP *** [3d Ks Ac]
app1e_j@ck leaves the table
98steff: checks 
VahTang_89: checks 
*** TURN *** [3d Ks Ac] [9c]
98steff: bets $4.66
sltn joins the table at seat #3 
VahTang_89: folds 
Uncalled bet ($4.66) returned to 98steff
98steff collected $4.60 from pot
*** SUMMARY ***
Total pot $4.90 | Rake $0.30 
Board [3d Ks Ac 9c]
Seat 1: nastja336 folded before Flop (didn't bet)
Seat 2: VahTang_89 folded on the Turn
Seat 3: app1e_j@ck folded before Flop (didn't bet)
Seat 4: Poker9803 (button) folded before Flop (didn't bet)
Seat 5: Rambo_nvd (small blind) folded before Flop
Seat 6: 98steff (big blind) collected ($4.60)



PokerStars Hand #254585667513:  Hold'em No Limit ($0.50/$1.00 USD) - 2025/01/27 21:46:37 WET [2025/01/27 16:46:37 ET]
Table 'Heze IV' 6-max Seat #5 is the button
Seat 3: sltn ($100 in chips) is sitting out
Seat 1: nastja336 ($100 in chips) 
Seat 2: VahTang_89 ($100 in chips) 
Seat 4: Poker9803 ($100 in chips) 
Seat 5: Rambo_nvd ($100 in chips) 
Seat 6: 98steff ($86.83 in chips) 
98steff: posts small blind $0.50
nastja336: posts big blind $1
sltn: sits out 
*** HOLE CARDS ***
VahTang_89: folds 
Poker9803: folds 
Rambo_nvd: raises $1.50 to $2.50
98steff: folds 
nastja336: folds 
Uncalled bet ($1.50) returned to Rambo_nvd
Rambo_nvd collected $2.50 from pot
Rambo_nvd: doesn't show hand 
*** SUMMARY ***
Total pot $2.50 | Rake $0 
Seat 3: sltn
Seat 1: nastja336 (big blind) folded before Flop
Seat 2: VahTang_89 folded before Flop (didn't bet)
Seat 4: Poker9803 folded before Flop (didn't bet)
Seat 5: Rambo_nvd (button) collected ($2.50)
Seat 6: 98steff (small blind) folded before Flop



PokerStars Hand #254585671983:  Hold'em No Limit ($0.50/$1.00 USD) - 2025/01/27 21:46:51 WET [2025/01/27 16:46:51 ET]
Table 'Heze IV' 6-max Seat #6 is the button
Seat 3: sltn ($100 in chips) is sitting out
Seat 1: nastja336 ($100 in chips) 
Seat 2: VahTang_89 ($100 in chips) 
Seat 4: Poker9803 ($100 in chips) 
Seat 5: Rambo_nvd ($101.50 in chips) 
Seat 6: 98steff ($86.33 in chips) 
nastja336: posts small blind $0.50
VahTang_89: posts big blind $1
sltn: sits out 
*** HOLE CARDS ***
Poker9803: raises $1.50 to $2.50
Rambo_nvd: folds 
98steff: folds 
nastja336: folds 
VahTang_89: folds 
Uncalled bet ($1.50) returned to Poker9803
Poker9803 collected $2.50 from pot
Poker9803: doesn't show hand 
*** SUMMARY ***
Total pot $2.50 | Rake $0 
Seat 3: sltn
Seat 1: nastja336 (small blind) folded before Flop
Seat 2: VahTang_89 (big blind) folded before Flop
Seat 4: Poker9803 collected ($2.50)
Seat 5: Rambo_nvd folded before Flop (didn't bet)
Seat 6: 98steff (button) folded before Flop (didn't bet)



PokerStars Hand #254585679915:  Hold'em No Limit ($0.50/$1.00 USD) - 2025/01/27 21:47:15 WET [2025/01/27 16:47:15 ET]
Table 'Heze IV' 6-max Seat #1 is the button
Seat 1: nastja336 ($100 in chips) 
Seat 2: VahTang_89 ($100 in chips) 
Seat 3: sltn ($100 in chips) 
Seat 4: Poker9803 ($101.50 in chips) 
Seat 5: Rambo_nvd ($101.50 in chips) 
Seat 6: 98steff ($86.33 in chips) 
VahTang_89: posts small blind $0.50
sltn: posts big blind $1
*** HOLE CARDS ***
Poker9803: folds 
Rambo_nvd: raises $1.20 to $2.20
98steff: folds 
nastja336: folds 
VahTang_89: folds 
sltn: folds 
Uncalled bet ($1.20) returned to Rambo_nvd
Rambo_nvd collected $2.50 from pot
Rambo_nvd: doesn't show hand 
*** SUMMARY ***
Total pot $2.50 | Rake $0 
Seat 1: nastja336 (button) folded before Flop (didn't bet)
Seat 2: VahTang_89 (small blind) folded before Flop
Seat 3: sltn (big blind) folded before Flop
Seat 4: Poker9803 folded before Flop (didn't bet)
Seat 5: Rambo_nvd collected ($2.50)
Seat 6: 98steff folded before Flop (didn't bet)



PokerStars Hand #254585684960:  Hold'em No Limit ($0.50/$1.00 USD) - 2025/01/27 21:47:31 WET [2025/01/27 16:47:31 ET]
Table 'Heze IV' 6-max Seat #2 is the button
Seat 1: nastja336 ($100 in chips) 
Seat 2: VahTang_89 ($100 in chips) 
Seat 3: sltn ($100 in chips) 
Seat 4: Poker9803 ($101.50 in chips) 
Seat 5: Rambo_nvd ($103 in chips) 
Seat 6: 98steff ($86.33 in chips) 
sltn: posts small blind $0.50
Poker9803: posts big blind $1
*** HOLE CARDS ***
Rambo_nvd: raises $1.20 to $2.20
98steff: calls $2.20
nastja336: folds 
VahTang_89: folds 
sltn: folds 
Poker9803: folds 
*** FLOP *** [Jd 8c 8d]
Rambo_nvd: bets $2
98steff: folds 
Uncalled bet ($2) returned to Rambo_nvd
Rambo_nvd collected $5.60 from pot
Rambo_nvd: doesn't show hand 
*** SUMMARY ***
Total pot $5.90 | Rake $0.30 
Board [Jd 8c 8d]
Seat 1: nastja336 folded before Flop (didn't bet)
Seat 2: VahTang_89 (button) folded before Flop (didn't bet)
Seat 3: sltn (small blind) folded before Flop
Seat 4: Poker9803 (big blind) folded before Flop
Seat 5: Rambo_nvd collected ($5.60)
Seat 6: 98steff folded on the Flop



PokerStars Hand #254585694522:  Hold'em No Limit ($0.50/$1.00 USD) - 2025/01/27 21:48:01 WET [2025/01/27 16:48:01 ET]
Table 'Heze IV' 6-max Seat #3 is the button
Seat 1: nastja336 ($100 in chips) 
Seat 2: VahTang_89 ($100 in chips) 
Seat 3: sltn ($100 in chips) 
Seat 4: Poker9803 ($100.50 in chips) 
Seat 5: Rambo_nvd ($106.40 in chips) 
Seat 6: 98steff ($84.13 in chips) 
Poker9803: posts small blind $0.50
Rambo_nvd: posts big blind $1
*** HOLE CARDS ***
98steff: folds 
nastja336: folds 
VahTang_89: raises $1.20 to $2.20
sltn: folds 
Poker9803: folds 
Rambo_nvd: calls $1.20
*** FLOP *** [6s Ks 6h]
Rambo_nvd: checks 
VahTang_89: checks 
*** TURN *** [6s Ks 6h] [6d]
Rambo_nvd: checks 
VahTang_89: bets $1.54
Rambo_nvd: folds 
Uncalled bet ($1.54) returned to VahTang_89
VahTang_89 collected $4.66 from pot
VahTang_89: doesn't show hand 
*** SUMMARY ***
Total pot $4.90 | Rake $0.24 
Board [6s Ks 6h 6d]
Seat 1: nastja336 folded before Flop (didn't bet)
Seat 2: VahTang_89 collected ($4.66)
Seat 3: sltn (button) folded before Flop (didn't bet)
Seat 4: Poker9803 (small blind) folded before Flop
Seat 5: Rambo_nvd (big blind) folded on the Turn
Seat 6: 98steff folded before Flop (didn't bet)



PokerStars Hand #254585709646:  Hold'em No Limit ($0.50/$1.00 USD) - 2025/01/27 21:48:49 WET [2025/01/27 16:48:49 ET]
Table 'Heze IV' 6-max Seat #4 is the button
Seat 1: nastja336 ($100 in chips) 
Seat 2: VahTang_89 ($102.46 in chips) 
Seat 3: sltn ($100 in chips) 
Seat 4: Poker9803 ($100 in chips) 
Seat 5: Rambo_nvd ($104.20 in chips) 
Seat 6: 98steff ($84.13 in chips) 
Rambo_nvd: posts small blind $0.50
98steff: posts big blind $1
*** HOLE CARDS ***
nastja336: folds 
VahTang_89: folds 
sltn: folds 
Poker9803: raises $1.50 to $2.50
Rambo_nvd: folds 
98steff: folds 
Uncalled bet ($1.50) returned to Poker9803
Poker9803 collected $2.50 from pot
Poker9803: doesn't show hand 
*** SUMMARY ***
Total pot $2.50 | Rake $0 
Seat 1: nastja336 folded before Flop (didn't bet)
Seat 2: VahTang_89 folded before Flop (didn't bet)
Seat 3: sltn folded before Flop (didn't bet)
Seat 4: Poker9803 (button) collected ($2.50)
Seat 5: Rambo_nvd (small blind) folded before Flop
Seat 6: 98steff (big blind) folded before Flop



PokerStars Hand #254585717360:  Hold'em No Limit ($0.50/$1.00 USD) - 2025/01/27 21:49:13 WET [2025/01/27 16:49:13 ET]
Table 'Heze IV' 6-max Seat #5 is the button
Seat 1: nastja336 ($100 in chips) 
Seat 2: VahTang_89 ($102.46 in chips) 
Seat 3: sltn ($100 in chips) 
Seat 4: Poker9803 ($101.50 in chips) 
Seat 5: Rambo_nvd ($103.70 in chips) 
Seat 6: 98steff ($83.13 in chips) 
98steff: posts small blind $0.50
nastja336: posts big blind $1
*** HOLE CARDS ***
VahTang_89: folds 
sltn: raises $1.50 to $2.50
Poker9803: folds 
Rambo_nvd: folds 
98steff: folds 
nastja336: folds 
Uncalled bet ($1.50) returned to sltn
sltn collected $2.50 from pot
sltn: doesn't show hand 
*** SUMMARY ***
Total pot $2.50 | Rake $0 
Seat 1: nastja336 (big blind) folded before Flop
Seat 2: VahTang_89 folded before Flop (didn't bet)
Seat 3: sltn collected ($2.50)
Seat 4: Poker9803 folded before Flop (didn't bet)
Seat 5: Rambo_nvd (button) folded before Flop (didn't bet)
Seat 6: 98steff (small blind) folded before Flop



PokerStars Hand #254585720178:  Hold'em No Limit ($0.50/$1.00 USD) - 2025/01/27 21:49:22 WET [2025/01/27 16:49:22 ET]
Table 'Heze IV' 6-max Seat #6 is the button
Seat 2: VahTang_89 ($102.46 in chips) is sitting out
Seat 1: nastja336 ($100 in chips) 
Seat 3: sltn ($101.50 in chips) 
Seat 4: Poker9803 ($101.50 in chips) 
Seat 5: Rambo_nvd ($103.70 in chips) 
Seat 6: 98steff ($82.63 in chips) 
nastja336: posts small blind $0.50
VahTang_89: is sitting out 
sltn: posts big blind $1
*** HOLE CARDS ***
Poker9803: folds 
Rambo_nvd: folds 
98steff: calls $1
nastja336: raises $4 to $5
sltn: raises $10 to $15
98steff: folds 
nastja336: folds 
Uncalled bet ($10) returned to sltn
sltn collected $11 from pot
sltn: doesn't show hand 
*** SUMMARY ***
Total pot $11 | Rake $0 
Seat 2: VahTang_89
Seat 1: nastja336 (small blind) folded before Flop
Seat 3: sltn (big blind) collected ($11)
Seat 4: Poker9803 folded before Flop (didn't bet)
Seat 5: Rambo_nvd folded before Flop (didn't bet)
Seat 6: 98steff (button) folded before Flop



PokerStars Hand #254585727064:  Hold'em No Limit ($0.50/$1.00 USD) - 2025/01/27 21:49:44 WET [2025/01/27 16:49:44 ET]
Table 'Heze IV' 6-max Seat #1 is the button
Seat 2: VahTang_89 ($102.46 in chips) is sitting out
Seat 1: nastja336 ($100 in chips) 
Seat 3: sltn ($107.50 in chips) 
Seat 4: Poker9803 ($101.50 in chips) 
Seat 5: Rambo_nvd ($103.70 in chips) 
Seat 6: 98steff ($81.63 in chips) 
sltn: posts small blind $0.50
Poker9803: posts big blind $1
*** HOLE CARDS ***
VahTang_89 leaves the table
Rambo_nvd: folds 
98steff: folds 
nastja336: raises $1.50 to $2.50
sltn: folds 
Poker9803: raises $10.50 to $13
PhoenixAssassin joins the table at seat #2 
nastja336: folds 
Uncalled bet ($10.50) returned to Poker9803
Poker9803 collected $5.50 from pot
Poker9803: doesn't show hand 
*** SUMMARY ***
Total pot $5.50 | Rake $0 
Seat 2: VahTang_89
Seat 1: nastja336 (button) folded before Flop
Seat 3: sltn (small blind) folded before Flop
Seat 4: Poker9803 (big blind) collected ($5.50)
Seat 5: Rambo_nvd folded before Flop (didn't bet)
Seat 6: 98steff folded before Flop (didn't bet)



PokerStars Hand #254585736155:  Hold'em No Limit ($0.50/$1.00 USD) - 2025/01/27 21:50:13 WET [2025/01/27 16:50:13 ET]
Table 'Heze IV' 6-max Seat #3 is the button
Seat 2: PhoenixAssassin ($100 in chips) is sitting out
Seat 1: nastja336 ($100 in chips) 
Seat 3: sltn ($107 in chips) 
Seat 4: Poker9803 ($104.50 in chips) 
Seat 5: Rambo_nvd ($103.70 in chips) 
Seat 6: 98steff ($81.63 in chips) 
Poker9803: posts small blind $0.50
Rambo_nvd: posts big blind $1
PhoenixAssassin: sits out 
*** HOLE CARDS ***
98steff: folds 
nastja336: folds 
sltn: raises $1.50 to $2.50
Poker9803: folds 
Rambo_nvd: folds 
Uncalled bet ($1.50) returned to sltn
sltn collected $2.50 from pot
sltn: doesn't show hand 
*** SUMMARY ***
Total pot $2.50 | Rake $0 
Seat 2: PhoenixAssassin
Seat 1: nastja336 folded before Flop (didn't bet)
Seat 3: sltn (button) collected ($2.50)
Seat 4: Poker9803 (small blind) folded before Flop
Seat 5: Rambo_nvd (big blind) folded before Flop
Seat 6: 98steff folded before Flop (didn't bet)



PokerStars Hand #254585742563:  Hold'em No Limit ($0.50/$1.00 USD) - 2025/01/27 21:50:33 WET [2025/01/27 16:50:33 ET]
Table 'Heze IV' 6-max Seat #4 is the button
Seat 2: PhoenixAssassin ($100 in chips) is sitting out
Seat 1: nastja336 ($100 in chips) 
Seat 3: sltn ($108.50 in chips) 
Seat 4: Poker9803 ($104 in chips) 
Seat 5: Rambo_nvd ($102.70 in chips) 
Seat 6: 98steff ($81.63 in chips) 
Rambo_nvd: posts small blind $0.50
98steff: posts big blind $1
PhoenixAssassin: sits out 
*** HOLE CARDS ***
nastja336: folds 
sltn: folds 
Poker9803: raises $1.50 to $2.50
Rambo_nvd: folds 
98steff: raises $4.50 to $7
Poker9803: folds 
Uncalled bet ($4.50) returned to 98steff
98steff collected $5.50 from pot
*** SUMMARY ***
Total pot $5.50 | Rake $0 
Seat 2: PhoenixAssassin
Seat 1: nastja336 folded before Flop (didn't bet)
Seat 3: sltn folded before Flop (didn't bet)
Seat 4: Poker9803 (button) folded before Flop
Seat 5: Rambo_nvd (small blind) folded before Flop
Seat 6: 98steff (big blind) collected ($5.50)



PokerStars Hand #254585750074:  Hold'em No Limit ($0.50/$1.00 USD) - 2025/01/27 21:50:56 WET [2025/01/27 16:50:56 ET]
Table 'Heze IV' 6-max Seat #5 is the button
Seat 2: PhoenixAssassin ($100 in chips) is sitting out
Seat 1: nastja336 ($100 in chips) 
Seat 3: sltn ($108.50 in chips) 
Seat 4: Poker9803 ($101.50 in chips) 
Seat 5: Rambo_nvd ($102.20 in chips) 
Seat 6: 98steff ($84.63 in chips) 
98steff: posts small blind $0.50
nastja336: posts big blind $1
PhoenixAssassin: sits out 
*** HOLE CARDS ***
sltn: raises $1.50 to $2.50
Poker9803: folds 
Rambo_nvd: folds 
98steff: raises $4.50 to $7
nastja336: raises $16 to $23
sltn: folds 
98steff: raises $61.63 to $84.63 and is all-in
nastja336: calls $61.63
*** FLOP *** [Td 6c 9h]
*** TURN *** [Td 6c 9h] [6h]
*** RIVER *** [Td 6c 9h 6h] [Jc]
*** SHOW DOWN ***
98steff: shows [Qs Qc] (two pair, Queens and Sixes)
nastja336: shows [Kd Kh] (two pair, Kings and Sixes)
nastja336 collected $169.26 from pot
*** SUMMARY ***
Total pot $171.76 | Rake $2.50 
Board [Td 6c 9h 6h Jc]
Seat 2: PhoenixAssassin
Seat 1: nastja336 (big blind) showed [Kd Kh] and won ($169.26) with two pair, Kings and Sixes
Seat 3: sltn folded before Flop
Seat 4: Poker9803 folded before Flop (didn't bet)
Seat 5: Rambo_nvd (button) folded before Flop (didn't bet)
Seat 6: 98steff (small blind) showed [Qs Qc] and lost with two pair, Queens and Sixes



PokerStars Hand #254585762742:  Hold'em No Limit ($0.50/$1.00 USD) - 2025/01/27 21:51:37 WET [2025/01/27 16:51:37 ET]
Table 'Heze IV' 6-max Seat #1 is the button
Seat 2: PhoenixAssassin ($100 in chips) is sitting out
Seat 6: 98steff ($0 in chips) is sitting out
Seat 1: nastja336 ($184.63 in chips) 
Seat 3: sltn ($106 in chips) 
Seat 4: Poker9803 ($101.50 in chips) 
Seat 5: Rambo_nvd ($102.20 in chips) 
sltn: posts small blind $0.50
Poker9803: posts big blind $1
*** HOLE CARDS ***
Rambo_nvd: folds 
Rambo_nvd leaves the table
98steff leaves the table
nastja336: folds 
nastja336 leaves the table
PhoenixAssassin leaves the table
sltn: raises $2 to $3
Poker9803: raises $6 to $9
sltn: folds 
Uncalled bet ($6) returned to Poker9803
Poker9803 collected $6 from pot
Poker9803: doesn't show hand 
*** SUMMARY ***
Total pot $6 | Rake $0 
Seat 2: PhoenixAssassin
Seat 6: 98steff
Seat 1: nastja336 (button) folded before Flop (didn't bet)
Seat 3: sltn (small blind) folded before Flop
Seat 4: Poker9803 (big blind) collected ($6)
Seat 5: Rambo_nvd folded before Flop (didn't bet)



