PokerStars Hand #254587670520:  Hold'em No Limit ($0.50/$1.00 USD) - 2025/01/27 23:50:34 WET [2025/01/27 18:50:34 ET]
Table 'Sitarski IV' 6-max Seat #5 is the button
Seat 2: Jupitersmåne ($100 in chips) is sitting out
Seat 3: MrP1usovoy ($100 in chips) 
Seat 5: [FB]Voodoo ($100 in chips) 
[FB]Voodoo: posts small blind $0.50
MrP1usovoy: posts big blind $1
*** HOLE CARDS ***
[FB]Voodoo: raises $1.50 to $2.50
Sadyhov V.V. joins the table at seat #4 
MrP1usovoy: calls $1.50
*** FLOP *** [9d 2h Ah]
MrP1usovoy: checks 
[FB]Voodoo: bets $1.57
MrP1usovoy: folds 
Uncalled bet ($1.57) returned to [FB]Voodoo
[FB]Voodoo collected $4.75 from pot
[FB]Voodoo: doesn't show hand 
*** SUMMARY ***
Total pot $5 | Rake $0.25 
Board [9d 2h Ah]
Seat 2: Jupitersmåne
Seat 3: MrP1usovoy (big blind) folded on the Flop
Seat 5: [FB]Voodoo (button) (small blind) collected ($4.75)



PokerStars Hand #254587680296:  Hold'em No Limit ($0.50/$1.00 USD) - 2025/01/27 23:51:17 WET [2025/01/27 18:51:17 ET]
Table 'Sitarski IV' 6-max Seat #2 is the button
Seat 2: Jupitersmåne ($100 in chips) 
Seat 3: MrP1usovoy ($100 in chips) 
Seat 4: Sadyhov V.V. ($100 in chips) 
Seat 5: [FB]Voodoo ($102.25 in chips) 
MrP1usovoy: posts small blind $0.50
Sadyhov V.V.: posts big blind $1
*** HOLE CARDS ***
[FB]Voodoo: folds 
Jupitersmåne: folds 
MrP1usovoy: raises $2 to $3
Sadyhov V.V.: folds 
Uncalled bet ($2) returned to MrP1usovoy
MrP1usovoy collected $2 from pot
MrP1usovoy: doesn't show hand 
*** SUMMARY ***
Total pot $2 | Rake $0 
Seat 2: Jupitersmåne (button) folded before Flop (didn't bet)
Seat 3: MrP1usovoy (small blind) collected ($2)
Seat 4: Sadyhov V.V. (big blind) folded before Flop
Seat 5: [FB]Voodoo folded before Flop (didn't bet)



PokerStars Hand #254587685648:  Hold'em No Limit ($0.50/$1.00 USD) - 2025/01/27 23:51:40 WET [2025/01/27 18:51:40 ET]
Table 'Sitarski IV' 6-max Seat #3 is the button
Seat 2: Jupitersmåne ($100 in chips) 
Seat 3: MrP1usovoy ($101 in chips) 
Seat 4: Sadyhov V.V. ($100 in chips) 
Seat 5: [FB]Voodoo ($102.25 in chips) 
Sadyhov V.V.: posts small blind $0.50
[FB]Voodoo: posts big blind $1
*** HOLE CARDS ***
Jupitersmåne: folds 
MrP1usovoy: folds 
Sadyhov V.V.: folds 
Uncalled bet ($0.50) returned to [FB]Voodoo
[FB]Voodoo collected $1 from pot
[FB]Voodoo: doesn't show hand 
*** SUMMARY ***
Total pot $1 | Rake $0 
Seat 2: Jupitersmåne folded before Flop (didn't bet)
Seat 3: MrP1usovoy (button) folded before Flop (didn't bet)
Seat 4: Sadyhov V.V. (small blind) folded before Flop
Seat 5: [FB]Voodoo (big blind) collected ($1)



PokerStars Hand #254587688416:  Hold'em No Limit ($0.50/$1.00 USD) - 2025/01/27 23:51:52 WET [2025/01/27 18:51:52 ET]
Table 'Sitarski IV' 6-max Seat #4 is the button
Seat 2: Jupitersmåne ($100 in chips) 
Seat 3: MrP1usovoy ($101 in chips) 
Seat 4: Sadyhov V.V. ($100 in chips) 
Seat 5: [FB]Voodoo ($102.75 in chips) 
[FB]Voodoo: posts small blind $0.50
Jupitersmåne: posts big blind $1
*** HOLE CARDS ***
MrP1usovoy: folds 
Sadyhov V.V.: raises $1.20 to $2.20
[FB]Voodoo: raises $7.80 to $10
Jupitersmåne: folds 
canibal27 joins the table at seat #6 
Sadyhov V.V.: calls $7.80
*** FLOP *** [2s 2h 6c]
[FB]Voodoo: bets $6.60
Sadyhov V.V.: raises $10.96 to $17.56
[FB]Voodoo: calls $10.96
*** TURN *** [2s 2h 6c] [2c]
[FB]Voodoo: checks 
Sadyhov V.V.: checks 
*** RIVER *** [2s 2h 6c 2c] [Ah]
[FB]Voodoo: checks 
Sadyhov V.V.: checks 
*** SHOW DOWN ***
[FB]Voodoo: shows [8s 8c] (a full house, Deuces full of Eights)
Sadyhov V.V.: shows [Td Tc] (a full house, Deuces full of Tens)
Sadyhov V.V. collected $55.12 from pot
*** SUMMARY ***
Total pot $56.12 | Rake $1 
Board [2s 2h 6c 2c Ah]
Seat 2: Jupitersmåne (big blind) folded before Flop
Seat 3: MrP1usovoy folded before Flop (didn't bet)
Seat 4: Sadyhov V.V. (button) showed [Td Tc] and won ($55.12) with a full house, Deuces full of Tens
Seat 5: [FB]Voodoo (small blind) showed [8s 8c] and lost with a full house, Deuces full of Eights



PokerStars Hand #254587704956:  Hold'em No Limit ($0.50/$1.00 USD) - 2025/01/27 23:53:05 WET [2025/01/27 18:53:05 ET]
Table 'Sitarski IV' 6-max Seat #5 is the button
Seat 6: canibal27 ($100 in chips) is sitting out
Seat 2: Jupitersmåne ($100 in chips) 
Seat 3: MrP1usovoy ($101 in chips) 
Seat 4: Sadyhov V.V. ($127.56 in chips) 
Seat 5: [FB]Voodoo ($100 in chips) 
Jupitersmåne: posts small blind $0.50
MrP1usovoy: posts big blind $1
*** HOLE CARDS ***
Sadyhov V.V.: raises $1.20 to $2.20
[FB]Voodoo: folds 
Jupitersmåne: folds 
MrP1usovoy: folds 
Uncalled bet ($1.20) returned to Sadyhov V.V.
Sadyhov V.V. collected $2.50 from pot
Sadyhov V.V.: doesn't show hand 
*** SUMMARY ***
Total pot $2.50 | Rake $0 
Seat 6: canibal27
Seat 2: Jupitersmåne (small blind) folded before Flop
Seat 3: MrP1usovoy (big blind) folded before Flop
Seat 4: Sadyhov V.V. collected ($2.50)
Seat 5: [FB]Voodoo (button) folded before Flop (didn't bet)



PokerStars Hand #254587708414:  Hold'em No Limit ($0.50/$1.00 USD) - 2025/01/27 23:53:20 WET [2025/01/27 18:53:20 ET]
Table 'Sitarski IV' 6-max Seat #2 is the button
Seat 6: canibal27 ($100 in chips) is sitting out
Seat 2: Jupitersmåne ($99.50 in chips) 
Seat 3: MrP1usovoy ($100 in chips) 
Seat 4: Sadyhov V.V. ($129.06 in chips) 
Seat 5: [FB]Voodoo ($100 in chips) 
MrP1usovoy: posts small blind $0.50
Sadyhov V.V.: posts big blind $1
canibal27: sits out 
*** HOLE CARDS ***
[FB]Voodoo: folds 
[FB]Voodoo leaves the table
Jupitersmåne: folds 
MrP1usovoy: raises $2 to $3
Sadyhov V.V.: folds 
Uncalled bet ($2) returned to MrP1usovoy
MrP1usovoy collected $2 from pot
MrP1usovoy: doesn't show hand 
*** SUMMARY ***
Total pot $2 | Rake $0 
Seat 6: canibal27
Seat 2: Jupitersmåne (button) folded before Flop (didn't bet)
Seat 3: MrP1usovoy (small blind) collected ($2)
Seat 4: Sadyhov V.V. (big blind) folded before Flop
Seat 5: [FB]Voodoo folded before Flop (didn't bet)



PokerStars Hand #254587713595:  Hold'em No Limit ($0.50/$1.00 USD) - 2025/01/27 23:53:43 WET [2025/01/27 18:53:43 ET]
Table 'Sitarski IV' 6-max Seat #3 is the button
Seat 2: Jupitersmåne ($100 in chips) 
Seat 3: MrP1usovoy ($101 in chips) 
Seat 4: Sadyhov V.V. ($128.06 in chips) 
Seat 6: canibal27 ($100 in chips) 
Sadyhov V.V.: posts small blind $0.50
canibal27: posts big blind $1
*** HOLE CARDS ***
Jupitersmåne: folds 
MrP1usovoy: folds 
Sadyhov V.V.: calls $0.50
canibal27: raises $2 to $3
Sadyhov V.V.: calls $2
*** FLOP *** [Kc 5d 4d]
Sadyhov V.V.: checks 
canibal27: bets $1.88
Sadyhov V.V.: folds 
Uncalled bet ($1.88) returned to canibal27
canibal27 collected $5.70 from pot
canibal27: doesn't show hand 
*** SUMMARY ***
Total pot $6 | Rake $0.30 
Board [Kc 5d 4d]
Seat 2: Jupitersmåne folded before Flop (didn't bet)
Seat 3: MrP1usovoy (button) folded before Flop (didn't bet)
Seat 4: Sadyhov V.V. (small blind) folded on the Flop
Seat 6: canibal27 (big blind) collected ($5.70)



PokerStars Hand #254587721158:  Hold'em No Limit ($0.50/$1.00 USD) - 2025/01/27 23:54:17 WET [2025/01/27 18:54:17 ET]
Table 'Sitarski IV' 6-max Seat #4 is the button
Seat 2: Jupitersmåne ($100 in chips) 
Seat 3: MrP1usovoy ($101 in chips) 
Seat 4: Sadyhov V.V. ($125.06 in chips) 
Seat 6: canibal27 ($102.70 in chips) 
canibal27: posts small blind $0.50
Jupitersmåne: posts big blind $1
*** HOLE CARDS ***
MrP1usovoy: folds 
Sadyhov V.V.: folds 
canibal27: folds 
Uncalled bet ($0.50) returned to Jupitersmåne
Jupitersmåne collected $1 from pot
*** SUMMARY ***
Total pot $1 | Rake $0 
Seat 2: Jupitersmåne (big blind) collected ($1)
Seat 3: MrP1usovoy folded before Flop (didn't bet)
Seat 4: Sadyhov V.V. (button) folded before Flop (didn't bet)
Seat 6: canibal27 (small blind) folded before Flop



PokerStars Hand #254587726869:  Hold'em No Limit ($0.50/$1.00 USD) - 2025/01/27 23:54:43 WET [2025/01/27 18:54:43 ET]
Table 'Sitarski IV' 6-max Seat #6 is the button
Seat 2: Jupitersmåne ($100.50 in chips) 
Seat 3: MrP1usovoy ($101 in chips) 
Seat 4: Sadyhov V.V. ($125.06 in chips) 
Seat 6: canibal27 ($102.20 in chips) 
Jupitersmåne: posts small blind $0.50
MrP1usovoy: posts big blind $1
*** HOLE CARDS ***
Sadyhov V.V.: raises $1.20 to $2.20
canibal27: folds 
Jupitersmåne: calls $1.70
MrP1usovoy: folds 
*** FLOP *** [Ah Qs 7c]
Jupitersmåne: checks 
Sadyhov V.V.: checks 
*** TURN *** [Ah Qs 7c] [Qc]
Jupitersmåne: bets $2
Sadyhov V.V.: calls $2
*** RIVER *** [Ah Qs 7c Qc] [6c]
Jupitersmåne: bets $4
Sadyhov V.V.: calls $4
*** SHOW DOWN ***
Jupitersmåne: shows [Th Qh] (three of a kind, Queens)
Sadyhov V.V.: mucks hand 
Jupitersmåne collected $16.53 from pot
*** SUMMARY ***
Total pot $17.40 | Rake $0.87 
Board [Ah Qs 7c Qc 6c]
Seat 2: Jupitersmåne (small blind) showed [Th Qh] and won ($16.53) with three of a kind, Queens
Seat 3: MrP1usovoy (big blind) folded before Flop
Seat 4: Sadyhov V.V. mucked
Seat 6: canibal27 (button) folded before Flop (didn't bet)



PokerStars Hand #254587739454:  Hold'em No Limit ($0.50/$1.00 USD) - 2025/01/27 23:55:48 WET [2025/01/27 18:55:48 ET]
Table 'Sitarski IV' 6-max Seat #2 is the button
Seat 2: Jupitersmåne ($108.83 in chips) 
Seat 3: MrP1usovoy ($100 in chips) 
Seat 4: Sadyhov V.V. ($116.86 in chips) 
Seat 6: canibal27 ($102.20 in chips) 
MrP1usovoy: posts small blind $0.50
Sadyhov V.V.: posts big blind $1
*** HOLE CARDS ***
canibal27: folds 
Jupitersmåne: raises $2 to $3
MrP1usovoy: folds 
Sadyhov V.V.: raises $9 to $12
Jupitersmåne: calls $9
*** FLOP *** [Kd 4s 2h]
Sadyhov V.V.: bets $5.17
Jupitersmåne: calls $5.17
*** TURN *** [Kd 4s 2h] [8s]
Sadyhov V.V.: checks 
jubilado1 joins the table at seat #1 
Jupitersmåne: bets $5
Sadyhov V.V.: calls $5
*** RIVER *** [Kd 4s 2h 8s] [9d]
Sadyhov V.V.: checks 
Jupitersmåne: checks 
*** SHOW DOWN ***
Sadyhov V.V.: shows [Th Td] (a pair of Tens)
Jupitersmåne: shows [Jh Jc] (a pair of Jacks)
Jupitersmåne collected $43.84 from pot
*** SUMMARY ***
Total pot $44.84 | Rake $1 
Board [Kd 4s 2h 8s 9d]
Seat 2: Jupitersmåne (button) showed [Jh Jc] and won ($43.84) with a pair of Jacks
Seat 3: MrP1usovoy (small blind) folded before Flop
Seat 4: Sadyhov V.V. (big blind) showed [Th Td] and lost with a pair of Tens
Seat 6: canibal27 folded before Flop (didn't bet)



PokerStars Hand #254587750652:  Hold'em No Limit ($0.50/$1.00 USD) - 2025/01/27 23:56:53 WET [2025/01/27 18:56:53 ET]
Table 'Sitarski IV' 6-max Seat #3 is the button
Seat 1: jubilado1 ($100 in chips) is sitting out
Seat 2: Jupitersmåne ($130.50 in chips) 
Seat 3: MrP1usovoy ($100 in chips) 
Seat 4: Sadyhov V.V. ($100 in chips) 
Seat 6: canibal27 ($102.20 in chips) 
Sadyhov V.V.: posts small blind $0.50
canibal27: posts big blind $1
jubilado1: sits out 
*** HOLE CARDS ***
Jupitersmåne: folds 
MrP1usovoy: folds 
Sadyhov V.V.: calls $0.50
canibal27: raises $2 to $3
Sadyhov V.V.: folds 
Uncalled bet ($2) returned to canibal27
canibal27 collected $2 from pot
canibal27: doesn't show hand 
*** SUMMARY ***
Total pot $2 | Rake $0 
Seat 1: jubilado1
Seat 2: Jupitersmåne folded before Flop (didn't bet)
Seat 3: MrP1usovoy (button) folded before Flop (didn't bet)
Seat 4: Sadyhov V.V. (small blind) folded before Flop
Seat 6: canibal27 (big blind) collected ($2)



PokerStars Hand #254587753729:  Hold'em No Limit ($0.50/$1.00 USD) - 2025/01/27 23:57:10 WET [2025/01/27 18:57:10 ET]
Table 'Sitarski IV' 6-max Seat #4 is the button
Seat 1: jubilado1 ($100 in chips) 
Seat 2: Jupitersmåne ($130.50 in chips) 
Seat 3: MrP1usovoy ($100 in chips) 
Seat 4: Sadyhov V.V. ($100 in chips) 
Seat 6: canibal27 ($103.20 in chips) 
canibal27: posts small blind $0.50
jubilado1: posts big blind $1
*** HOLE CARDS ***
Jupitersmåne: folds 
MrP1usovoy: raises $1.50 to $2.50
Sadyhov V.V.: folds 
canibal27: folds 
jubilado1: calls $1.50
*** FLOP *** [4c Ks 6h]
jubilado1: checks 
MrP1usovoy: bets $1.72
jubilado1: calls $1.72
*** TURN *** [4c Ks 6h] [4s]
jubilado1: checks 
MrP1usovoy: checks 
*** RIVER *** [4c Ks 6h 4s] [Ac]
jubilado1: checks 
MrP1usovoy: bets $4.25
jubilado1: raises $12.95 to $17.20
MrP1usovoy: calls $12.95
*** SHOW DOWN ***
jubilado1: shows [Jd 4d] (three of a kind, Fours)
MrP1usovoy: mucks hand 
jubilado1 collected $41.17 from pot
*** SUMMARY ***
Total pot $43.34 | Rake $2.17 
Board [4c Ks 6h 4s Ac]
Seat 1: jubilado1 (big blind) showed [Jd 4d] and won ($41.17) with three of a kind, Fours
Seat 2: Jupitersmåne folded before Flop (didn't bet)
Seat 3: MrP1usovoy mucked
Seat 4: Sadyhov V.V. (button) folded before Flop (didn't bet)
Seat 6: canibal27 (small blind) folded before Flop



PokerStars Hand #254587769600:  Hold'em No Limit ($0.50/$1.00 USD) - 2025/01/27 23:58:42 WET [2025/01/27 18:58:42 ET]
Table 'Sitarski IV' 6-max Seat #6 is the button
Seat 1: jubilado1 ($119.75 in chips) 
Seat 2: Jupitersmåne ($130.50 in chips) 
Seat 3: MrP1usovoy ($100 in chips) 
Seat 4: Sadyhov V.V. ($100 in chips) 
Seat 6: canibal27 ($102.70 in chips) 
jubilado1: posts small blind $0.50
Jupitersmåne: posts big blind $1
*** HOLE CARDS ***
MrP1usovoy: folds 
Sadyhov V.V.: folds 
canibal27: raises $1.50 to $2.50
jubilado1: folds 
Jupitersmåne: folds 
Uncalled bet ($1.50) returned to canibal27
canibal27 collected $2.50 from pot
canibal27: doesn't show hand 
*** SUMMARY ***
Total pot $2.50 | Rake $0 
Seat 1: jubilado1 (small blind) folded before Flop
Seat 2: Jupitersmåne (big blind) folded before Flop
Seat 3: MrP1usovoy folded before Flop (didn't bet)
Seat 4: Sadyhov V.V. folded before Flop (didn't bet)
Seat 6: canibal27 (button) collected ($2.50)



PokerStars Hand #254587771957:  Hold'em No Limit ($0.50/$1.00 USD) - 2025/01/27 23:58:55 WET [2025/01/27 18:58:55 ET]
Table 'Sitarski IV' 6-max Seat #1 is the button
Seat 1: jubilado1 ($119.25 in chips) 
Seat 2: Jupitersmåne ($129.50 in chips) 
Seat 3: MrP1usovoy ($100 in chips) 
Seat 4: Sadyhov V.V. ($100 in chips) 
Seat 6: canibal27 ($104.20 in chips) 
Jupitersmåne: posts small blind $0.50
MrP1usovoy: posts big blind $1
*** HOLE CARDS ***
Sadyhov V.V.: folds 
canibal27: folds 
jubilado1: raises $1.50 to $2.50
Jupitersmåne: folds 
MrP1usovoy: folds 
Uncalled bet ($1.50) returned to jubilado1
jubilado1 collected $2.50 from pot
jubilado1: doesn't show hand 
*** SUMMARY ***
Total pot $2.50 | Rake $0 
Seat 1: jubilado1 (button) collected ($2.50)
Seat 2: Jupitersmåne (small blind) folded before Flop
Seat 3: MrP1usovoy (big blind) folded before Flop
Seat 4: Sadyhov V.V. folded before Flop (didn't bet)
Seat 6: canibal27 folded before Flop (didn't bet)



PokerStars Hand #254587774373:  Hold'em No Limit ($0.50/$1.00 USD) - 2025/01/27 23:59:09 WET [2025/01/27 18:59:09 ET]
Table 'Sitarski IV' 6-max Seat #2 is the button
Seat 1: jubilado1 ($120.75 in chips) 
Seat 2: Jupitersmåne ($129 in chips) 
Seat 3: MrP1usovoy ($100 in chips) 
Seat 4: Sadyhov V.V. ($100 in chips) 
Seat 6: canibal27 ($104.20 in chips) 
MrP1usovoy: posts small blind $0.50
Sadyhov V.V.: posts big blind $1
*** HOLE CARDS ***
canibal27: raises $1 to $2
jubilado1: folds 
Jupitersmåne: calls $2
MrP1usovoy: raises $11 to $13
Sadyhov V.V.: folds 
canibal27: calls $11
Jupitersmåne: folds 
*** FLOP *** [Jd 3h 9d]
MrP1usovoy: bets $20.66
canibal27: folds 
Uncalled bet ($20.66) returned to MrP1usovoy
MrP1usovoy collected $27.55 from pot
MrP1usovoy: doesn't show hand 
*** SUMMARY ***
Total pot $29 | Rake $1.45 
Board [Jd 3h 9d]
Seat 1: jubilado1 folded before Flop (didn't bet)
Seat 2: Jupitersmåne (button) folded before Flop
Seat 3: MrP1usovoy (small blind) collected ($27.55)
Seat 4: Sadyhov V.V. (big blind) folded before Flop
Seat 6: canibal27 folded on the Flop



PokerStars Hand #254587785263:  Hold'em No Limit ($0.50/$1.00 USD) - 2025/01/27 0:00:11 WET [2025/01/27 19:00:11 ET]
Table 'Sitarski IV' 6-max Seat #3 is the button
Seat 1: jubilado1 ($120.75 in chips) 
Seat 2: Jupitersmåne ($127 in chips) 
Seat 3: MrP1usovoy ($114.55 in chips) 
Seat 4: Sadyhov V.V. ($100 in chips) 
Seat 6: canibal27 ($100 in chips) 
Sadyhov V.V.: posts small blind $0.50
canibal27: posts big blind $1
*** HOLE CARDS ***
jubilado1: folds 
Jupitersmåne: folds 
MrP1usovoy: folds 
Sadyhov V.V.: folds 
Uncalled bet ($0.50) returned to canibal27
canibal27 collected $1 from pot
canibal27: doesn't show hand 
*** SUMMARY ***
Total pot $1 | Rake $0 
Seat 1: jubilado1 folded before Flop (didn't bet)
Seat 2: Jupitersmåne folded before Flop (didn't bet)
Seat 3: MrP1usovoy (button) folded before Flop (didn't bet)
Seat 4: Sadyhov V.V. (small blind) folded before Flop
Seat 6: canibal27 (big blind) collected ($1)



PokerStars Hand #254587787067:  Hold'em No Limit ($0.50/$1.00 USD) - 2025/01/27 0:00:21 WET [2025/01/27 19:00:21 ET]
Table 'Sitarski IV' 6-max Seat #4 is the button
Seat 1: jubilado1 ($120.75 in chips) 
Seat 2: Jupitersmåne ($127 in chips) 
Seat 3: MrP1usovoy ($114.55 in chips) 
Seat 4: Sadyhov V.V. ($100 in chips) 
Seat 6: canibal27 ($100.50 in chips) 
canibal27: posts small blind $0.50
jubilado1: posts big blind $1
*** HOLE CARDS ***
Jupitersmåne: folds 
MrP1usovoy: folds 
Sadyhov V.V.: raises $1.20 to $2.20
canibal27: folds 
jubilado1: calls $1.20
*** FLOP *** [Ad 8d 7c]
jubilado1: checks 
Sadyhov V.V.: bets $1.54
jubilado1: calls $1.54
*** TURN *** [Ad 8d 7c] [Qh]
jubilado1: checks 
Sadyhov V.V.: checks 
*** RIVER *** [Ad 8d 7c Qh] [Jh]
jubilado1: checks 
Sadyhov V.V.: checks 
*** SHOW DOWN ***
jubilado1: shows [9c Jd] (a pair of Jacks)
Sadyhov V.V.: shows [9s Js] (a pair of Jacks)
jubilado1 collected $3.79 from pot
Sadyhov V.V. collected $3.79 from pot
*** SUMMARY ***
Total pot $7.98 | Rake $0.40 
Board [Ad 8d 7c Qh Jh]
Seat 1: jubilado1 (big blind) showed [9c Jd] and won ($3.79) with a pair of Jacks
Seat 2: Jupitersmåne folded before Flop (didn't bet)
Seat 3: MrP1usovoy folded before Flop (didn't bet)
Seat 4: Sadyhov V.V. (button) showed [9s Js] and won ($3.79) with a pair of Jacks
Seat 6: canibal27 (small blind) folded before Flop



PokerStars Hand #254587800550:  Hold'em No Limit ($0.50/$1.00 USD) - 2025/01/27 0:01:28 WET [2025/01/27 19:01:28 ET]
Table 'Sitarski IV' 6-max Seat #6 is the button
Seat 1: jubilado1 ($120.80 in chips) 
Seat 2: Jupitersmåne ($127 in chips) 
Seat 3: MrP1usovoy ($114.55 in chips) 
Seat 4: Sadyhov V.V. ($100.05 in chips) 
Seat 6: canibal27 ($100 in chips) 
jubilado1: posts small blind $0.50
Jupitersmåne: posts big blind $1
*** HOLE CARDS ***
MrP1usovoy: folds 
Sadyhov V.V.: raises $1.20 to $2.20
MaRKiToScoK joins the table at seat #5 
canibal27: folds 
jubilado1: folds 
Jupitersmåne: folds 
Uncalled bet ($1.20) returned to Sadyhov V.V.
Sadyhov V.V. collected $2.50 from pot
Sadyhov V.V.: doesn't show hand 
*** SUMMARY ***
Total pot $2.50 | Rake $0 
Seat 1: jubilado1 (small blind) folded before Flop
Seat 2: Jupitersmåne (big blind) folded before Flop
Seat 3: MrP1usovoy folded before Flop (didn't bet)
Seat 4: Sadyhov V.V. collected ($2.50)
Seat 6: canibal27 (button) folded before Flop (didn't bet)



PokerStars Hand #254587805927:  Hold'em No Limit ($0.50/$1.00 USD) - 2025/01/27 0:01:53 WET [2025/01/27 19:01:53 ET]
Table 'Sitarski IV' 6-max Seat #1 is the button
Seat 5: MaRKiToScoK ($100 in chips) is sitting out
Seat 1: jubilado1 ($120.30 in chips) 
Seat 2: Jupitersmåne ($126 in chips) 
Seat 3: MrP1usovoy ($114.55 in chips) 
Seat 4: Sadyhov V.V. ($101.55 in chips) 
Seat 6: canibal27 ($100 in chips) 
Jupitersmåne: posts small blind $0.50
MrP1usovoy: posts big blind $1
MaRKiToScoK: sits out 
*** HOLE CARDS ***
Sadyhov V.V.: folds 
canibal27: raises $2 to $3
jubilado1: raises $6 to $9
Jupitersmåne: raises $22 to $31
MrP1usovoy: folds 
canibal27: folds 
jubilado1: raises $89.30 to $120.30 and is all-in
Jupitersmåne: calls $89.30
*** FLOP *** [6c 9s Qs]
*** TURN *** [6c 9s Qs] [Ts]
*** RIVER *** [6c 9s Qs Ts] [9c]
*** SHOW DOWN ***
Jupitersmåne: shows [Ah Kh] (a pair of Nines)
jubilado1: shows [Js Jh] (two pair, Jacks and Nines)
jubilado1 collected $242.10 from pot
*** SUMMARY ***
Total pot $244.60 | Rake $2.50 
Board [6c 9s Qs Ts 9c]
Seat 5: MaRKiToScoK
Seat 1: jubilado1 (button) showed [Js Jh] and won ($242.10) with two pair, Jacks and Nines
Seat 2: Jupitersmåne (small blind) showed [Ah Kh] and lost with a pair of Nines
Seat 3: MrP1usovoy (big blind) folded before Flop
Seat 4: Sadyhov V.V. folded before Flop (didn't bet)
Seat 6: canibal27 folded before Flop



PokerStars Hand #254587818205:  Hold'em No Limit ($0.50/$1.00 USD) - 2025/01/27 0:02:50 WET [2025/01/27 19:02:50 ET]
Table 'Sitarski IV' 6-max Seat #2 is the button
Seat 5: MaRKiToScoK ($100 in chips) is sitting out
Seat 1: jubilado1 ($242.10 in chips) 
Seat 2: Jupitersmåne ($5.70 in chips) 
Seat 3: MrP1usovoy ($113.55 in chips) 
Seat 4: Sadyhov V.V. ($101.55 in chips) 
Seat 6: canibal27 ($100 in chips) 
MrP1usovoy: posts small blind $0.50
Sadyhov V.V.: posts big blind $1
MaRKiToScoK: sits out 
*** HOLE CARDS ***
canibal27: raises $1 to $2
jubilado1: folds 
Jupitersmåne: folds 
Jupitersmåne leaves the table
MrP1usovoy: folds 
Sadyhov V.V.: folds 
Uncalled bet ($1) returned to canibal27
canibal27 collected $2.50 from pot
canibal27: doesn't show hand 
*** SUMMARY ***
Total pot $2.50 | Rake $0 
Seat 5: MaRKiToScoK
Seat 1: jubilado1 folded before Flop (didn't bet)
Seat 2: Jupitersmåne (button) folded before Flop (didn't bet)
Seat 3: MrP1usovoy (small blind) folded before Flop
Seat 4: Sadyhov V.V. (big blind) folded before Flop
Seat 6: canibal27 collected ($2.50)



PokerStars Hand #254587822381:  Hold'em No Limit ($0.50/$1.00 USD) - 2025/01/27 0:03:09 WET [2025/01/27 19:03:09 ET]
Table 'Sitarski IV' 6-max Seat #3 is the button
Seat 1: jubilado1 ($242.10 in chips) 
Seat 3: MrP1usovoy ($113.05 in chips) 
Seat 4: Sadyhov V.V. ($100.55 in chips) 
Seat 5: MaRKiToScoK ($100 in chips) 
Seat 6: canibal27 ($101.50 in chips) 
Sadyhov V.V.: posts small blind $0.50
MaRKiToScoK: posts big blind $1
*** HOLE CARDS ***
canibal27: folds 
jubilado1: folds 
MrP1usovoy: folds 
Sadyhov V.V.: raises $2 to $3
MaRKiToScoK: folds 
Uncalled bet ($2) returned to Sadyhov V.V.
jubilado1 leaves the table
Sadyhov V.V. collected $2 from pot
Sadyhov V.V.: doesn't show hand 
*** SUMMARY ***
Total pot $2 | Rake $0 
Seat 1: jubilado1 folded before Flop (didn't bet)
Seat 3: MrP1usovoy (button) folded before Flop (didn't bet)
Seat 4: Sadyhov V.V. (small blind) collected ($2)
Seat 5: MaRKiToScoK (big blind) folded before Flop
Seat 6: canibal27 folded before Flop (didn't bet)



PokerStars Hand #254587828006:  Hold'em No Limit ($0.50/$1.00 USD) - 2025/01/27 0:03:35 WET [2025/01/27 19:03:35 ET]
Table 'Sitarski IV' 6-max Seat #4 is the button
Seat 3: MrP1usovoy ($113.05 in chips) 
Seat 4: Sadyhov V.V. ($101.55 in chips) 
Seat 5: MaRKiToScoK ($100 in chips) 
Seat 6: canibal27 ($101.50 in chips) 
MaRKiToScoK: posts small blind $0.50
canibal27: posts big blind $1
*** HOLE CARDS ***
MrP1usovoy: folds 
Sadyhov V.V.: folds 
MaRKiToScoK: raises $2 to $3
canibal27: folds 
Uncalled bet ($2) returned to MaRKiToScoK
MaRKiToScoK collected $2 from pot
*** SUMMARY ***
Total pot $2 | Rake $0 
Seat 3: MrP1usovoy folded before Flop (didn't bet)
Seat 4: Sadyhov V.V. (button) folded before Flop (didn't bet)
Seat 5: MaRKiToScoK (small blind) collected ($2)
Seat 6: canibal27 (big blind) folded before Flop



