PokerStars Hand #254764402449:  Hold'em No Limit ($0.50/$1.00 USD) - 2025/02/08 12:33:04 WET [2025/02/08 7:33:04 ET]
Table 'Vitja' 6-max Seat #4 is the button
Seat 1: Kareka200 ($45.82 in chips) 
Seat 2: D€est7oye€R ($101.50 in chips) 
Seat 3: magzi777 ($101.50 in chips) 
Seat 4: NoonTime1991 ($100 in chips) 
Seat 5: blistein ($106 in chips) 
Seat 6: yzuk ($100 in chips) 
blistein: posts small blind $0.50
yzuk: posts big blind $1
*** HOLE CARDS ***
Kareka200: raises $1 to $2
D€est7oye€R: folds 
magzi777: folds 
NoonTime1991: folds 
blistein: folds 
yzuk: folds 
Uncalled bet ($1) returned to Kareka200
Kareka200 collected $2.50 from pot
*** SUMMARY ***
Total pot $2.50 | Rake $0 
Seat 1: Kareka200 collected ($2.50)
Seat 2: D€est7oye€R folded before Flop (didn't bet)
Seat 3: magzi777 folded before Flop (didn't bet)
Seat 4: NoonTime1991 (button) folded before Flop (didn't bet)
Seat 5: blistein (small blind) folded before Flop
Seat 6: yzuk (big blind) folded before Flop



PokerStars Hand #254764405223:  Hold'em No Limit ($0.50/$1.00 USD) - 2025/02/08 12:33:22 WET [2025/02/08 7:33:22 ET]
Table 'Vitja' 6-max Seat #5 is the button
Seat 1: Kareka200 ($47.32 in chips) 
Seat 2: D€est7oye€R ($101.50 in chips) 
Seat 3: magzi777 ($101.50 in chips) 
Seat 4: NoonTime1991 ($100 in chips) 
Seat 5: blistein ($105.50 in chips) 
Seat 6: yzuk ($100 in chips) 
yzuk: posts small blind $0.50
Kareka200: posts big blind $1
*** HOLE CARDS ***
D€est7oye€R: folds 
magzi777: folds 
NoonTime1991: raises $1 to $2
blistein: folds 
yzuk: folds 
Kareka200: calls $1
*** FLOP *** [8d Qc 6d]
Kareka200: checks 
NoonTime1991: bets $1.41
Kareka200: calls $1.41
*** TURN *** [8d Qc 6d] [3s]
Kareka200: checks 
NoonTime1991: bets $2.29
Kareka200: calls $2.29
*** RIVER *** [8d Qc 6d 3s] [2c]
Kareka200: bets $11.30
NoonTime1991: calls $11.30
*** SHOW DOWN ***
Kareka200: shows [3c Qs] (two pair, Queens and Threes)
NoonTime1991: mucks hand 
Kareka200 collected $32.78 from pot
*** SUMMARY ***
Total pot $34.50 | Rake $1.72 
Board [8d Qc 6d 3s 2c]
Seat 1: Kareka200 (big blind) showed [3c Qs] and won ($32.78) with two pair, Queens and Threes
Seat 2: D€est7oye€R folded before Flop (didn't bet)
Seat 3: magzi777 folded before Flop (didn't bet)
Seat 4: NoonTime1991 mucked
Seat 5: blistein (button) folded before Flop (didn't bet)
Seat 6: yzuk (small blind) folded before Flop



PokerStars Hand #254764414994:  Hold'em No Limit ($0.50/$1.00 USD) - 2025/02/08 12:34:26 WET [2025/02/08 7:34:26 ET]
Table 'Vitja' 6-max Seat #6 is the button
Seat 1: Kareka200 ($63.10 in chips) 
Seat 2: D€est7oye€R ($101.50 in chips) 
Seat 3: magzi777 ($101.50 in chips) 
Seat 4: NoonTime1991 ($100 in chips) 
Seat 5: blistein ($105.50 in chips) 
Seat 6: yzuk ($100 in chips) 
Kareka200: posts small blind $0.50
D€est7oye€R: posts big blind $1
*** HOLE CARDS ***
magzi777: folds 
NoonTime1991: folds 
blistein: raises $1.30 to $2.30
yzuk: folds 
Kareka200: folds 
D€est7oye€R: folds 
Uncalled bet ($1.30) returned to blistein
blistein collected $2.50 from pot
blistein: doesn't show hand 
*** SUMMARY ***
Total pot $2.50 | Rake $0 
Seat 1: Kareka200 (small blind) folded before Flop
Seat 2: D€est7oye€R (big blind) folded before Flop
Seat 3: magzi777 folded before Flop (didn't bet)
Seat 4: NoonTime1991 folded before Flop (didn't bet)
Seat 5: blistein collected ($2.50)
Seat 6: yzuk (button) folded before Flop (didn't bet)



PokerStars Hand #254764417281:  Hold'em No Limit ($0.50/$1.00 USD) - 2025/02/08 12:34:41 WET [2025/02/08 7:34:41 ET]
Table 'Vitja' 6-max Seat #1 is the button
Seat 1: Kareka200 ($62.60 in chips) 
Seat 2: D€est7oye€R ($100.50 in chips) 
Seat 3: magzi777 ($101.50 in chips) 
Seat 4: NoonTime1991 ($100 in chips) 
Seat 5: blistein ($107 in chips) 
Seat 6: yzuk ($100 in chips) 
D€est7oye€R: posts small blind $0.50
magzi777: posts big blind $1
*** HOLE CARDS ***
NoonTime1991: folds 
blistein: folds 
yzuk: folds 
Kareka200: raises $2 to $3
D€est7oye€R: raises $10.50 to $13.50
magzi777: folds 
Kareka200: raises $49.10 to $62.60 and is all-in
D€est7oye€R: calls $49.10
*** FLOP *** [Jd 3h Qh]
*** TURN *** [Jd 3h Qh] [Tc]
*** RIVER *** [Jd 3h Qh Tc] [8h]
*** SHOW DOWN ***
D€est7oye€R: shows [As Kh] (a straight, Ten to Ace)
Kareka200: shows [Ks Ah] (a straight, Ten to Ace)
D€est7oye€R collected $61.85 from pot
Kareka200 collected $61.85 from pot
*** SUMMARY ***
Total pot $126.20 | Rake $2.50 
Board [Jd 3h Qh Tc 8h]
Seat 1: Kareka200 (button) showed [Ks Ah] and won ($61.85) with a straight, Ten to Ace
Seat 2: D€est7oye€R (small blind) showed [As Kh] and won ($61.85) with a straight, Ten to Ace
Seat 3: magzi777 (big blind) folded before Flop
Seat 4: NoonTime1991 folded before Flop (didn't bet)
Seat 5: blistein folded before Flop (didn't bet)
Seat 6: yzuk folded before Flop (didn't bet)



PokerStars Hand #254764423275:  Hold'em No Limit ($0.50/$1.00 USD) - 2025/02/08 12:35:20 WET [2025/02/08 7:35:20 ET]
Table 'Vitja' 6-max Seat #2 is the button
Seat 1: Kareka200 ($61.85 in chips) 
Seat 2: D€est7oye€R ($100 in chips) 
Seat 3: magzi777 ($100.50 in chips) 
Seat 4: NoonTime1991 ($100 in chips) 
Seat 5: blistein ($107 in chips) 
Seat 6: yzuk ($100 in chips) 
magzi777: posts small blind $0.50
NoonTime1991: posts big blind $1
*** HOLE CARDS ***
blistein: folds 
yzuk: folds 
Kareka200: folds 
D€est7oye€R: raises $2 to $3
magzi777: folds 
NoonTime1991: folds 
Uncalled bet ($2) returned to D€est7oye€R
D€est7oye€R collected $2.50 from pot
D€est7oye€R: doesn't show hand 
*** SUMMARY ***
Total pot $2.50 | Rake $0 
Seat 1: Kareka200 folded before Flop (didn't bet)
Seat 2: D€est7oye€R (button) collected ($2.50)
Seat 3: magzi777 (small blind) folded before Flop
Seat 4: NoonTime1991 (big blind) folded before Flop
Seat 5: blistein folded before Flop (didn't bet)
Seat 6: yzuk folded before Flop (didn't bet)



PokerStars Hand #254764425374:  Hold'em No Limit ($0.50/$1.00 USD) - 2025/02/08 12:35:33 WET [2025/02/08 7:35:33 ET]
Table 'Vitja' 6-max Seat #3 is the button
Seat 1: Kareka200 ($61.85 in chips) 
Seat 2: D€est7oye€R ($101.50 in chips) 
Seat 3: magzi777 ($100 in chips) 
Seat 4: NoonTime1991 ($100 in chips) 
Seat 5: blistein ($107 in chips) 
Seat 6: yzuk ($100 in chips) 
NoonTime1991: posts small blind $0.50
blistein: posts big blind $1
*** HOLE CARDS ***
yzuk: folds 
Kareka200: calls $1
D€est7oye€R: folds 
magzi777: folds 
NoonTime1991: folds 
blistein: checks 
*** FLOP *** [9d Kh 5s]
blistein: checks 
Kareka200: checks 
*** TURN *** [9d Kh 5s] [8d]
blistein: bets $1
Kareka200: calls $1
*** RIVER *** [9d Kh 5s 8d] [5c]
blistein: checks 
Kareka200: checks 
*** SHOW DOWN ***
blistein: shows [Jc 7c] (a pair of Fives)
Kareka200: shows [6d Ad] (a pair of Fives - Ace kicker)
Kareka200 collected $4.28 from pot
*** SUMMARY ***
Total pot $4.50 | Rake $0.22 
Board [9d Kh 5s 8d 5c]
Seat 1: Kareka200 showed [6d Ad] and won ($4.28) with a pair of Fives
Seat 2: D€est7oye€R folded before Flop (didn't bet)
Seat 3: magzi777 (button) folded before Flop (didn't bet)
Seat 4: NoonTime1991 (small blind) folded before Flop
Seat 5: blistein (big blind) showed [Jc 7c] and lost with a pair of Fives
Seat 6: yzuk folded before Flop (didn't bet)



PokerStars Hand #254764431891:  Hold'em No Limit ($0.50/$1.00 USD) - 2025/02/08 12:36:14 WET [2025/02/08 7:36:14 ET]
Table 'Vitja' 6-max Seat #4 is the button
Seat 1: Kareka200 ($64.13 in chips) 
Seat 2: D€est7oye€R ($101.50 in chips) 
Seat 3: magzi777 ($100 in chips) 
Seat 4: NoonTime1991 ($100 in chips) 
Seat 5: blistein ($105 in chips) 
Seat 6: yzuk ($100 in chips) 
blistein: posts small blind $0.50
yzuk: posts big blind $1
*** HOLE CARDS ***
Kareka200: folds 
D€est7oye€R: raises $2 to $3
magzi777: folds 
NoonTime1991: folds 
blistein: raises $9 to $12
yzuk: folds 
D€est7oye€R: folds 
Uncalled bet ($9) returned to blistein
blistein collected $7 from pot
blistein: doesn't show hand 
*** SUMMARY ***
Total pot $7 | Rake $0 
Seat 1: Kareka200 folded before Flop (didn't bet)
Seat 2: D€est7oye€R folded before Flop
Seat 3: magzi777 folded before Flop (didn't bet)
Seat 4: NoonTime1991 (button) folded before Flop (didn't bet)
Seat 5: blistein (small blind) collected ($7)
Seat 6: yzuk (big blind) folded before Flop



PokerStars Hand #254764435169:  Hold'em No Limit ($0.50/$1.00 USD) - 2025/02/08 12:36:36 WET [2025/02/08 7:36:36 ET]
Table 'Vitja' 6-max Seat #5 is the button
Seat 1: Kareka200 ($64.13 in chips) 
Seat 2: D€est7oye€R ($100 in chips) 
Seat 3: magzi777 ($100 in chips) 
Seat 4: NoonTime1991 ($100 in chips) 
Seat 5: blistein ($109 in chips) 
Seat 6: yzuk ($100 in chips) 
yzuk: posts small blind $0.50
Kareka200: posts big blind $1
*** HOLE CARDS ***
D€est7oye€R: folds 
magzi777: folds 
NoonTime1991: folds 
blistein: raises $1.50 to $2.50
yzuk: folds 
Kareka200: calls $1.50
*** FLOP *** [Jd 7c 8s]
Kareka200: checks 
blistein: checks 
*** TURN *** [Jd 7c 8s] [4d]
Kareka200: checks 
blistein: bets $1.31
Kareka200: calls $1.31
*** RIVER *** [Jd 7c 8s 4d] [9d]
Kareka200: checks 
blistein: checks 
*** SHOW DOWN ***
Kareka200: shows [Ad 9c] (a pair of Nines)
blistein: mucks hand 
Kareka200 collected $7.71 from pot
*** SUMMARY ***
Total pot $8.12 | Rake $0.41 
Board [Jd 7c 8s 4d 9d]
Seat 1: Kareka200 (big blind) showed [Ad 9c] and won ($7.71) with a pair of Nines
Seat 2: D€est7oye€R folded before Flop (didn't bet)
Seat 3: magzi777 folded before Flop (didn't bet)
Seat 4: NoonTime1991 folded before Flop (didn't bet)
Seat 5: blistein (button) mucked
Seat 6: yzuk (small blind) folded before Flop



PokerStars Hand #254764440640:  Hold'em No Limit ($0.50/$1.00 USD) - 2025/02/08 12:37:10 WET [2025/02/08 7:37:10 ET]
Table 'Vitja' 6-max Seat #6 is the button
Seat 1: Kareka200 ($68.03 in chips) 
Seat 2: D€est7oye€R ($100 in chips) 
Seat 3: magzi777 ($100 in chips) 
Seat 4: NoonTime1991 ($100 in chips) 
Seat 5: blistein ($105.19 in chips) 
Seat 6: yzuk ($100 in chips) 
Kareka200: posts small blind $0.50
D€est7oye€R: posts big blind $1
*** HOLE CARDS ***
magzi777: folds 
NoonTime1991: folds 
blistein: raises $1.30 to $2.30
yzuk: raises $5.20 to $7.50
Kareka200: folds 
D€est7oye€R: folds 
blistein: folds 
Uncalled bet ($5.20) returned to yzuk
yzuk collected $6.10 from pot
yzuk: doesn't show hand 
*** SUMMARY ***
Total pot $6.10 | Rake $0 
Seat 1: Kareka200 (small blind) folded before Flop
Seat 2: D€est7oye€R (big blind) folded before Flop
Seat 3: magzi777 folded before Flop (didn't bet)
Seat 4: NoonTime1991 folded before Flop (didn't bet)
Seat 5: blistein folded before Flop
Seat 6: yzuk (button) collected ($6.10)



PokerStars Hand #254764444105:  Hold'em No Limit ($0.50/$1.00 USD) - 2025/02/08 12:37:32 WET [2025/02/08 7:37:32 ET]
Table 'Vitja' 6-max Seat #1 is the button
Seat 1: Kareka200 ($67.53 in chips) 
Seat 2: D€est7oye€R ($100 in chips) 
Seat 3: magzi777 ($100 in chips) 
Seat 4: NoonTime1991 ($100 in chips) 
Seat 5: blistein ($102.89 in chips) 
Seat 6: yzuk ($103.80 in chips) 
D€est7oye€R: posts small blind $0.50
magzi777: posts big blind $1
*** HOLE CARDS ***
NoonTime1991: folds 
blistein: folds 
yzuk: folds 
Kareka200: calls $1
D€est7oye€R: folds 
magzi777: checks 
*** FLOP *** [3d 9h 5c]
magzi777: checks 
Kareka200: checks 
*** TURN *** [3d 9h 5c] [2d]
magzi777: bets $1.57
Kareka200: calls $1.57
*** RIVER *** [3d 9h 5c 2d] [4d]
magzi777: checks 
Kareka200: checks 
*** SHOW DOWN ***
magzi777: shows [7h Th] (high card Ten)
Kareka200: shows [Kh 3h] (a pair of Threes)
Kareka200 collected $5.36 from pot
*** SUMMARY ***
Total pot $5.64 | Rake $0.28 
Board [3d 9h 5c 2d 4d]
Seat 1: Kareka200 (button) showed [Kh 3h] and won ($5.36) with a pair of Threes
Seat 2: D€est7oye€R (small blind) folded before Flop
Seat 3: magzi777 (big blind) showed [7h Th] and lost with high card Ten
Seat 4: NoonTime1991 folded before Flop (didn't bet)
Seat 5: blistein folded before Flop (didn't bet)
Seat 6: yzuk folded before Flop (didn't bet)



PokerStars Hand #254764449146:  Hold'em No Limit ($0.50/$1.00 USD) - 2025/02/08 12:38:04 WET [2025/02/08 7:38:04 ET]
Table 'Vitja' 6-max Seat #2 is the button
Seat 1: Kareka200 ($70.32 in chips) 
Seat 2: D€est7oye€R ($100 in chips) 
Seat 3: magzi777 ($100 in chips) 
Seat 4: NoonTime1991 ($100 in chips) 
Seat 5: blistein ($102.89 in chips) 
Seat 6: yzuk ($103.80 in chips) 
magzi777: posts small blind $0.50
NoonTime1991: posts big blind $1
*** HOLE CARDS ***
blistein: raises $1.20 to $2.20
yzuk: folds 
Kareka200: calls $2.20
D€est7oye€R: folds 
magzi777: folds 
NoonTime1991: folds 
*** FLOP *** [2s Ac 2h]
blistein: checks 
Kareka200: checks 
*** TURN *** [2s Ac 2h] [4d]
blistein: checks 
Kareka200: bets $1
blistein: calls $1
*** RIVER *** [2s Ac 2h 4d] [7h]
blistein: checks 
Kareka200: bets $2
blistein: folds 
Uncalled bet ($2) returned to Kareka200
Kareka200 collected $7.50 from pot
*** SUMMARY ***
Total pot $7.90 | Rake $0.40 
Board [2s Ac 2h 4d 7h]
Seat 1: Kareka200 collected ($7.50)
Seat 2: D€est7oye€R (button) folded before Flop (didn't bet)
Seat 3: magzi777 (small blind) folded before Flop
Seat 4: NoonTime1991 (big blind) folded before Flop
Seat 5: blistein folded on the River
Seat 6: yzuk folded before Flop (didn't bet)



PokerStars Hand #254764456065:  Hold'em No Limit ($0.50/$1.00 USD) - 2025/02/08 12:38:48 WET [2025/02/08 7:38:48 ET]
Table 'Vitja' 6-max Seat #3 is the button
Seat 1: Kareka200 ($74.62 in chips) 
Seat 2: D€est7oye€R ($100 in chips) 
Seat 3: magzi777 ($100 in chips) 
Seat 4: NoonTime1991 ($100 in chips) 
Seat 5: blistein ($100 in chips) 
Seat 6: yzuk ($103.80 in chips) 
NoonTime1991: posts small blind $0.50
blistein: posts big blind $1
*** HOLE CARDS ***
yzuk: folds 
Kareka200: folds 
D€est7oye€R: folds 
magzi777: folds 
NoonTime1991: raises $2 to $3
blistein: folds 
Uncalled bet ($2) returned to NoonTime1991
NoonTime1991 collected $2 from pot
NoonTime1991: doesn't show hand 
*** SUMMARY ***
Total pot $2 | Rake $0 
Seat 1: Kareka200 folded before Flop (didn't bet)
Seat 2: D€est7oye€R folded before Flop (didn't bet)
Seat 3: magzi777 (button) folded before Flop (didn't bet)
Seat 4: NoonTime1991 (small blind) collected ($2)
Seat 5: blistein (big blind) folded before Flop
Seat 6: yzuk folded before Flop (didn't bet)



PokerStars Hand #254764458046:  Hold'em No Limit ($0.50/$1.00 USD) - 2025/02/08 12:39:01 WET [2025/02/08 7:39:01 ET]
Table 'Vitja' 6-max Seat #4 is the button
Seat 1: Kareka200 ($74.62 in chips) 
Seat 2: D€est7oye€R ($100 in chips) 
Seat 3: magzi777 ($100 in chips) 
Seat 4: NoonTime1991 ($101 in chips) 
Seat 5: blistein ($100 in chips) 
Seat 6: yzuk ($103.80 in chips) 
blistein: posts small blind $0.50
yzuk: posts big blind $1
*** HOLE CARDS ***
Kareka200: folds 
D€est7oye€R: folds 
magzi777: folds 
NoonTime1991: folds 
blistein: folds 
Uncalled bet ($0.50) returned to yzuk
yzuk collected $1 from pot
yzuk: doesn't show hand 
*** SUMMARY ***
Total pot $1 | Rake $0 
Seat 1: Kareka200 folded before Flop (didn't bet)
Seat 2: D€est7oye€R folded before Flop (didn't bet)
Seat 3: magzi777 folded before Flop (didn't bet)
Seat 4: NoonTime1991 (button) folded before Flop (didn't bet)
Seat 5: blistein (small blind) folded before Flop
Seat 6: yzuk (big blind) collected ($1)



PokerStars Hand #254764460038:  Hold'em No Limit ($0.50/$1.00 USD) - 2025/02/08 12:39:13 WET [2025/02/08 7:39:13 ET]
Table 'Vitja' 6-max Seat #5 is the button
Seat 1: Kareka200 ($74.62 in chips) 
Seat 2: D€est7oye€R ($100 in chips) 
Seat 3: magzi777 ($100 in chips) 
Seat 4: NoonTime1991 ($101 in chips) 
Seat 5: blistein ($100 in chips) 
Seat 6: yzuk ($104.30 in chips) 
yzuk: posts small blind $0.50
Kareka200: posts big blind $1
*** HOLE CARDS ***
D€est7oye€R: folds 
magzi777: folds 
NoonTime1991: folds 
blistein: raises $1.50 to $2.50
yzuk: folds 
Kareka200: calls $1.50
*** FLOP *** [8s Ts 4d]
Kareka200: checks 
blistein: bets $2.61
Kareka200: calls $2.61
*** TURN *** [8s Ts 4d] [Ad]
Kareka200: checks 
blistein: bets $7.63
Kareka200: calls $7.63
*** RIVER *** [8s Ts 4d Ad] [4h]
Kareka200: bets $12.34
blistein: folds 
Uncalled bet ($12.34) returned to Kareka200
Kareka200 collected $24.68 from pot
*** SUMMARY ***
Total pot $25.98 | Rake $1.30 
Board [8s Ts 4d Ad 4h]
Seat 1: Kareka200 (big blind) collected ($24.68)
Seat 2: D€est7oye€R folded before Flop (didn't bet)
Seat 3: magzi777 folded before Flop (didn't bet)
Seat 4: NoonTime1991 folded before Flop (didn't bet)
Seat 5: blistein (button) folded on the River
Seat 6: yzuk (small blind) folded before Flop



PokerStars Hand #254764470141:  Hold'em No Limit ($0.50/$1.00 USD) - 2025/02/08 12:40:17 WET [2025/02/08 7:40:17 ET]
Table 'Vitja' 6-max Seat #6 is the button
Seat 1: Kareka200 ($86.56 in chips) 
Seat 2: D€est7oye€R ($100 in chips) 
Seat 3: magzi777 ($100 in chips) 
Seat 4: NoonTime1991 ($101 in chips) 
Seat 5: blistein ($100 in chips) 
Seat 6: yzuk ($103.80 in chips) 
Kareka200: posts small blind $0.50
D€est7oye€R: posts big blind $1
*** HOLE CARDS ***
magzi777: raises $1.50 to $2.50
NoonTime1991: folds 
blistein: folds 
yzuk: folds 
Kareka200: folds 
D€est7oye€R: folds 
Uncalled bet ($1.50) returned to magzi777
magzi777 collected $2.50 from pot
*** SUMMARY ***
Total pot $2.50 | Rake $0 
Seat 1: Kareka200 (small blind) folded before Flop
Seat 2: D€est7oye€R (big blind) folded before Flop
Seat 3: magzi777 collected ($2.50)
Seat 4: NoonTime1991 folded before Flop (didn't bet)
Seat 5: blistein folded before Flop (didn't bet)
Seat 6: yzuk (button) folded before Flop (didn't bet)



PokerStars Hand #254764474010:  Hold'em No Limit ($0.50/$1.00 USD) - 2025/02/08 12:40:40 WET [2025/02/08 7:40:40 ET]
Table 'Vitja' 6-max Seat #1 is the button
Seat 1: Kareka200 ($86.06 in chips) 
Seat 2: D€est7oye€R ($100 in chips) 
Seat 3: magzi777 ($101.50 in chips) 
Seat 4: NoonTime1991 ($101 in chips) 
Seat 5: blistein ($100 in chips) 
Seat 6: yzuk ($103.80 in chips) 
D€est7oye€R: posts small blind $0.50
magzi777: posts big blind $1
*** HOLE CARDS ***
NoonTime1991: folds 
blistein: folds 
yzuk: raises $1.50 to $2.50
Kareka200: calls $2.50
D€est7oye€R: folds 
magzi777: folds 
*** FLOP *** [8d 9s 5d]
yzuk: bets $3.15
Kareka200: calls $3.15
*** TURN *** [8d 9s 5d] [Kd]
yzuk: bets $6.20
Kareka200: calls $6.20
*** RIVER *** [8d 9s 5d Kd] [6s]
yzuk: bets $2.39
Kareka200: folds 
Uncalled bet ($2.39) returned to yzuk
yzuk collected $23.94 from pot
yzuk: doesn't show hand 
*** SUMMARY ***
Total pot $25.20 | Rake $1.26 
Board [8d 9s 5d Kd 6s]
Seat 1: Kareka200 (button) folded on the River
Seat 2: D€est7oye€R (small blind) folded before Flop
Seat 3: magzi777 (big blind) folded before Flop
Seat 4: NoonTime1991 folded before Flop (didn't bet)
Seat 5: blistein folded before Flop (didn't bet)
Seat 6: yzuk collected ($23.94)



PokerStars Hand #254764481092:  Hold'em No Limit ($0.50/$1.00 USD) - 2025/02/08 12:41:23 WET [2025/02/08 7:41:23 ET]
Table 'Vitja' 6-max Seat #2 is the button
Seat 1: Kareka200 ($74.21 in chips) 
Seat 2: D€est7oye€R ($100 in chips) 
Seat 3: magzi777 ($100.50 in chips) 
Seat 4: NoonTime1991 ($101 in chips) 
Seat 5: blistein ($100 in chips) 
Seat 6: yzuk ($115.89 in chips) 
magzi777: posts small blind $0.50
NoonTime1991: posts big blind $1
*** HOLE CARDS ***
blistein: folds 
yzuk: folds 
Kareka200: folds 
Kareka200 leaves the table
D€est7oye€R: raises $2 to $3
blistein leaves the table
magzi777: folds 
NoonTime1991: folds 
Uncalled bet ($2) returned to D€est7oye€R
D€est7oye€R collected $2.50 from pot
D€est7oye€R: doesn't show hand 
*** SUMMARY ***
Total pot $2.50 | Rake $0 
Seat 1: Kareka200 folded before Flop (didn't bet)
Seat 2: D€est7oye€R (button) collected ($2.50)
Seat 3: magzi777 (small blind) folded before Flop
Seat 4: NoonTime1991 (big blind) folded before Flop
Seat 5: blistein folded before Flop (didn't bet)
Seat 6: yzuk folded before Flop (didn't bet)



PokerStars Hand #254764484236:  Hold'em No Limit ($0.50/$1.00 USD) - 2025/02/08 12:41:42 WET [2025/02/08 7:41:42 ET]
Table 'Vitja' 6-max Seat #3 is the button
Seat 2: D€est7oye€R ($101.50 in chips) 
Seat 3: magzi777 ($100 in chips) 
Seat 4: NoonTime1991 ($100 in chips) 
Seat 6: yzuk ($115.89 in chips) 
NoonTime1991: posts small blind $0.50
yzuk: posts big blind $1
*** HOLE CARDS ***
D€est7oye€R: raises $2 to $3
magzi777: folds 
NoonTime1991: raises $9 to $12
yzuk: folds 
D€est7oye€R: raises $13 to $25
NoonTime1991: folds 
Uncalled bet ($13) returned to D€est7oye€R
D€est7oye€R collected $25 from pot
D€est7oye€R: doesn't show hand 
*** SUMMARY ***
Total pot $25 | Rake $0 
Seat 2: D€est7oye€R collected ($25)
Seat 3: magzi777 (button) folded before Flop (didn't bet)
Seat 4: NoonTime1991 (small blind) folded before Flop
Seat 6: yzuk (big blind) folded before Flop



