PokerStars Hand #254777104326:  Hold'em No Limit ($0.50/$1.00 USD) - 2025/02/08 2:06:40 WET [2025/02/08 21:06:40 ET]
Table 'Outeniqua' 6-max Seat #1 is the button
Seat 4: G.Andrei95 ($100 in chips) is sitting out
Seat 5: m0nTTu ($80 in chips) is sitting out
Seat 6: skars07 ($100 in chips) is sitting out
Seat 1: XneferX ($100 in chips) 
Seat 2: Jesse1905 ($86.60 in chips) 
Seat 3: equilibrium_tv ($54 in chips) 
Jesse1905: posts small blind $0.50
equilibrium_tv: posts big blind $1
G.Andrei95: sits out 
m0nTTu: sits out 
skars07: sits out 
*** HOLE CARDS ***
XneferX: raises $1.77 to $2.77
Jesse1905: calls $2.27
equilibrium_tv: folds 
*** FLOP *** [6h Ac 7d]
Jesse1905: checks 
XneferX: bets $1.20
Jesse1905: calls $1.20
*** TURN *** [6h Ac 7d] [7s]
Jesse1905: checks 
XneferX: checks 
*** RIVER *** [6h Ac 7d 7s] [3h]
Jesse1905: checks 
XneferX: checks 
*** SHOW DOWN ***
Jesse1905: shows [5c Ts] (a pair of Sevens)
XneferX: shows [Js Kc] (a pair of Sevens - Ace+King kicker)
XneferX collected $8.49 from pot
*** SUMMARY ***
Total pot $8.94 | Rake $0.45 
Board [6h Ac 7d 7s 3h]
Seat 4: G.Andrei95
Seat 5: m0nTTu
Seat 6: skars07
Seat 1: XneferX (button) showed [Js Kc] and won ($8.49) with a pair of Sevens
Seat 2: Jesse1905 (small blind) showed [5c Ts] and lost with a pair of Sevens
Seat 3: equilibrium_tv (big blind) folded before Flop



PokerStars Hand #254777110789:  Hold'em No Limit ($0.50/$1.00 USD) - 2025/02/08 2:07:20 WET [2025/02/08 21:07:20 ET]
Table 'Outeniqua' 6-max Seat #2 is the button
Seat 5: m0nTTu ($80 in chips) is sitting out
Seat 6: skars07 ($100 in chips) is sitting out
Seat 1: XneferX ($104.52 in chips) 
Seat 2: Jesse1905 ($82.63 in chips) 
Seat 3: equilibrium_tv ($53 in chips) 
Seat 4: G.Andrei95 ($100 in chips) 
equilibrium_tv: posts small blind $0.50
G.Andrei95: posts big blind $1
m0nTTu: sits out 
skars07: sits out 
*** HOLE CARDS ***
XneferX: folds 
Jesse1905: raises $2 to $3
equilibrium_tv: folds 
G.Andrei95: calls $2
*** FLOP *** [2d Kd 3c]
G.Andrei95: checks 
Jesse1905: bets $3.09
G.Andrei95: folds 
Uncalled bet ($3.09) returned to Jesse1905
Jesse1905 collected $6.18 from pot
*** SUMMARY ***
Total pot $6.50 | Rake $0.32 
Board [2d Kd 3c]
Seat 5: m0nTTu
Seat 6: skars07
Seat 1: XneferX folded before Flop (didn't bet)
Seat 2: Jesse1905 (button) collected ($6.18)
Seat 3: equilibrium_tv (small blind) folded before Flop
Seat 4: G.Andrei95 (big blind) folded on the Flop



PokerStars Hand #254777119446:  Hold'em No Limit ($0.50/$1.00 USD) - 2025/02/08 2:08:12 WET [2025/02/08 21:08:12 ET]
Table 'Outeniqua' 6-max Seat #3 is the button
Seat 6: skars07 ($100 in chips) is sitting out
Seat 1: XneferX ($104.52 in chips) 
Seat 2: Jesse1905 ($85.81 in chips) 
Seat 3: equilibrium_tv ($78.50 in chips) 
Seat 4: G.Andrei95 ($100 in chips) 
Seat 5: m0nTTu ($80 in chips) 
G.Andrei95: posts small blind $0.50
m0nTTu: posts big blind $1
skars07: sits out 
*** HOLE CARDS ***
XneferX: folds 
Jesse1905: raises $2 to $3
equilibrium_tv: raises $6 to $9
G.Andrei95: folds 
m0nTTu: folds 
Jesse1905: calls $6
*** FLOP *** [Qd 9c Jd]
Jesse1905: checks 
equilibrium_tv: bets $6.11
Jesse1905: calls $6.11
*** TURN *** [Qd 9c Jd] [2s]
Jesse1905: checks 
equilibrium_tv: bets $19.89
Jesse1905: calls $19.89
*** RIVER *** [Qd 9c Jd 2s] [Qh]
Jesse1905: checks 
equilibrium_tv: bets $43.50 and is all-in
Jesse1905: folds 
Uncalled bet ($43.50) returned to equilibrium_tv
equilibrium_tv collected $69 from pot
*** SUMMARY ***
Total pot $71.50 | Rake $2.50 
Board [Qd 9c Jd 2s Qh]
Seat 6: skars07
Seat 1: XneferX folded before Flop (didn't bet)
Seat 2: Jesse1905 folded on the River
Seat 3: equilibrium_tv (button) collected ($69)
Seat 4: G.Andrei95 (small blind) folded before Flop
Seat 5: m0nTTu (big blind) folded before Flop



PokerStars Hand #254777133662:  Hold'em No Limit ($0.50/$1.00 USD) - 2025/02/08 2:09:36 WET [2025/02/08 21:09:36 ET]
Table 'Outeniqua' 6-max Seat #4 is the button
Seat 1: XneferX ($104.52 in chips) 
Seat 2: Jesse1905 ($50.81 in chips) 
Seat 3: equilibrium_tv ($112.50 in chips) 
Seat 4: G.Andrei95 ($100 in chips) 
Seat 5: m0nTTu ($79 in chips) 
Seat 6: skars07 ($100 in chips) 
m0nTTu: posts small blind $0.50
skars07: posts big blind $1
*** HOLE CARDS ***
XneferX: folds 
Jesse1905: raises $2 to $3
equilibrium_tv: folds 
G.Andrei95: folds 
m0nTTu: folds 
skars07: folds 
Uncalled bet ($2) returned to Jesse1905
Jesse1905 collected $2.50 from pot
*** SUMMARY ***
Total pot $2.50 | Rake $0 
Seat 1: XneferX folded before Flop (didn't bet)
Seat 2: Jesse1905 collected ($2.50)
Seat 3: equilibrium_tv folded before Flop (didn't bet)
Seat 4: G.Andrei95 (button) folded before Flop (didn't bet)
Seat 5: m0nTTu (small blind) folded before Flop
Seat 6: skars07 (big blind) folded before Flop



PokerStars Hand #254777136469:  Hold'em No Limit ($0.50/$1.00 USD) - 2025/02/08 2:09:53 WET [2025/02/08 21:09:53 ET]
Table 'Outeniqua' 6-max Seat #5 is the button
Seat 1: XneferX ($104.52 in chips) 
Seat 2: Jesse1905 ($52.31 in chips) 
Seat 3: equilibrium_tv ($112.50 in chips) 
Seat 4: G.Andrei95 ($100 in chips) 
Seat 5: m0nTTu ($100 in chips) 
Seat 6: skars07 ($100 in chips) 
skars07: posts small blind $0.50
XneferX: posts big blind $1
*** HOLE CARDS ***
Jesse1905: raises $2 to $3
equilibrium_tv: folds 
G.Andrei95: raises $4.50 to $7.50
m0nTTu: folds 
skars07: folds 
XneferX: folds 
Jesse1905: calls $4.50
*** FLOP *** [Td Qs Jd]
Jesse1905: checks 
G.Andrei95: checks 
*** TURN *** [Td Qs Jd] [2s]
Jesse1905: checks 
G.Andrei95: checks 
*** RIVER *** [Td Qs Jd 2s] [Qd]
Jesse1905: checks 
G.Andrei95: checks 
*** SHOW DOWN ***
Jesse1905: shows [9h Ah] (a pair of Queens)
G.Andrei95: shows [Jc Ks] (two pair, Queens and Jacks)
G.Andrei95 collected $15.68 from pot
*** SUMMARY ***
Total pot $16.50 | Rake $0.82 
Board [Td Qs Jd 2s Qd]
Seat 1: XneferX (big blind) folded before Flop
Seat 2: Jesse1905 showed [9h Ah] and lost with a pair of Queens
Seat 3: equilibrium_tv folded before Flop (didn't bet)
Seat 4: G.Andrei95 showed [Jc Ks] and won ($15.68) with two pair, Queens and Jacks
Seat 5: m0nTTu (button) folded before Flop (didn't bet)
Seat 6: skars07 (small blind) folded before Flop



PokerStars Hand #254777145313:  Hold'em No Limit ($0.50/$1.00 USD) - 2025/02/08 2:10:46 WET [2025/02/08 21:10:46 ET]
Table 'Outeniqua' 6-max Seat #6 is the button
Seat 1: XneferX ($103.52 in chips) 
Seat 2: Jesse1905 ($44.81 in chips) 
Seat 3: equilibrium_tv ($112.50 in chips) 
Seat 4: G.Andrei95 ($108.18 in chips) 
Seat 5: m0nTTu ($100 in chips) 
Seat 6: skars07 ($100 in chips) 
XneferX: posts small blind $0.50
Jesse1905: posts big blind $1
*** HOLE CARDS ***
equilibrium_tv: folds 
G.Andrei95: raises $1.50 to $2.50
m0nTTu: folds 
skars07: folds 
XneferX: folds 
Jesse1905: calls $1.50
*** FLOP *** [Qs 8s 9s]
Jesse1905: bets $2.61
G.Andrei95: raises $3.39 to $6
Jesse1905: calls $3.39
*** TURN *** [Qs 8s 9s] [Ts]
Jesse1905: bets $8.31
G.Andrei95: calls $8.31
*** RIVER *** [Qs 8s 9s Ts] [Jd]
Jesse1905: bets $28 and is all-in
G.Andrei95 has timed out
G.Andrei95: folds 
Uncalled bet ($28) returned to Jesse1905
Jesse1905 collected $32.41 from pot
*** SUMMARY ***
Total pot $34.12 | Rake $1.71 
Board [Qs 8s 9s Ts Jd]
Seat 1: XneferX (small blind) folded before Flop
Seat 2: Jesse1905 (big blind) collected ($32.41)
Seat 3: equilibrium_tv folded before Flop (didn't bet)
Seat 4: G.Andrei95 folded on the River
Seat 5: m0nTTu folded before Flop (didn't bet)
Seat 6: skars07 (button) folded before Flop (didn't bet)



PokerStars Hand #254777160513:  Hold'em No Limit ($0.50/$1.00 USD) - 2025/02/08 2:12:17 WET [2025/02/08 21:12:17 ET]
Table 'Outeniqua' 6-max Seat #1 is the button
Seat 1: XneferX ($103.02 in chips) 
Seat 2: Jesse1905 ($60.41 in chips) 
Seat 3: equilibrium_tv ($112.50 in chips) 
Seat 4: G.Andrei95 ($100 in chips) 
Seat 5: m0nTTu ($100 in chips) 
Seat 6: skars07 ($100 in chips) 
Jesse1905: posts small blind $0.50
equilibrium_tv: posts big blind $1
*** HOLE CARDS ***
G.Andrei95: folds 
m0nTTu: folds 
skars07: folds 
XneferX: folds 
Jesse1905: raises $2 to $3
equilibrium_tv: folds 
Uncalled bet ($2) returned to Jesse1905
Jesse1905 collected $2 from pot
*** SUMMARY ***
Total pot $2 | Rake $0 
Seat 1: XneferX (button) folded before Flop (didn't bet)
Seat 2: Jesse1905 (small blind) collected ($2)
Seat 3: equilibrium_tv (big blind) folded before Flop
Seat 4: G.Andrei95 folded before Flop (didn't bet)
Seat 5: m0nTTu folded before Flop (didn't bet)
Seat 6: skars07 folded before Flop (didn't bet)



PokerStars Hand #254777163486:  Hold'em No Limit ($0.50/$1.00 USD) - 2025/02/08 2:12:35 WET [2025/02/08 21:12:35 ET]
Table 'Outeniqua' 6-max Seat #2 is the button
Seat 1: XneferX ($103.02 in chips) 
Seat 2: Jesse1905 ($61.41 in chips) 
Seat 3: equilibrium_tv ($111.50 in chips) 
Seat 4: G.Andrei95 ($100 in chips) 
Seat 5: m0nTTu ($100 in chips) 
Seat 6: skars07 ($100 in chips) 
equilibrium_tv: posts small blind $0.50
G.Andrei95: posts big blind $1
*** HOLE CARDS ***
m0nTTu: folds 
skars07: folds 
XneferX: folds 
Jesse1905: raises $2 to $3
equilibrium_tv: calls $2.50
G.Andrei95: folds 
*** FLOP *** [8d 3h Kc]
equilibrium_tv: checks 
Jesse1905: bets $3.33
equilibrium_tv: folds 
Uncalled bet ($3.33) returned to Jesse1905
Jesse1905 collected $6.65 from pot
*** SUMMARY ***
Total pot $7 | Rake $0.35 
Board [8d 3h Kc]
Seat 1: XneferX folded before Flop (didn't bet)
Seat 2: Jesse1905 (button) collected ($6.65)
Seat 3: equilibrium_tv (small blind) folded on the Flop
Seat 4: G.Andrei95 (big blind) folded before Flop
Seat 5: m0nTTu folded before Flop (didn't bet)
Seat 6: skars07 folded before Flop (didn't bet)



PokerStars Hand #254777169016:  Hold'em No Limit ($0.50/$1.00 USD) - 2025/02/08 2:13:09 WET [2025/02/08 21:13:09 ET]
Table 'Outeniqua' 6-max Seat #3 is the button
Seat 1: XneferX ($103.02 in chips) 
Seat 2: Jesse1905 ($65.06 in chips) 
Seat 3: equilibrium_tv ($108.50 in chips) 
Seat 4: G.Andrei95 ($100 in chips) 
Seat 5: m0nTTu ($100 in chips) 
Seat 6: skars07 ($100 in chips) 
G.Andrei95: posts small blind $0.50
m0nTTu: posts big blind $1
*** HOLE CARDS ***
skars07: folds 
XneferX: folds 
Jesse1905: raises $2 to $3
equilibrium_tv: folds 
G.Andrei95: folds 
m0nTTu: calls $2
*** FLOP *** [Ts Qh 4s]
m0nTTu: checks 
Jesse1905: bets $3.09
m0nTTu: calls $3.09
*** TURN *** [Ts Qh 4s] [Ks]
m0nTTu: checks 
Jesse1905: checks 
*** RIVER *** [Ts Qh 4s Ks] [8h]
m0nTTu: checks 
Jesse1905: checks 
*** SHOW DOWN ***
m0nTTu: shows [Tc Ad] (a pair of Tens)
Jesse1905: mucks hand 
m0nTTu collected $12.05 from pot
*** SUMMARY ***
Total pot $12.68 | Rake $0.63 
Board [Ts Qh 4s Ks 8h]
Seat 1: XneferX folded before Flop (didn't bet)
Seat 2: Jesse1905 mucked
Seat 3: equilibrium_tv (button) folded before Flop (didn't bet)
Seat 4: G.Andrei95 (small blind) folded before Flop
Seat 5: m0nTTu (big blind) showed [Tc Ad] and won ($12.05) with a pair of Tens
Seat 6: skars07 folded before Flop (didn't bet)



PokerStars Hand #254777182720:  Hold'em No Limit ($0.50/$1.00 USD) - 2025/02/08 2:14:32 WET [2025/02/08 21:14:32 ET]
Table 'Outeniqua' 6-max Seat #4 is the button
Seat 1: XneferX ($103.02 in chips) 
Seat 2: Jesse1905 ($58.97 in chips) 
Seat 3: equilibrium_tv ($108.50 in chips) 
Seat 4: G.Andrei95 ($100 in chips) 
Seat 5: m0nTTu ($105.96 in chips) 
Seat 6: skars07 ($100 in chips) 
m0nTTu: posts small blind $0.50
skars07: posts big blind $1
*** HOLE CARDS ***
XneferX: folds 
Jesse1905: folds 
equilibrium_tv: raises $1.50 to $2.50
G.Andrei95: folds 
m0nTTu: folds 
skars07: calls $1.50
*** FLOP *** [Ad 6d 8h]
skars07: checks 
equilibrium_tv: checks 
*** TURN *** [Ad 6d 8h] [9s]
skars07: bets $3.92
equilibrium_tv: calls $3.92
*** RIVER *** [Ad 6d 8h 9s] [Qs]
skars07: bets $9.50
equilibrium_tv: folds 
Uncalled bet ($9.50) returned to skars07
skars07 collected $12.67 from pot
skars07: doesn't show hand 
*** SUMMARY ***
Total pot $13.34 | Rake $0.67 
Board [Ad 6d 8h 9s Qs]
Seat 1: XneferX folded before Flop (didn't bet)
Seat 2: Jesse1905 folded before Flop (didn't bet)
Seat 3: equilibrium_tv folded on the River
Seat 4: G.Andrei95 (button) folded before Flop (didn't bet)
Seat 5: m0nTTu (small blind) folded before Flop
Seat 6: skars07 (big blind) collected ($12.67)



PokerStars Hand #254777193089:  Hold'em No Limit ($0.50/$1.00 USD) - 2025/02/08 2:15:36 WET [2025/02/08 21:15:36 ET]
Table 'Outeniqua' 6-max Seat #5 is the button
Seat 1: XneferX ($103.02 in chips) 
Seat 2: Jesse1905 ($58.97 in chips) 
Seat 3: equilibrium_tv ($102.08 in chips) 
Seat 4: G.Andrei95 ($100 in chips) 
Seat 5: m0nTTu ($105.46 in chips) 
Seat 6: skars07 ($106.25 in chips) 
skars07: posts small blind $0.50
XneferX: posts big blind $1
*** HOLE CARDS ***
Jesse1905: raises $2 to $3
equilibrium_tv: folds 
G.Andrei95: folds 
m0nTTu: folds 
skars07: raises $7 to $10
XneferX: folds 
Jesse1905: calls $7
*** FLOP *** [3c Ks As]
skars07: checks 
Jesse1905: checks 
*** TURN *** [3c Ks As] [7c]
skars07: checks 
Jesse1905: checks 
*** RIVER *** [3c Ks As 7c] [Ts]
skars07: checks 
Jesse1905: bets $19.95
skars07: folds 
Uncalled bet ($19.95) returned to Jesse1905
Jesse1905 collected $19.95 from pot
*** SUMMARY ***
Total pot $21 | Rake $1.05 
Board [3c Ks As 7c Ts]
Seat 1: XneferX (big blind) folded before Flop
Seat 2: Jesse1905 collected ($19.95)
Seat 3: equilibrium_tv folded before Flop (didn't bet)
Seat 4: G.Andrei95 folded before Flop (didn't bet)
Seat 5: m0nTTu (button) folded before Flop (didn't bet)
Seat 6: skars07 (small blind) folded on the River



PokerStars Hand #254777202689:  Hold'em No Limit ($0.50/$1.00 USD) - 2025/02/08 2:16:35 WET [2025/02/08 21:16:35 ET]
Table 'Outeniqua' 6-max Seat #6 is the button
Seat 1: XneferX ($102.02 in chips) 
Seat 2: Jesse1905 ($68.92 in chips) 
Seat 3: equilibrium_tv ($102.08 in chips) 
Seat 4: G.Andrei95 ($100 in chips) 
Seat 5: m0nTTu ($105.46 in chips) 
Seat 6: skars07 ($100 in chips) 
XneferX: posts small blind $0.50
Jesse1905: posts big blind $1
*** HOLE CARDS ***
equilibrium_tv: folds 
G.Andrei95: folds 
m0nTTu: folds 
skars07: folds 
XneferX: calls $0.50
Jesse1905: raises $2 to $3
XneferX: calls $2
*** FLOP *** [4d 7s 4c]
XneferX: checks 
Jesse1905: bets $2.85
XneferX: calls $2.85
*** TURN *** [4d 7s 4c] [3d]
XneferX: checks 
Jesse1905: bets $5.56
XneferX: folds 
Uncalled bet ($5.56) returned to Jesse1905
Jesse1905 collected $11.12 from pot
*** SUMMARY ***
Total pot $11.70 | Rake $0.58 
Board [4d 7s 4c 3d]
Seat 1: XneferX (small blind) folded on the Turn
Seat 2: Jesse1905 (big blind) collected ($11.12)
Seat 3: equilibrium_tv folded before Flop (didn't bet)
Seat 4: G.Andrei95 folded before Flop (didn't bet)
Seat 5: m0nTTu folded before Flop (didn't bet)
Seat 6: skars07 (button) folded before Flop (didn't bet)



PokerStars Hand #254777213454:  Hold'em No Limit ($0.50/$1.00 USD) - 2025/02/08 2:17:42 WET [2025/02/08 21:17:42 ET]
Table 'Outeniqua' 6-max Seat #1 is the button
Seat 1: XneferX ($100 in chips) 
Seat 2: Jesse1905 ($74.19 in chips) 
Seat 3: equilibrium_tv ($102.08 in chips) 
Seat 4: G.Andrei95 ($100 in chips) 
Seat 5: m0nTTu ($105.46 in chips) 
Seat 6: skars07 ($100 in chips) 
Jesse1905: posts small blind $0.50
equilibrium_tv: posts big blind $1
*** HOLE CARDS ***
G.Andrei95: raises $1.50 to $2.50
m0nTTu: calls $2.50
skars07: folds 
XneferX: folds 
Jesse1905: calls $2
equilibrium_tv: folds 
*** FLOP *** [Js 3d 9h]
Jesse1905: bets $4.04
G.Andrei95: raises $6.46 to $10.50
m0nTTu: folds 
Jesse1905: calls $6.46
*** TURN *** [Js 3d 9h] [5c]
Jesse1905: checks 
G.Andrei95: checks 
*** RIVER *** [Js 3d 9h 5c] [2h]
Jesse1905: checks 
G.Andrei95: bets $4.50
Jesse1905: calls $4.50
*** SHOW DOWN ***
G.Andrei95: shows [7c 7d] (a pair of Sevens)
Jesse1905: mucks hand 
G.Andrei95 collected $36.58 from pot
*** SUMMARY ***
Total pot $38.50 | Rake $1.92 
Board [Js 3d 9h 5c 2h]
Seat 1: XneferX (button) folded before Flop (didn't bet)
Seat 2: Jesse1905 (small blind) mucked
Seat 3: equilibrium_tv (big blind) folded before Flop
Seat 4: G.Andrei95 showed [7c 7d] and won ($36.58) with a pair of Sevens
Seat 5: m0nTTu folded on the Flop
Seat 6: skars07 folded before Flop (didn't bet)



PokerStars Hand #254777232777:  Hold'em No Limit ($0.50/$1.00 USD) - 2025/02/08 2:19:41 WET [2025/02/08 21:19:41 ET]
Table 'Outeniqua' 6-max Seat #2 is the button
Seat 1: XneferX ($100 in chips) 
Seat 2: Jesse1905 ($56.69 in chips) 
Seat 3: equilibrium_tv ($101.08 in chips) 
Seat 4: G.Andrei95 ($119.08 in chips) 
Seat 5: m0nTTu ($102.96 in chips) 
Seat 6: skars07 ($100 in chips) 
equilibrium_tv: posts small blind $0.50
G.Andrei95: posts big blind $1
*** HOLE CARDS ***
m0nTTu: folds 
skars07: raises $1.50 to $2.50
XneferX: folds 
Jesse1905: calls $2.50
equilibrium_tv: folds 
G.Andrei95: folds 
*** FLOP *** [Qd 2h 6d]
skars07: bets $3.09
Jesse1905: raises $6.18 to $9.27
skars07: raises $16.23 to $25.50
Jesse1905: folds 
Uncalled bet ($16.23) returned to skars07
skars07 collected $23.79 from pot
skars07: doesn't show hand 
*** SUMMARY ***
Total pot $25.04 | Rake $1.25 
Board [Qd 2h 6d]
Seat 1: XneferX folded before Flop (didn't bet)
Seat 2: Jesse1905 (button) folded on the Flop
Seat 3: equilibrium_tv (small blind) folded before Flop
Seat 4: G.Andrei95 (big blind) folded before Flop
Seat 5: m0nTTu folded before Flop (didn't bet)
Seat 6: skars07 collected ($23.79)



PokerStars Hand #254777245840:  Hold'em No Limit ($0.50/$1.00 USD) - 2025/02/08 2:21:02 WET [2025/02/08 21:21:02 ET]
Table 'Outeniqua' 6-max Seat #3 is the button
Seat 1: XneferX ($100 in chips) 
Seat 2: Jesse1905 ($44.92 in chips) 
Seat 3: equilibrium_tv ($100.58 in chips) 
Seat 4: G.Andrei95 ($118.08 in chips) 
Seat 5: m0nTTu ($102.96 in chips) 
Seat 6: skars07 ($112.02 in chips) 
G.Andrei95: posts small blind $0.50
m0nTTu: posts big blind $1
*** HOLE CARDS ***
skars07: raises $1.50 to $2.50
XneferX: folds 
Jesse1905: calls $2.50
equilibrium_tv: folds 
G.Andrei95: calls $2
m0nTTu: folds 
*** FLOP *** [Ad As Ts]
G.Andrei95: checks 
skars07: bets $2.67
Jesse1905: folds 
G.Andrei95: folds 
Uncalled bet ($2.67) returned to skars07
skars07 collected $8.08 from pot
skars07: doesn't show hand 
*** SUMMARY ***
Total pot $8.50 | Rake $0.42 
Board [Ad As Ts]
Seat 1: XneferX folded before Flop (didn't bet)
Seat 2: Jesse1905 folded on the Flop
Seat 3: equilibrium_tv (button) folded before Flop (didn't bet)
Seat 4: G.Andrei95 (small blind) folded on the Flop
Seat 5: m0nTTu (big blind) folded before Flop
Seat 6: skars07 collected ($8.08)



PokerStars Hand #254777258826:  Hold'em No Limit ($0.50/$1.00 USD) - 2025/02/08 2:22:23 WET [2025/02/08 21:22:23 ET]
Table 'Outeniqua' 6-max Seat #4 is the button
Seat 1: XneferX ($100 in chips) 
Seat 2: Jesse1905 ($42.42 in chips) 
Seat 3: equilibrium_tv ($100.58 in chips) 
Seat 4: G.Andrei95 ($115.58 in chips) 
Seat 5: m0nTTu ($101.96 in chips) 
Seat 6: skars07 ($117.60 in chips) 
m0nTTu: posts small blind $0.50
skars07: posts big blind $1
*** HOLE CARDS ***
XneferX: folds 
Jesse1905: raises $2 to $3
equilibrium_tv: folds 
G.Andrei95: folds 
m0nTTu: folds 
skars07: folds 
Uncalled bet ($2) returned to Jesse1905
Jesse1905 collected $2.50 from pot
*** SUMMARY ***
Total pot $2.50 | Rake $0 
Seat 1: XneferX folded before Flop (didn't bet)
Seat 2: Jesse1905 collected ($2.50)
Seat 3: equilibrium_tv folded before Flop (didn't bet)
Seat 4: G.Andrei95 (button) folded before Flop (didn't bet)
Seat 5: m0nTTu (small blind) folded before Flop
Seat 6: skars07 (big blind) folded before Flop



PokerStars Hand #254777300262:  Hold'em No Limit ($0.50/$1.00 USD) - 2025/02/08 2:26:47 WET [2025/02/08 21:26:47 ET]
Table 'Outeniqua' 6-max Seat #2 is the button
Seat 1: XneferX ($100 in chips) 
Seat 2: Jesse1905 ($47.35 in chips) 
Seat 3: equilibrium_tv ($78.16 in chips) 
Seat 4: G.Andrei95 ($100 in chips) 
Seat 5: m0nTTu ($101.46 in chips) 
Seat 6: skars07 ($153.60 in chips) 
equilibrium_tv: posts small blind $0.50
G.Andrei95: posts big blind $1
*** HOLE CARDS ***
m0nTTu: folds 
skars07: folds 
XneferX: raises $1.30 to $2.30
Jesse1905: calls $2.30
equilibrium_tv: raises $9.70 to $12
G.Andrei95: folds 
XneferX: calls $9.70
Jesse1905: calls $9.70
*** FLOP *** [Th 4d Jc]
equilibrium_tv: bets $11.60
XneferX: raises $76.40 to $88 and is all-in
Jesse1905: folds 
equilibrium_tv: folds 
Uncalled bet ($76.40) returned to XneferX
XneferX collected $57.70 from pot
XneferX: doesn't show hand 
*** SUMMARY ***
Total pot $60.20 | Rake $2.50 
Board [Th 4d Jc]
Seat 1: XneferX collected ($57.70)
Seat 2: Jesse1905 (button) folded on the Flop
Seat 3: equilibrium_tv (small blind) folded on the Flop
Seat 4: G.Andrei95 (big blind) folded before Flop
Seat 5: m0nTTu folded before Flop (didn't bet)
Seat 6: skars07 folded before Flop (didn't bet)



PokerStars Hand #254777313537:  Hold'em No Limit ($0.50/$1.00 USD) - 2025/02/08 2:28:12 WET [2025/02/08 21:28:12 ET]
Table 'Outeniqua' 6-max Seat #3 is the button
Seat 1: XneferX ($134.10 in chips) 
Seat 2: Jesse1905 ($35.35 in chips) 
Seat 3: equilibrium_tv ($54.56 in chips) 
Seat 4: G.Andrei95 ($100 in chips) 
Seat 5: m0nTTu ($101.46 in chips) 
Seat 6: skars07 ($153.60 in chips) 
G.Andrei95: posts small blind $0.50
m0nTTu: posts big blind $1
*** HOLE CARDS ***
skars07: raises $1.50 to $2.50
XneferX: folds 
Jesse1905: raises $6.50 to $9
equilibrium_tv: folds 
G.Andrei95: folds 
m0nTTu: folds 
skars07: folds 
Uncalled bet ($6.50) returned to Jesse1905
Jesse1905 collected $6.50 from pot
*** SUMMARY ***
Total pot $6.50 | Rake $0 
Seat 1: XneferX folded before Flop (didn't bet)
Seat 2: Jesse1905 collected ($6.50)
Seat 3: equilibrium_tv (button) folded before Flop (didn't bet)
Seat 4: G.Andrei95 (small blind) folded before Flop
Seat 5: m0nTTu (big blind) folded before Flop
Seat 6: skars07 folded before Flop



PokerStars Hand #254777317243:  Hold'em No Limit ($0.50/$1.00 USD) - 2025/02/08 2:28:35 WET [2025/02/08 21:28:35 ET]
Table 'Outeniqua' 6-max Seat #4 is the button
Seat 1: XneferX ($134.10 in chips) 
Seat 2: Jesse1905 ($39.35 in chips) 
Seat 3: equilibrium_tv ($54.56 in chips) 
Seat 4: G.Andrei95 ($100 in chips) 
Seat 5: m0nTTu ($100.46 in chips) 
Seat 6: skars07 ($151.10 in chips) 
m0nTTu: posts small blind $0.50
skars07: posts big blind $1
*** HOLE CARDS ***
XneferX: folds 
Jesse1905: calls $1
equilibrium_tv: folds 
G.Andrei95: folds 
m0nTTu: folds 
skars07: checks 
*** FLOP *** [2d 9c Ks]
skars07: checks 
Jesse1905: bets $1.19
skars07: folds 
Uncalled bet ($1.19) returned to Jesse1905
Jesse1905 collected $2.38 from pot
*** SUMMARY ***
Total pot $2.50 | Rake $0.12 
Board [2d 9c Ks]
Seat 1: XneferX folded before Flop (didn't bet)
Seat 2: Jesse1905 collected ($2.38)
Seat 3: equilibrium_tv folded before Flop (didn't bet)
Seat 4: G.Andrei95 (button) folded before Flop (didn't bet)
Seat 5: m0nTTu (small blind) folded before Flop
Seat 6: skars07 (big blind) folded on the Flop



PokerStars Hand #254777322932:  Hold'em No Limit ($0.50/$1.00 USD) - 2025/02/08 2:29:12 WET [2025/02/08 21:29:12 ET]
Table 'Outeniqua' 6-max Seat #5 is the button
Seat 1: XneferX ($134.10 in chips) 
Seat 2: Jesse1905 ($40.73 in chips) 
Seat 3: equilibrium_tv ($54.56 in chips) 
Seat 4: G.Andrei95 ($100 in chips) 
Seat 5: m0nTTu ($99.96 in chips) 
Seat 6: skars07 ($150.10 in chips) 
skars07: posts small blind $0.50
XneferX: posts big blind $1
*** HOLE CARDS ***
Jesse1905: raises $2 to $3
equilibrium_tv: folds 
G.Andrei95: folds 
m0nTTu: calls $3
skars07: folds 
XneferX: folds 
*** FLOP *** [2s As Qh]
Jesse1905: bets $3.56
m0nTTu: calls $3.56
*** TURN *** [2s As Qh] [6h]
Jesse1905: bets $6.95
m0nTTu: calls $6.95
*** RIVER *** [2s As Qh 6h] [9d]
Jesse1905: bets $13.55
m0nTTu: calls $13.55
*** SHOW DOWN ***
Jesse1905: shows [Ac 2d] (two pair, Aces and Deuces)
m0nTTu: mucks hand 
Jesse1905 collected $53.12 from pot
*** SUMMARY ***
Total pot $55.62 | Rake $2.50 
Board [2s As Qh 6h 9d]
Seat 1: XneferX (big blind) folded before Flop
Seat 2: Jesse1905 showed [Ac 2d] and won ($53.12) with two pair, Aces and Deuces
Seat 3: equilibrium_tv folded before Flop (didn't bet)
Seat 4: G.Andrei95 folded before Flop (didn't bet)
Seat 5: m0nTTu (button) mucked
Seat 6: skars07 (small blind) folded before Flop



PokerStars Hand #254777331726:  Hold'em No Limit ($0.50/$1.00 USD) - 2025/02/08 2:30:08 WET [2025/02/08 21:30:08 ET]
Table 'Outeniqua' 6-max Seat #6 is the button
Seat 1: XneferX ($133.10 in chips) 
Seat 2: Jesse1905 ($66.79 in chips) 
Seat 3: equilibrium_tv ($54.56 in chips) 
Seat 4: G.Andrei95 ($100 in chips) 
Seat 5: m0nTTu ($72.90 in chips) 
Seat 6: skars07 ($149.60 in chips) 
XneferX: posts small blind $0.50
Jesse1905: posts big blind $1
*** HOLE CARDS ***
equilibrium_tv: folds 
G.Andrei95: folds 
m0nTTu: folds 
skars07: folds 
XneferX: raises $2 to $3
Jesse1905: raises $6 to $9
XneferX: calls $6
*** FLOP *** [9s 5d 5c]
XneferX: checks 
Jesse1905: bets $8.55
XneferX: folds 
Uncalled bet ($8.55) returned to Jesse1905
Jesse1905 collected $17.10 from pot
*** SUMMARY ***
Total pot $18 | Rake $0.90 
Board [9s 5d 5c]
Seat 1: XneferX (small blind) folded on the Flop
Seat 2: Jesse1905 (big blind) collected ($17.10)
Seat 3: equilibrium_tv folded before Flop (didn't bet)
Seat 4: G.Andrei95 folded before Flop (didn't bet)
Seat 5: m0nTTu folded before Flop (didn't bet)
Seat 6: skars07 (button) folded before Flop (didn't bet)



PokerStars Hand #254777341167:  Hold'em No Limit ($0.50/$1.00 USD) - 2025/02/08 2:31:09 WET [2025/02/08 21:31:09 ET]
Table 'Outeniqua' 6-max Seat #1 is the button
Seat 1: XneferX ($124.10 in chips) 
Seat 2: Jesse1905 ($74.89 in chips) 
Seat 3: equilibrium_tv ($54.56 in chips) 
Seat 4: G.Andrei95 ($100 in chips) 
Seat 5: m0nTTu ($100 in chips) 
Seat 6: skars07 ($149.60 in chips) 
Jesse1905: posts small blind $0.50
equilibrium_tv: posts big blind $1
*** HOLE CARDS ***
G.Andrei95: folds 
m0nTTu: folds 
skars07: folds 
XneferX: folds 
Jesse1905: raises $2 to $3
equilibrium_tv: folds 
Uncalled bet ($2) returned to Jesse1905
Jesse1905 collected $2 from pot
*** SUMMARY ***
Total pot $2 | Rake $0 
Seat 1: XneferX (button) folded before Flop (didn't bet)
Seat 2: Jesse1905 (small blind) collected ($2)
Seat 3: equilibrium_tv (big blind) folded before Flop
Seat 4: G.Andrei95 folded before Flop (didn't bet)
Seat 5: m0nTTu folded before Flop (didn't bet)
Seat 6: skars07 folded before Flop (didn't bet)



PokerStars Hand #254777344315:  Hold'em No Limit ($0.50/$1.00 USD) - 2025/02/08 2:31:29 WET [2025/02/08 21:31:29 ET]
Table 'Outeniqua' 6-max Seat #2 is the button
Seat 1: XneferX ($124.10 in chips) 
Seat 2: Jesse1905 ($75.89 in chips) 
Seat 3: equilibrium_tv ($74.56 in chips) 
Seat 4: G.Andrei95 ($100 in chips) 
Seat 5: m0nTTu ($100 in chips) 
Seat 6: skars07 ($149.60 in chips) 
equilibrium_tv: posts small blind $0.50
G.Andrei95: posts big blind $1
*** HOLE CARDS ***
m0nTTu: folds 
skars07: raises $1.50 to $2.50
XneferX: folds 
Jesse1905: calls $2.50
equilibrium_tv: folds 
G.Andrei95: folds 
*** FLOP *** [3s Ts Qh]
skars07: bets $1.54
Jesse1905: calls $1.54
*** TURN *** [3s Ts Qh] [2h]
skars07: bets $4.55
Jesse1905: folds 
Uncalled bet ($4.55) returned to skars07
skars07 collected $9.10 from pot
skars07: doesn't show hand 
*** SUMMARY ***
Total pot $9.58 | Rake $0.48 
Board [3s Ts Qh 2h]
Seat 1: XneferX folded before Flop (didn't bet)
Seat 2: Jesse1905 (button) folded on the Turn
Seat 3: equilibrium_tv (small blind) folded before Flop
Seat 4: G.Andrei95 (big blind) folded before Flop
Seat 5: m0nTTu folded before Flop (didn't bet)
Seat 6: skars07 collected ($9.10)



PokerStars Hand #254777354508:  Hold'em No Limit ($0.50/$1.00 USD) - 2025/02/08 2:32:35 WET [2025/02/08 21:32:35 ET]
Table 'Outeniqua' 6-max Seat #3 is the button
Seat 1: XneferX ($124.10 in chips) 
Seat 2: Jesse1905 ($71.85 in chips) 
Seat 3: equilibrium_tv ($74.07 in chips) 
Seat 4: G.Andrei95 ($100 in chips) 
Seat 5: m0nTTu ($100 in chips) 
Seat 6: skars07 ($154.66 in chips) 
G.Andrei95: posts small blind $0.50
m0nTTu: posts big blind $1
*** HOLE CARDS ***
skars07: folds 
XneferX: folds 
Jesse1905: raises $2.50 to $3.50
equilibrium_tv: folds 
G.Andrei95: folds 
m0nTTu: folds 
Uncalled bet ($2.50) returned to Jesse1905
Jesse1905 collected $2.50 from pot
*** SUMMARY ***
Total pot $2.50 | Rake $0 
Seat 1: XneferX folded before Flop (didn't bet)
Seat 2: Jesse1905 collected ($2.50)
Seat 3: equilibrium_tv (button) folded before Flop (didn't bet)
Seat 4: G.Andrei95 (small blind) folded before Flop
Seat 5: m0nTTu (big blind) folded before Flop
Seat 6: skars07 folded before Flop (didn't bet)



PokerStars Hand #254777357605:  Hold'em No Limit ($0.50/$1.00 USD) - 2025/02/08 2:32:55 WET [2025/02/08 21:32:55 ET]
Table 'Outeniqua' 6-max Seat #4 is the button
Seat 1: XneferX ($124.10 in chips) 
Seat 2: Jesse1905 ($73.35 in chips) 
Seat 3: equilibrium_tv ($74.07 in chips) 
Seat 4: G.Andrei95 ($100 in chips) 
Seat 5: m0nTTu ($99 in chips) 
Seat 6: skars07 ($154.66 in chips) 
m0nTTu: posts small blind $0.50
skars07: posts big blind $1
*** HOLE CARDS ***
XneferX: folds 
Jesse1905: raises $2 to $3
equilibrium_tv: folds 
G.Andrei95: folds 
m0nTTu: folds 
skars07: folds 
Uncalled bet ($2) returned to Jesse1905
Jesse1905 collected $2.50 from pot
*** SUMMARY ***
Total pot $2.50 | Rake $0 
Seat 1: XneferX folded before Flop (didn't bet)
Seat 2: Jesse1905 collected ($2.50)
Seat 3: equilibrium_tv folded before Flop (didn't bet)
Seat 4: G.Andrei95 (button) folded before Flop (didn't bet)
Seat 5: m0nTTu (small blind) folded before Flop
Seat 6: skars07 (big blind) folded before Flop



PokerStars Hand #254777360201:  Hold'em No Limit ($0.50/$1.00 USD) - 2025/02/08 2:33:12 WET [2025/02/08 21:33:12 ET]
Table 'Outeniqua' 6-max Seat #5 is the button
Seat 1: XneferX ($124.10 in chips) 
Seat 2: Jesse1905 ($74.85 in chips) 
Seat 3: equilibrium_tv ($74.07 in chips) 
Seat 4: G.Andrei95 ($100 in chips) 
Seat 5: m0nTTu ($100 in chips) 
Seat 6: skars07 ($153.66 in chips) 
skars07: posts small blind $0.50
XneferX: posts big blind $1
*** HOLE CARDS ***
Jesse1905: raises $2 to $3
equilibrium_tv: raises $6 to $9
G.Andrei95: folds 
m0nTTu: folds 
skars07: folds 
XneferX: folds 
Jesse1905: calls $6
*** FLOP *** [4d 6c 2c]
Jesse1905: bets $9.26
equilibrium_tv: raises $11.24 to $20.50
Jesse1905: calls $11.24
*** TURN *** [4d 6c 2c] [Tc]
Jesse1905: bets $29
equilibrium_tv: raises $15.57 to $44.57 and is all-in
Jesse1905: calls $15.57
*** RIVER *** [4d 6c 2c Tc] [Ad]
*** SHOW DOWN ***
Jesse1905: shows [Jh 5d] (high card Ace)
equilibrium_tv: shows [Qc Qh] (a pair of Queens)
equilibrium_tv collected $147.14 from pot
Jesse1905 cashed out the hand for $9.84 | Cash Out Fee $0.20
*** SUMMARY ***
Total pot $149.64 | Rake $2.50 
Board [4d 6c 2c Tc Ad]
Seat 1: XneferX (big blind) folded before Flop
Seat 2: Jesse1905 showed [Jh 5d] and lost with high card Ace (cashed out).
Seat 3: equilibrium_tv showed [Qc Qh] and won ($147.14) with a pair of Queens
Seat 4: G.Andrei95 folded before Flop (didn't bet)
Seat 5: m0nTTu (button) folded before Flop (didn't bet)
Seat 6: skars07 (small blind) folded before Flop



PokerStars Hand #254777369877:  Hold'em No Limit ($0.50/$1.00 USD) - 2025/02/08 2:34:16 WET [2025/02/08 21:34:16 ET]
Table 'Outeniqua' 6-max Seat #6 is the button
Seat 1: XneferX ($123.10 in chips) 
Seat 2: Jesse1905 ($10.62 in chips) 
Seat 3: equilibrium_tv ($147.14 in chips) 
Seat 4: G.Andrei95 ($100 in chips) 
Seat 5: m0nTTu ($100 in chips) 
Seat 6: skars07 ($153.16 in chips) 
XneferX: posts small blind $0.50
Jesse1905: posts big blind $1
*** HOLE CARDS ***
equilibrium_tv: folds 
G.Andrei95: raises $1.50 to $2.50
m0nTTu: calls $2.50
skars07: folds 
XneferX: folds 
Jesse1905: raises $8 to $10.50
G.Andrei95: raises $14 to $24.50
m0nTTu: raises $75.50 to $100 and is all-in
Jesse1905: calls $0.12 and is all-in
G.Andrei95: folds 
Uncalled bet ($75.50) returned to m0nTTu
*** FLOP *** [Kd 9d Ts]
*** TURN *** [Kd 9d Ts] [Js]
*** RIVER *** [Kd 9d Ts Js] [2c]
*** SHOW DOWN ***
m0nTTu: shows [Ks Ah] (a pair of Kings)
m0nTTu collected $26.88 from side pot
Jesse1905: shows [As Qs] (a straight, Ten to Ace)
Jesse1905 cashed out the hand for $8.77 | Cash Out Fee $0.18
*** SUMMARY ***
Total pot $60.12 Main pot $30.74. Side pot $26.88. | Rake $2.50 
Board [Kd 9d Ts Js 2c]
Seat 1: XneferX (small blind) folded before Flop
Seat 2: Jesse1905 (big blind) showed [As Qs] and won ($30.74) with a straight, Ten to Ace (pot not awarded as player cashed out)
Seat 3: equilibrium_tv folded before Flop (didn't bet)
Seat 4: G.Andrei95 folded before Flop
Seat 5: m0nTTu showed [Ks Ah] and won ($26.88) with a pair of Kings
Seat 6: skars07 (button) folded before Flop (didn't bet)



PokerStars Hand #254777379071:  Hold'em No Limit ($0.50/$1.00 USD) - 2025/02/08 2:35:15 WET [2025/02/08 21:35:15 ET]
Table 'Outeniqua' 6-max Seat #1 is the button
Seat 1: XneferX ($122.60 in chips) 
Seat 2: Jesse1905 ($8.77 in chips) 
Seat 3: equilibrium_tv ($147.14 in chips) 
Seat 4: G.Andrei95 ($100 in chips) 
Seat 5: m0nTTu ($102.38 in chips) 
Seat 6: skars07 ($153.16 in chips) 
Jesse1905: posts small blind $0.50
equilibrium_tv: posts big blind $1
*** HOLE CARDS ***
G.Andrei95: folds 
m0nTTu: folds 
skars07: folds 
XneferX: folds 
Jesse1905: calls $0.50
equilibrium_tv: checks 
*** FLOP *** [5c 3h 6c]
Jesse1905: bets $1
equilibrium_tv: calls $1
*** TURN *** [5c 3h 6c] [4c]
Jesse1905: bets $1.90
equilibrium_tv: calls $1.90
*** RIVER *** [5c 3h 6c 4c] [7d]
Jesse1905: bets $3.71
equilibrium_tv: raises $3.71 to $7.42
Jesse1905: calls $1.16 and is all-in
Uncalled bet ($2.55) returned to equilibrium_tv
*** SHOW DOWN ***
equilibrium_tv: shows [6d 8s] (a straight, Four to Eight)
Jesse1905: shows [2c Ks] (a straight, Three to Seven)
equilibrium_tv collected $16.66 from pot
*** SUMMARY ***
Total pot $17.54 | Rake $0.88 
Board [5c 3h 6c 4c 7d]
Seat 1: XneferX (button) folded before Flop (didn't bet)
Seat 2: Jesse1905 (small blind) showed [2c Ks] and lost with a straight, Three to Seven
Seat 3: equilibrium_tv (big blind) showed [6d 8s] and won ($16.66) with a straight, Four to Eight
Seat 4: G.Andrei95 folded before Flop (didn't bet)
Seat 5: m0nTTu folded before Flop (didn't bet)
Seat 6: skars07 folded before Flop (didn't bet)



PokerStars Hand #254777384969:  Hold'em No Limit ($0.50/$1.00 USD) - 2025/02/08 2:35:52 WET [2025/02/08 21:35:52 ET]
Table 'Outeniqua' 6-max Seat #3 is the button
Seat 2: Jesse1905 ($0 in chips) is sitting out
Seat 1: XneferX ($122.60 in chips) 
Seat 3: equilibrium_tv ($155.03 in chips) 
Seat 4: G.Andrei95 ($100 in chips) 
Seat 5: m0nTTu ($102.38 in chips) 
Seat 6: skars07 ($153.16 in chips) 
G.Andrei95: posts small blind $0.50
m0nTTu: posts big blind $1
*** HOLE CARDS ***
skars07: raises $1.50 to $2.50
XneferX: folds 
equilibrium_tv: folds 
G.Andrei95: calls $2
m0nTTu: folds 
*** FLOP *** [8s 5h 4s]
Jesse1905 leaves the table
G.Andrei95: checks 
equilibrium_tv leaves the table
skars07: bets $1.88
G.Andrei95: calls $1.88
*** TURN *** [8s 5h 4s] [5d]
G.Andrei95: checks 
skars07: checks 
*** RIVER *** [8s 5h 4s 5d] [3h]
G.Andrei95: bets $6.58
skars07: folds 
Uncalled bet ($6.58) returned to G.Andrei95
skars07 leaves the table
G.Andrei95 collected $9.27 from pot
G.Andrei95: doesn't show hand 
*** SUMMARY ***
Total pot $9.76 | Rake $0.49 
Board [8s 5h 4s 5d 3h]
Seat 2: Jesse1905
Seat 1: XneferX folded before Flop (didn't bet)
Seat 3: equilibrium_tv (button) folded before Flop (didn't bet)
Seat 4: G.Andrei95 (small blind) collected ($9.27)
Seat 5: m0nTTu (big blind) folded before Flop
Seat 6: skars07 folded on the River



PokerStars Hand #254777401241:  Hold'em No Limit ($0.50/$1.00 USD) - 2025/02/08 2:37:37 WET [2025/02/08 21:37:37 ET]
Table 'Outeniqua' 6-max Seat #5 is the button
Seat 1: XneferX ($122.60 in chips) is sitting out
Seat 4: G.Andrei95 ($104.89 in chips) 
Seat 5: m0nTTu ($101.38 in chips) 
m0nTTu: posts small blind $0.50
G.Andrei95: posts big blind $1
*** HOLE CARDS ***
XneferX leaves the table
m0nTTu: raises $1.50 to $2.50
G.Andrei95: calls $1.50
*** FLOP *** [7h 5d Ks]
G.Andrei95: checks 
m0nTTu: bets $1.57
G.Andrei95: calls $1.57
*** TURN *** [7h 5d Ks] [4s]
G.Andrei95: bets $1.70
m0nTTu: calls $1.70
*** RIVER *** [7h 5d Ks 4s] [Kc]
G.Andrei95: checks 
m0nTTu: checks 
*** SHOW DOWN ***
G.Andrei95: shows [8d Ad] (a pair of Kings)
m0nTTu: shows [Qd Ac] (a pair of Kings - Ace+Queen kicker)
m0nTTu collected $10.96 from pot
*** SUMMARY ***
Total pot $11.54 | Rake $0.58 
Board [7h 5d Ks 4s Kc]
Seat 1: XneferX
Seat 4: G.Andrei95 (big blind) showed [8d Ad] and lost with a pair of Kings
Seat 5: m0nTTu (button) (small blind) showed [Qd Ac] and won ($10.96) with a pair of Kings



