PokerStars Hand #254769179120:  Hold'em No Limit ($0.50/$1.00 USD) - 2025/02/08 18:03:42 WET [2025/02/08 13:03:42 ET]
Table 'Strobel II' 6-max Seat #2 is the button
Seat 5: sskripka ($100 in chips) is sitting out
Seat 1: paramourx ($100 in chips) 
Seat 2: antey89 ($100 in chips) 
Seat 3: MoRsCeReBruM ($113.21 in chips) 
Seat 4: worker0k ($100 in chips) 
Seat 6: Vibe8428 ($26.29 in chips) 
MoRsCeReBruM: posts small blind $0.50
worker0k: posts big blind $1
sskripka: sits out 
*** HOLE CARDS ***
Vibe8428: folds 
Vibe8428 leaves the table
paramourx: folds 
antey89: folds 
MoRsCeReBruM: folds 
Uncalled bet ($0.50) returned to worker0k
worker0k collected $1 from pot
*** SUMMARY ***
Total pot $1 | Rake $0 
Seat 5: sskripka
Seat 1: paramourx folded before Flop (didn't bet)
Seat 2: antey89 (button) folded before Flop (didn't bet)
Seat 3: MoRsCeReBruM (small blind) folded before Flop
Seat 4: worker0k (big blind) collected ($1)
Seat 6: Vibe8428 folded before Flop (didn't bet)



PokerStars Hand #254769182203:  Hold'em No Limit ($0.50/$1.00 USD) - 2025/02/08 18:03:54 WET [2025/02/08 13:03:54 ET]
Table 'Strobel II' 6-max Seat #3 is the button
Seat 1: paramourx ($100 in chips) 
Seat 2: antey89 ($100 in chips) 
Seat 3: MoRsCeReBruM ($112.71 in chips) 
Seat 4: worker0k ($100.50 in chips) 
Seat 5: sskripka ($100 in chips) 
worker0k: posts small blind $0.50
sskripka: posts big blind $1
*** HOLE CARDS ***
paramourx: folds 
antey89: raises $1.50 to $2.50
Uk841224 joins the table at seat #6 
Uk841224 is disconnected 
MoRsCeReBruM: folds 
worker0k: folds 
sskripka: folds 
Uncalled bet ($1.50) returned to antey89
antey89 collected $2.50 from pot
antey89: doesn't show hand 
*** SUMMARY ***
Total pot $2.50 | Rake $0 
Seat 1: paramourx folded before Flop (didn't bet)
Seat 2: antey89 collected ($2.50)
Seat 3: MoRsCeReBruM (button) folded before Flop (didn't bet)
Seat 4: worker0k (small blind) folded before Flop
Seat 5: sskripka (big blind) folded before Flop



PokerStars Hand #254769188357:  Hold'em No Limit ($0.50/$1.00 USD) - 2025/02/08 18:04:16 WET [2025/02/08 13:04:16 ET]
Table 'Strobel II' 6-max Seat #4 is the button
Seat 1: paramourx ($100 in chips) 
Seat 2: antey89 ($101.50 in chips) 
Seat 3: MoRsCeReBruM ($112.71 in chips) 
Seat 4: worker0k ($100 in chips) 
Seat 5: sskripka ($100 in chips) 
Seat 6: Uk841224 ($100 in chips) 
sskripka: posts small blind $0.50
Uk841224: posts big blind $1
*** HOLE CARDS ***
paramourx: raises $2 to $3
antey89: folds 
MoRsCeReBruM: folds 
worker0k: folds 
sskripka: folds 
Uk841224: calls $2
*** FLOP *** [5c 6h Td]
Uk841224: checks 
paramourx: checks 
*** TURN *** [5c 6h Td] [Jd]
Uk841224: bets $3
paramourx: raises $6 to $9
Uk841224: calls $6
*** RIVER *** [5c 6h Td Jd] [Qh]
Uk841224: checks 
paramourx: checks 
*** SHOW DOWN ***
Uk841224: shows [3s 3d] (a pair of Threes)
paramourx: shows [As Jc] (a pair of Jacks)
paramourx collected $23.28 from pot
*** SUMMARY ***
Total pot $24.50 | Rake $1.22 
Board [5c 6h Td Jd Qh]
Seat 1: paramourx showed [As Jc] and won ($23.28) with a pair of Jacks
Seat 2: antey89 folded before Flop (didn't bet)
Seat 3: MoRsCeReBruM folded before Flop (didn't bet)
Seat 4: worker0k (button) folded before Flop (didn't bet)
Seat 5: sskripka (small blind) folded before Flop
Seat 6: Uk841224 (big blind) showed [3s 3d] and lost with a pair of Threes



PokerStars Hand #254769205600:  Hold'em No Limit ($0.50/$1.00 USD) - 2025/02/08 18:05:17 WET [2025/02/08 13:05:17 ET]
Table 'Strobel II' 6-max Seat #5 is the button
Seat 1: paramourx ($111.28 in chips) 
Seat 2: antey89 ($101.50 in chips) 
Seat 3: MoRsCeReBruM ($112.71 in chips) 
Seat 4: worker0k ($100 in chips) 
Seat 5: sskripka ($100 in chips) 
Seat 6: Uk841224 ($88 in chips) 
Uk841224: posts small blind $0.50
paramourx: posts big blind $1
*** HOLE CARDS ***
antey89: folds 
MoRsCeReBruM: raises $1 to $2
worker0k: raises $5 to $7
sskripka: folds 
Uk841224: calls $6.50
paramourx: folds 
MoRsCeReBruM: folds 
*** FLOP *** [6h 4d 6s]
Uk841224: checks 
worker0k: bets $5.33
Uk841224: folds 
Uncalled bet ($5.33) returned to worker0k
worker0k collected $16.15 from pot
*** SUMMARY ***
Total pot $17 | Rake $0.85 
Board [6h 4d 6s]
Seat 1: paramourx (big blind) folded before Flop
Seat 2: antey89 folded before Flop (didn't bet)
Seat 3: MoRsCeReBruM folded before Flop
Seat 4: worker0k collected ($16.15)
Seat 5: sskripka (button) folded before Flop (didn't bet)
Seat 6: Uk841224 (small blind) folded on the Flop



PokerStars Hand #254769214816:  Hold'em No Limit ($0.50/$1.00 USD) - 2025/02/08 18:05:50 WET [2025/02/08 13:05:50 ET]
Table 'Strobel II' 6-max Seat #6 is the button
Seat 1: paramourx ($110.28 in chips) 
Seat 2: antey89 ($101.50 in chips) 
Seat 3: MoRsCeReBruM ($110.71 in chips) 
Seat 4: worker0k ($109.15 in chips) 
Seat 5: sskripka ($100 in chips) 
Seat 6: Uk841224 ($93 in chips) 
paramourx: posts small blind $0.50
antey89: posts big blind $1
*** HOLE CARDS ***
MoRsCeReBruM: folds 
worker0k: folds 
sskripka: folds 
Uk841224: raises $1 to $2
paramourx: folds 
antey89: folds 
Uncalled bet ($1) returned to Uk841224
Uk841224 collected $2.50 from pot
*** SUMMARY ***
Total pot $2.50 | Rake $0 
Seat 1: paramourx (small blind) folded before Flop
Seat 2: antey89 (big blind) folded before Flop
Seat 3: MoRsCeReBruM folded before Flop (didn't bet)
Seat 4: worker0k folded before Flop (didn't bet)
Seat 5: sskripka folded before Flop (didn't bet)
Seat 6: Uk841224 (button) collected ($2.50)



PokerStars Hand #254769218096:  Hold'em No Limit ($0.50/$1.00 USD) - 2025/02/08 18:06:02 WET [2025/02/08 13:06:02 ET]
Table 'Strobel II' 6-max Seat #1 is the button
Seat 1: paramourx ($109.78 in chips) 
Seat 2: antey89 ($100.50 in chips) 
Seat 3: MoRsCeReBruM ($110.71 in chips) 
Seat 4: worker0k ($109.15 in chips) 
Seat 5: sskripka ($100 in chips) 
Seat 6: Uk841224 ($100 in chips) 
antey89: posts small blind $0.50
MoRsCeReBruM: posts big blind $1
*** HOLE CARDS ***
worker0k: folds 
sskripka: raises $1.50 to $2.50
Uk841224: calls $2.50
paramourx: raises $9 to $11.50
antey89: folds 
MoRsCeReBruM: folds 
sskripka: folds 
Uk841224: calls $9
*** FLOP *** [9c 7h 5h]
Uk841224: checks 
paramourx: bets $20.01
Uk841224: folds 
Uncalled bet ($20.01) returned to paramourx
paramourx collected $25.65 from pot
paramourx: doesn't show hand 
*** SUMMARY ***
Total pot $27 | Rake $1.35 
Board [9c 7h 5h]
Seat 1: paramourx (button) collected ($25.65)
Seat 2: antey89 (small blind) folded before Flop
Seat 3: MoRsCeReBruM (big blind) folded before Flop
Seat 4: worker0k folded before Flop (didn't bet)
Seat 5: sskripka folded before Flop
Seat 6: Uk841224 folded on the Flop



PokerStars Hand #254769240062:  Hold'em No Limit ($0.50/$1.00 USD) - 2025/02/08 18:07:21 WET [2025/02/08 13:07:21 ET]
Table 'Strobel II' 6-max Seat #2 is the button
Seat 4: worker0k ($109.15 in chips) is sitting out
Seat 5: sskripka ($100 in chips) is sitting out
Seat 1: paramourx ($123.93 in chips) 
Seat 2: antey89 ($100 in chips) 
Seat 3: MoRsCeReBruM ($109.71 in chips) 
Seat 6: Uk841224 ($95.22 in chips) 
MoRsCeReBruM: posts small blind $0.50
worker0k: is sitting out 
sskripka: is sitting out 
Uk841224: posts big blind $1
*** HOLE CARDS ***
worker0k leaves the table
sskripka leaves the table
paramourx: folds 
antey89: raises $1.50 to $2.50
MoRsCeReBruM: folds 
Uk841224: calls $1.50
*** FLOP *** [7s 3c 7h]
Uk841224: checks 
antey89: bets $1.72
Uk841224: folds 
Uncalled bet ($1.72) returned to antey89
antey89 collected $5.22 from pot
antey89: doesn't show hand 
*** SUMMARY ***
Total pot $5.50 | Rake $0.28 
Board [7s 3c 7h]
Seat 4: worker0k
Seat 5: sskripka
Seat 1: paramourx folded before Flop (didn't bet)
Seat 2: antey89 (button) collected ($5.22)
Seat 3: MoRsCeReBruM (small blind) folded before Flop
Seat 6: Uk841224 (big blind) folded on the Flop



PokerStars Hand #254769252059:  Hold'em No Limit ($0.50/$1.00 USD) - 2025/02/08 18:08:04 WET [2025/02/08 13:08:04 ET]
Table 'Strobel II' 6-max Seat #3 is the button
Seat 1: paramourx ($123.93 in chips) 
Seat 2: antey89 ($102.72 in chips) 
Seat 3: MoRsCeReBruM ($109.21 in chips) 
Seat 6: Uk841224 ($92.72 in chips) 
Uk841224: posts small blind $0.50
paramourx: posts big blind $1
*** HOLE CARDS ***
antey89: folds 
MoRsCeReBruM: raises $1.50 to $2.50
Punzzzer joins the table at seat #4 
Uk841224: calls $2
paramourx: calls $1.50
*** FLOP *** [8s 3c 7s]
Uk841224: checks 
paramourx: bets $2.21
MoRsCeReBruM: folds 
Uk841224: folds 
Uncalled bet ($2.21) returned to paramourx
paramourx collected $7.12 from pot
paramourx: doesn't show hand 
*** SUMMARY ***
Total pot $7.50 | Rake $0.38 
Board [8s 3c 7s]
Seat 1: paramourx (big blind) collected ($7.12)
Seat 2: antey89 folded before Flop (didn't bet)
Seat 3: MoRsCeReBruM (button) folded on the Flop
Seat 6: Uk841224 (small blind) folded on the Flop



PokerStars Hand #254769262106:  Hold'em No Limit ($0.50/$1.00 USD) - 2025/02/08 18:08:41 WET [2025/02/08 13:08:41 ET]
Table 'Strobel II' 6-max Seat #6 is the button
Seat 2: antey89 ($102.72 in chips) is sitting out
Seat 4: Punzzzer ($100 in chips) is sitting out
Seat 1: paramourx ($128.55 in chips) 
Seat 3: MoRsCeReBruM ($106.71 in chips) 
Seat 6: Uk841224 ($90.22 in chips) 
paramourx: posts small blind $0.50
antey89: is sitting out 
MoRsCeReBruM: posts big blind $1
Punzzzer: sits out 
*** HOLE CARDS ***
Uk841224: folds 
antey89 leaves the table
paramourx: raises $2 to $3
MoRsCeReBruM: calls $2
*** FLOP *** [9c Tc 8d]
paramourx: checks 
MoRsCeReBruM: checks 
*** TURN *** [9c Tc 8d] [2s]
paramourx: bets $8.84
Unipoker11 joins the table at seat #2 
MoRsCeReBruM: folds 
Uncalled bet ($8.84) returned to paramourx
paramourx collected $5.70 from pot
paramourx: doesn't show hand 
Manifestorr joins the table at seat #5 
*** SUMMARY ***
Total pot $6 | Rake $0.30 
Board [9c Tc 8d 2s]
Seat 2: antey89
Seat 4: Punzzzer
Seat 1: paramourx (small blind) collected ($5.70)
Seat 3: MoRsCeReBruM (big blind) folded on the Turn
Seat 6: Uk841224 (button) folded before Flop (didn't bet)



PokerStars Hand #254769278173:  Hold'em No Limit ($0.50/$1.00 USD) - 2025/02/08 18:09:39 WET [2025/02/08 13:09:39 ET]
Table 'Strobel II' 6-max Seat #1 is the button
Seat 2: Unipoker11 ($100 in chips) is sitting out
Seat 1: paramourx ($131.25 in chips) 
Seat 3: MoRsCeReBruM ($103.71 in chips) 
Seat 4: Punzzzer ($100 in chips) 
Seat 5: Manifestorr ($100 in chips) 
Seat 6: Uk841224 ($90.22 in chips) 
MoRsCeReBruM: posts small blind $0.50
Punzzzer: posts big blind $1
Manifestorr is connected 
Manifestorr: posts big blind $1
*** HOLE CARDS ***
Manifestorr: raises $1.20 to $2.20
Uk841224: folds 
paramourx: folds 
MoRsCeReBruM: folds 
Punzzzer: folds 
Uncalled bet ($1.20) returned to Manifestorr
Manifestorr collected $2.50 from pot
*** SUMMARY ***
Total pot $2.50 | Rake $0 
Seat 2: Unipoker11
Seat 1: paramourx (button) folded before Flop (didn't bet)
Seat 3: MoRsCeReBruM (small blind) folded before Flop
Seat 4: Punzzzer (big blind) folded before Flop
Seat 5: Manifestorr collected ($2.50)
Seat 6: Uk841224 folded before Flop (didn't bet)



PokerStars Hand #254769281098:  Hold'em No Limit ($0.50/$1.00 USD) - 2025/02/08 18:09:49 WET [2025/02/08 13:09:49 ET]
Table 'Strobel II' 6-max Seat #3 is the button
Seat 2: Unipoker11 ($100 in chips) is sitting out
Seat 1: paramourx ($131.25 in chips) 
Seat 3: MoRsCeReBruM ($103.21 in chips) 
Seat 4: Punzzzer ($100 in chips) 
Seat 5: Manifestorr ($101.50 in chips) 
Seat 6: Uk841224 ($90.22 in chips) 
Punzzzer: posts small blind $0.50
Manifestorr: posts big blind $1
Unipoker11: sits out 
*** HOLE CARDS ***
Uk841224: raises $1 to $2
paramourx: folds 
MoRsCeReBruM: folds 
Punzzzer: folds 
Manifestorr: folds 
Uncalled bet ($1) returned to Uk841224
Uk841224 collected $2.50 from pot
*** SUMMARY ***
Total pot $2.50 | Rake $0 
Seat 2: Unipoker11
Seat 1: paramourx folded before Flop (didn't bet)
Seat 3: MoRsCeReBruM (button) folded before Flop (didn't bet)
Seat 4: Punzzzer (small blind) folded before Flop
Seat 5: Manifestorr (big blind) folded before Flop
Seat 6: Uk841224 collected ($2.50)



PokerStars Hand #254769286665:  Hold'em No Limit ($0.50/$1.00 USD) - 2025/02/08 18:10:09 WET [2025/02/08 13:10:09 ET]
Table 'Strobel II' 6-max Seat #4 is the button
Seat 2: Unipoker11 ($100 in chips) is sitting out
Seat 1: paramourx ($131.25 in chips) 
Seat 3: MoRsCeReBruM ($103.21 in chips) 
Seat 4: Punzzzer ($100 in chips) 
Seat 5: Manifestorr ($100.50 in chips) 
Seat 6: Uk841224 ($91.72 in chips) 
Manifestorr: posts small blind $0.50
Uk841224: posts big blind $1
Unipoker11: sits out 
*** HOLE CARDS ***
paramourx: folds 
MoRsCeReBruM: folds 
Punzzzer: raises $1.20 to $2.20
Manifestorr: folds 
Uk841224: calls $1.20
*** FLOP *** [Js 4d 2h]
Uk841224: checks 
Punzzzer: bets $1.54
Uk841224: folds 
Uncalled bet ($1.54) returned to Punzzzer
Punzzzer collected $4.66 from pot
Punzzzer: doesn't show hand 
*** SUMMARY ***
Total pot $4.90 | Rake $0.24 
Board [Js 4d 2h]
Seat 2: Unipoker11
Seat 1: paramourx folded before Flop (didn't bet)
Seat 3: MoRsCeReBruM folded before Flop (didn't bet)
Seat 4: Punzzzer (button) collected ($4.66)
Seat 5: Manifestorr (small blind) folded before Flop
Seat 6: Uk841224 (big blind) folded on the Flop



PokerStars Hand #254769292302:  Hold'em No Limit ($0.50/$1.00 USD) - 2025/02/08 18:10:29 WET [2025/02/08 13:10:29 ET]
Table 'Strobel II' 6-max Seat #5 is the button
Seat 2: Unipoker11 ($100 in chips) is sitting out
Seat 1: paramourx ($131.25 in chips) 
Seat 3: MoRsCeReBruM ($103.21 in chips) 
Seat 4: Punzzzer ($102.46 in chips) 
Seat 5: Manifestorr ($100 in chips) 
Seat 6: Uk841224 ($89.52 in chips) 
Uk841224: posts small blind $0.50
paramourx: posts big blind $1
Unipoker11: sits out 
*** HOLE CARDS ***
MoRsCeReBruM: folds 
Punzzzer: folds 
Manifestorr: folds 
Uk841224: raises $1 to $2
paramourx: calls $1
*** FLOP *** [4s 4c 7h]
Uk841224: bets $1.90
paramourx: calls $1.90
*** TURN *** [4s 4c 7h] [6h]
Uk841224: checks 
paramourx: bets $2.30
Uk841224: calls $2.30
*** RIVER *** [4s 4c 7h 6h] [7s]
Uk841224: checks 
paramourx: bets $5.89
Uk841224: folds 
Uncalled bet ($5.89) returned to paramourx
paramourx collected $11.78 from pot
paramourx: doesn't show hand 
*** SUMMARY ***
Total pot $12.40 | Rake $0.62 
Board [4s 4c 7h 6h 7s]
Seat 2: Unipoker11
Seat 1: paramourx (big blind) collected ($11.78)
Seat 3: MoRsCeReBruM folded before Flop (didn't bet)
Seat 4: Punzzzer folded before Flop (didn't bet)
Seat 5: Manifestorr (button) folded before Flop (didn't bet)
Seat 6: Uk841224 (small blind) folded on the River



PokerStars Hand #254769308741:  Hold'em No Limit ($0.50/$1.00 USD) - 2025/02/08 18:11:29 WET [2025/02/08 13:11:29 ET]
Table 'Strobel II' 6-max Seat #6 is the button
Seat 1: paramourx ($136.83 in chips) 
Seat 2: Unipoker11 ($100 in chips) 
Seat 3: MoRsCeReBruM ($103.21 in chips) 
Seat 4: Punzzzer ($102.46 in chips) 
Seat 5: Manifestorr ($100 in chips) 
Seat 6: Uk841224 ($83.32 in chips) 
paramourx: posts small blind $0.50
Unipoker11: posts big blind $1
*** HOLE CARDS ***
MoRsCeReBruM: folds 
Punzzzer: raises $1.20 to $2.20
Manifestorr: raises $4.80 to $7
Uk841224: folds 
paramourx: folds 
Unipoker11: folds 
Punzzzer: calls $4.80
*** FLOP *** [2d Th Ad]
Punzzzer: checks 
Manifestorr: bets $7.36
Punzzzer: calls $7.36
*** TURN *** [2d Th Ad] [4c]
Punzzzer: checks 
Manifestorr: bets $21.53
Punzzzer: folds 
Uncalled bet ($21.53) returned to Manifestorr
Manifestorr collected $28.71 from pot
*** SUMMARY ***
Total pot $30.22 | Rake $1.51 
Board [2d Th Ad 4c]
Seat 1: paramourx (small blind) folded before Flop
Seat 2: Unipoker11 (big blind) folded before Flop
Seat 3: MoRsCeReBruM folded before Flop (didn't bet)
Seat 4: Punzzzer folded on the Turn
Seat 5: Manifestorr collected ($28.71)
Seat 6: Uk841224 (button) folded before Flop (didn't bet)



PokerStars Hand #254769321113:  Hold'em No Limit ($0.50/$1.00 USD) - 2025/02/08 18:12:14 WET [2025/02/08 13:12:14 ET]
Table 'Strobel II' 6-max Seat #1 is the button
Seat 1: paramourx ($136.33 in chips) 
Seat 2: Unipoker11 ($100 in chips) 
Seat 3: MoRsCeReBruM ($103.21 in chips) 
Seat 4: Punzzzer ($100 in chips) 
Seat 5: Manifestorr ($114.35 in chips) 
Seat 6: Uk841224 ($83.32 in chips) 
Unipoker11: posts small blind $0.50
MoRsCeReBruM: posts big blind $1
*** HOLE CARDS ***
Punzzzer: folds 
Manifestorr: folds 
Uk841224: folds 
paramourx: raises $2 to $3
Unipoker11: raises $9 to $12
MoRsCeReBruM: folds 
paramourx: folds 
Uncalled bet ($9) returned to Unipoker11
Unipoker11 collected $7 from pot
Unipoker11: doesn't show hand 
*** SUMMARY ***
Total pot $7 | Rake $0 
Seat 1: paramourx (button) folded before Flop
Seat 2: Unipoker11 (small blind) collected ($7)
Seat 3: MoRsCeReBruM (big blind) folded before Flop
Seat 4: Punzzzer folded before Flop (didn't bet)
Seat 5: Manifestorr folded before Flop (didn't bet)
Seat 6: Uk841224 folded before Flop (didn't bet)



PokerStars Hand #254769330080:  Hold'em No Limit ($0.50/$1.00 USD) - 2025/02/08 18:12:46 WET [2025/02/08 13:12:46 ET]
Table 'Strobel II' 6-max Seat #2 is the button
Seat 1: paramourx ($133.33 in chips) 
Seat 2: Unipoker11 ($104 in chips) 
Seat 3: MoRsCeReBruM ($102.21 in chips) 
Seat 4: Punzzzer ($100 in chips) 
Seat 5: Manifestorr ($114.35 in chips) 
Seat 6: Uk841224 ($83.32 in chips) 
MoRsCeReBruM: posts small blind $0.50
Punzzzer: posts big blind $1
*** HOLE CARDS ***
Manifestorr: folds 
Uk841224: folds 
paramourx: raises $2 to $3
Unipoker11: folds 
MoRsCeReBruM: folds 
Punzzzer: folds 
Uncalled bet ($2) returned to paramourx
paramourx collected $2.50 from pot
paramourx: doesn't show hand 
*** SUMMARY ***
Total pot $2.50 | Rake $0 
Seat 1: paramourx collected ($2.50)
Seat 2: Unipoker11 (button) folded before Flop (didn't bet)
Seat 3: MoRsCeReBruM (small blind) folded before Flop
Seat 4: Punzzzer (big blind) folded before Flop
Seat 5: Manifestorr folded before Flop (didn't bet)
Seat 6: Uk841224 folded before Flop (didn't bet)



PokerStars Hand #254769335995:  Hold'em No Limit ($0.50/$1.00 USD) - 2025/02/08 18:13:07 WET [2025/02/08 13:13:07 ET]
Table 'Strobel II' 6-max Seat #3 is the button
Seat 1: paramourx ($134.83 in chips) 
Seat 2: Unipoker11 ($104 in chips) 
Seat 3: MoRsCeReBruM ($101.71 in chips) 
Seat 4: Punzzzer ($100 in chips) 
Seat 5: Manifestorr ($114.35 in chips) 
Seat 6: Uk841224 ($83.32 in chips) 
Punzzzer: posts small blind $0.50
Manifestorr: posts big blind $1
*** HOLE CARDS ***
Uk841224: raises $2 to $3
paramourx: folds 
Unipoker11: folds 
MoRsCeReBruM: folds 
Punzzzer: calls $2.50
Manifestorr: folds 
*** FLOP *** [6c 3d 9d]
Punzzzer: checks 
Uk841224: bets $3.33
Punzzzer: calls $3.33
*** TURN *** [6c 3d 9d] [4s]
Punzzzer: checks 
Uk841224: checks 
*** RIVER *** [6c 3d 9d 4s] [Jd]
Punzzzer: bets $12.98
Uk841224: folds 
Uncalled bet ($12.98) returned to Punzzzer
Punzzzer collected $12.98 from pot
Punzzzer: doesn't show hand 
*** SUMMARY ***
Total pot $13.66 | Rake $0.68 
Board [6c 3d 9d 4s Jd]
Seat 1: paramourx folded before Flop (didn't bet)
Seat 2: Unipoker11 folded before Flop (didn't bet)
Seat 3: MoRsCeReBruM (button) folded before Flop (didn't bet)
Seat 4: Punzzzer (small blind) collected ($12.98)
Seat 5: Manifestorr (big blind) folded before Flop
Seat 6: Uk841224 folded on the River



PokerStars Hand #254769346388:  Hold'em No Limit ($0.50/$1.00 USD) - 2025/02/08 18:13:45 WET [2025/02/08 13:13:45 ET]
Table 'Strobel II' 6-max Seat #4 is the button
Seat 1: paramourx ($134.83 in chips) 
Seat 2: Unipoker11 ($104 in chips) 
Seat 3: MoRsCeReBruM ($101.71 in chips) 
Seat 4: Punzzzer ($106.65 in chips) 
Seat 5: Manifestorr ($113.35 in chips) 
Seat 6: Uk841224 ($76.99 in chips) 
Manifestorr: posts small blind $0.50
Uk841224: posts big blind $1
*** HOLE CARDS ***
paramourx: folds 
Unipoker11: folds 
MoRsCeReBruM: folds 
Punzzzer: raises $1.20 to $2.20
Manifestorr: folds 
Uk841224: calls $1.20
*** FLOP *** [Qs 4h 9h]
Uk841224: checks 
Punzzzer: bets $1.54
Uk841224: folds 
Uncalled bet ($1.54) returned to Punzzzer
Punzzzer collected $4.66 from pot
Punzzzer: doesn't show hand 
*** SUMMARY ***
Total pot $4.90 | Rake $0.24 
Board [Qs 4h 9h]
Seat 1: paramourx folded before Flop (didn't bet)
Seat 2: Unipoker11 folded before Flop (didn't bet)
Seat 3: MoRsCeReBruM folded before Flop (didn't bet)
Seat 4: Punzzzer (button) collected ($4.66)
Seat 5: Manifestorr (small blind) folded before Flop
Seat 6: Uk841224 (big blind) folded on the Flop



PokerStars Hand #254769353074:  Hold'em No Limit ($0.50/$1.00 USD) - 2025/02/08 18:14:09 WET [2025/02/08 13:14:09 ET]
Table 'Strobel II' 6-max Seat #5 is the button
Seat 1: paramourx ($134.83 in chips) 
Seat 2: Unipoker11 ($104 in chips) 
Seat 3: MoRsCeReBruM ($101.71 in chips) 
Seat 4: Punzzzer ($109.11 in chips) 
Seat 5: Manifestorr ($112.85 in chips) 
Seat 6: Uk841224 ($74.79 in chips) 
Uk841224: posts small blind $0.50
paramourx: posts big blind $1
*** HOLE CARDS ***
Unipoker11: folds 
MoRsCeReBruM: folds 
Punzzzer: raises $1.20 to $2.20
Manifestorr: folds 
Uk841224: calls $1.70
paramourx: folds 
*** FLOP *** [Qs 8d 7h]
Uk841224: checks 
Punzzzer: bets $1.69
Uk841224: calls $1.69
*** TURN *** [Qs 8d 7h] [Tc]
Uk841224: checks 
Punzzzer: bets $8.34
Uk841224: calls $8.34
*** RIVER *** [Qs 8d 7h Tc] [Js]
Uk841224: checks 
Punzzzer: bets $12.58
Uk841224: raises $12.58 to $25.16
Punzzzer: folds 
Uncalled bet ($12.58) returned to Uk841224
Uk841224 collected $48.12 from pot
*** SUMMARY ***
Total pot $50.62 | Rake $2.50 
Board [Qs 8d 7h Tc Js]
Seat 1: paramourx (big blind) folded before Flop
Seat 2: Unipoker11 folded before Flop (didn't bet)
Seat 3: MoRsCeReBruM folded before Flop (didn't bet)
Seat 4: Punzzzer folded on the River
Seat 5: Manifestorr (button) folded before Flop (didn't bet)
Seat 6: Uk841224 (small blind) collected ($48.12)



PokerStars Hand #254769373396:  Hold'em No Limit ($0.50/$1.00 USD) - 2025/02/08 18:15:22 WET [2025/02/08 13:15:22 ET]
Table 'Strobel II' 6-max Seat #6 is the button
Seat 1: paramourx ($133.83 in chips) 
Seat 2: Unipoker11 ($104 in chips) 
Seat 3: MoRsCeReBruM ($101.71 in chips) 
Seat 4: Punzzzer ($100 in chips) 
Seat 5: Manifestorr ($112.85 in chips) 
Seat 6: Uk841224 ($98.10 in chips) 
paramourx: posts small blind $0.50
Unipoker11: posts big blind $1
*** HOLE CARDS ***
MoRsCeReBruM: folds 
Punzzzer: raises $1.20 to $2.20
Manifestorr: folds 
Uk841224: folds 
paramourx: folds 
Unipoker11: calls $1.20
*** FLOP *** [3c 9d 8s]
Unipoker11: checks 
Punzzzer: bets $3.50
Unipoker11: folds 
Uncalled bet ($3.50) returned to Punzzzer
Punzzzer collected $4.66 from pot
Punzzzer: doesn't show hand 
*** SUMMARY ***
Total pot $4.90 | Rake $0.24 
Board [3c 9d 8s]
Seat 1: paramourx (small blind) folded before Flop
Seat 2: Unipoker11 (big blind) folded on the Flop
Seat 3: MoRsCeReBruM folded before Flop (didn't bet)
Seat 4: Punzzzer collected ($4.66)
Seat 5: Manifestorr folded before Flop (didn't bet)
Seat 6: Uk841224 (button) folded before Flop (didn't bet)



PokerStars Hand #254769382387:  Hold'em No Limit ($0.50/$1.00 USD) - 2025/02/08 18:15:53 WET [2025/02/08 13:15:53 ET]
Table 'Strobel II' 6-max Seat #1 is the button
Seat 1: paramourx ($133.33 in chips) 
Seat 2: Unipoker11 ($101.80 in chips) 
Seat 3: MoRsCeReBruM ($101.71 in chips) 
Seat 4: Punzzzer ($102.46 in chips) 
Seat 5: Manifestorr ($112.85 in chips) 
Seat 6: Uk841224 ($98.10 in chips) 
Unipoker11: posts small blind $0.50
MoRsCeReBruM: posts big blind $1
*** HOLE CARDS ***
Punzzzer: folds 
Manifestorr: folds 
Uk841224: folds 
paramourx: raises $2 to $3
Unipoker11: folds 
MoRsCeReBruM: calls $2
*** FLOP *** [9c 7s Qs]
MoRsCeReBruM: checks 
paramourx: bets $4.82
MoRsCeReBruM: calls $4.82
*** TURN *** [9c 7s Qs] [3h]
MoRsCeReBruM: checks 
paramourx: bets $23.76
MoRsCeReBruM: raises $70.13 to $93.89 and is all-in
paramourx: folds 
Uncalled bet ($70.13) returned to MoRsCeReBruM
MoRsCeReBruM collected $61.16 from pot
MoRsCeReBruM: doesn't show hand 
*** SUMMARY ***
Total pot $63.66 | Rake $2.50 
Board [9c 7s Qs 3h]
Seat 1: paramourx (button) folded on the Turn
Seat 2: Unipoker11 (small blind) folded before Flop
Seat 3: MoRsCeReBruM (big blind) collected ($61.16)
Seat 4: Punzzzer folded before Flop (didn't bet)
Seat 5: Manifestorr folded before Flop (didn't bet)
Seat 6: Uk841224 folded before Flop (didn't bet)



PokerStars Hand #254769415366:  Hold'em No Limit ($0.50/$1.00 USD) - 2025/02/08 18:17:45 WET [2025/02/08 13:17:45 ET]
Table 'Strobel II' 6-max Seat #2 is the button
Seat 1: paramourx ($101.75 in chips) 
Seat 2: Unipoker11 ($101.30 in chips) 
Seat 3: MoRsCeReBruM ($131.29 in chips) 
Seat 4: Punzzzer ($102.46 in chips) 
Seat 5: Manifestorr ($112.85 in chips) 
Seat 6: Uk841224 ($98.10 in chips) 
MoRsCeReBruM: posts small blind $0.50
Punzzzer: posts big blind $1
*** HOLE CARDS ***
Manifestorr: raises $1.20 to $2.20
Uk841224: calls $2.20
paramourx: folds 
Unipoker11: folds 
MoRsCeReBruM: folds 
Punzzzer: calls $1.20
*** FLOP *** [9h Qh 9s]
Punzzzer: checks 
Manifestorr: checks 
Uk841224: checks 
*** TURN *** [9h Qh 9s] [9c]
Punzzzer: checks 
Manifestorr: bets $2.22
Uk841224: folds 
Punzzzer: folds 
Uncalled bet ($2.22) returned to Manifestorr
Manifestorr collected $6.74 from pot
*** SUMMARY ***
Total pot $7.10 | Rake $0.36 
Board [9h Qh 9s 9c]
Seat 1: paramourx folded before Flop (didn't bet)
Seat 2: Unipoker11 (button) folded before Flop (didn't bet)
Seat 3: MoRsCeReBruM (small blind) folded before Flop
Seat 4: Punzzzer (big blind) folded on the Turn
Seat 5: Manifestorr collected ($6.74)
Seat 6: Uk841224 folded on the Turn



PokerStars Hand #254769429646:  Hold'em No Limit ($0.50/$1.00 USD) - 2025/02/08 18:18:33 WET [2025/02/08 13:18:33 ET]
Table 'Strobel II' 6-max Seat #3 is the button
Seat 1: paramourx ($101.75 in chips) 
Seat 2: Unipoker11 ($101.30 in chips) 
Seat 3: MoRsCeReBruM ($130.79 in chips) 
Seat 4: Punzzzer ($100.26 in chips) 
Seat 5: Manifestorr ($117.39 in chips) 
Seat 6: Uk841224 ($95.90 in chips) 
Punzzzer: posts small blind $0.50
Manifestorr: posts big blind $1
*** HOLE CARDS ***
Uk841224: folds 
paramourx: folds 
Unipoker11: folds 
MoRsCeReBruM is disconnected 
MoRsCeReBruM has timed out while disconnected
MoRsCeReBruM: folds 
Punzzzer: folds 
Uncalled bet ($0.50) returned to Manifestorr
Manifestorr collected $1 from pot
*** SUMMARY ***
Total pot $1 | Rake $0 
Seat 1: paramourx folded before Flop (didn't bet)
Seat 2: Unipoker11 folded before Flop (didn't bet)
Seat 3: MoRsCeReBruM (button) folded before Flop (didn't bet)
Seat 4: Punzzzer (small blind) folded before Flop
Seat 5: Manifestorr (big blind) collected ($1)
Seat 6: Uk841224 folded before Flop (didn't bet)



PokerStars Hand #254769435689:  Hold'em No Limit ($0.50/$1.00 USD) - 2025/02/08 18:18:54 WET [2025/02/08 13:18:54 ET]
Table 'Strobel II' 6-max Seat #4 is the button
Seat 1: paramourx ($101.75 in chips) 
Seat 2: Unipoker11 ($101.30 in chips) 
Seat 3: MoRsCeReBruM ($130.79 in chips) 
Seat 4: Punzzzer ($100 in chips) 
Seat 5: Manifestorr ($117.89 in chips) 
Seat 6: Uk841224 ($95.90 in chips) 
Manifestorr: posts small blind $0.50
Uk841224: posts big blind $1
*** HOLE CARDS ***
paramourx: folds 
Unipoker11: folds 
MoRsCeReBruM: folds 
Punzzzer: raises $1.20 to $2.20
Manifestorr: folds 
Uk841224: calls $1.20
*** FLOP *** [Ah As Th]
Uk841224: checks 
Punzzzer: bets $1.54
Uk841224: folds 
Uncalled bet ($1.54) returned to Punzzzer
Punzzzer collected $4.66 from pot
Punzzzer: doesn't show hand 
*** SUMMARY ***
Total pot $4.90 | Rake $0.24 
Board [Ah As Th]
Seat 1: paramourx folded before Flop (didn't bet)
Seat 2: Unipoker11 folded before Flop (didn't bet)
Seat 3: MoRsCeReBruM folded before Flop (didn't bet)
Seat 4: Punzzzer (button) collected ($4.66)
Seat 5: Manifestorr (small blind) folded before Flop
Seat 6: Uk841224 (big blind) folded on the Flop



PokerStars Hand #254769441528:  Hold'em No Limit ($0.50/$1.00 USD) - 2025/02/08 18:19:14 WET [2025/02/08 13:19:14 ET]
Table 'Strobel II' 6-max Seat #5 is the button
Seat 1: paramourx ($101.75 in chips) 
Seat 2: Unipoker11 ($101.30 in chips) 
Seat 3: MoRsCeReBruM ($130.79 in chips) 
Seat 4: Punzzzer ($102.46 in chips) 
Seat 5: Manifestorr ($117.39 in chips) 
Seat 6: Uk841224 ($93.70 in chips) 
Uk841224: posts small blind $0.50
paramourx: posts big blind $1
*** HOLE CARDS ***
Unipoker11: folds 
MoRsCeReBruM: folds 
Punzzzer: folds 
Manifestorr: raises $1.20 to $2.20
Uk841224: folds 
paramourx: folds 
Uncalled bet ($1.20) returned to Manifestorr
Manifestorr collected $2.50 from pot
*** SUMMARY ***
Total pot $2.50 | Rake $0 
Seat 1: paramourx (big blind) folded before Flop
Seat 2: Unipoker11 folded before Flop (didn't bet)
Seat 3: MoRsCeReBruM folded before Flop (didn't bet)
Seat 4: Punzzzer folded before Flop (didn't bet)
Seat 5: Manifestorr (button) collected ($2.50)
Seat 6: Uk841224 (small blind) folded before Flop



PokerStars Hand #254769446334:  Hold'em No Limit ($0.50/$1.00 USD) - 2025/02/08 18:19:30 WET [2025/02/08 13:19:30 ET]
Table 'Strobel II' 6-max Seat #6 is the button
Seat 1: paramourx ($100.75 in chips) 
Seat 2: Unipoker11 ($101.30 in chips) 
Seat 3: MoRsCeReBruM ($130.79 in chips) 
Seat 4: Punzzzer ($102.46 in chips) 
Seat 5: Manifestorr ($118.89 in chips) 
Seat 6: Uk841224 ($93.20 in chips) 
paramourx: posts small blind $0.50
Unipoker11: posts big blind $1
*** HOLE CARDS ***
MoRsCeReBruM: raises $1 to $2
Punzzzer: folds 
Manifestorr: folds 
Uk841224: folds 
paramourx: raises $9 to $11
Unipoker11: folds 
MoRsCeReBruM: folds 
Uncalled bet ($9) returned to paramourx
paramourx collected $5 from pot
paramourx: doesn't show hand 
*** SUMMARY ***
Total pot $5 | Rake $0 
Seat 1: paramourx (small blind) collected ($5)
Seat 2: Unipoker11 (big blind) folded before Flop
Seat 3: MoRsCeReBruM folded before Flop
Seat 4: Punzzzer folded before Flop (didn't bet)
Seat 5: Manifestorr folded before Flop (didn't bet)
Seat 6: Uk841224 (button) folded before Flop (didn't bet)



PokerStars Hand #254769458604:  Hold'em No Limit ($0.50/$1.00 USD) - 2025/02/08 18:20:13 WET [2025/02/08 13:20:13 ET]
Table 'Strobel II' 6-max Seat #1 is the button
Seat 1: paramourx ($103.75 in chips) 
Seat 2: Unipoker11 ($100.30 in chips) 
Seat 3: MoRsCeReBruM ($128.79 in chips) 
Seat 4: Punzzzer ($102.46 in chips) 
Seat 5: Manifestorr ($118.89 in chips) 
Seat 6: Uk841224 ($93.20 in chips) 
Unipoker11: posts small blind $0.50
MoRsCeReBruM: posts big blind $1
*** HOLE CARDS ***
Punzzzer: folds 
Manifestorr: folds 
Uk841224: raises $1 to $2
paramourx: raises $4.50 to $6.50
Unipoker11: folds 
MoRsCeReBruM: folds 
Uk841224: calls $4.50
*** FLOP *** [4c 3s 3c]
Uk841224: checks 
paramourx: bets $10.75
Uk841224: folds 
Uncalled bet ($10.75) returned to paramourx
paramourx collected $13.78 from pot
paramourx: doesn't show hand 
*** SUMMARY ***
Total pot $14.50 | Rake $0.72 
Board [4c 3s 3c]
Seat 1: paramourx (button) collected ($13.78)
Seat 2: Unipoker11 (small blind) folded before Flop
Seat 3: MoRsCeReBruM (big blind) folded before Flop
Seat 4: Punzzzer folded before Flop (didn't bet)
Seat 5: Manifestorr folded before Flop (didn't bet)
Seat 6: Uk841224 folded on the Flop



PokerStars Hand #254769474763:  Hold'em No Limit ($0.50/$1.00 USD) - 2025/02/08 18:21:08 WET [2025/02/08 13:21:08 ET]
Table 'Strobel II' 6-max Seat #2 is the button
Seat 1: paramourx ($111.03 in chips) 
Seat 2: Unipoker11 ($100 in chips) 
Seat 3: MoRsCeReBruM ($127.79 in chips) 
Seat 4: Punzzzer ($102.46 in chips) 
Seat 5: Manifestorr ($118.89 in chips) 
Seat 6: Uk841224 ($86.70 in chips) 
MoRsCeReBruM: posts small blind $0.50
Punzzzer: posts big blind $1
*** HOLE CARDS ***
Manifestorr: folds 
Uk841224: raises $1 to $2
paramourx: folds 
Unipoker11: folds 
MoRsCeReBruM: folds 
Punzzzer: calls $1
*** FLOP *** [Jh Ah 2s]
Punzzzer: checks 
Uk841224: bets $2.14
Punzzzer: calls $2.14
*** TURN *** [Jh Ah 2s] [Jd]
Punzzzer: checks 
Uk841224: bets $4.17
Punzzzer: calls $4.17
*** RIVER *** [Jh Ah 2s Jd] [Ks]
Punzzzer: checks 
Uk841224: checks 
*** SHOW DOWN ***
Punzzzer: shows [Ts Ad] (two pair, Aces and Jacks)
Uk841224: mucks hand 
Punzzzer collected $16.26 from pot
*** SUMMARY ***
Total pot $17.12 | Rake $0.86 
Board [Jh Ah 2s Jd Ks]
Seat 1: paramourx folded before Flop (didn't bet)
Seat 2: Unipoker11 (button) folded before Flop (didn't bet)
Seat 3: MoRsCeReBruM (small blind) folded before Flop
Seat 4: Punzzzer (big blind) showed [Ts Ad] and won ($16.26) with two pair, Aces and Jacks
Seat 5: Manifestorr folded before Flop (didn't bet)
Seat 6: Uk841224 mucked



PokerStars Hand #254769487504:  Hold'em No Limit ($0.50/$1.00 USD) - 2025/02/08 18:21:51 WET [2025/02/08 13:21:51 ET]
Table 'Strobel II' 6-max Seat #3 is the button
Seat 1: paramourx ($111.03 in chips) 
Seat 2: Unipoker11 ($100 in chips) 
Seat 3: MoRsCeReBruM ($127.29 in chips) 
Seat 4: Punzzzer ($110.41 in chips) 
Seat 5: Manifestorr ($118.89 in chips) 
Seat 6: Uk841224 ($78.39 in chips) 
Punzzzer: posts small blind $0.50
Manifestorr: posts big blind $1
*** HOLE CARDS ***
Uk841224: folds 
paramourx: folds 
Unipoker11: raises $1.30 to $2.30
MoRsCeReBruM: raises $5.20 to $7.50
Punzzzer: folds 
Manifestorr: folds 
Unipoker11: folds 
Uncalled bet ($5.20) returned to MoRsCeReBruM
MoRsCeReBruM collected $6.10 from pot
MoRsCeReBruM: doesn't show hand 
*** SUMMARY ***
Total pot $6.10 | Rake $0 
Seat 1: paramourx folded before Flop (didn't bet)
Seat 2: Unipoker11 folded before Flop
Seat 3: MoRsCeReBruM (button) collected ($6.10)
Seat 4: Punzzzer (small blind) folded before Flop
Seat 5: Manifestorr (big blind) folded before Flop
Seat 6: Uk841224 folded before Flop (didn't bet)



PokerStars Hand #254769498669:  Hold'em No Limit ($0.50/$1.00 USD) - 2025/02/08 18:22:29 WET [2025/02/08 13:22:29 ET]
Table 'Strobel II' 6-max Seat #4 is the button
Seat 1: paramourx ($111.03 in chips) 
Seat 2: Unipoker11 ($100 in chips) 
Seat 3: MoRsCeReBruM ($131.09 in chips) 
Seat 4: Punzzzer ($109.91 in chips) 
Seat 5: Manifestorr ($117.89 in chips) 
Seat 6: Uk841224 ($78.39 in chips) 
Manifestorr: posts small blind $0.50
Uk841224: posts big blind $1
*** HOLE CARDS ***
paramourx: folds 
Unipoker11: folds 
MoRsCeReBruM: folds 
Punzzzer: raises $1.20 to $2.20
Manifestorr: folds 
Uk841224: calls $1.20
*** FLOP *** [5c Ah 2c]
Uk841224: checks 
Punzzzer: bets $1.54
Uk841224: folds 
Uncalled bet ($1.54) returned to Punzzzer
Punzzzer collected $4.66 from pot
Punzzzer: doesn't show hand 
*** SUMMARY ***
Total pot $4.90 | Rake $0.24 
Board [5c Ah 2c]
Seat 1: paramourx folded before Flop (didn't bet)
Seat 2: Unipoker11 folded before Flop (didn't bet)
Seat 3: MoRsCeReBruM folded before Flop (didn't bet)
Seat 4: Punzzzer (button) collected ($4.66)
Seat 5: Manifestorr (small blind) folded before Flop
Seat 6: Uk841224 (big blind) folded on the Flop



PokerStars Hand #254769505461:  Hold'em No Limit ($0.50/$1.00 USD) - 2025/02/08 18:22:52 WET [2025/02/08 13:22:52 ET]
Table 'Strobel II' 6-max Seat #5 is the button
Seat 1: paramourx ($111.03 in chips) 
Seat 2: Unipoker11 ($100 in chips) 
Seat 3: MoRsCeReBruM ($131.09 in chips) 
Seat 4: Punzzzer ($112.37 in chips) 
Seat 5: Manifestorr ($117.39 in chips) 
Seat 6: Uk841224 ($76.19 in chips) 
Uk841224: posts small blind $0.50
paramourx: posts big blind $1
*** HOLE CARDS ***
Unipoker11: folds 
MoRsCeReBruM has timed out
MoRsCeReBruM: folds 
Punzzzer: raises $1.20 to $2.20
Manifestorr: raises $4.80 to $7
Uk841224: folds 
paramourx: folds 
Punzzzer: folds 
Uncalled bet ($4.80) returned to Manifestorr
Manifestorr collected $5.90 from pot
*** SUMMARY ***
Total pot $5.90 | Rake $0 
Seat 1: paramourx (big blind) folded before Flop
Seat 2: Unipoker11 folded before Flop (didn't bet)
Seat 3: MoRsCeReBruM folded before Flop (didn't bet)
Seat 4: Punzzzer folded before Flop
Seat 5: Manifestorr (button) collected ($5.90)
Seat 6: Uk841224 (small blind) folded before Flop



PokerStars Hand #254769512788:  Hold'em No Limit ($0.50/$1.00 USD) - 2025/02/08 18:23:17 WET [2025/02/08 13:23:17 ET]
Table 'Strobel II' 6-max Seat #6 is the button
Seat 1: paramourx ($110.03 in chips) 
Seat 2: Unipoker11 ($100 in chips) 
Seat 3: MoRsCeReBruM ($131.09 in chips) 
Seat 4: Punzzzer ($110.17 in chips) 
Seat 5: Manifestorr ($121.09 in chips) 
Seat 6: Uk841224 ($75.69 in chips) 
paramourx: posts small blind $0.50
Unipoker11: posts big blind $1
*** HOLE CARDS ***
MoRsCeReBruM: folds 
Punzzzer: folds 
Manifestorr: folds 
Uk841224: folds 
paramourx: raises $2 to $3
Unipoker11: folds 
Uncalled bet ($2) returned to paramourx
paramourx collected $2 from pot
paramourx: doesn't show hand 
*** SUMMARY ***
Total pot $2 | Rake $0 
Seat 1: paramourx (small blind) collected ($2)
Seat 2: Unipoker11 (big blind) folded before Flop
Seat 3: MoRsCeReBruM folded before Flop (didn't bet)
Seat 4: Punzzzer folded before Flop (didn't bet)
Seat 5: Manifestorr folded before Flop (didn't bet)
Seat 6: Uk841224 (button) folded before Flop (didn't bet)



PokerStars Hand #254769520229:  Hold'em No Limit ($0.50/$1.00 USD) - 2025/02/08 18:23:42 WET [2025/02/08 13:23:42 ET]
Table 'Strobel II' 6-max Seat #1 is the button
Seat 1: paramourx ($111.03 in chips) 
Seat 2: Unipoker11 ($100 in chips) 
Seat 3: MoRsCeReBruM ($131.09 in chips) 
Seat 4: Punzzzer ($110.17 in chips) 
Seat 5: Manifestorr ($121.09 in chips) 
Seat 6: Uk841224 ($75.69 in chips) 
Unipoker11: posts small blind $0.50
MoRsCeReBruM: posts big blind $1
*** HOLE CARDS ***
Punzzzer: folds 
Manifestorr: folds 
Uk841224: folds 
paramourx: raises $2 to $3
Unipoker11: folds 
MoRsCeReBruM: folds 
Uncalled bet ($2) returned to paramourx
paramourx collected $2.50 from pot
paramourx: doesn't show hand 
*** SUMMARY ***
Total pot $2.50 | Rake $0 
Seat 1: paramourx (button) collected ($2.50)
Seat 2: Unipoker11 (small blind) folded before Flop
Seat 3: MoRsCeReBruM (big blind) folded before Flop
Seat 4: Punzzzer folded before Flop (didn't bet)
Seat 5: Manifestorr folded before Flop (didn't bet)
Seat 6: Uk841224 folded before Flop (didn't bet)



PokerStars Hand #254769526103:  Hold'em No Limit ($0.50/$1.00 USD) - 2025/02/08 18:24:01 WET [2025/02/08 13:24:01 ET]
Table 'Strobel II' 6-max Seat #2 is the button
Seat 1: paramourx ($112.53 in chips) 
Seat 2: Unipoker11 ($100 in chips) 
Seat 3: MoRsCeReBruM ($130.09 in chips) 
Seat 4: Punzzzer ($110.17 in chips) 
Seat 5: Manifestorr ($121.09 in chips) 
Seat 6: Uk841224 ($75.69 in chips) 
MoRsCeReBruM: posts small blind $0.50
Punzzzer: posts big blind $1
*** HOLE CARDS ***
Manifestorr: raises $1.20 to $2.20
Uk841224: calls $2.20
paramourx: folds 
Unipoker11: folds 
MoRsCeReBruM: folds 
Punzzzer: calls $1.20
*** FLOP *** [2h 2c Ks]
Punzzzer: checks 
Manifestorr: checks 
Uk841224: checks 
*** TURN *** [2h 2c Ks] [Tc]
Punzzzer: checks 
Manifestorr: checks 
Uk841224: bets $3.37
Punzzzer: folds 
Manifestorr: folds 
Uncalled bet ($3.37) returned to Uk841224
Uk841224 collected $6.74 from pot
*** SUMMARY ***
Total pot $7.10 | Rake $0.36 
Board [2h 2c Ks Tc]
Seat 1: paramourx folded before Flop (didn't bet)
Seat 2: Unipoker11 (button) folded before Flop (didn't bet)
Seat 3: MoRsCeReBruM (small blind) folded before Flop
Seat 4: Punzzzer (big blind) folded on the Turn
Seat 5: Manifestorr folded on the Turn
Seat 6: Uk841224 collected ($6.74)



PokerStars Hand #254769540545:  Hold'em No Limit ($0.50/$1.00 USD) - 2025/02/08 18:24:50 WET [2025/02/08 13:24:50 ET]
Table 'Strobel II' 6-max Seat #3 is the button
Seat 1: paramourx ($112.53 in chips) 
Seat 2: Unipoker11 ($100 in chips) 
Seat 3: MoRsCeReBruM ($129.59 in chips) 
Seat 4: Punzzzer ($107.97 in chips) 
Seat 5: Manifestorr ($118.89 in chips) 
Seat 6: Uk841224 ($80.23 in chips) 
Punzzzer: posts small blind $0.50
Manifestorr: posts big blind $1
*** HOLE CARDS ***
Uk841224: folds 
paramourx: folds 
Unipoker11: raises $1.30 to $2.30
MoRsCeReBruM: folds 
Punzzzer: folds 
Manifestorr: folds 
Uncalled bet ($1.30) returned to Unipoker11
Unipoker11 collected $2.50 from pot
Unipoker11: doesn't show hand 
*** SUMMARY ***
Total pot $2.50 | Rake $0 
Seat 1: paramourx folded before Flop (didn't bet)
Seat 2: Unipoker11 collected ($2.50)
Seat 3: MoRsCeReBruM (button) folded before Flop (didn't bet)
Seat 4: Punzzzer (small blind) folded before Flop
Seat 5: Manifestorr (big blind) folded before Flop
Seat 6: Uk841224 folded before Flop (didn't bet)



PokerStars Hand #254769546093:  Hold'em No Limit ($0.50/$1.00 USD) - 2025/02/08 18:25:09 WET [2025/02/08 13:25:09 ET]
Table 'Strobel II' 6-max Seat #4 is the button
Seat 1: paramourx ($112.53 in chips) 
Seat 2: Unipoker11 ($101.50 in chips) 
Seat 3: MoRsCeReBruM ($129.59 in chips) 
Seat 4: Punzzzer ($107.47 in chips) 
Seat 5: Manifestorr ($117.89 in chips) 
Seat 6: Uk841224 ($80.23 in chips) 
Manifestorr: posts small blind $0.50
Uk841224: posts big blind $1
*** HOLE CARDS ***
paramourx: folds 
Unipoker11: folds 
MoRsCeReBruM: folds 
Punzzzer: folds 
Manifestorr: raises $2 to $3
Uk841224: folds 
Uncalled bet ($2) returned to Manifestorr
Manifestorr collected $2 from pot
*** SUMMARY ***
Total pot $2 | Rake $0 
Seat 1: paramourx folded before Flop (didn't bet)
Seat 2: Unipoker11 folded before Flop (didn't bet)
Seat 3: MoRsCeReBruM folded before Flop (didn't bet)
Seat 4: Punzzzer (button) folded before Flop (didn't bet)
Seat 5: Manifestorr (small blind) collected ($2)
Seat 6: Uk841224 (big blind) folded before Flop



PokerStars Hand #254769549458:  Hold'em No Limit ($0.50/$1.00 USD) - 2025/02/08 18:25:20 WET [2025/02/08 13:25:20 ET]
Table 'Strobel II' 6-max Seat #5 is the button
Seat 1: paramourx ($112.53 in chips) 
Seat 2: Unipoker11 ($101.50 in chips) 
Seat 3: MoRsCeReBruM ($129.59 in chips) 
Seat 4: Punzzzer ($107.47 in chips) 
Seat 5: Manifestorr ($118.89 in chips) 
Seat 6: Uk841224 ($79.23 in chips) 
Uk841224: posts small blind $0.50
paramourx: posts big blind $1
*** HOLE CARDS ***
Unipoker11: folds 
MoRsCeReBruM: folds 
Punzzzer: folds 
Manifestorr: folds 
Uk841224: raises $1 to $2
paramourx: folds 
Uncalled bet ($1) returned to Uk841224
Uk841224 collected $2 from pot
*** SUMMARY ***
Total pot $2 | Rake $0 
Seat 1: paramourx (big blind) folded before Flop
Seat 2: Unipoker11 folded before Flop (didn't bet)
Seat 3: MoRsCeReBruM folded before Flop (didn't bet)
Seat 4: Punzzzer folded before Flop (didn't bet)
Seat 5: Manifestorr (button) folded before Flop (didn't bet)
Seat 6: Uk841224 (small blind) collected ($2)



PokerStars Hand #254769553874:  Hold'em No Limit ($0.50/$1.00 USD) - 2025/02/08 18:25:35 WET [2025/02/08 13:25:35 ET]
Table 'Strobel II' 6-max Seat #6 is the button
Seat 1: paramourx ($111.53 in chips) 
Seat 2: Unipoker11 ($101.50 in chips) 
Seat 3: MoRsCeReBruM ($129.59 in chips) 
Seat 4: Punzzzer ($107.47 in chips) 
Seat 5: Manifestorr ($118.89 in chips) 
Seat 6: Uk841224 ($80.23 in chips) 
paramourx: posts small blind $0.50
Unipoker11: posts big blind $1
*** HOLE CARDS ***
MoRsCeReBruM: folds 
Punzzzer: folds 
MoRsCeReBruM leaves the table
Manifestorr: raises $1.20 to $2.20
Uk841224: calls $2.20
paramourx: folds 
joaquin612 joins the table at seat #3 
Unipoker11: calls $1.20
*** FLOP *** [8c 6h As]
Unipoker11: checks 
Manifestorr: bets $3.37
Uk841224: calls $3.37
Unipoker11: folds 
*** TURN *** [8c 6h As] [4h]
Manifestorr: bets $9.86
Uk841224: folds 
Uncalled bet ($9.86) returned to Manifestorr
Manifestorr collected $13.15 from pot
*** SUMMARY ***
Total pot $13.84 | Rake $0.69 
Board [8c 6h As 4h]
Seat 1: paramourx (small blind) folded before Flop
Seat 2: Unipoker11 (big blind) folded on the Flop
Seat 3: MoRsCeReBruM folded before Flop (didn't bet)
Seat 4: Punzzzer folded before Flop (didn't bet)
Seat 5: Manifestorr collected ($13.15)
Seat 6: Uk841224 (button) folded on the Turn



PokerStars Hand #254769567497:  Hold'em No Limit ($0.50/$1.00 USD) - 2025/02/08 18:26:21 WET [2025/02/08 13:26:21 ET]
Table 'Strobel II' 6-max Seat #1 is the button
Seat 1: paramourx ($111.03 in chips) 
Seat 2: Unipoker11 ($100 in chips) 
Seat 3: joaquin612 ($100 in chips) 
Seat 4: Punzzzer ($107.47 in chips) 
Seat 5: Manifestorr ($126.47 in chips) 
Seat 6: Uk841224 ($74.66 in chips) 
Unipoker11: posts small blind $0.50
joaquin612: posts big blind $1
*** HOLE CARDS ***
Punzzzer: folds 
Manifestorr: folds 
Uk841224: folds 
paramourx: raises $2 to $3
Unipoker11: folds 
joaquin612: folds 
Uncalled bet ($2) returned to paramourx
paramourx collected $2.50 from pot
paramourx: doesn't show hand 
*** SUMMARY ***
Total pot $2.50 | Rake $0 
Seat 1: paramourx (button) collected ($2.50)
Seat 2: Unipoker11 (small blind) folded before Flop
Seat 3: joaquin612 (big blind) folded before Flop
Seat 4: Punzzzer folded before Flop (didn't bet)
Seat 5: Manifestorr folded before Flop (didn't bet)
Seat 6: Uk841224 folded before Flop (didn't bet)



PokerStars Hand #254769571903:  Hold'em No Limit ($0.50/$1.00 USD) - 2025/02/08 18:26:36 WET [2025/02/08 13:26:36 ET]
Table 'Strobel II' 6-max Seat #2 is the button
Seat 1: paramourx ($112.53 in chips) 
Seat 2: Unipoker11 ($100 in chips) 
Seat 3: joaquin612 ($100 in chips) 
Seat 4: Punzzzer ($107.47 in chips) 
Seat 5: Manifestorr ($126.47 in chips) 
Seat 6: Uk841224 ($74.66 in chips) 
joaquin612: posts small blind $0.50
Punzzzer: posts big blind $1
*** HOLE CARDS ***
Manifestorr: folds 
Uk841224: folds 
paramourx: raises $2 to $3
Unipoker11: folds 
joaquin612: folds 
Punzzzer: folds 
Uncalled bet ($2) returned to paramourx
paramourx collected $2.50 from pot
paramourx: doesn't show hand 
*** SUMMARY ***
Total pot $2.50 | Rake $0 
Seat 1: paramourx collected ($2.50)
Seat 2: Unipoker11 (button) folded before Flop (didn't bet)
Seat 3: joaquin612 (small blind) folded before Flop
Seat 4: Punzzzer (big blind) folded before Flop
Seat 5: Manifestorr folded before Flop (didn't bet)
Seat 6: Uk841224 folded before Flop (didn't bet)



PokerStars Hand #254769579637:  Hold'em No Limit ($0.50/$1.00 USD) - 2025/02/08 18:27:02 WET [2025/02/08 13:27:02 ET]
Table 'Strobel II' 6-max Seat #3 is the button
Seat 1: paramourx ($114.03 in chips) 
Seat 2: Unipoker11 ($100 in chips) 
Seat 3: joaquin612 ($100 in chips) 
Seat 4: Punzzzer ($106.47 in chips) 
Seat 5: Manifestorr ($126.47 in chips) 
Seat 6: Uk841224 ($74.66 in chips) 
Punzzzer: posts small blind $0.50
Manifestorr: posts big blind $1
*** HOLE CARDS ***
Uk841224: folds 
paramourx: folds 
Unipoker11: folds 
joaquin612: folds 
Punzzzer: folds 
Uncalled bet ($0.50) returned to Manifestorr
Manifestorr collected $1 from pot
*** SUMMARY ***
Total pot $1 | Rake $0 
Seat 1: paramourx folded before Flop (didn't bet)
Seat 2: Unipoker11 folded before Flop (didn't bet)
Seat 3: joaquin612 (button) folded before Flop (didn't bet)
Seat 4: Punzzzer (small blind) folded before Flop
Seat 5: Manifestorr (big blind) collected ($1)
Seat 6: Uk841224 folded before Flop (didn't bet)



PokerStars Hand #254769583489:  Hold'em No Limit ($0.50/$1.00 USD) - 2025/02/08 18:27:15 WET [2025/02/08 13:27:15 ET]
Table 'Strobel II' 6-max Seat #4 is the button
Seat 1: paramourx ($114.03 in chips) 
Seat 2: Unipoker11 ($100 in chips) 
Seat 3: joaquin612 ($100 in chips) 
Seat 4: Punzzzer ($105.97 in chips) 
Seat 5: Manifestorr ($126.97 in chips) 
Seat 6: Uk841224 ($74.66 in chips) 
Manifestorr: posts small blind $0.50
Uk841224: posts big blind $1
*** HOLE CARDS ***
Unipoker11 is disconnected 
paramourx: raises $2 to $3
Unipoker11 is connected 
Unipoker11: folds 
joaquin612: folds 
Punzzzer: folds 
Manifestorr: folds 
Uk841224: calls $2
*** FLOP *** [Jd 7s Ts]
Uk841224: checks 
paramourx: checks 
*** TURN *** [Jd 7s Ts] [6c]
Uk841224: checks 
paramourx: checks 
*** RIVER *** [Jd 7s Ts 6c] [Kd]
Uk841224: checks 
paramourx: checks 
*** SHOW DOWN ***
Uk841224: shows [Kh 3h] (a pair of Kings)
paramourx: mucks hand 
Uk841224 collected $6.18 from pot
*** SUMMARY ***
Total pot $6.50 | Rake $0.32 
Board [Jd 7s Ts 6c Kd]
Seat 1: paramourx mucked
Seat 2: Unipoker11 folded before Flop (didn't bet)
Seat 3: joaquin612 folded before Flop (didn't bet)
Seat 4: Punzzzer (button) folded before Flop (didn't bet)
Seat 5: Manifestorr (small blind) folded before Flop
Seat 6: Uk841224 (big blind) showed [Kh 3h] and won ($6.18) with a pair of Kings



PokerStars Hand #254769599997:  Hold'em No Limit ($0.50/$1.00 USD) - 2025/02/08 18:28:11 WET [2025/02/08 13:28:11 ET]
Table 'Strobel II' 6-max Seat #5 is the button
Seat 1: paramourx ($111.03 in chips) 
Seat 2: Unipoker11 ($100 in chips) 
Seat 3: joaquin612 ($100 in chips) 
Seat 4: Punzzzer ($105.97 in chips) 
Seat 5: Manifestorr ($126.47 in chips) 
Seat 6: Uk841224 ($77.84 in chips) 
Uk841224: posts small blind $0.50
paramourx: posts big blind $1
*** HOLE CARDS ***
Unipoker11: folds 
joaquin612: folds 
Punzzzer: folds 
Manifestorr: folds 
Uk841224: raises $1 to $2
paramourx: calls $1
*** FLOP *** [4s Ad Kh]
Uk841224: checks 
paramourx: checks 
*** TURN *** [4s Ad Kh] [5h]
Uk841224: bets $1.90
paramourx: folds 
Uncalled bet ($1.90) returned to Uk841224
Uk841224 collected $3.80 from pot
*** SUMMARY ***
Total pot $4 | Rake $0.20 
Board [4s Ad Kh 5h]
Seat 1: paramourx (big blind) folded on the Turn
Seat 2: Unipoker11 folded before Flop (didn't bet)
Seat 3: joaquin612 folded before Flop (didn't bet)
Seat 4: Punzzzer folded before Flop (didn't bet)
Seat 5: Manifestorr (button) folded before Flop (didn't bet)
Seat 6: Uk841224 (small blind) collected ($3.80)



PokerStars Hand #254769609676:  Hold'em No Limit ($0.50/$1.00 USD) - 2025/02/08 18:28:43 WET [2025/02/08 13:28:43 ET]
Table 'Strobel II' 6-max Seat #6 is the button
Seat 1: paramourx ($109.03 in chips) 
Seat 2: Unipoker11 ($100 in chips) 
Seat 3: joaquin612 ($100 in chips) 
Seat 4: Punzzzer ($105.97 in chips) 
Seat 5: Manifestorr ($126.47 in chips) 
Seat 6: Uk841224 ($79.64 in chips) 
paramourx: posts small blind $0.50
Unipoker11: posts big blind $1
*** HOLE CARDS ***
joaquin612: raises $1.50 to $2.50
Punzzzer: folds 
Manifestorr: folds 
Uk841224: calls $2.50
paramourx: raises $11 to $13.50
Unipoker11: folds 
joaquin612: folds 
Uk841224: folds 
Uncalled bet ($11) returned to paramourx
paramourx collected $8.50 from pot
paramourx: doesn't show hand 
*** SUMMARY ***
Total pot $8.50 | Rake $0 
Seat 1: paramourx (small blind) collected ($8.50)
Seat 2: Unipoker11 (big blind) folded before Flop
Seat 3: joaquin612 folded before Flop
Seat 4: Punzzzer folded before Flop (didn't bet)
Seat 5: Manifestorr folded before Flop (didn't bet)
Seat 6: Uk841224 (button) folded before Flop



PokerStars Hand #254769621206:  Hold'em No Limit ($0.50/$1.00 USD) - 2025/02/08 18:29:22 WET [2025/02/08 13:29:22 ET]
Table 'Strobel II' 6-max Seat #1 is the button
Seat 1: paramourx ($115.03 in chips) 
Seat 2: Unipoker11 ($100 in chips) 
Seat 3: joaquin612 ($100 in chips) 
Seat 4: Punzzzer ($105.97 in chips) 
Seat 5: Manifestorr ($126.47 in chips) 
Seat 6: Uk841224 ($77.14 in chips) 
Unipoker11: posts small blind $0.50
joaquin612: posts big blind $1
*** HOLE CARDS ***
Punzzzer: folds 
Manifestorr: folds 
Uk841224: raises $1 to $2
paramourx: folds 
Unipoker11: folds 
joaquin612: folds 
Uncalled bet ($1) returned to Uk841224
Uk841224 collected $2.50 from pot
*** SUMMARY ***
Total pot $2.50 | Rake $0 
Seat 1: paramourx (button) folded before Flop (didn't bet)
Seat 2: Unipoker11 (small blind) folded before Flop
Seat 3: joaquin612 (big blind) folded before Flop
Seat 4: Punzzzer folded before Flop (didn't bet)
Seat 5: Manifestorr folded before Flop (didn't bet)
Seat 6: Uk841224 collected ($2.50)



PokerStars Hand #254769627216:  Hold'em No Limit ($0.50/$1.00 USD) - 2025/02/08 18:29:43 WET [2025/02/08 13:29:43 ET]
Table 'Strobel II' 6-max Seat #2 is the button
Seat 1: paramourx ($115.03 in chips) 
Seat 2: Unipoker11 ($100 in chips) 
Seat 3: joaquin612 ($100 in chips) 
Seat 4: Punzzzer ($105.97 in chips) 
Seat 5: Manifestorr ($126.47 in chips) 
Seat 6: Uk841224 ($78.64 in chips) 
joaquin612: posts small blind $0.50
Punzzzer: posts big blind $1
*** HOLE CARDS ***
Manifestorr: folds 
Uk841224: folds 
paramourx: folds 
Unipoker11: raises $1.50 to $2.50
joaquin612: folds 
Punzzzer: folds 
Uncalled bet ($1.50) returned to Unipoker11
Unipoker11 collected $2.50 from pot
Unipoker11: doesn't show hand 
*** SUMMARY ***
Total pot $2.50 | Rake $0 
Seat 1: paramourx folded before Flop (didn't bet)
Seat 2: Unipoker11 (button) collected ($2.50)
Seat 3: joaquin612 (small blind) folded before Flop
Seat 4: Punzzzer (big blind) folded before Flop
Seat 5: Manifestorr folded before Flop (didn't bet)
Seat 6: Uk841224 folded before Flop (didn't bet)



PokerStars Hand #254769634995:  Hold'em No Limit ($0.50/$1.00 USD) - 2025/02/08 18:30:08 WET [2025/02/08 13:30:08 ET]
Table 'Strobel II' 6-max Seat #3 is the button
Seat 1: paramourx ($115.03 in chips) 
Seat 2: Unipoker11 ($101.50 in chips) 
Seat 3: joaquin612 ($100 in chips) 
Seat 4: Punzzzer ($104.97 in chips) 
Seat 5: Manifestorr ($126.47 in chips) 
Seat 6: Uk841224 ($78.64 in chips) 
Punzzzer: posts small blind $0.50
Manifestorr: posts big blind $1
*** HOLE CARDS ***
Uk841224: raises $1 to $2
paramourx: raises $4.50 to $6.50
Unipoker11: folds 
joaquin612: folds 
Punzzzer: folds 
Manifestorr: folds 
Uk841224: calls $4.50
*** FLOP *** [3s 6s 6d]
Uk841224: checks 
paramourx: bets $4.27
Uk841224: folds 
Uncalled bet ($4.27) returned to paramourx
paramourx collected $13.78 from pot
paramourx: doesn't show hand 
*** SUMMARY ***
Total pot $14.50 | Rake $0.72 
Board [3s 6s 6d]
Seat 1: paramourx collected ($13.78)
Seat 2: Unipoker11 folded before Flop (didn't bet)
Seat 3: joaquin612 (button) folded before Flop (didn't bet)
Seat 4: Punzzzer (small blind) folded before Flop
Seat 5: Manifestorr (big blind) folded before Flop
Seat 6: Uk841224 folded on the Flop



PokerStars Hand #254769646099:  Hold'em No Limit ($0.50/$1.00 USD) - 2025/02/08 18:30:45 WET [2025/02/08 13:30:45 ET]
Table 'Strobel II' 6-max Seat #4 is the button
Seat 1: paramourx ($122.31 in chips) 
Seat 2: Unipoker11 ($101.50 in chips) 
Seat 3: joaquin612 ($100 in chips) 
Seat 4: Punzzzer ($104.47 in chips) 
Seat 5: Manifestorr ($125.47 in chips) 
Seat 6: Uk841224 ($72.14 in chips) 
Manifestorr: posts small blind $0.50
Uk841224: posts big blind $1
*** HOLE CARDS ***
paramourx: folds 
Unipoker11: folds 
joaquin612: folds 
Punzzzer: folds 
Manifestorr: folds 
Uncalled bet ($0.50) returned to Uk841224
Uk841224 collected $1 from pot
*** SUMMARY ***
Total pot $1 | Rake $0 
Seat 1: paramourx folded before Flop (didn't bet)
Seat 2: Unipoker11 folded before Flop (didn't bet)
Seat 3: joaquin612 folded before Flop (didn't bet)
Seat 4: Punzzzer (button) folded before Flop (didn't bet)
Seat 5: Manifestorr (small blind) folded before Flop
Seat 6: Uk841224 (big blind) collected ($1)



PokerStars Hand #254769652370:  Hold'em No Limit ($0.50/$1.00 USD) - 2025/02/08 18:31:06 WET [2025/02/08 13:31:06 ET]
Table 'Strobel II' 6-max Seat #5 is the button
Seat 1: paramourx ($122.31 in chips) 
Seat 2: Unipoker11 ($101.50 in chips) 
Seat 3: joaquin612 ($100 in chips) 
Seat 4: Punzzzer ($104.47 in chips) 
Seat 5: Manifestorr ($124.97 in chips) 
Seat 6: Uk841224 ($72.64 in chips) 
Uk841224: posts small blind $0.50
paramourx: posts big blind $1
*** HOLE CARDS ***
Unipoker11: folds 
joaquin612: folds 
Punzzzer: folds 
Manifestorr: raises $1.20 to $2.20
Uk841224: folds 
paramourx: folds 
Uncalled bet ($1.20) returned to Manifestorr
Manifestorr collected $2.50 from pot
*** SUMMARY ***
Total pot $2.50 | Rake $0 
Seat 1: paramourx (big blind) folded before Flop
Seat 2: Unipoker11 folded before Flop (didn't bet)
Seat 3: joaquin612 folded before Flop (didn't bet)
Seat 4: Punzzzer folded before Flop (didn't bet)
Seat 5: Manifestorr (button) collected ($2.50)
Seat 6: Uk841224 (small blind) folded before Flop



PokerStars Hand #254769658051:  Hold'em No Limit ($0.50/$1.00 USD) - 2025/02/08 18:31:24 WET [2025/02/08 13:31:24 ET]
Table 'Strobel II' 6-max Seat #6 is the button
Seat 1: paramourx ($121.31 in chips) 
Seat 2: Unipoker11 ($101.50 in chips) 
Seat 3: joaquin612 ($100 in chips) 
Seat 4: Punzzzer ($104.47 in chips) 
Seat 5: Manifestorr ($126.47 in chips) 
Seat 6: Uk841224 ($72.14 in chips) 
paramourx: posts small blind $0.50
Unipoker11: posts big blind $1
*** HOLE CARDS ***
joaquin612: folds 
Punzzzer: folds 
Manifestorr: raises $1.20 to $2.20
Uk841224: calls $2.20
paramourx: folds 
Unipoker11: folds 
*** FLOP *** [Ks 5h 8d]
Manifestorr: bets $4.20
Uk841224: calls $4.20
*** TURN *** [Ks 5h 8d] [7h]
Manifestorr: checks 
Uk841224: bets $6.79
Manifestorr: calls $6.79
*** RIVER *** [Ks 5h 8d 7h] [4d]
Manifestorr: checks 
Uk841224: checks 
*** SHOW DOWN ***
Manifestorr: shows [Ts Kd] (a pair of Kings)
Uk841224: mucks hand 
Manifestorr collected $26.49 from pot
*** SUMMARY ***
Total pot $27.88 | Rake $1.39 
Board [Ks 5h 8d 7h 4d]
Seat 1: paramourx (small blind) folded before Flop
Seat 2: Unipoker11 (big blind) folded before Flop
Seat 3: joaquin612 folded before Flop (didn't bet)
Seat 4: Punzzzer folded before Flop (didn't bet)
Seat 5: Manifestorr showed [Ts Kd] and won ($26.49) with a pair of Kings
Seat 6: Uk841224 (button) mucked



PokerStars Hand #254769679904:  Hold'em No Limit ($0.50/$1.00 USD) - 2025/02/08 18:32:36 WET [2025/02/08 13:32:36 ET]
Table 'Strobel II' 6-max Seat #1 is the button
Seat 1: paramourx ($120.81 in chips) 
Seat 2: Unipoker11 ($100.50 in chips) 
Seat 3: joaquin612 ($100 in chips) 
Seat 4: Punzzzer ($104.47 in chips) 
Seat 5: Manifestorr ($139.77 in chips) 
Seat 6: Uk841224 ($58.95 in chips) 
Unipoker11: posts small blind $0.50
joaquin612: posts big blind $1
*** HOLE CARDS ***
Punzzzer: folds 
Manifestorr: raises $1.20 to $2.20
Uk841224: calls $2.20
paramourx: folds 
Unipoker11: folds 
joaquin612: folds 
*** FLOP *** [2h Ac Qd]
Manifestorr: checks 
Uk841224: bets $2.80
Manifestorr: calls $2.80
*** TURN *** [2h Ac Qd] [9d]
Manifestorr: checks 
Uk841224: bets $5.46
Manifestorr: calls $5.46
*** RIVER *** [2h Ac Qd 9d] [4s]
Manifestorr: checks 
Uk841224: bets $48.49 and is all-in
Manifestorr: folds 
Uncalled bet ($48.49) returned to Uk841224
Uk841224 collected $21.30 from pot
*** SUMMARY ***
Total pot $22.42 | Rake $1.12 
Board [2h Ac Qd 9d 4s]
Seat 1: paramourx (button) folded before Flop (didn't bet)
Seat 2: Unipoker11 (small blind) folded before Flop
Seat 3: joaquin612 (big blind) folded before Flop
Seat 4: Punzzzer folded before Flop (didn't bet)
Seat 5: Manifestorr folded on the River
Seat 6: Uk841224 collected ($21.30)



PokerStars Hand #254769696229:  Hold'em No Limit ($0.50/$1.00 USD) - 2025/02/08 18:33:29 WET [2025/02/08 13:33:29 ET]
Table 'Strobel II' 6-max Seat #2 is the button
Seat 1: paramourx ($120.81 in chips) 
Seat 2: Unipoker11 ($100 in chips) 
Seat 3: joaquin612 ($100 in chips) 
Seat 4: Punzzzer ($104.47 in chips) 
Seat 5: Manifestorr ($129.31 in chips) 
Seat 6: Uk841224 ($69.79 in chips) 
joaquin612: posts small blind $0.50
Punzzzer: posts big blind $1
*** HOLE CARDS ***
Manifestorr: folds 
Uk841224 is disconnected 
Uk841224 has timed out while disconnected
Uk841224: folds 
paramourx: folds 
Unipoker11: raises $1.50 to $2.50
joaquin612: folds 
Punzzzer: calls $1.50
*** FLOP *** [6c Ks 5h]
Punzzzer: checks 
Unipoker11: bets $1.30
Punzzzer: calls $1.30
*** TURN *** [6c Ks 5h] [Ac]
Punzzzer: checks 
Unipoker11: bets $11.55
Punzzzer: calls $11.55
*** RIVER *** [6c Ks 5h Ac] [Qh]
Punzzzer: checks 
Unipoker11: bets $44.46
Punzzzer: folds 
Uncalled bet ($44.46) returned to Unipoker11
Unipoker11 collected $29.64 from pot
Unipoker11: doesn't show hand 
*** SUMMARY ***
Total pot $31.20 | Rake $1.56 
Board [6c Ks 5h Ac Qh]
Seat 1: paramourx folded before Flop (didn't bet)
Seat 2: Unipoker11 (button) collected ($29.64)
Seat 3: joaquin612 (small blind) folded before Flop
Seat 4: Punzzzer (big blind) folded on the River
Seat 5: Manifestorr folded before Flop (didn't bet)
Seat 6: Uk841224 folded before Flop (didn't bet)



PokerStars Hand #254769725301:  Hold'em No Limit ($0.50/$1.00 USD) - 2025/02/08 18:35:05 WET [2025/02/08 13:35:05 ET]
Table 'Strobel II' 6-max Seat #3 is the button
Seat 1: paramourx ($120.81 in chips) 
Seat 2: Unipoker11 ($114.29 in chips) 
Seat 3: joaquin612 ($100 in chips) 
Seat 4: Punzzzer ($100 in chips) 
Seat 5: Manifestorr ($129.31 in chips) 
Seat 6: Uk841224 ($69.79 in chips) 
Punzzzer: posts small blind $0.50
Manifestorr: posts big blind $1
*** HOLE CARDS ***
Uk841224: raises $1 to $2
paramourx: raises $5 to $7
Unipoker11: folds 
joaquin612: raises $12.50 to $19.50
Punzzzer: folds 
Manifestorr: folds 
Uk841224: folds 
paramourx: calls $12.50
*** FLOP *** [3d 2h 6c]
paramourx: checks 
joaquin612: bets $11.50
paramourx: calls $11.50
*** TURN *** [3d 2h 6c] [8s]
paramourx: checks 
joaquin612: bets $17.50
paramourx: calls $17.50
*** RIVER *** [3d 2h 6c 8s] [Ks]
paramourx: checks 
joaquin612: checks 
*** SHOW DOWN ***
paramourx: shows [As Kd] (a pair of Kings)
joaquin612: mucks hand 
paramourx collected $98 from pot
*** SUMMARY ***
Total pot $100.50 | Rake $2.50 
Board [3d 2h 6c 8s Ks]
Seat 1: paramourx showed [As Kd] and won ($98) with a pair of Kings
Seat 2: Unipoker11 folded before Flop (didn't bet)
Seat 3: joaquin612 (button) mucked
Seat 4: Punzzzer (small blind) folded before Flop
Seat 5: Manifestorr (big blind) folded before Flop
Seat 6: Uk841224 folded before Flop



PokerStars Hand #254769767142:  Hold'em No Limit ($0.50/$1.00 USD) - 2025/02/08 18:37:22 WET [2025/02/08 13:37:22 ET]
Table 'Strobel II' 6-max Seat #4 is the button
Seat 1: paramourx ($170.31 in chips) 
Seat 2: Unipoker11 ($114.29 in chips) 
Seat 3: joaquin612 ($100 in chips) 
Seat 4: Punzzzer ($100 in chips) 
Seat 5: Manifestorr ($128.31 in chips) 
Seat 6: Uk841224 ($67.79 in chips) 
Manifestorr: posts small blind $0.50
Uk841224: posts big blind $1
*** HOLE CARDS ***
paramourx: folds 
Unipoker11: folds 
joaquin612: folds 
Punzzzer: raises $1.20 to $2.20
Manifestorr: folds 
Uk841224: calls $1.20
*** FLOP *** [7d 6h Qs]
Uk841224: checks 
Punzzzer: bets $1.54
Uk841224: calls $1.54
*** TURN *** [7d 6h Qs] [7h]
Uk841224: checks 
Punzzzer: checks 
*** RIVER *** [7d 6h Qs 7h] [4h]
Uk841224: checks 
Punzzzer: bets $4.93
Uk841224: calls $4.93
*** SHOW DOWN ***
Punzzzer: shows [Qc 5c] (two pair, Queens and Sevens)
Uk841224: mucks hand 
Punzzzer collected $16.95 from pot
*** SUMMARY ***
Total pot $17.84 | Rake $0.89 
Board [7d 6h Qs 7h 4h]
Seat 1: paramourx folded before Flop (didn't bet)
Seat 2: Unipoker11 folded before Flop (didn't bet)
Seat 3: joaquin612 folded before Flop (didn't bet)
Seat 4: Punzzzer (button) showed [Qc 5c] and won ($16.95) with two pair, Queens and Sevens
Seat 5: Manifestorr (small blind) folded before Flop
Seat 6: Uk841224 (big blind) mucked



PokerStars Hand #254769781676:  Hold'em No Limit ($0.50/$1.00 USD) - 2025/02/08 18:38:10 WET [2025/02/08 13:38:10 ET]
Table 'Strobel II' 6-max Seat #5 is the button
Seat 1: paramourx ($170.31 in chips) 
Seat 2: Unipoker11 ($114.29 in chips) 
Seat 3: joaquin612 ($100 in chips) 
Seat 4: Punzzzer ($108.28 in chips) 
Seat 5: Manifestorr ($127.81 in chips) 
Seat 6: Uk841224 ($59.12 in chips) 
Uk841224: posts small blind $0.50
paramourx: posts big blind $1
*** HOLE CARDS ***
Unipoker11: folds 
joaquin612: folds 
Punzzzer: folds 
Manifestorr: folds 
Uk841224: folds 
Uncalled bet ($0.50) returned to paramourx
paramourx collected $1 from pot
paramourx: doesn't show hand 
*** SUMMARY ***
Total pot $1 | Rake $0 
Seat 1: paramourx (big blind) collected ($1)
Seat 2: Unipoker11 folded before Flop (didn't bet)
Seat 3: joaquin612 folded before Flop (didn't bet)
Seat 4: Punzzzer folded before Flop (didn't bet)
Seat 5: Manifestorr (button) folded before Flop (didn't bet)
Seat 6: Uk841224 (small blind) folded before Flop



PokerStars Hand #254769787491:  Hold'em No Limit ($0.50/$1.00 USD) - 2025/02/08 18:38:29 WET [2025/02/08 13:38:29 ET]
Table 'Strobel II' 6-max Seat #1 is the button
Seat 1: paramourx ($170.31 in chips) 
Seat 2: Unipoker11 ($114.79 in chips) 
Seat 3: joaquin612 ($100 in chips) 
Seat 4: Punzzzer ($108.28 in chips) 
Seat 5: Manifestorr ($127.81 in chips) 
Seat 6: Uk841224 ($58.62 in chips) 
Unipoker11: posts small blind $0.50
joaquin612: posts big blind $1
*** HOLE CARDS ***
Punzzzer: folds 
Manifestorr: folds 
Uk841224: raises $2 to $3
paramourx: folds 
Unipoker11: folds 
joaquin612: folds 
Uncalled bet ($2) returned to Uk841224
Uk841224 collected $2.50 from pot
*** SUMMARY ***
Total pot $2.50 | Rake $0 
Seat 1: paramourx (button) folded before Flop (didn't bet)
Seat 2: Unipoker11 (small blind) folded before Flop
Seat 3: joaquin612 (big blind) folded before Flop
Seat 4: Punzzzer folded before Flop (didn't bet)
Seat 5: Manifestorr folded before Flop (didn't bet)
Seat 6: Uk841224 collected ($2.50)



PokerStars Hand #254769791447:  Hold'em No Limit ($0.50/$1.00 USD) - 2025/02/08 18:38:42 WET [2025/02/08 13:38:42 ET]
Table 'Strobel II' 6-max Seat #2 is the button
Seat 1: paramourx ($170.31 in chips) 
Seat 2: Unipoker11 ($114.29 in chips) 
Seat 3: joaquin612 ($100 in chips) 
Seat 4: Punzzzer ($108.28 in chips) 
Seat 5: Manifestorr ($127.81 in chips) 
Seat 6: Uk841224 ($60.12 in chips) 
joaquin612: posts small blind $0.50
Punzzzer: posts big blind $1
*** HOLE CARDS ***
Manifestorr: folds 
Uk841224: folds 
paramourx: folds 
Unipoker11: folds 
joaquin612: folds 
Uncalled bet ($0.50) returned to Punzzzer
Punzzzer collected $1 from pot
Punzzzer: doesn't show hand 
*** SUMMARY ***
Total pot $1 | Rake $0 
Seat 1: paramourx folded before Flop (didn't bet)
Seat 2: Unipoker11 (button) folded before Flop (didn't bet)
Seat 3: joaquin612 (small blind) folded before Flop
Seat 4: Punzzzer (big blind) collected ($1)
Seat 5: Manifestorr folded before Flop (didn't bet)
Seat 6: Uk841224 folded before Flop (didn't bet)



PokerStars Hand #254769795227:  Hold'em No Limit ($0.50/$1.00 USD) - 2025/02/08 18:38:54 WET [2025/02/08 13:38:54 ET]
Table 'Strobel II' 6-max Seat #3 is the button
Seat 1: paramourx ($170.31 in chips) 
Seat 2: Unipoker11 ($114.29 in chips) 
Seat 3: joaquin612 ($100 in chips) 
Seat 4: Punzzzer ($108.78 in chips) 
Seat 5: Manifestorr ($127.81 in chips) 
Seat 6: Uk841224 ($60.12 in chips) 
Punzzzer: posts small blind $0.50
Manifestorr: posts big blind $1
*** HOLE CARDS ***
Uk841224: folds 
paramourx: folds 
Unipoker11: folds 
joaquin612: folds 
Punzzzer: raises $2 to $3
Manifestorr: raises $6 to $9
Punzzzer: folds 
Uncalled bet ($6) returned to Manifestorr
Manifestorr collected $6 from pot
*** SUMMARY ***
Total pot $6 | Rake $0 
Seat 1: paramourx folded before Flop (didn't bet)
Seat 2: Unipoker11 folded before Flop (didn't bet)
Seat 3: joaquin612 (button) folded before Flop (didn't bet)
Seat 4: Punzzzer (small blind) folded before Flop
Seat 5: Manifestorr (big blind) collected ($6)
Seat 6: Uk841224 folded before Flop (didn't bet)



PokerStars Hand #254769802351:  Hold'em No Limit ($0.50/$1.00 USD) - 2025/02/08 18:39:17 WET [2025/02/08 13:39:17 ET]
Table 'Strobel II' 6-max Seat #4 is the button
Seat 1: paramourx ($170.31 in chips) 
Seat 2: Unipoker11 ($114.29 in chips) 
Seat 3: joaquin612 ($100 in chips) 
Seat 4: Punzzzer ($105.78 in chips) 
Seat 5: Manifestorr ($130.81 in chips) 
Seat 6: Uk841224 ($60.12 in chips) 
Manifestorr: posts small blind $0.50
Uk841224: posts big blind $1
*** HOLE CARDS ***
paramourx: raises $2 to $3
Unipoker11: folds 
joaquin612: folds 
Punzzzer: folds 
Manifestorr: folds 
Uk841224: folds 
Uncalled bet ($2) returned to paramourx
paramourx collected $2.50 from pot
paramourx: doesn't show hand 
*** SUMMARY ***
Total pot $2.50 | Rake $0 
Seat 1: paramourx collected ($2.50)
Seat 2: Unipoker11 folded before Flop (didn't bet)
Seat 3: joaquin612 folded before Flop (didn't bet)
Seat 4: Punzzzer (button) folded before Flop (didn't bet)
Seat 5: Manifestorr (small blind) folded before Flop
Seat 6: Uk841224 (big blind) folded before Flop



PokerStars Hand #254769806161:  Hold'em No Limit ($0.50/$1.00 USD) - 2025/02/08 18:39:30 WET [2025/02/08 13:39:30 ET]
Table 'Strobel II' 6-max Seat #5 is the button
Seat 1: paramourx ($171.81 in chips) 
Seat 2: Unipoker11 ($114.29 in chips) 
Seat 3: joaquin612 ($100 in chips) 
Seat 4: Punzzzer ($105.78 in chips) 
Seat 5: Manifestorr ($130.31 in chips) 
Seat 6: Uk841224 ($59.12 in chips) 
Uk841224: posts small blind $0.50
paramourx: posts big blind $1
*** HOLE CARDS ***
Unipoker11: folds 
joaquin612: raises $1.50 to $2.50
Punzzzer: folds 
Manifestorr: folds 
Uk841224: folds 
paramourx: folds 
Uncalled bet ($1.50) returned to joaquin612
joaquin612 collected $2.50 from pot
joaquin612: doesn't show hand 
*** SUMMARY ***
Total pot $2.50 | Rake $0 
Seat 1: paramourx (big blind) folded before Flop
Seat 2: Unipoker11 folded before Flop (didn't bet)
Seat 3: joaquin612 collected ($2.50)
Seat 4: Punzzzer folded before Flop (didn't bet)
Seat 5: Manifestorr (button) folded before Flop (didn't bet)
Seat 6: Uk841224 (small blind) folded before Flop



PokerStars Hand #254769817653:  Hold'em No Limit ($0.50/$1.00 USD) - 2025/02/08 18:40:08 WET [2025/02/08 13:40:08 ET]
Table 'Strobel II' 6-max Seat #6 is the button
Seat 1: paramourx ($170.81 in chips) 
Seat 2: Unipoker11 ($114.29 in chips) 
Seat 3: joaquin612 ($101.50 in chips) 
Seat 4: Punzzzer ($105.78 in chips) 
Seat 5: Manifestorr ($130.31 in chips) 
Seat 6: Uk841224 ($58.62 in chips) 
paramourx: posts small blind $0.50
Unipoker11: posts big blind $1
*** HOLE CARDS ***
joaquin612: folds 
Punzzzer: raises $1.20 to $2.20
Manifestorr: folds 
Uk841224: folds 
paramourx: folds 
Unipoker11: folds 
Uncalled bet ($1.20) returned to Punzzzer
Punzzzer collected $2.50 from pot
Punzzzer: doesn't show hand 
*** SUMMARY ***
Total pot $2.50 | Rake $0 
Seat 1: paramourx (small blind) folded before Flop
Seat 2: Unipoker11 (big blind) folded before Flop
Seat 3: joaquin612 folded before Flop (didn't bet)
Seat 4: Punzzzer collected ($2.50)
Seat 5: Manifestorr folded before Flop (didn't bet)
Seat 6: Uk841224 (button) folded before Flop (didn't bet)



PokerStars Hand #254769784252:  Hold'em No Limit ($0.50/$1.00 USD) - 2025/02/08 18:38:18 WET [2025/02/08 13:38:18 ET]
Table 'Strobel II' 6-max Seat #6 is the button
Seat 1: paramourx ($170.81 in chips) 
Seat 2: Unipoker11 ($114.29 in chips) 
Seat 3: joaquin612 ($100 in chips) 
Seat 4: Punzzzer ($108.28 in chips) 
Seat 5: Manifestorr ($127.81 in chips) 
Seat 6: Uk841224 ($58.62 in chips) 
paramourx: posts small blind $0.50
Unipoker11: posts big blind $1
*** HOLE CARDS ***
joaquin612: folds 
Punzzzer: folds 
Manifestorr: folds 
Uk841224: folds 
paramourx: folds 
Uncalled bet ($0.50) returned to Unipoker11
Unipoker11 collected $1 from pot
Unipoker11: doesn't show hand 
*** SUMMARY ***
Total pot $1 | Rake $0 
Seat 1: paramourx (small blind) folded before Flop
Seat 2: Unipoker11 (big blind) collected ($1)
Seat 3: joaquin612 folded before Flop (didn't bet)
Seat 4: Punzzzer folded before Flop (didn't bet)
Seat 5: Manifestorr folded before Flop (didn't bet)
Seat 6: Uk841224 (button) folded before Flop (didn't bet)



PokerStars Hand #254769824340:  Hold'em No Limit ($0.50/$1.00 USD) - 2025/02/08 18:40:29 WET [2025/02/08 13:40:29 ET]
Table 'Strobel II' 6-max Seat #1 is the button
Seat 1: paramourx ($170.31 in chips) 
Seat 2: Unipoker11 ($113.29 in chips) 
Seat 3: joaquin612 ($101.50 in chips) 
Seat 4: Punzzzer ($107.28 in chips) 
Seat 5: Manifestorr ($130.31 in chips) 
Seat 6: Uk841224 ($58.62 in chips) 
Unipoker11: posts small blind $0.50
joaquin612: posts big blind $1
*** HOLE CARDS ***
Punzzzer: folds 
Manifestorr: folds 
Uk841224: folds 
paramourx: folds 
Unipoker11: raises $2 to $3
joaquin612: calls $2
*** FLOP *** [2c 7s 6c]
Unipoker11: checks 
joaquin612: checks 
*** TURN *** [2c 7s 6c] [4s]
Unipoker11: checks 
joaquin612: checks 
*** RIVER *** [2c 7s 6c 4s] [Kd]
Unipoker11: checks 
joaquin612: bets $4.28
Unipoker11: folds 
Uncalled bet ($4.28) returned to joaquin612
joaquin612 collected $5.70 from pot
joaquin612: doesn't show hand 
*** SUMMARY ***
Total pot $6 | Rake $0.30 
Board [2c 7s 6c 4s Kd]
Seat 1: paramourx (button) folded before Flop (didn't bet)
Seat 2: Unipoker11 (small blind) folded on the River
Seat 3: joaquin612 (big blind) collected ($5.70)
Seat 4: Punzzzer folded before Flop (didn't bet)
Seat 5: Manifestorr folded before Flop (didn't bet)
Seat 6: Uk841224 folded before Flop (didn't bet)



PokerStars Hand #254769847474:  Hold'em No Limit ($0.50/$1.00 USD) - 2025/02/08 18:41:45 WET [2025/02/08 13:41:45 ET]
Table 'Strobel II' 6-max Seat #2 is the button
Seat 1: paramourx ($170.31 in chips) 
Seat 2: Unipoker11 ($110.29 in chips) 
Seat 3: joaquin612 ($104.20 in chips) 
Seat 4: Punzzzer ($107.28 in chips) 
Seat 5: Manifestorr ($130.31 in chips) 
Seat 6: Uk841224 ($58.62 in chips) 
joaquin612: posts small blind $0.50
Punzzzer: posts big blind $1
*** HOLE CARDS ***
Manifestorr: folds 
Uk841224: folds 
paramourx: raises $2 to $3
Unipoker11: folds 
joaquin612: folds 
Punzzzer: folds 
Uncalled bet ($2) returned to paramourx
paramourx collected $2.50 from pot
paramourx: doesn't show hand 
*** SUMMARY ***
Total pot $2.50 | Rake $0 
Seat 1: paramourx collected ($2.50)
Seat 2: Unipoker11 (button) folded before Flop (didn't bet)
Seat 3: joaquin612 (small blind) folded before Flop
Seat 4: Punzzzer (big blind) folded before Flop
Seat 5: Manifestorr folded before Flop (didn't bet)
Seat 6: Uk841224 folded before Flop (didn't bet)



PokerStars Hand #254769852854:  Hold'em No Limit ($0.50/$1.00 USD) - 2025/02/08 18:42:03 WET [2025/02/08 13:42:03 ET]
Table 'Strobel II' 6-max Seat #3 is the button
Seat 1: paramourx ($171.81 in chips) 
Seat 2: Unipoker11 ($110.29 in chips) 
Seat 3: joaquin612 ($103.70 in chips) 
Seat 4: Punzzzer ($106.28 in chips) 
Seat 5: Manifestorr ($130.31 in chips) 
Seat 6: Uk841224 ($58.62 in chips) 
Punzzzer: posts small blind $0.50
Manifestorr: posts big blind $1
*** HOLE CARDS ***
Uk841224: folds 
paramourx: folds 
Unipoker11: folds 
joaquin612: folds 
Punzzzer: folds 
Uncalled bet ($0.50) returned to Manifestorr
Manifestorr collected $1 from pot
*** SUMMARY ***
Total pot $1 | Rake $0 
Seat 1: paramourx folded before Flop (didn't bet)
Seat 2: Unipoker11 folded before Flop (didn't bet)
Seat 3: joaquin612 (button) folded before Flop (didn't bet)
Seat 4: Punzzzer (small blind) folded before Flop
Seat 5: Manifestorr (big blind) collected ($1)
Seat 6: Uk841224 folded before Flop (didn't bet)



PokerStars Hand #254769857644:  Hold'em No Limit ($0.50/$1.00 USD) - 2025/02/08 18:42:18 WET [2025/02/08 13:42:18 ET]
Table 'Strobel II' 6-max Seat #4 is the button
Seat 1: paramourx ($171.81 in chips) 
Seat 2: Unipoker11 ($110.29 in chips) 
Seat 3: joaquin612 ($103.70 in chips) 
Seat 4: Punzzzer ($105.78 in chips) 
Seat 5: Manifestorr ($130.81 in chips) 
Seat 6: Uk841224 ($58.62 in chips) 
Manifestorr: posts small blind $0.50
Uk841224: posts big blind $1
*** HOLE CARDS ***
paramourx: folds 
Unipoker11: folds 
joaquin612: folds 
Punzzzer: folds 
Manifestorr: folds 
Uncalled bet ($0.50) returned to Uk841224
Uk841224 collected $1 from pot
*** SUMMARY ***
Total pot $1 | Rake $0 
Seat 1: paramourx folded before Flop (didn't bet)
Seat 2: Unipoker11 folded before Flop (didn't bet)
Seat 3: joaquin612 folded before Flop (didn't bet)
Seat 4: Punzzzer (button) folded before Flop (didn't bet)
Seat 5: Manifestorr (small blind) folded before Flop
Seat 6: Uk841224 (big blind) collected ($1)



PokerStars Hand #254769861778:  Hold'em No Limit ($0.50/$1.00 USD) - 2025/02/08 18:42:32 WET [2025/02/08 13:42:32 ET]
Table 'Strobel II' 6-max Seat #5 is the button
Seat 1: paramourx ($171.81 in chips) 
Seat 2: Unipoker11 ($110.29 in chips) 
Seat 3: joaquin612 ($103.70 in chips) 
Seat 4: Punzzzer ($105.78 in chips) 
Seat 5: Manifestorr ($130.31 in chips) 
Seat 6: Uk841224 ($59.12 in chips) 
Uk841224: posts small blind $0.50
paramourx: posts big blind $1
*** HOLE CARDS ***
Unipoker11: raises $1 to $2
joaquin612: folds 
Punzzzer: folds 
Manifestorr: folds 
Uk841224: folds 
paramourx: folds 
Uncalled bet ($1) returned to Unipoker11
Unipoker11 collected $2.50 from pot
Unipoker11: doesn't show hand 
*** SUMMARY ***
Total pot $2.50 | Rake $0 
Seat 1: paramourx (big blind) folded before Flop
Seat 2: Unipoker11 collected ($2.50)
Seat 3: joaquin612 folded before Flop (didn't bet)
Seat 4: Punzzzer folded before Flop (didn't bet)
Seat 5: Manifestorr (button) folded before Flop (didn't bet)
Seat 6: Uk841224 (small blind) folded before Flop



PokerStars Hand #254769865408:  Hold'em No Limit ($0.50/$1.00 USD) - 2025/02/08 18:42:43 WET [2025/02/08 13:42:43 ET]
Table 'Strobel II' 6-max Seat #6 is the button
Seat 1: paramourx ($170.81 in chips) 
Seat 2: Unipoker11 ($111.79 in chips) 
Seat 3: joaquin612 ($103.70 in chips) 
Seat 4: Punzzzer ($105.78 in chips) 
Seat 5: Manifestorr ($130.31 in chips) 
Seat 6: Uk841224 ($58.62 in chips) 
paramourx: posts small blind $0.50
Unipoker11: posts big blind $1
*** HOLE CARDS ***
joaquin612: folds 
Punzzzer: folds 
Manifestorr: raises $1.20 to $2.20
Uk841224: folds 
paramourx: folds 
Unipoker11: calls $1.20
*** FLOP *** [3h Th 8d]
Unipoker11: checks 
Manifestorr: checks 
*** TURN *** [3h Th 8d] [7s]
Unipoker11: bets $3.12
Manifestorr: calls $3.12
*** RIVER *** [3h Th 8d 7s] [7c]
Unipoker11: checks 
Manifestorr: checks 
*** SHOW DOWN ***
Unipoker11: shows [9c Kc] (a pair of Sevens)
Manifestorr: shows [8s 9s] (two pair, Eights and Sevens)
Manifestorr collected $10.58 from pot
*** SUMMARY ***
Total pot $11.14 | Rake $0.56 
Board [3h Th 8d 7s 7c]
Seat 1: paramourx (small blind) folded before Flop
Seat 2: Unipoker11 (big blind) showed [9c Kc] and lost with a pair of Sevens
Seat 3: joaquin612 folded before Flop (didn't bet)
Seat 4: Punzzzer folded before Flop (didn't bet)
Seat 5: Manifestorr showed [8s 9s] and won ($10.58) with two pair, Eights and Sevens
Seat 6: Uk841224 (button) folded before Flop (didn't bet)



PokerStars Hand #254769888324:  Hold'em No Limit ($0.50/$1.00 USD) - 2025/02/08 18:43:58 WET [2025/02/08 13:43:58 ET]
Table 'Strobel II' 6-max Seat #1 is the button
Seat 1: paramourx ($170.31 in chips) 
Seat 2: Unipoker11 ($106.47 in chips) 
Seat 3: joaquin612 ($103.70 in chips) 
Seat 4: Punzzzer ($105.78 in chips) 
Seat 5: Manifestorr ($135.57 in chips) 
Seat 6: Uk841224 ($58.62 in chips) 
Unipoker11: posts small blind $0.50
joaquin612: posts big blind $1
*** HOLE CARDS ***
Punzzzer: folds 
Manifestorr: folds 
Uk841224: folds 
paramourx: folds 
Unipoker11: raises $2 to $3
joaquin612: folds 
Uncalled bet ($2) returned to Unipoker11
Unipoker11 collected $2 from pot
Unipoker11: doesn't show hand 
*** SUMMARY ***
Total pot $2 | Rake $0 
Seat 1: paramourx (button) folded before Flop (didn't bet)
Seat 2: Unipoker11 (small blind) collected ($2)
Seat 3: joaquin612 (big blind) folded before Flop
Seat 4: Punzzzer folded before Flop (didn't bet)
Seat 5: Manifestorr folded before Flop (didn't bet)
Seat 6: Uk841224 folded before Flop (didn't bet)



PokerStars Hand #254769897339:  Hold'em No Limit ($0.50/$1.00 USD) - 2025/02/08 18:44:27 WET [2025/02/08 13:44:27 ET]
Table 'Strobel II' 6-max Seat #2 is the button
Seat 1: paramourx ($170.31 in chips) 
Seat 2: Unipoker11 ($107.47 in chips) 
Seat 3: joaquin612 ($102.70 in chips) 
Seat 4: Punzzzer ($105.78 in chips) 
Seat 5: Manifestorr ($135.57 in chips) 
Seat 6: Uk841224 ($58.62 in chips) 
joaquin612: posts small blind $0.50
Punzzzer: posts big blind $1
*** HOLE CARDS ***
Manifestorr: folds 
Uk841224: raises $1 to $2
paramourx: raises $4.50 to $6.50
Unipoker11: folds 
joaquin612: folds 
Punzzzer: folds 
Uk841224: calls $4.50
*** FLOP *** [Tc Qd Ah]
Uk841224: checks 
paramourx: bets $3.80
Uk841224: calls $3.80
*** TURN *** [Tc Qd Ah] [9s]
Uk841224: checks 
paramourx: bets $4.89
Uk841224: calls $4.89
*** RIVER *** [Tc Qd Ah 9s] [9c]
Uk841224: checks 
paramourx: checks 
*** SHOW DOWN ***
Uk841224: shows [Qc Jd] (two pair, Queens and Nines)
paramourx: shows [Qs Kd] (two pair, Queens and Nines)
Uk841224 collected $15.15 from pot
paramourx collected $15.14 from pot
*** SUMMARY ***
Total pot $31.88 | Rake $1.59 
Board [Tc Qd Ah 9s 9c]
Seat 1: paramourx showed [Qs Kd] and won ($15.14) with two pair, Queens and Nines
Seat 2: Unipoker11 (button) folded before Flop (didn't bet)
Seat 3: joaquin612 (small blind) folded before Flop
Seat 4: Punzzzer (big blind) folded before Flop
Seat 5: Manifestorr folded before Flop (didn't bet)
Seat 6: Uk841224 showed [Qc Jd] and won ($15.15) with two pair, Queens and Nines



PokerStars Hand #254769920406:  Hold'em No Limit ($0.50/$1.00 USD) - 2025/02/08 18:45:42 WET [2025/02/08 13:45:42 ET]
Table 'Strobel II' 6-max Seat #3 is the button
Seat 1: paramourx ($170.26 in chips) 
Seat 2: Unipoker11 ($107.47 in chips) 
Seat 3: joaquin612 ($102.20 in chips) 
Seat 4: Punzzzer ($104.78 in chips) 
Seat 5: Manifestorr ($135.57 in chips) 
Seat 6: Uk841224 ($58.58 in chips) 
Punzzzer: posts small blind $0.50
Manifestorr: posts big blind $1
*** HOLE CARDS ***
Uk841224: folds 
paramourx: folds 
Unipoker11: folds 
joaquin612: raises $1.50 to $2.50
Punzzzer: folds 
Manifestorr: folds 
Uncalled bet ($1.50) returned to joaquin612
joaquin612 collected $2.50 from pot
joaquin612: doesn't show hand 
*** SUMMARY ***
Total pot $2.50 | Rake $0 
Seat 1: paramourx folded before Flop (didn't bet)
Seat 2: Unipoker11 folded before Flop (didn't bet)
Seat 3: joaquin612 (button) collected ($2.50)
Seat 4: Punzzzer (small blind) folded before Flop
Seat 5: Manifestorr (big blind) folded before Flop
Seat 6: Uk841224 folded before Flop (didn't bet)



PokerStars Hand #254769925727:  Hold'em No Limit ($0.50/$1.00 USD) - 2025/02/08 18:46:00 WET [2025/02/08 13:46:00 ET]
Table 'Strobel II' 6-max Seat #4 is the button
Seat 1: paramourx ($170.26 in chips) 
Seat 2: Unipoker11 ($107.47 in chips) 
Seat 3: joaquin612 ($103.70 in chips) 
Seat 4: Punzzzer ($104.28 in chips) 
Seat 5: Manifestorr ($134.57 in chips) 
Seat 6: Uk841224 ($58.58 in chips) 
Manifestorr: posts small blind $0.50
Uk841224: posts big blind $1
*** HOLE CARDS ***
paramourx: folds 
Unipoker11: folds 
joaquin612: raises $1.50 to $2.50
Punzzzer: folds 
Manifestorr: folds 
Uk841224: folds 
Uncalled bet ($1.50) returned to joaquin612
joaquin612 collected $2.50 from pot
joaquin612: doesn't show hand 
*** SUMMARY ***
Total pot $2.50 | Rake $0 
Seat 1: paramourx folded before Flop (didn't bet)
Seat 2: Unipoker11 folded before Flop (didn't bet)
Seat 3: joaquin612 collected ($2.50)
Seat 4: Punzzzer (button) folded before Flop (didn't bet)
Seat 5: Manifestorr (small blind) folded before Flop
Seat 6: Uk841224 (big blind) folded before Flop



PokerStars Hand #254769929342:  Hold'em No Limit ($0.50/$1.00 USD) - 2025/02/08 18:46:11 WET [2025/02/08 13:46:11 ET]
Table 'Strobel II' 6-max Seat #5 is the button
Seat 1: paramourx ($170.26 in chips) 
Seat 2: Unipoker11 ($107.47 in chips) 
Seat 3: joaquin612 ($105.20 in chips) 
Seat 4: Punzzzer ($104.28 in chips) 
Seat 5: Manifestorr ($134.07 in chips) 
Seat 6: Uk841224 ($57.58 in chips) 
Uk841224: posts small blind $0.50
paramourx: posts big blind $1
*** HOLE CARDS ***
Unipoker11: folds 
joaquin612: folds 
Punzzzer: folds 
Manifestorr: raises $1.20 to $2.20
Uk841224: calls $1.70
paramourx: folds 
*** FLOP *** [5h Kd 9c]
Uk841224: checks 
Manifestorr: bets $3.85
Uk841224: calls $3.85
*** TURN *** [5h Kd 9c] [9h]
Uk841224: checks 
Manifestorr: checks 
*** RIVER *** [5h Kd 9c 9h] [7d]
Uk841224: checks 
Manifestorr: checks 
*** SHOW DOWN ***
Uk841224: shows [6s 7c] (two pair, Nines and Sevens)
Manifestorr: mucks hand 
Uk841224 collected $12.44 from pot
*** SUMMARY ***
Total pot $13.10 | Rake $0.66 
Board [5h Kd 9c 9h 7d]
Seat 1: paramourx (big blind) folded before Flop
Seat 2: Unipoker11 folded before Flop (didn't bet)
Seat 3: joaquin612 folded before Flop (didn't bet)
Seat 4: Punzzzer folded before Flop (didn't bet)
Seat 5: Manifestorr (button) mucked
Seat 6: Uk841224 (small blind) showed [6s 7c] and won ($12.44) with two pair, Nines and Sevens



PokerStars Hand #254769941197:  Hold'em No Limit ($0.50/$1.00 USD) - 2025/02/08 18:46:50 WET [2025/02/08 13:46:50 ET]
Table 'Strobel II' 6-max Seat #6 is the button
Seat 1: paramourx ($169.26 in chips) 
Seat 2: Unipoker11 ($107.47 in chips) 
Seat 3: joaquin612 ($105.20 in chips) 
Seat 4: Punzzzer ($104.28 in chips) 
Seat 5: Manifestorr ($128.02 in chips) 
Seat 6: Uk841224 ($63.97 in chips) 
paramourx: posts small blind $0.50
Unipoker11: posts big blind $1
*** HOLE CARDS ***
joaquin612: folds 
Punzzzer: folds 
Manifestorr: folds 
Uk841224: raises $1 to $2
paramourx: folds 
Unipoker11: calls $1
*** FLOP *** [3c Jc 7c]
Unipoker11: checks 
Uk841224: bets $2.14
Unipoker11: calls $2.14
*** TURN *** [3c Jc 7c] [Ks]
Unipoker11: checks 
Uk841224: bets $8.34
Unipoker11: calls $8.34
*** RIVER *** [3c Jc 7c Ks] [Kd]
Unipoker11: checks 
Uk841224: bets $24.19
Unipoker11: calls $24.19
*** SHOW DOWN ***
Uk841224: shows [Kc As] (three of a kind, Kings)
Unipoker11: shows [Tc 4c] (a flush, Jack high)
Unipoker11 collected $71.34 from pot
*** SUMMARY ***
Total pot $73.84 | Rake $2.50 
Board [3c Jc 7c Ks Kd]
Seat 1: paramourx (small blind) folded before Flop
Seat 2: Unipoker11 (big blind) showed [Tc 4c] and won ($71.34) with a flush, Jack high
Seat 3: joaquin612 folded before Flop (didn't bet)
Seat 4: Punzzzer folded before Flop (didn't bet)
Seat 5: Manifestorr folded before Flop (didn't bet)
Seat 6: Uk841224 (button) showed [Kc As] and lost with three of a kind, Kings



PokerStars Hand #254769964887:  Hold'em No Limit ($0.50/$1.00 USD) - 2025/02/08 18:48:09 WET [2025/02/08 13:48:09 ET]
Table 'Strobel II' 6-max Seat #1 is the button
Seat 1: paramourx ($168.76 in chips) 
Seat 2: Unipoker11 ($142.14 in chips) 
Seat 3: joaquin612 ($105.20 in chips) 
Seat 4: Punzzzer ($104.28 in chips) 
Seat 5: Manifestorr ($128.02 in chips) 
Seat 6: Uk841224 ($27.30 in chips) 
Unipoker11: posts small blind $0.50
joaquin612: posts big blind $1
*** HOLE CARDS ***
Punzzzer: folds 
Manifestorr: folds 
Uk841224: folds 
Uk841224 leaves the table
paramourx: raises $2 to $3
Punzzzer leaves the table
Unipoker11: folds 
joaquin612: folds 
Uncalled bet ($2) returned to paramourx
paramourx collected $2.50 from pot
paramourx: doesn't show hand 
*** SUMMARY ***
Total pot $2.50 | Rake $0 
Seat 1: paramourx (button) collected ($2.50)
Seat 2: Unipoker11 (small blind) folded before Flop
Seat 3: joaquin612 (big blind) folded before Flop
Seat 4: Punzzzer folded before Flop (didn't bet)
Seat 5: Manifestorr folded before Flop (didn't bet)
Seat 6: Uk841224 folded before Flop (didn't bet)



PokerStars Hand #254769972944:  Hold'em No Limit ($0.50/$1.00 USD) - 2025/02/08 18:48:36 WET [2025/02/08 13:48:36 ET]
Table 'Strobel II' 6-max Seat #2 is the button
Seat 5: Manifestorr ($128.02 in chips) is sitting out
Seat 1: paramourx ($170.26 in chips) 
Seat 2: Unipoker11 ($141.64 in chips) 
Seat 3: joaquin612 ($104.20 in chips) 
joaquin612: posts small blind $0.50
Manifestorr: is sitting out 
paramourx: posts big blind $1
*** HOLE CARDS ***
Manifestorr leaves the table
Unipoker11: folds 
joaquin612: raises $2 to $3
paramourx: calls $2
*** FLOP *** [Kc Qh Ts]
joaquin612: bets $2.85
AngelovAlexMKD joins the table at seat #6 
paramourx: calls $2.85
*** TURN *** [Kc Qh Ts] [Jh]
joaquin612: checks 
Unipoker11 leaves the table
paramourx: bets $3.45
joaquin612: calls $3.45
*** RIVER *** [Kc Qh Ts Jh] [6d]
joaquin612: checks 
paramourx: bets $27.39
joaquin612: folds 
Uncalled bet ($27.39) returned to paramourx
paramourx collected $17.67 from pot
paramourx: doesn't show hand 
*** SUMMARY ***
Total pot $18.60 | Rake $0.93 
Board [Kc Qh Ts Jh 6d]
Seat 5: Manifestorr
Seat 1: paramourx (big blind) collected ($17.67)
Seat 2: Unipoker11 (button) folded before Flop (didn't bet)
Seat 3: joaquin612 (small blind) folded on the River



PokerStars Hand #254770004620:  Hold'em No Limit ($0.50/$1.00 USD) - 2025/02/08 18:50:22 WET [2025/02/08 13:50:22 ET]
Table 'Strobel II' 6-max Seat #1 is the button
Seat 6: AngelovAlexMKD ($100 in chips) is sitting out
Seat 1: paramourx ($178.63 in chips) 
Seat 3: joaquin612 ($100 in chips) 
paramourx: posts small blind $0.50
joaquin612: posts big blind $1
*** HOLE CARDS ***
paramourx: raises $2 to $3
joaquin612: raises $8 to $11
paramourx: folds 
Uncalled bet ($8) returned to joaquin612
joaquin612 collected $6 from pot
joaquin612: doesn't show hand 
*** SUMMARY ***
Total pot $6 | Rake $0 
Seat 6: AngelovAlexMKD
Seat 1: paramourx (button) (small blind) folded before Flop
Seat 3: joaquin612 (big blind) collected ($6)



PokerStars Hand #254770011058:  Hold'em No Limit ($0.50/$1.00 USD) - 2025/02/08 18:50:44 WET [2025/02/08 13:50:44 ET]
Table 'Strobel II' 6-max Seat #1 is the button
Seat 1: paramourx ($175.63 in chips) 
Seat 3: joaquin612 ($103 in chips) 
Seat 6: AngelovAlexMKD ($100 in chips) 
joaquin612: posts small blind $0.50
AngelovAlexMKD: posts big blind $1
*** HOLE CARDS ***
paramourx: folds 
joaquin612: folds 
Uncalled bet ($0.50) returned to AngelovAlexMKD
AngelovAlexMKD collected $1 from pot
AngelovAlexMKD: doesn't show hand 
*** SUMMARY ***
Total pot $1 | Rake $0 
Seat 1: paramourx (button) folded before Flop (didn't bet)
Seat 3: joaquin612 (small blind) folded before Flop
Seat 6: AngelovAlexMKD (big blind) collected ($1)



PokerStars Hand #254770314264:  Hold'em No Limit ($0.50/$1.00 USD) - 2025/02/08 19:09:42 WET [2025/02/08 14:09:42 ET]
Table 'Strobel II' 6-max Seat #3 is the button
Seat 1: BoyLoc0 ($100 in chips) 
Seat 3: aoish30 ($100 in chips) 
Seat 4: PayTaxOrDie ($100 in chips) 
Seat 5: welmuttaja ($100 in chips) 
Seat 6: z00mba ($100 in chips) 
PayTaxOrDie: posts small blind $0.50
Rezzonner joins the table at seat #2 
welmuttaja: posts big blind $1
*** HOLE CARDS ***
z00mba: folds 
BoyLoc0: folds 
aoish30: raises $1.50 to $2.50
PayTaxOrDie: folds 
welmuttaja: calls $1.50
*** FLOP *** [8d 3c 2c]
welmuttaja: checks 
aoish30: bets $1.72
welmuttaja: calls $1.72
*** TURN *** [8d 3c 2c] [3h]
welmuttaja: checks 
aoish30: bets $6.37
welmuttaja: folds 
Uncalled bet ($6.37) returned to aoish30
aoish30 collected $8.49 from pot
aoish30: doesn't show hand 
*** SUMMARY ***
Total pot $8.94 | Rake $0.45 
Board [8d 3c 2c 3h]
Seat 1: BoyLoc0 folded before Flop (didn't bet)
Seat 3: aoish30 (button) collected ($8.49)
Seat 4: PayTaxOrDie (small blind) folded before Flop
Seat 5: welmuttaja (big blind) folded on the Turn
Seat 6: z00mba folded before Flop (didn't bet)



PokerStars Hand #254770334879:  Hold'em No Limit ($0.50/$1.00 USD) - 2025/02/08 19:10:49 WET [2025/02/08 14:10:49 ET]
Table 'Strobel II' 6-max Seat #4 is the button
Seat 2: Rezzonner ($100 in chips) is sitting out
Seat 1: BoyLoc0 ($100 in chips) 
Seat 3: aoish30 ($104.27 in chips) 
Seat 4: PayTaxOrDie ($100 in chips) 
Seat 5: welmuttaja ($100 in chips) 
Seat 6: z00mba ($100 in chips) 
welmuttaja: posts small blind $0.50
z00mba: posts big blind $1
Rezzonner: sits out 
*** HOLE CARDS ***
BoyLoc0: folds 
aoish30: raises $1.50 to $2.50
PayTaxOrDie: folds 
welmuttaja: folds 
z00mba: calls $1.50
*** FLOP *** [8h Kd 7d]
z00mba: checks 
aoish30: bets $1.72
z00mba: calls $1.72
*** TURN *** [8h Kd 7d] [As]
z00mba: checks 
aoish30: checks 
*** RIVER *** [8h Kd 7d As] [7c]
z00mba: bets $2.72
aoish30: calls $2.72
*** SHOW DOWN ***
z00mba: shows [Kh 3h] (two pair, Kings and Sevens)
aoish30: shows [2h Ah] (two pair, Aces and Sevens)
aoish30 collected $13.66 from pot
*** SUMMARY ***
Total pot $14.38 | Rake $0.72 
Board [8h Kd 7d As 7c]
Seat 2: Rezzonner
Seat 1: BoyLoc0 folded before Flop (didn't bet)
Seat 3: aoish30 showed [2h Ah] and won ($13.66) with two pair, Aces and Sevens
Seat 4: PayTaxOrDie (button) folded before Flop (didn't bet)
Seat 5: welmuttaja (small blind) folded before Flop
Seat 6: z00mba (big blind) showed [Kh 3h] and lost with two pair, Kings and Sevens



PokerStars Hand #254770349836:  Hold'em No Limit ($0.50/$1.00 USD) - 2025/02/08 19:11:38 WET [2025/02/08 14:11:38 ET]
Table 'Strobel II' 6-max Seat #5 is the button
Seat 2: Rezzonner ($100 in chips) is sitting out
Seat 1: BoyLoc0 ($100 in chips) 
Seat 3: aoish30 ($110.99 in chips) 
Seat 4: PayTaxOrDie ($100 in chips) 
Seat 5: welmuttaja ($100 in chips) 
Seat 6: z00mba ($100 in chips) 
z00mba: posts small blind $0.50
BoyLoc0: posts big blind $1
Rezzonner: sits out 
*** HOLE CARDS ***
aoish30: folds 
PayTaxOrDie: folds 
welmuttaja: folds 
z00mba: raises $2 to $3
BoyLoc0: folds 
Uncalled bet ($2) returned to z00mba
z00mba collected $2 from pot
z00mba: doesn't show hand 
*** SUMMARY ***
Total pot $2 | Rake $0 
Seat 2: Rezzonner
Seat 1: BoyLoc0 (big blind) folded before Flop
Seat 3: aoish30 folded before Flop (didn't bet)
Seat 4: PayTaxOrDie folded before Flop (didn't bet)
Seat 5: welmuttaja (button) folded before Flop (didn't bet)
Seat 6: z00mba (small blind) collected ($2)



PokerStars Hand #254770356582:  Hold'em No Limit ($0.50/$1.00 USD) - 2025/02/08 19:12:01 WET [2025/02/08 14:12:01 ET]
Table 'Strobel II' 6-max Seat #6 is the button
Seat 1: BoyLoc0 ($100 in chips) 
Seat 2: Rezzonner ($100 in chips) 
Seat 3: aoish30 ($110.99 in chips) 
Seat 4: PayTaxOrDie ($100 in chips) 
Seat 5: welmuttaja ($100 in chips) 
Seat 6: z00mba ($101 in chips) 
BoyLoc0: posts small blind $0.50
Rezzonner: posts big blind $1
*** HOLE CARDS ***
aoish30: folds 
PayTaxOrDie: folds 
welmuttaja: folds 
z00mba: folds 
BoyLoc0: folds 
Uncalled bet ($0.50) returned to Rezzonner
Rezzonner collected $1 from pot
Rezzonner: doesn't show hand 
*** SUMMARY ***
Total pot $1 | Rake $0 
Seat 1: BoyLoc0 (small blind) folded before Flop
Seat 2: Rezzonner (big blind) collected ($1)
Seat 3: aoish30 folded before Flop (didn't bet)
Seat 4: PayTaxOrDie folded before Flop (didn't bet)
Seat 5: welmuttaja folded before Flop (didn't bet)
Seat 6: z00mba (button) folded before Flop (didn't bet)



PokerStars Hand #254770359712:  Hold'em No Limit ($0.50/$1.00 USD) - 2025/02/08 19:12:11 WET [2025/02/08 14:12:11 ET]
Table 'Strobel II' 6-max Seat #1 is the button
Seat 1: BoyLoc0 ($100 in chips) 
Seat 2: Rezzonner ($100.50 in chips) 
Seat 3: aoish30 ($110.99 in chips) 
Seat 4: PayTaxOrDie ($100 in chips) 
Seat 5: welmuttaja ($100 in chips) 
Seat 6: z00mba ($101 in chips) 
Rezzonner: posts small blind $0.50
aoish30: posts big blind $1
*** HOLE CARDS ***
PayTaxOrDie: folds 
welmuttaja: folds 
z00mba: folds 
BoyLoc0: folds 
Rezzonner: folds 
Uncalled bet ($0.50) returned to aoish30
aoish30 collected $1 from pot
aoish30: doesn't show hand 
*** SUMMARY ***
Total pot $1 | Rake $0 
Seat 1: BoyLoc0 (button) folded before Flop (didn't bet)
Seat 2: Rezzonner (small blind) folded before Flop
Seat 3: aoish30 (big blind) collected ($1)
Seat 4: PayTaxOrDie folded before Flop (didn't bet)
Seat 5: welmuttaja folded before Flop (didn't bet)
Seat 6: z00mba folded before Flop (didn't bet)



PokerStars Hand #254770363312:  Hold'em No Limit ($0.50/$1.00 USD) - 2025/02/08 19:12:23 WET [2025/02/08 14:12:23 ET]
Table 'Strobel II' 6-max Seat #2 is the button
Seat 4: PayTaxOrDie ($100 in chips) is sitting out
Seat 1: BoyLoc0 ($100 in chips) 
Seat 2: Rezzonner ($100 in chips) 
Seat 3: aoish30 ($111.49 in chips) 
Seat 5: welmuttaja ($100 in chips) 
Seat 6: z00mba ($101 in chips) 
aoish30: posts small blind $0.50
PayTaxOrDie: is sitting out 
welmuttaja: posts big blind $1
*** HOLE CARDS ***
PayTaxOrDie leaves the table
z00mba: folds 
BoyLoc0: folds 
Rezzonner: folds 
aoish30: folds 
Uncalled bet ($0.50) returned to welmuttaja
welmuttaja collected $1 from pot
welmuttaja: doesn't show hand 
*** SUMMARY ***
Total pot $1 | Rake $0 
Seat 4: PayTaxOrDie
Seat 1: BoyLoc0 folded before Flop (didn't bet)
Seat 2: Rezzonner (button) folded before Flop (didn't bet)
Seat 3: aoish30 (small blind) folded before Flop
Seat 5: welmuttaja (big blind) collected ($1)
Seat 6: z00mba folded before Flop (didn't bet)



PokerStars Hand #254770366913:  Hold'em No Limit ($0.50/$1.00 USD) - 2025/02/08 19:12:35 WET [2025/02/08 14:12:35 ET]
Table 'Strobel II' 6-max Seat #3 is the button
Seat 6: z00mba ($101 in chips) is sitting out
Seat 1: BoyLoc0 ($100 in chips) 
Seat 2: Rezzonner ($100 in chips) 
Seat 3: aoish30 ($110.99 in chips) 
Seat 5: welmuttaja ($100.50 in chips) 
welmuttaja: posts small blind $0.50
z00mba: is sitting out 
BoyLoc0: posts big blind $1
*** HOLE CARDS ***
Rezzonner: folds 
aoish30: raises $1.50 to $2.50
welmuttaja: folds 
BoyLoc0: folds 
Uncalled bet ($1.50) returned to aoish30
aoish30 collected $2.50 from pot
aoish30: doesn't show hand 
*** SUMMARY ***
Total pot $2.50 | Rake $0 
Seat 6: z00mba
Seat 1: BoyLoc0 (big blind) folded before Flop
Seat 2: Rezzonner folded before Flop (didn't bet)
Seat 3: aoish30 (button) collected ($2.50)
Seat 5: welmuttaja (small blind) folded before Flop



PokerStars Hand #254770371643:  Hold'em No Limit ($0.50/$1.00 USD) - 2025/02/08 19:12:51 WET [2025/02/08 14:12:51 ET]
Table 'Strobel II' 6-max Seat #5 is the button
Seat 6: z00mba ($101 in chips) is sitting out
Seat 1: BoyLoc0 ($100 in chips) 
Seat 2: Rezzonner ($100 in chips) 
Seat 3: aoish30 ($112.49 in chips) 
Seat 5: welmuttaja ($100 in chips) 
BoyLoc0: posts small blind $0.50
Rezzonner: posts big blind $1
*** HOLE CARDS ***
z00mba leaves the table
aoish30: raises $1.50 to $2.50
welmuttaja: folds 
BoyLoc0: folds 
Rezzonner: folds 
Uncalled bet ($1.50) returned to aoish30
aoish30 collected $2.50 from pot
aoish30: doesn't show hand 
*** SUMMARY ***
Total pot $2.50 | Rake $0 
Seat 6: z00mba
Seat 1: BoyLoc0 (small blind) folded before Flop
Seat 2: Rezzonner (big blind) folded before Flop
Seat 3: aoish30 collected ($2.50)
Seat 5: welmuttaja (button) folded before Flop (didn't bet)



PokerStars Hand #254770374185:  Hold'em No Limit ($0.50/$1.00 USD) - 2025/02/08 19:12:59 WET [2025/02/08 14:12:59 ET]
Table 'Strobel II' 6-max Seat #1 is the button
Seat 3: aoish30 ($113.99 in chips) is sitting out
Seat 1: BoyLoc0 ($100 in chips) 
Seat 2: Rezzonner ($100 in chips) 
Seat 5: welmuttaja ($100 in chips) 
Rezzonner: posts small blind $0.50
aoish30: is sitting out 
welmuttaja: posts big blind $1
*** HOLE CARDS ***
aoish30 leaves the table
BoyLoc0: folds 
Rezzonner: raises $2 to $3
PayTaxOrDie joins the table at seat #4 
welmuttaja: calls $2
*** FLOP *** [Jh 5c Ts]
Rezzonner: bets $2.85
welmuttaja: folds 
Uncalled bet ($2.85) returned to Rezzonner
Rezzonner collected $5.70 from pot
Rezzonner: doesn't show hand 
*** SUMMARY ***
Total pot $6 | Rake $0.30 
Board [Jh 5c Ts]
Seat 3: aoish30
Seat 1: BoyLoc0 (button) folded before Flop (didn't bet)
Seat 2: Rezzonner (small blind) collected ($5.70)
Seat 5: welmuttaja (big blind) folded on the Flop



PokerStars Hand #254770381479:  Hold'em No Limit ($0.50/$1.00 USD) - 2025/02/08 19:13:23 WET [2025/02/08 14:13:23 ET]
Table 'Strobel II' 6-max Seat #2 is the button
Seat 4: PayTaxOrDie ($100 in chips) is sitting out
Seat 1: BoyLoc0 ($100 in chips) 
Seat 2: Rezzonner ($102.70 in chips) 
Seat 5: welmuttaja ($100 in chips) 
welmuttaja: posts small blind $0.50
BoyLoc0: posts big blind $1
*** HOLE CARDS ***
Rezzonner: folds 
welmuttaja: raises $2 to $3
BoyLoc0: folds 
Uncalled bet ($2) returned to welmuttaja
welmuttaja collected $2 from pot
welmuttaja: doesn't show hand 
Rezzonner leaves the table
*** SUMMARY ***
Total pot $2 | Rake $0 
Seat 4: PayTaxOrDie
Seat 1: BoyLoc0 (big blind) folded before Flop
Seat 2: Rezzonner (button) folded before Flop (didn't bet)
Seat 5: welmuttaja (small blind) collected ($2)



PokerStars Hand #254770384367:  Hold'em No Limit ($0.50/$1.00 USD) - 2025/02/08 19:13:33 WET [2025/02/08 14:13:33 ET]
Table 'Strobel II' 6-max Seat #5 is the button
Seat 1: BoyLoc0 ($100 in chips) 
Seat 4: PayTaxOrDie ($100 in chips) 
Seat 5: welmuttaja ($101 in chips) 
BoyLoc0: posts small blind $0.50
PayTaxOrDie: posts big blind $1
*** HOLE CARDS ***
welmuttaja: folds 
welmuttaja leaves the table
whlzor joins the table at seat #6 
BoyLoc0: raises $2 to $3
PayTaxOrDie: folds 
Uncalled bet ($2) returned to BoyLoc0
BoyLoc0 collected $2 from pot
BoyLoc0: doesn't show hand 
*** SUMMARY ***
Total pot $2 | Rake $0 
Seat 1: BoyLoc0 (small blind) collected ($2)
Seat 4: PayTaxOrDie (big blind) folded before Flop
Seat 5: welmuttaja (button) folded before Flop (didn't bet)



PokerStars Hand #254770387194:  Hold'em No Limit ($0.50/$1.00 USD) - 2025/02/08 19:13:42 WET [2025/02/08 14:13:42 ET]
Table 'Strobel II' 6-max Seat #1 is the button
Seat 1: BoyLoc0 ($101 in chips) 
Seat 4: PayTaxOrDie ($100 in chips) 
Seat 6: whlzor ($100 in chips) 
PayTaxOrDie: posts small blind $0.50
whlzor: posts big blind $1
*** HOLE CARDS ***
BoyLoc0: folds 
PayTaxOrDie: folds 
Uncalled bet ($0.50) returned to whlzor
whlzor collected $1 from pot
whlzor: doesn't show hand 
*** SUMMARY ***
Total pot $1 | Rake $0 
Seat 1: BoyLoc0 (button) folded before Flop (didn't bet)
Seat 4: PayTaxOrDie (small blind) folded before Flop
Seat 6: whlzor (big blind) collected ($1)



PokerStars Hand #254770390048:  Hold'em No Limit ($0.50/$1.00 USD) - 2025/02/08 19:13:51 WET [2025/02/08 14:13:51 ET]
Table 'Strobel II' 6-max Seat #4 is the button
Seat 1: BoyLoc0 ($101 in chips) 
Seat 4: PayTaxOrDie ($100 in chips) 
Seat 6: whlzor ($100.50 in chips) 
whlzor: posts small blind $0.50
BoyLoc0: posts big blind $1
*** HOLE CARDS ***
PayTaxOrDie: raises $1.50 to $2.50
whlzor: raises $8.50 to $11
BoyLoc0: folds 
PayTaxOrDie: folds 
Uncalled bet ($8.50) returned to whlzor
whlzor collected $6 from pot
whlzor: doesn't show hand 
*** SUMMARY ***
Total pot $6 | Rake $0 
Seat 1: BoyLoc0 (big blind) folded before Flop
Seat 4: PayTaxOrDie (button) folded before Flop
Seat 6: whlzor (small blind) collected ($6)



PokerStars Hand #254770394383:  Hold'em No Limit ($0.50/$1.00 USD) - 2025/02/08 19:14:06 WET [2025/02/08 14:14:06 ET]
Table 'Strobel II' 6-max Seat #6 is the button
Seat 1: BoyLoc0 ($100 in chips) 
Seat 4: PayTaxOrDie ($100 in chips) 
Seat 6: whlzor ($104 in chips) 
BoyLoc0: posts small blind $0.50
PayTaxOrDie: posts big blind $1
*** HOLE CARDS ***
whlzor: raises $1.50 to $2.50
BoyLoc0: folds 
PayTaxOrDie: calls $1.50
*** FLOP *** [8s 5c Ah]
PayTaxOrDie: checks 
whlzor: bets $1.72
PayTaxOrDie: calls $1.72
*** TURN *** [8s 5c Ah] [Kh]
PayTaxOrDie: checks 
whlzor: bets $4.25
PayTaxOrDie: folds 
Uncalled bet ($4.25) returned to whlzor
whlzor collected $8.49 from pot
whlzor: doesn't show hand 
*** SUMMARY ***
Total pot $8.94 | Rake $0.45 
Board [8s 5c Ah Kh]
Seat 1: BoyLoc0 (small blind) folded before Flop
Seat 4: PayTaxOrDie (big blind) folded on the Turn
Seat 6: whlzor (button) collected ($8.49)



PokerStars Hand #254770408012:  Hold'em No Limit ($0.50/$1.00 USD) - 2025/02/08 19:14:51 WET [2025/02/08 14:14:51 ET]
Table 'Strobel II' 6-max Seat #4 is the button
Seat 6: whlzor ($108.27 in chips) is sitting out
Seat 1: BoyLoc0 ($100 in chips) 
Seat 4: PayTaxOrDie ($100 in chips) 
PayTaxOrDie: posts small blind $0.50
whlzor: is sitting out 
BoyLoc0: posts big blind $1
*** HOLE CARDS ***
PayTaxOrDie: folds 
Uncalled bet ($0.50) returned to BoyLoc0
whlzor leaves the table
BoyLoc0 collected $1 from pot
BoyLoc0: doesn't show hand 
*** SUMMARY ***
Total pot $1 | Rake $0 
Seat 6: whlzor
Seat 1: BoyLoc0 (big blind) collected ($1)
Seat 4: PayTaxOrDie (button) (small blind) folded before Flop



PokerStars Hand #254770409848:  Hold'em No Limit ($0.50/$1.00 USD) - 2025/02/08 19:14:57 WET [2025/02/08 14:14:57 ET]
Table 'Strobel II' 6-max Seat #1 is the button
Seat 1: BoyLoc0 ($100.50 in chips) 
Seat 4: PayTaxOrDie ($100 in chips) 
BoyLoc0: posts small blind $0.50
PayTaxOrDie: posts big blind $1
*** HOLE CARDS ***
BoyLoc0: folds 
Uncalled bet ($0.50) returned to PayTaxOrDie
BoyLoc0 leaves the table
PayTaxOrDie collected $1 from pot
PayTaxOrDie: doesn't show hand 
*** SUMMARY ***
Total pot $1 | Rake $0 
Seat 1: BoyLoc0 (button) (small blind) folded before Flop
Seat 4: PayTaxOrDie (big blind) collected ($1)



PokerStars Hand #254770477112:  Hold'em No Limit ($0.50/$1.00 USD) - 2025/02/08 19:18:40 WET [2025/02/08 14:18:40 ET]
Table 'Strobel II' 6-max Seat #2 is the button
Seat 1: Manifestorr ($128.02 in chips) 
Seat 2: aoish30 ($113.99 in chips) 
Seat 3: martin b504 ($100 in chips) 
Seat 4: PayTaxOrDie ($100.50 in chips) 
Seat 5: Unipoker11 ($141.64 in chips) 
Seat 6: worker0k ($109.15 in chips) 
martin b504: posts small blind $0.50
PayTaxOrDie: posts big blind $1
*** HOLE CARDS ***
Unipoker11: folds 
worker0k: folds 
Manifestorr: folds 
aoish30: folds 
martin b504: folds 
Uncalled bet ($0.50) returned to PayTaxOrDie
PayTaxOrDie collected $1 from pot
PayTaxOrDie: doesn't show hand 
*** SUMMARY ***
Total pot $1 | Rake $0 
Seat 1: Manifestorr folded before Flop (didn't bet)
Seat 2: aoish30 (button) folded before Flop (didn't bet)
Seat 3: martin b504 (small blind) folded before Flop
Seat 4: PayTaxOrDie (big blind) collected ($1)
Seat 5: Unipoker11 folded before Flop (didn't bet)
Seat 6: worker0k folded before Flop (didn't bet)



PokerStars Hand #254770481486:  Hold'em No Limit ($0.50/$1.00 USD) - 2025/02/08 19:18:54 WET [2025/02/08 14:18:54 ET]
Table 'Strobel II' 6-max Seat #3 is the button
Seat 1: Manifestorr ($128.02 in chips) 
Seat 2: aoish30 ($113.99 in chips) 
Seat 3: martin b504 ($100 in chips) 
Seat 4: PayTaxOrDie ($101 in chips) 
Seat 5: Unipoker11 ($141.64 in chips) 
Seat 6: worker0k ($109.15 in chips) 
PayTaxOrDie: posts small blind $0.50
Unipoker11: posts big blind $1
*** HOLE CARDS ***
worker0k: raises $1.30 to $2.30
Manifestorr: folds 
aoish30: folds 
martin b504: folds 
PayTaxOrDie: folds 
Unipoker11: folds 
Uncalled bet ($1.30) returned to worker0k
worker0k collected $2.50 from pot
*** SUMMARY ***
Total pot $2.50 | Rake $0 
Seat 1: Manifestorr folded before Flop (didn't bet)
Seat 2: aoish30 folded before Flop (didn't bet)
Seat 3: martin b504 (button) folded before Flop (didn't bet)
Seat 4: PayTaxOrDie (small blind) folded before Flop
Seat 5: Unipoker11 (big blind) folded before Flop
Seat 6: worker0k collected ($2.50)



PokerStars Hand #254770486582:  Hold'em No Limit ($0.50/$1.00 USD) - 2025/02/08 19:19:11 WET [2025/02/08 14:19:11 ET]
Table 'Strobel II' 6-max Seat #4 is the button
Seat 1: Manifestorr ($128.02 in chips) 
Seat 2: aoish30 ($113.99 in chips) 
Seat 3: martin b504 ($100 in chips) 
Seat 4: PayTaxOrDie ($100.50 in chips) 
Seat 5: Unipoker11 ($140.64 in chips) 
Seat 6: worker0k ($110.65 in chips) 
Unipoker11: posts small blind $0.50
worker0k: posts big blind $1
*** HOLE CARDS ***
Manifestorr: folds 
aoish30: folds 
martin b504: raises $1.50 to $2.50
PayTaxOrDie: folds 
Unipoker11: folds 
worker0k: folds 
Uncalled bet ($1.50) returned to martin b504
martin b504 collected $2.50 from pot
martin b504: doesn't show hand 
*** SUMMARY ***
Total pot $2.50 | Rake $0 
Seat 1: Manifestorr folded before Flop (didn't bet)
Seat 2: aoish30 folded before Flop (didn't bet)
Seat 3: martin b504 collected ($2.50)
Seat 4: PayTaxOrDie (button) folded before Flop (didn't bet)
Seat 5: Unipoker11 (small blind) folded before Flop
Seat 6: worker0k (big blind) folded before Flop



PokerStars Hand #254770491774:  Hold'em No Limit ($0.50/$1.00 USD) - 2025/02/08 19:19:29 WET [2025/02/08 14:19:29 ET]
Table 'Strobel II' 6-max Seat #5 is the button
Seat 1: Manifestorr ($128.02 in chips) 
Seat 2: aoish30 ($113.99 in chips) 
Seat 3: martin b504 ($101.50 in chips) 
Seat 4: PayTaxOrDie ($100.50 in chips) 
Seat 5: Unipoker11 ($140.14 in chips) 
Seat 6: worker0k ($109.65 in chips) 
worker0k: posts small blind $0.50
Manifestorr: posts big blind $1
*** HOLE CARDS ***
aoish30: folds 
martin b504: raises $1.20 to $2.20
PayTaxOrDie: folds 
Unipoker11: folds 
worker0k: folds 
Manifestorr: folds 
Uncalled bet ($1.20) returned to martin b504
martin b504 collected $2.50 from pot
martin b504: doesn't show hand 
*** SUMMARY ***
Total pot $2.50 | Rake $0 
Seat 1: Manifestorr (big blind) folded before Flop
Seat 2: aoish30 folded before Flop (didn't bet)
Seat 3: martin b504 collected ($2.50)
Seat 4: PayTaxOrDie folded before Flop (didn't bet)
Seat 5: Unipoker11 (button) folded before Flop (didn't bet)
Seat 6: worker0k (small blind) folded before Flop



PokerStars Hand #254770497464:  Hold'em No Limit ($0.50/$1.00 USD) - 2025/02/08 19:19:48 WET [2025/02/08 14:19:48 ET]
Table 'Strobel II' 6-max Seat #6 is the button
Seat 1: Manifestorr ($127.02 in chips) 
Seat 2: aoish30 ($113.99 in chips) 
Seat 3: martin b504 ($103 in chips) 
Seat 4: PayTaxOrDie ($100.50 in chips) 
Seat 5: Unipoker11 ($140.14 in chips) 
Seat 6: worker0k ($109.15 in chips) 
Manifestorr: posts small blind $0.50
aoish30: posts big blind $1
*** HOLE CARDS ***
martin b504: folds 
PayTaxOrDie: folds 
Unipoker11: raises $1.30 to $2.30
worker0k: folds 
Manifestorr: raises $8.70 to $11
aoish30: folds 
Unipoker11: raises $12 to $23
Manifestorr: folds 
Uncalled bet ($12) returned to Unipoker11
Unipoker11 collected $23 from pot
Unipoker11: doesn't show hand 
*** SUMMARY ***
Total pot $23 | Rake $0 
Seat 1: Manifestorr (small blind) folded before Flop
Seat 2: aoish30 (big blind) folded before Flop
Seat 3: martin b504 folded before Flop (didn't bet)
Seat 4: PayTaxOrDie folded before Flop (didn't bet)
Seat 5: Unipoker11 collected ($23)
Seat 6: worker0k (button) folded before Flop (didn't bet)



PokerStars Hand #254770507098:  Hold'em No Limit ($0.50/$1.00 USD) - 2025/02/08 19:20:20 WET [2025/02/08 14:20:20 ET]
Table 'Strobel II' 6-max Seat #1 is the button
Seat 1: Manifestorr ($116.02 in chips) 
Seat 2: aoish30 ($112.99 in chips) 
Seat 3: martin b504 ($103 in chips) 
Seat 4: PayTaxOrDie ($100.50 in chips) 
Seat 5: Unipoker11 ($152.14 in chips) 
Seat 6: worker0k ($109.15 in chips) 
aoish30: posts small blind $0.50
martin b504: posts big blind $1
*** HOLE CARDS ***
PayTaxOrDie: folds 
Unipoker11: folds 
worker0k: raises $1.30 to $2.30
Manifestorr: folds 
aoish30: folds 
martin b504: folds 
Uncalled bet ($1.30) returned to worker0k
worker0k collected $2.50 from pot
*** SUMMARY ***
Total pot $2.50 | Rake $0 
Seat 1: Manifestorr (button) folded before Flop (didn't bet)
Seat 2: aoish30 (small blind) folded before Flop
Seat 3: martin b504 (big blind) folded before Flop
Seat 4: PayTaxOrDie folded before Flop (didn't bet)
Seat 5: Unipoker11 folded before Flop (didn't bet)
Seat 6: worker0k collected ($2.50)



PokerStars Hand #254770512679:  Hold'em No Limit ($0.50/$1.00 USD) - 2025/02/08 19:20:39 WET [2025/02/08 14:20:39 ET]
Table 'Strobel II' 6-max Seat #2 is the button
Seat 1: Manifestorr ($116.02 in chips) 
Seat 2: aoish30 ($112.49 in chips) 
Seat 3: martin b504 ($102 in chips) 
Seat 4: PayTaxOrDie ($100.50 in chips) 
Seat 5: Unipoker11 ($152.14 in chips) 
Seat 6: worker0k ($110.65 in chips) 
martin b504: posts small blind $0.50
PayTaxOrDie: posts big blind $1
*** HOLE CARDS ***
Unipoker11: folds 
worker0k: folds 
Manifestorr: folds 
aoish30: folds 
worker0k leaves the table
martin b504: raises $2 to $3
welmuttaja joins the table at seat #6 
PayTaxOrDie: raises $6 to $9
martin b504: calls $6
*** FLOP *** [Jh 9h 5c]
martin b504: checks 
PayTaxOrDie: bets $8.55
martin b504: raises $15.45 to $24
PayTaxOrDie: raises $67.50 to $91.50 and is all-in
martin b504: folds 
Uncalled bet ($67.50) returned to PayTaxOrDie
PayTaxOrDie collected $63.50 from pot
PayTaxOrDie: doesn't show hand 
*** SUMMARY ***
Total pot $66 | Rake $2.50 
Board [Jh 9h 5c]
Seat 1: Manifestorr folded before Flop (didn't bet)
Seat 2: aoish30 (button) folded before Flop (didn't bet)
Seat 3: martin b504 (small blind) folded on the Flop
Seat 4: PayTaxOrDie (big blind) collected ($63.50)
Seat 5: Unipoker11 folded before Flop (didn't bet)
Seat 6: worker0k folded before Flop (didn't bet)



PokerStars Hand #254770530665:  Hold'em No Limit ($0.50/$1.00 USD) - 2025/02/08 19:21:40 WET [2025/02/08 14:21:40 ET]
Table 'Strobel II' 6-max Seat #3 is the button
Seat 6: welmuttaja ($101 in chips) is sitting out
Seat 1: Manifestorr ($116.02 in chips) 
Seat 2: aoish30 ($112.49 in chips) 
Seat 3: martin b504 ($100 in chips) 
Seat 4: PayTaxOrDie ($131 in chips) 
Seat 5: Unipoker11 ($152.14 in chips) 
PayTaxOrDie: posts small blind $0.50
Unipoker11: posts big blind $1
welmuttaja: sits out 
*** HOLE CARDS ***
Manifestorr: folds 
aoish30: folds 
martin b504: folds 
PayTaxOrDie: raises $2 to $3
Unipoker11: calls $2
*** FLOP *** [6h Ts Qs]
PayTaxOrDie: bets $6.61
Unipoker11: calls $6.61
*** TURN *** [6h Ts Qs] [Ks]
PayTaxOrDie: checks 
Unipoker11: checks 
*** RIVER *** [6h Ts Qs Ks] [7c]
PayTaxOrDie: bets $27.39
Unipoker11: folds 
Uncalled bet ($27.39) returned to PayTaxOrDie
PayTaxOrDie collected $18.26 from pot
PayTaxOrDie: doesn't show hand 
*** SUMMARY ***
Total pot $19.22 | Rake $0.96 
Board [6h Ts Qs Ks 7c]
Seat 6: welmuttaja
Seat 1: Manifestorr folded before Flop (didn't bet)
Seat 2: aoish30 folded before Flop (didn't bet)
Seat 3: martin b504 (button) folded before Flop (didn't bet)
Seat 4: PayTaxOrDie (small blind) collected ($18.26)
Seat 5: Unipoker11 (big blind) folded on the River



