PokerStars Hand #254769654028:  Hold'em No Limit ($0.50/$1.00 USD) - 2025/02/08 18:31:11 WET [2025/02/08 13:31:11 ET]
Table 'Periphas II' 6-max Seat #2 is the button
Seat 1: iTrustU21 ($99.30 in chips) 
Seat 2: shootingGRID ($102.93 in chips) 
Seat 3: treidei3 ($110.70 in chips) 
Seat 4: imhungarian8 ($101.74 in chips) 
Seat 5: neverforever365 ($55.65 in chips) 
Seat 6: sta$igk ($100 in chips) 
treidei3: posts small blind $0.50
imhungarian8: posts big blind $1
*** HOLE CARDS ***
neverforever365: folds 
sta$igk: folds 
iTrustU21: folds 
shootingGRID: folds 
treidei3: folds 
Uncalled bet ($0.50) returned to imhungarian8
imhungarian8 collected $1 from pot
imhungarian8: doesn't show hand 
*** SUMMARY ***
Total pot $1 | Rake $0 
Seat 1: iTrustU21 folded before Flop (didn't bet)
Seat 2: shootingGRID (button) folded before Flop (didn't bet)
Seat 3: treidei3 (small blind) folded before Flop
Seat 4: imhungarian8 (big blind) collected ($1)
Seat 5: neverforever365 folded before Flop (didn't bet)
Seat 6: sta$igk folded before Flop (didn't bet)



PokerStars Hand #254769660143:  Hold'em No Limit ($0.50/$1.00 USD) - 2025/02/08 18:31:31 WET [2025/02/08 13:31:31 ET]
Table 'Periphas II' 6-max Seat #3 is the button
Seat 1: iTrustU21 ($99.30 in chips) 
Seat 2: shootingGRID ($102.93 in chips) 
Seat 3: treidei3 ($110.20 in chips) 
Seat 4: imhungarian8 ($102.24 in chips) 
Seat 5: neverforever365 ($55.65 in chips) 
Seat 6: sta$igk ($100 in chips) 
imhungarian8: posts small blind $0.50
neverforever365: posts big blind $1
*** HOLE CARDS ***
sta$igk: folds 
iTrustU21: folds 
shootingGRID: folds 
treidei3: folds 
imhungarian8: raises $2 to $3
neverforever365: folds 
Uncalled bet ($2) returned to imhungarian8
imhungarian8 collected $2 from pot
imhungarian8: doesn't show hand 
*** SUMMARY ***
Total pot $2 | Rake $0 
Seat 1: iTrustU21 folded before Flop (didn't bet)
Seat 2: shootingGRID folded before Flop (didn't bet)
Seat 3: treidei3 (button) folded before Flop (didn't bet)
Seat 4: imhungarian8 (small blind) collected ($2)
Seat 5: neverforever365 (big blind) folded before Flop
Seat 6: sta$igk folded before Flop (didn't bet)



PokerStars Hand #254769664620:  Hold'em No Limit ($0.50/$1.00 USD) - 2025/02/08 18:31:46 WET [2025/02/08 13:31:46 ET]
Table 'Periphas II' 6-max Seat #4 is the button
Seat 1: iTrustU21 ($99.30 in chips) 
Seat 2: shootingGRID ($102.93 in chips) 
Seat 3: treidei3 ($110.20 in chips) 
Seat 4: imhungarian8 ($103.24 in chips) 
Seat 5: neverforever365 ($54.65 in chips) 
Seat 6: sta$igk ($100 in chips) 
neverforever365: posts small blind $0.50
sta$igk: posts big blind $1
*** HOLE CARDS ***
iTrustU21: folds 
shootingGRID: folds 
treidei3: folds 
imhungarian8: raises $1.50 to $2.50
neverforever365: folds 
sta$igk: folds 
Uncalled bet ($1.50) returned to imhungarian8
imhungarian8 collected $2.50 from pot
imhungarian8: doesn't show hand 
*** SUMMARY ***
Total pot $2.50 | Rake $0 
Seat 1: iTrustU21 folded before Flop (didn't bet)
Seat 2: shootingGRID folded before Flop (didn't bet)
Seat 3: treidei3 folded before Flop (didn't bet)
Seat 4: imhungarian8 (button) collected ($2.50)
Seat 5: neverforever365 (small blind) folded before Flop
Seat 6: sta$igk (big blind) folded before Flop



PokerStars Hand #254769668217:  Hold'em No Limit ($0.50/$1.00 USD) - 2025/02/08 18:31:58 WET [2025/02/08 13:31:58 ET]
Table 'Periphas II' 6-max Seat #5 is the button
Seat 1: iTrustU21 ($99.30 in chips) 
Seat 2: shootingGRID ($102.93 in chips) 
Seat 3: treidei3 ($110.20 in chips) 
Seat 4: imhungarian8 ($104.74 in chips) 
Seat 5: neverforever365 ($54.15 in chips) 
Seat 6: sta$igk ($100 in chips) 
sta$igk: posts small blind $0.50
iTrustU21: posts big blind $1
*** HOLE CARDS ***
shootingGRID: folds 
treidei3: raises $1.20 to $2.20
imhungarian8: folds 
neverforever365: calls $2.20
sta$igk: folds 
iTrustU21: folds 
*** FLOP *** [8c Qd 4h]
treidei3: bets $2.80
neverforever365: calls $2.80
*** TURN *** [8c Qd 4h] [7h]
treidei3: bets $3.60
neverforever365: folds 
Uncalled bet ($3.60) returned to treidei3
treidei3 collected $10.92 from pot
treidei3: doesn't show hand 
*** SUMMARY ***
Total pot $11.50 | Rake $0.58 
Board [8c Qd 4h 7h]
Seat 1: iTrustU21 (big blind) folded before Flop
Seat 2: shootingGRID folded before Flop (didn't bet)
Seat 3: treidei3 collected ($10.92)
Seat 4: imhungarian8 folded before Flop (didn't bet)
Seat 5: neverforever365 (button) folded on the Turn
Seat 6: sta$igk (small blind) folded before Flop



PokerStars Hand #254769677582:  Hold'em No Limit ($0.50/$1.00 USD) - 2025/02/08 18:32:28 WET [2025/02/08 13:32:28 ET]
Table 'Periphas II' 6-max Seat #6 is the button
Seat 1: iTrustU21 ($98.30 in chips) 
Seat 2: shootingGRID ($102.93 in chips) 
Seat 3: treidei3 ($116.12 in chips) 
Seat 4: imhungarian8 ($104.74 in chips) 
Seat 5: neverforever365 ($49.15 in chips) 
Seat 6: sta$igk ($100 in chips) 
iTrustU21: posts small blind $0.50
shootingGRID: posts big blind $1
*** HOLE CARDS ***
treidei3: folds 
imhungarian8: folds 
neverforever365: calls $1
sta$igk: raises $3 to $4
iTrustU21: folds 
shootingGRID: folds 
neverforever365: calls $3
*** FLOP *** [9c 9h 8d]
neverforever365: checks 
sta$igk: bets $2.25
neverforever365: calls $2.25
*** TURN *** [9c 9h 8d] [Jd]
neverforever365: checks 
sta$igk: bets $8.91
neverforever365: raises $8.91 to $17.82
sta$igk: calls $8.91
*** RIVER *** [9c 9h 8d Jd] [3s]
neverforever365: bets $25.08 and is all-in
sta$igk: calls $25.08
*** SHOW DOWN ***
neverforever365: shows [Td Qc] (a straight, Eight to Queen)
sta$igk: shows [9d 6d] (three of a kind, Nines)
neverforever365 collected $97.30 from pot
*** SUMMARY ***
Total pot $99.80 | Rake $2.50 
Board [9c 9h 8d Jd 3s]
Seat 1: iTrustU21 (small blind) folded before Flop
Seat 2: shootingGRID (big blind) folded before Flop
Seat 3: treidei3 folded before Flop (didn't bet)
Seat 4: imhungarian8 folded before Flop (didn't bet)
Seat 5: neverforever365 showed [Td Qc] and won ($97.30) with a straight, Eight to Queen
Seat 6: sta$igk (button) showed [9d 6d] and lost with three of a kind, Nines



PokerStars Hand #254769700658:  Hold'em No Limit ($0.50/$1.00 USD) - 2025/02/08 18:33:44 WET [2025/02/08 13:33:44 ET]
Table 'Periphas II' 6-max Seat #1 is the button
Seat 1: iTrustU21 ($97.80 in chips) 
Seat 2: shootingGRID ($101.93 in chips) 
Seat 3: treidei3 ($116.12 in chips) 
Seat 4: imhungarian8 ($104.74 in chips) 
Seat 5: neverforever365 ($97.30 in chips) 
Seat 6: sta$igk ($100 in chips) 
shootingGRID: posts small blind $0.50
treidei3: posts big blind $1
*** HOLE CARDS ***
imhungarian8: folds 
neverforever365: folds 
sta$igk: folds 
iTrustU21: folds 
shootingGRID: raises $1.25 to $2.25
treidei3: folds 
Uncalled bet ($1.25) returned to shootingGRID
shootingGRID collected $2 from pot
*** SUMMARY ***
Total pot $2 | Rake $0 
Seat 1: iTrustU21 (button) folded before Flop (didn't bet)
Seat 2: shootingGRID (small blind) collected ($2)
Seat 3: treidei3 (big blind) folded before Flop
Seat 4: imhungarian8 folded before Flop (didn't bet)
Seat 5: neverforever365 folded before Flop (didn't bet)
Seat 6: sta$igk folded before Flop (didn't bet)



PokerStars Hand #254769706951:  Hold'em No Limit ($0.50/$1.00 USD) - 2025/02/08 18:34:04 WET [2025/02/08 13:34:04 ET]
Table 'Periphas II' 6-max Seat #2 is the button
Seat 1: iTrustU21 ($97.80 in chips) 
Seat 2: shootingGRID ($102.93 in chips) 
Seat 3: treidei3 ($115.12 in chips) 
Seat 4: imhungarian8 ($104.74 in chips) 
Seat 5: neverforever365 ($97.30 in chips) 
Seat 6: sta$igk ($100 in chips) 
treidei3: posts small blind $0.50
imhungarian8: posts big blind $1
*** HOLE CARDS ***
neverforever365: calls $1
sta$igk: raises $3 to $4
iTrustU21: folds 
shootingGRID: folds 
treidei3: folds 
imhungarian8: folds 
neverforever365: calls $3
*** FLOP *** [Kd 4s Tc]
neverforever365: checks 
sta$igk: bets $2.98
neverforever365: calls $2.98
*** TURN *** [Kd 4s Tc] [Jh]
neverforever365: checks 
sta$igk: checks 
*** RIVER *** [Kd 4s Tc Jh] [3s]
neverforever365: checks 
sta$igk: bets $7.35
neverforever365: folds 
Uncalled bet ($7.35) returned to sta$igk
sta$igk collected $14.69 from pot
sta$igk: doesn't show hand 
*** SUMMARY ***
Total pot $15.46 | Rake $0.77 
Board [Kd 4s Tc Jh 3s]
Seat 1: iTrustU21 folded before Flop (didn't bet)
Seat 2: shootingGRID (button) folded before Flop (didn't bet)
Seat 3: treidei3 (small blind) folded before Flop
Seat 4: imhungarian8 (big blind) folded before Flop
Seat 5: neverforever365 folded on the River
Seat 6: sta$igk collected ($14.69)



PokerStars Hand #254769724456:  Hold'em No Limit ($0.50/$1.00 USD) - 2025/02/08 18:35:02 WET [2025/02/08 13:35:02 ET]
Table 'Periphas II' 6-max Seat #3 is the button
Seat 1: iTrustU21 ($97.80 in chips) 
Seat 2: shootingGRID ($102.93 in chips) 
Seat 3: treidei3 ($114.62 in chips) 
Seat 4: imhungarian8 ($103.74 in chips) 
Seat 5: neverforever365 ($90.32 in chips) 
Seat 6: sta$igk ($107.71 in chips) 
imhungarian8: posts small blind $0.50
neverforever365: posts big blind $1
*** HOLE CARDS ***
sta$igk: folds 
iTrustU21: folds 
shootingGRID: folds 
treidei3: folds 
imhungarian8: folds 
Uncalled bet ($0.50) returned to neverforever365
neverforever365 collected $1 from pot
neverforever365: doesn't show hand 
*** SUMMARY ***
Total pot $1 | Rake $0 
Seat 1: iTrustU21 folded before Flop (didn't bet)
Seat 2: shootingGRID folded before Flop (didn't bet)
Seat 3: treidei3 (button) folded before Flop (didn't bet)
Seat 4: imhungarian8 (small blind) folded before Flop
Seat 5: neverforever365 (big blind) collected ($1)
Seat 6: sta$igk folded before Flop (didn't bet)



PokerStars Hand #254769729398:  Hold'em No Limit ($0.50/$1.00 USD) - 2025/02/08 18:35:18 WET [2025/02/08 13:35:18 ET]
Table 'Periphas II' 6-max Seat #4 is the button
Seat 1: iTrustU21 ($97.80 in chips) 
Seat 2: shootingGRID ($102.93 in chips) 
Seat 3: treidei3 ($114.62 in chips) 
Seat 4: imhungarian8 ($103.24 in chips) 
Seat 6: sta$igk ($107.71 in chips) 
sta$igk: posts small blind $0.50
iTrustU21: posts big blind $1
*** HOLE CARDS ***
shootingGRID: folds 
treidei3: folds 
imhungarian8: folds 
sta$igk: raises $2 to $3
S3MPR3IGUAL joins the table at seat #5 
iTrustU21: raises $7 to $10
sta$igk: folds 
Uncalled bet ($7) returned to iTrustU21
iTrustU21 collected $6 from pot
iTrustU21: doesn't show hand 
*** SUMMARY ***
Total pot $6 | Rake $0 
Seat 1: iTrustU21 (big blind) collected ($6)
Seat 2: shootingGRID folded before Flop (didn't bet)
Seat 3: treidei3 folded before Flop (didn't bet)
Seat 4: imhungarian8 (button) folded before Flop (didn't bet)
Seat 6: sta$igk (small blind) folded before Flop



PokerStars Hand #254769739731:  Hold'em No Limit ($0.50/$1.00 USD) - 2025/02/08 18:35:53 WET [2025/02/08 13:35:53 ET]
Table 'Periphas II' 6-max Seat #6 is the button
Seat 2: shootingGRID ($102.93 in chips) is sitting out
Seat 5: S3MPR3IGUAL ($100 in chips) is sitting out
Seat 1: iTrustU21 ($100.80 in chips) 
Seat 3: treidei3 ($114.62 in chips) 
Seat 4: imhungarian8 ($103.24 in chips) 
Seat 6: sta$igk ($104.71 in chips) 
iTrustU21: posts small blind $0.50
shootingGRID: is sitting out 
treidei3: posts big blind $1
S3MPR3IGUAL: sits out 
*** HOLE CARDS ***
shootingGRID leaves the table
imhungarian8: folds 
sta$igk: folds 
iTrustU21: folds 
Uncalled bet ($0.50) returned to treidei3
treidei3 collected $1 from pot
treidei3: doesn't show hand 
*** SUMMARY ***
Total pot $1 | Rake $0 
Seat 2: shootingGRID
Seat 5: S3MPR3IGUAL
Seat 1: iTrustU21 (small blind) folded before Flop
Seat 3: treidei3 (big blind) collected ($1)
Seat 4: imhungarian8 folded before Flop (didn't bet)
Seat 6: sta$igk (button) folded before Flop (didn't bet)



PokerStars Hand #254769742866:  Hold'em No Limit ($0.50/$1.00 USD) - 2025/02/08 18:36:03 WET [2025/02/08 13:36:03 ET]
Table 'Periphas II' 6-max Seat #1 is the button
Seat 4: imhungarian8 ($103.24 in chips) is sitting out
Seat 1: iTrustU21 ($100.30 in chips) 
Seat 3: treidei3 ($115.12 in chips) 
Seat 5: S3MPR3IGUAL ($100 in chips) 
Seat 6: sta$igk ($104.71 in chips) 
treidei3: posts small blind $0.50
imhungarian8: is sitting out 
S3MPR3IGUAL: posts big blind $1
*** HOLE CARDS ***
sta$igk: folds 
iTrustU21: raises $1.20 to $2.20
treidei3: raises $6.80 to $9
S3MPR3IGUAL: folds 
iTrustU21: folds 
Uncalled bet ($6.80) returned to treidei3
treidei3 collected $5.40 from pot
treidei3: doesn't show hand 
*** SUMMARY ***
Total pot $5.40 | Rake $0 
Seat 4: imhungarian8
Seat 1: iTrustU21 (button) folded before Flop
Seat 3: treidei3 (small blind) collected ($5.40)
Seat 5: S3MPR3IGUAL (big blind) folded before Flop
Seat 6: sta$igk folded before Flop (didn't bet)



PokerStars Hand #254769749396:  Hold'em No Limit ($0.50/$1.00 USD) - 2025/02/08 18:36:24 WET [2025/02/08 13:36:24 ET]
Table 'Periphas II' 6-max Seat #5 is the button
Seat 1: iTrustU21 ($98.10 in chips) is sitting out
Seat 4: imhungarian8 ($103.24 in chips) is sitting out
Seat 6: sta$igk ($104.71 in chips) is sitting out
Seat 3: treidei3 ($118.32 in chips) 
Seat 5: S3MPR3IGUAL ($100 in chips) 
S3MPR3IGUAL: posts small blind $0.50
sta$igk: is sitting out 
iTrustU21: is sitting out 
treidei3: posts big blind $1
*** HOLE CARDS ***
S3MPR3IGUAL: folds 
Uncalled bet ($0.50) returned to treidei3
sta$igk leaves the table
treidei3 collected $1 from pot
treidei3: doesn't show hand 
imhungarian8 leaves the table
*** SUMMARY ***
Total pot $1 | Rake $0 
Seat 1: iTrustU21
Seat 4: imhungarian8
Seat 6: sta$igk
Seat 3: treidei3 (big blind) collected ($1)
Seat 5: S3MPR3IGUAL (button) (small blind) folded before Flop



PokerStars Hand #254769750907:  Hold'em No Limit ($0.50/$1.00 USD) - 2025/02/08 18:36:29 WET [2025/02/08 13:36:29 ET]
Table 'Periphas II' 6-max Seat #3 is the button
Seat 1: iTrustU21 ($98.10 in chips) is sitting out
Seat 3: treidei3 ($118.82 in chips) 
Seat 5: S3MPR3IGUAL ($100 in chips) 
treidei3: posts small blind $0.50
S3MPR3IGUAL: posts big blind $1
*** HOLE CARDS ***
treidei3: raises $1.20 to $2.20
S3MPR3IGUAL: folds 
Uncalled bet ($1.20) returned to treidei3
treidei3 collected $2 from pot
treidei3: doesn't show hand 
*** SUMMARY ***
Total pot $2 | Rake $0 
Seat 1: iTrustU21
Seat 3: treidei3 (button) (small blind) collected ($2)
Seat 5: S3MPR3IGUAL (big blind) folded before Flop



PokerStars Hand #254769754035:  Hold'em No Limit ($0.50/$1.00 USD) - 2025/02/08 18:36:39 WET [2025/02/08 13:36:39 ET]
Table 'Periphas II' 6-max Seat #5 is the button
Seat 1: iTrustU21 ($98.10 in chips) is sitting out
Seat 3: treidei3 ($119.82 in chips) 
Seat 5: S3MPR3IGUAL ($100 in chips) 
S3MPR3IGUAL: posts small blind $0.50
treidei3: posts big blind $1
*** HOLE CARDS ***
S3MPR3IGUAL: folds 
Uncalled bet ($0.50) returned to treidei3
treidei3 collected $1 from pot
treidei3: doesn't show hand 
iTrustU21 leaves the table
*** SUMMARY ***
Total pot $1 | Rake $0 
Seat 1: iTrustU21
Seat 3: treidei3 (big blind) collected ($1)
Seat 5: S3MPR3IGUAL (button) (small blind) folded before Flop



PokerStars Hand #254769755533:  Hold'em No Limit ($0.50/$1.00 USD) - 2025/02/08 18:36:44 WET [2025/02/08 13:36:44 ET]
Table 'Periphas II' 6-max Seat #3 is the button
Seat 3: treidei3 ($120.32 in chips) 
Seat 5: S3MPR3IGUAL ($100 in chips) 
treidei3: posts small blind $0.50
S3MPR3IGUAL: posts big blind $1
*** HOLE CARDS ***
treidei3: raises $1.20 to $2.20
S3MPR3IGUAL: calls $1.20
*** FLOP *** [Kd 5s 4h]
S3MPR3IGUAL: checks 
treidei3: bets $1.38
S3MPR3IGUAL: calls $1.38
*** TURN *** [Kd 5s 4h] [4d]
S3MPR3IGUAL: checks 
treidei3: bets $8.50
S3MPR3IGUAL: folds 
Uncalled bet ($8.50) returned to treidei3
treidei3 collected $6.80 from pot
treidei3: doesn't show hand 
*** SUMMARY ***
Total pot $7.16 | Rake $0.36 
Board [Kd 5s 4h 4d]
Seat 3: treidei3 (button) (small blind) collected ($6.80)
Seat 5: S3MPR3IGUAL (big blind) folded on the Turn



