PokerStars Hand #254775018708:  Hold'em No Limit ($0.50/$1.00 USD) - 2025/02/08 23:49:38 WET [2025/02/08 18:49:38 ET]
Table 'Lancelot II' 6-max Seat #2 is the button
Seat 1: Rikardas777 ($48.13 in chips) 
Seat 2: m0nTTu ($10 in chips) 
Seat 3: rao999 ($100 in chips) 
Seat 6: nikalas22 ($100 in chips) 
rao999: posts small blind $0.50
nikalas22: posts big blind $1
*** HOLE CARDS ***
Rikardas777: calls $1
m0nTTu: raises $9 to $10 and is all-in
rao999: folds 
nikalas22: folds 
equilibrium_tv joins the table at seat #4 
Rikardas777: calls $9
*** FLOP *** [Kc Ks 2h]
*** TURN *** [Kc Ks 2h] [4d]
*** RIVER *** [Kc Ks 2h 4d] [As]
*** SHOW DOWN ***
Rikardas777: shows [Js Ts] (a pair of Kings)
m0nTTu: shows [Kh Jd] (three of a kind, Kings)
m0nTTu collected $20.50 from pot
*** SUMMARY ***
Total pot $21.50 | Rake $1 
Board [Kc Ks 2h 4d As]
Seat 1: Rikardas777 showed [Js Ts] and lost with a pair of Kings
Seat 2: m0nTTu (button) showed [Kh Jd] and won ($20.50) with three of a kind, Kings
Seat 3: rao999 (small blind) folded before Flop
Seat 6: nikalas22 (big blind) folded before Flop



PokerStars Hand #254775024568:  Hold'em No Limit ($0.50/$1.00 USD) - 2025/02/08 23:50:03 WET [2025/02/08 18:50:03 ET]
Table 'Lancelot II' 6-max Seat #3 is the button
Seat 4: equilibrium_tv ($10 in chips) is sitting out
Seat 1: Rikardas777 ($38.13 in chips) 
Seat 2: m0nTTu ($20.50 in chips) 
Seat 3: rao999 ($100 in chips) 
Seat 6: nikalas22 ($100 in chips) 
nikalas22: posts small blind $0.50
Rikardas777: posts big blind $1
*** HOLE CARDS ***
m0nTTu: folds 
rao999: folds 
nikalas22: raises $2 to $3
Rikardas777: folds 
Uncalled bet ($2) returned to nikalas22
nikalas22 collected $2 from pot
nikalas22: doesn't show hand 
*** SUMMARY ***
Total pot $2 | Rake $0 
Seat 4: equilibrium_tv
Seat 1: Rikardas777 (big blind) folded before Flop
Seat 2: m0nTTu folded before Flop (didn't bet)
Seat 3: rao999 (button) folded before Flop (didn't bet)
Seat 6: nikalas22 (small blind) collected ($2)



PokerStars Hand #254775027920:  Hold'em No Limit ($0.50/$1.00 USD) - 2025/02/08 23:50:17 WET [2025/02/08 18:50:17 ET]
Table 'Lancelot II' 6-max Seat #6 is the button
Seat 4: equilibrium_tv ($10 in chips) is sitting out
Seat 1: Rikardas777 ($37.13 in chips) 
Seat 2: m0nTTu ($20.50 in chips) 
Seat 3: rao999 ($100 in chips) 
Seat 6: nikalas22 ($101 in chips) 
Rikardas777: posts small blind $0.50
m0nTTu: posts big blind $1
equilibrium_tv: sits out 
*** HOLE CARDS ***
XneferX joins the table at seat #5 
rao999: folds 
nikalas22: folds 
Rikardas777 is disconnected 
Rikardas777 has timed out while being disconnected
Rikardas777: folds 
Uncalled bet ($0.50) returned to m0nTTu
m0nTTu collected $1 from pot
m0nTTu: doesn't show hand 
*** SUMMARY ***
Total pot $1 | Rake $0 
Seat 4: equilibrium_tv
Seat 1: Rikardas777 (small blind) folded before Flop
Seat 2: m0nTTu (big blind) collected ($1)
Seat 3: rao999 folded before Flop (didn't bet)
Seat 6: nikalas22 (button) folded before Flop (didn't bet)



PokerStars Hand #254775041619:  Hold'em No Limit ($0.50/$1.00 USD) - 2025/02/08 23:51:13 WET [2025/02/08 18:51:13 ET]
Table 'Lancelot II' 6-max Seat #2 is the button
Seat 1: Rikardas777 ($36.63 in chips) is sitting out
Seat 5: XneferX ($100 in chips) is sitting out
Seat 2: m0nTTu ($21 in chips) 
Seat 3: rao999 ($100 in chips) 
Seat 4: equilibrium_tv ($10 in chips) 
Seat 6: nikalas22 ($101 in chips) 
rao999: posts small blind $0.50
equilibrium_tv: posts big blind $1
XneferX: sits out 
*** HOLE CARDS ***
nikalas22: folds 
m0nTTu: folds 
rao999: folds 
Uncalled bet ($0.50) returned to equilibrium_tv
equilibrium_tv collected $1 from pot
*** SUMMARY ***
Total pot $1 | Rake $0 
Seat 1: Rikardas777
Seat 5: XneferX
Seat 2: m0nTTu (button) folded before Flop (didn't bet)
Seat 3: rao999 (small blind) folded before Flop
Seat 4: equilibrium_tv (big blind) collected ($1)
Seat 6: nikalas22 folded before Flop (didn't bet)



PokerStars Hand #254775046953:  Hold'em No Limit ($0.50/$1.00 USD) - 2025/02/08 23:51:35 WET [2025/02/08 18:51:35 ET]
Table 'Lancelot II' 6-max Seat #3 is the button
Seat 1: Rikardas777 ($36.63 in chips) is sitting out
Seat 2: m0nTTu ($21 in chips) 
Seat 3: rao999 ($100 in chips) 
Seat 4: equilibrium_tv ($10.50 in chips) 
Seat 5: XneferX ($100 in chips) 
Seat 6: nikalas22 ($101 in chips) 
equilibrium_tv: posts small blind $0.50
XneferX: posts big blind $1
*** HOLE CARDS ***
nikalas22: folds 
m0nTTu: folds 
rao999: raises $1.50 to $2.50
equilibrium_tv: folds 
XneferX: folds 
Uncalled bet ($1.50) returned to rao999
rao999 collected $2.50 from pot
rao999: doesn't show hand 
*** SUMMARY ***
Total pot $2.50 | Rake $0 
Seat 1: Rikardas777
Seat 2: m0nTTu folded before Flop (didn't bet)
Seat 3: rao999 (button) collected ($2.50)
Seat 4: equilibrium_tv (small blind) folded before Flop
Seat 5: XneferX (big blind) folded before Flop
Seat 6: nikalas22 folded before Flop (didn't bet)



PokerStars Hand #254775053340:  Hold'em No Limit ($0.50/$1.00 USD) - 2025/02/08 23:52:01 WET [2025/02/08 18:52:01 ET]
Table 'Lancelot II' 6-max Seat #4 is the button
Seat 1: Rikardas777 ($36.63 in chips) is sitting out
Seat 2: m0nTTu ($21 in chips) 
Seat 3: rao999 ($101.50 in chips) 
Seat 4: equilibrium_tv ($10 in chips) 
Seat 5: XneferX ($100 in chips) 
Seat 6: nikalas22 ($101 in chips) 
XneferX: posts small blind $0.50
nikalas22: posts big blind $1
*** HOLE CARDS ***
m0nTTu: folds 
rao999: folds 
equilibrium_tv: raises $9 to $10 and is all-in
XneferX: folds 
nikalas22: folds 
Uncalled bet ($9) returned to equilibrium_tv
equilibrium_tv collected $2.50 from pot
*** SUMMARY ***
Total pot $2.50 | Rake $0 
Seat 1: Rikardas777
Seat 2: m0nTTu folded before Flop (didn't bet)
Seat 3: rao999 folded before Flop (didn't bet)
Seat 4: equilibrium_tv (button) collected ($2.50)
Seat 5: XneferX (small blind) folded before Flop
Seat 6: nikalas22 (big blind) folded before Flop



PokerStars Hand #254775060239:  Hold'em No Limit ($0.50/$1.00 USD) - 2025/02/08 23:52:30 WET [2025/02/08 18:52:30 ET]
Table 'Lancelot II' 6-max Seat #5 is the button
Seat 1: Rikardas777 ($36.63 in chips) is sitting out
Seat 2: m0nTTu ($21 in chips) 
Seat 3: rao999 ($101.50 in chips) 
Seat 4: equilibrium_tv ($11.50 in chips) 
Seat 5: XneferX ($100 in chips) 
Seat 6: nikalas22 ($100 in chips) 
nikalas22: posts small blind $0.50
m0nTTu: posts big blind $1
*** HOLE CARDS ***
rao999: folds 
equilibrium_tv: folds 
XneferX: raises $1.77 to $2.77
nikalas22: raises $9.23 to $12
m0nTTu: folds 
XneferX: folds 
Uncalled bet ($9.23) returned to nikalas22
nikalas22 collected $6.54 from pot
nikalas22: doesn't show hand 
*** SUMMARY ***
Total pot $6.54 | Rake $0 
Seat 1: Rikardas777
Seat 2: m0nTTu (big blind) folded before Flop
Seat 3: rao999 folded before Flop (didn't bet)
Seat 4: equilibrium_tv folded before Flop (didn't bet)
Seat 5: XneferX (button) folded before Flop
Seat 6: nikalas22 (small blind) collected ($6.54)



PokerStars Hand #254775125449:  Hold'em No Limit ($0.50/$1.00 USD) - 2025/02/08 23:57:40 WET [2025/02/08 18:57:40 ET]
Table 'Lancelot II' 6-max Seat #2 is the button
Seat 5: XneferX ($100 in chips) is sitting out
Seat 1: Rikardas777 ($31.48 in chips) 
Seat 2: m0nTTu ($19.78 in chips) 
Seat 3: rao999 ($106.83 in chips) 
Seat 4: equilibrium_tv ($41.32 in chips) 
Seat 6: nikalas22 ($101.27 in chips) 
rao999: posts small blind $0.50
equilibrium_tv: posts big blind $1
XneferX: sits out 
*** HOLE CARDS ***
nikalas22: raises $1.20 to $2.20
Rikardas777: folds 
m0nTTu: folds 
rao999: folds 
equilibrium_tv: folds 
Uncalled bet ($1.20) returned to nikalas22
nikalas22 collected $2.50 from pot
nikalas22: doesn't show hand 
*** SUMMARY ***
Total pot $2.50 | Rake $0 
Seat 5: XneferX
Seat 1: Rikardas777 folded before Flop (didn't bet)
Seat 2: m0nTTu (button) folded before Flop (didn't bet)
Seat 3: rao999 (small blind) folded before Flop
Seat 4: equilibrium_tv (big blind) folded before Flop
Seat 6: nikalas22 collected ($2.50)



PokerStars Hand #254775128755:  Hold'em No Limit ($0.50/$1.00 USD) - 2025/02/08 23:57:58 WET [2025/02/08 18:57:58 ET]
Table 'Lancelot II' 6-max Seat #3 is the button
Seat 1: Rikardas777 ($31.48 in chips) 
Seat 2: m0nTTu ($19.78 in chips) 
Seat 3: rao999 ($106.33 in chips) 
Seat 4: equilibrium_tv ($40.32 in chips) 
Seat 5: XneferX ($100 in chips) 
Seat 6: nikalas22 ($102.77 in chips) 
equilibrium_tv: posts small blind $0.50
XneferX: posts big blind $1
*** HOLE CARDS ***
nikalas22: raises $1.20 to $2.20
Rikardas777: folds 
m0nTTu: folds 
rao999: folds 
equilibrium_tv: folds 
XneferX: calls $1.20
*** FLOP *** [5d 9d 8h]
XneferX: checks 
nikalas22: checks 
*** TURN *** [5d 9d 8h] [Qh]
XneferX: bets $5.45
nikalas22: folds 
Uncalled bet ($5.45) returned to XneferX
XneferX collected $4.66 from pot
XneferX: doesn't show hand 
*** SUMMARY ***
Total pot $4.90 | Rake $0.24 
Board [5d 9d 8h Qh]
Seat 1: Rikardas777 folded before Flop (didn't bet)
Seat 2: m0nTTu folded before Flop (didn't bet)
Seat 3: rao999 (button) folded before Flop (didn't bet)
Seat 4: equilibrium_tv (small blind) folded before Flop
Seat 5: XneferX (big blind) collected ($4.66)
Seat 6: nikalas22 folded on the Turn



PokerStars Hand #254775137801:  Hold'em No Limit ($0.50/$1.00 USD) - 2025/02/08 23:58:47 WET [2025/02/08 18:58:47 ET]
Table 'Lancelot II' 6-max Seat #4 is the button
Seat 1: Rikardas777 ($31.48 in chips) 
Seat 2: m0nTTu ($19.78 in chips) 
Seat 3: rao999 ($106.33 in chips) 
Seat 4: equilibrium_tv ($39.82 in chips) 
Seat 5: XneferX ($102.46 in chips) 
Seat 6: nikalas22 ($100.57 in chips) 
XneferX: posts small blind $0.50
nikalas22: posts big blind $1
*** HOLE CARDS ***
Rikardas777: calls $1
m0nTTu: folds 
rao999: folds 
equilibrium_tv: folds 
XneferX: folds 
nikalas22: checks 
*** FLOP *** [Kc Ts Ac]
nikalas22: checks 
Rikardas777: checks 
*** TURN *** [Kc Ts Ac] [Tc]
nikalas22: bets $1.79
Rikardas777: calls $1.79
*** RIVER *** [Kc Ts Ac Tc] [Jc]
nikalas22: checks 
Rikardas777: checks 
*** SHOW DOWN ***
nikalas22: shows [Th 7s] (three of a kind, Tens)
Rikardas777: shows [Ad Qd] (a straight, Ten to Ace)
Rikardas777 collected $5.78 from pot
*** SUMMARY ***
Total pot $6.08 | Rake $0.30 
Board [Kc Ts Ac Tc Jc]
Seat 1: Rikardas777 showed [Ad Qd] and won ($5.78) with a straight, Ten to Ace
Seat 2: m0nTTu folded before Flop (didn't bet)
Seat 3: rao999 folded before Flop (didn't bet)
Seat 4: equilibrium_tv (button) folded before Flop (didn't bet)
Seat 5: XneferX (small blind) folded before Flop
Seat 6: nikalas22 (big blind) showed [Th 7s] and lost with three of a kind, Tens



PokerStars Hand #254775143832:  Hold'em No Limit ($0.50/$1.00 USD) - 2025/02/08 23:59:20 WET [2025/02/08 18:59:20 ET]
Table 'Lancelot II' 6-max Seat #5 is the button
Seat 1: Rikardas777 ($34.47 in chips) 
Seat 2: m0nTTu ($19.78 in chips) 
Seat 3: rao999 ($106.33 in chips) 
Seat 4: equilibrium_tv ($39.82 in chips) 
Seat 5: XneferX ($101.96 in chips) 
Seat 6: nikalas22 ($100 in chips) 
nikalas22: posts small blind $0.50
Rikardas777: posts big blind $1
*** HOLE CARDS ***
m0nTTu: folds 
rao999: folds 
equilibrium_tv: folds 
XneferX: folds 
nikalas22: raises $2 to $3
Rikardas777: calls $2
*** FLOP *** [Qc 5d 8s]
nikalas22: checks 
Rikardas777: checks 
*** TURN *** [Qc 5d 8s] [9s]
nikalas22: checks 
Rikardas777: checks 
*** RIVER *** [Qc 5d 8s 9s] [6s]
nikalas22: checks 
Rikardas777: checks 
*** SHOW DOWN ***
nikalas22: shows [2d 2h] (a pair of Deuces)
Rikardas777: shows [4c 6c] (a pair of Sixes)
Rikardas777 collected $5.70 from pot
*** SUMMARY ***
Total pot $6 | Rake $0.30 
Board [Qc 5d 8s 9s 6s]
Seat 1: Rikardas777 (big blind) showed [4c 6c] and won ($5.70) with a pair of Sixes
Seat 2: m0nTTu folded before Flop (didn't bet)
Seat 3: rao999 folded before Flop (didn't bet)
Seat 4: equilibrium_tv folded before Flop (didn't bet)
Seat 5: XneferX (button) folded before Flop (didn't bet)
Seat 6: nikalas22 (small blind) showed [2d 2h] and lost with a pair of Deuces



PokerStars Hand #254775152905:  Hold'em No Limit ($0.50/$1.00 USD) - 2025/02/08 0:00:10 WET [2025/02/08 19:00:10 ET]
Table 'Lancelot II' 6-max Seat #6 is the button
Seat 1: Rikardas777 ($37.17 in chips) 
Seat 2: m0nTTu ($19.78 in chips) 
Seat 3: rao999 ($106.33 in chips) 
Seat 4: equilibrium_tv ($39.82 in chips) 
Seat 5: XneferX ($101.96 in chips) 
Seat 6: nikalas22 ($100 in chips) 
Rikardas777: posts small blind $0.50
m0nTTu: posts big blind $1
*** HOLE CARDS ***
rao999: raises $1.50 to $2.50
equilibrium_tv: folds 
XneferX: folds 
nikalas22: folds 
Rikardas777: calls $2
m0nTTu: folds 
*** FLOP *** [7d 4h Qh]
Rikardas777: checks 
rao999: bets $1.88
Rikardas777: calls $1.88
*** TURN *** [7d 4h Qh] [Kd]
Rikardas777: checks 
rao999: bets $6.95
Rikardas777: folds 
Uncalled bet ($6.95) returned to rao999
rao999 collected $9.27 from pot
rao999: doesn't show hand 
*** SUMMARY ***
Total pot $9.76 | Rake $0.49 
Board [7d 4h Qh Kd]
Seat 1: Rikardas777 (small blind) folded on the Turn
Seat 2: m0nTTu (big blind) folded before Flop
Seat 3: rao999 collected ($9.27)
Seat 4: equilibrium_tv folded before Flop (didn't bet)
Seat 5: XneferX folded before Flop (didn't bet)
Seat 6: nikalas22 (button) folded before Flop (didn't bet)



PokerStars Hand #254775159602:  Hold'em No Limit ($0.50/$1.00 USD) - 2025/02/08 0:00:43 WET [2025/02/08 19:00:43 ET]
Table 'Lancelot II' 6-max Seat #1 is the button
Seat 1: Rikardas777 ($32.79 in chips) 
Seat 2: m0nTTu ($18.78 in chips) 
Seat 3: rao999 ($111.22 in chips) 
Seat 4: equilibrium_tv ($39.82 in chips) 
Seat 5: XneferX ($101.96 in chips) 
Seat 6: nikalas22 ($100 in chips) 
m0nTTu: posts small blind $0.50
rao999: posts big blind $1
*** HOLE CARDS ***
equilibrium_tv: folds 
XneferX: folds 
nikalas22: raises $1.20 to $2.20
Rikardas777: calls $2.20
m0nTTu: folds 
rao999: calls $1.20
*** FLOP *** [Ac Td 8d]
rao999: checks 
nikalas22: checks 
Rikardas777: checks 
*** TURN *** [Ac Td 8d] [9d]
rao999: bets $4.45
nikalas22: folds 
Rikardas777: calls $4.45
*** RIVER *** [Ac Td 8d 9d] [Jc]
rao999: bets $11.40
Rikardas777: calls $11.40
*** SHOW DOWN ***
rao999: shows [2d 4d] (a flush, Ten high)
Rikardas777: mucks hand 
rao999 collected $36.86 from pot
*** SUMMARY ***
Total pot $38.80 | Rake $1.94 
Board [Ac Td 8d 9d Jc]
Seat 1: Rikardas777 (button) mucked
Seat 2: m0nTTu (small blind) folded before Flop
Seat 3: rao999 (big blind) showed [2d 4d] and won ($36.86) with a flush, Ten high
Seat 4: equilibrium_tv folded before Flop (didn't bet)
Seat 5: XneferX folded before Flop (didn't bet)
Seat 6: nikalas22 folded on the Turn



PokerStars Hand #254775172024:  Hold'em No Limit ($0.50/$1.00 USD) - 2025/02/08 0:01:39 WET [2025/02/08 19:01:39 ET]
Table 'Lancelot II' 6-max Seat #2 is the button
Seat 1: Rikardas777 ($14.74 in chips) 
Seat 2: m0nTTu ($18.28 in chips) 
Seat 3: rao999 ($130.03 in chips) 
Seat 4: equilibrium_tv ($39.82 in chips) 
Seat 5: XneferX ($101.96 in chips) 
Seat 6: nikalas22 ($100 in chips) 
rao999: posts small blind $0.50
equilibrium_tv: posts big blind $1
*** HOLE CARDS ***
XneferX: folds 
nikalas22: folds 
Rikardas777: folds 
m0nTTu: raises $1 to $2
rao999: folds 
equilibrium_tv: folds 
Uncalled bet ($1) returned to m0nTTu
m0nTTu collected $2.50 from pot
m0nTTu: doesn't show hand 
*** SUMMARY ***
Total pot $2.50 | Rake $0 
Seat 1: Rikardas777 folded before Flop (didn't bet)
Seat 2: m0nTTu (button) collected ($2.50)
Seat 3: rao999 (small blind) folded before Flop
Seat 4: equilibrium_tv (big blind) folded before Flop
Seat 5: XneferX folded before Flop (didn't bet)
Seat 6: nikalas22 folded before Flop (didn't bet)



PokerStars Hand #254775176167:  Hold'em No Limit ($0.50/$1.00 USD) - 2025/02/08 0:01:55 WET [2025/02/08 19:01:55 ET]
Table 'Lancelot II' 6-max Seat #3 is the button
Seat 1: Rikardas777 ($14.74 in chips) 
Seat 2: m0nTTu ($19.78 in chips) 
Seat 3: rao999 ($129.53 in chips) 
Seat 4: equilibrium_tv ($38.82 in chips) 
Seat 5: XneferX ($101.96 in chips) 
Seat 6: nikalas22 ($100 in chips) 
equilibrium_tv: posts small blind $0.50
XneferX: posts big blind $1
*** HOLE CARDS ***
nikalas22: folds 
Rikardas777: calls $1
m0nTTu: raises $1 to $2
rao999: folds 
equilibrium_tv: folds 
XneferX: folds 
Rikardas777: calls $1
*** FLOP *** [Ts Td 7h]
Rikardas777: checks 
m0nTTu: bets $1
Rikardas777: calls $1
*** TURN *** [Ts Td 7h] [5d]
Rikardas777: checks 
m0nTTu: checks 
*** RIVER *** [Ts Td 7h 5d] [8s]
Rikardas777: checks 
m0nTTu: checks 
*** SHOW DOWN ***
Rikardas777: shows [2c As] (a pair of Tens)
m0nTTu: mucks hand 
Rikardas777 collected $7.12 from pot
*** SUMMARY ***
Total pot $7.50 | Rake $0.38 
Board [Ts Td 7h 5d 8s]
Seat 1: Rikardas777 showed [2c As] and won ($7.12) with a pair of Tens
Seat 2: m0nTTu mucked
Seat 3: rao999 (button) folded before Flop (didn't bet)
Seat 4: equilibrium_tv (small blind) folded before Flop
Seat 5: XneferX (big blind) folded before Flop
Seat 6: nikalas22 folded before Flop (didn't bet)



PokerStars Hand #254775189590:  Hold'em No Limit ($0.50/$1.00 USD) - 2025/02/08 0:02:53 WET [2025/02/08 19:02:53 ET]
Table 'Lancelot II' 6-max Seat #4 is the button
Seat 1: Rikardas777 ($18.86 in chips) 
Seat 2: m0nTTu ($16.78 in chips) 
Seat 3: rao999 ($129.53 in chips) 
Seat 4: equilibrium_tv ($38.32 in chips) 
Seat 5: XneferX ($100.96 in chips) 
Seat 6: nikalas22 ($100 in chips) 
XneferX: posts small blind $0.50
nikalas22: posts big blind $1
*** HOLE CARDS ***
Rikardas777: calls $1
m0nTTu: folds 
rao999: folds 
equilibrium_tv: folds 
XneferX: folds 
nikalas22: checks 
*** FLOP *** [Ac 8c 9d]
nikalas22: checks 
Rikardas777: checks 
*** TURN *** [Ac 8c 9d] [9h]
nikalas22: checks 
Rikardas777: checks 
*** RIVER *** [Ac 8c 9d 9h] [4c]
nikalas22: checks 
Rikardas777: checks 
*** SHOW DOWN ***
nikalas22: shows [Qc 8h] (two pair, Nines and Eights)
Rikardas777: mucks hand 
nikalas22 collected $2.38 from pot
*** SUMMARY ***
Total pot $2.50 | Rake $0.12 
Board [Ac 8c 9d 9h 4c]
Seat 1: Rikardas777 mucked
Seat 2: m0nTTu folded before Flop (didn't bet)
Seat 3: rao999 folded before Flop (didn't bet)
Seat 4: equilibrium_tv (button) folded before Flop (didn't bet)
Seat 5: XneferX (small blind) folded before Flop
Seat 6: nikalas22 (big blind) showed [Qc 8h] and won ($2.38) with two pair, Nines and Eights



PokerStars Hand #254775198844:  Hold'em No Limit ($0.50/$1.00 USD) - 2025/02/08 0:03:33 WET [2025/02/08 19:03:33 ET]
Table 'Lancelot II' 6-max Seat #5 is the button
Seat 1: Rikardas777 ($17.86 in chips) 
Seat 2: m0nTTu ($16.78 in chips) 
Seat 3: rao999 ($129.53 in chips) 
Seat 4: equilibrium_tv ($38.32 in chips) 
Seat 5: XneferX ($100.46 in chips) 
Seat 6: nikalas22 ($101.38 in chips) 
nikalas22: posts small blind $0.50
Rikardas777: posts big blind $1
*** HOLE CARDS ***
m0nTTu: folds 
rao999: folds 
equilibrium_tv: folds 
XneferX: raises $1.77 to $2.77
nikalas22: folds 
Rikardas777: calls $1.77
*** FLOP *** [Jd Kd 3c]
Rikardas777: checks 
XneferX: bets $1.95
Rikardas777: folds 
Uncalled bet ($1.95) returned to XneferX
XneferX collected $5.74 from pot
XneferX: doesn't show hand 
*** SUMMARY ***
Total pot $6.04 | Rake $0.30 
Board [Jd Kd 3c]
Seat 1: Rikardas777 (big blind) folded on the Flop
Seat 2: m0nTTu folded before Flop (didn't bet)
Seat 3: rao999 folded before Flop (didn't bet)
Seat 4: equilibrium_tv folded before Flop (didn't bet)
Seat 5: XneferX (button) collected ($5.74)
Seat 6: nikalas22 (small blind) folded before Flop



PokerStars Hand #254775208334:  Hold'em No Limit ($0.50/$1.00 USD) - 2025/02/08 0:04:14 WET [2025/02/08 19:04:14 ET]
Table 'Lancelot II' 6-max Seat #6 is the button
Seat 1: Rikardas777 ($15.09 in chips) 
Seat 2: m0nTTu ($16.78 in chips) 
Seat 3: rao999 ($129.53 in chips) 
Seat 4: equilibrium_tv ($38.32 in chips) 
Seat 5: XneferX ($103.43 in chips) 
Seat 6: nikalas22 ($100.88 in chips) 
Rikardas777: posts small blind $0.50
m0nTTu: posts big blind $1
*** HOLE CARDS ***
rao999: folds 
equilibrium_tv: folds 
XneferX: folds 
nikalas22: folds 
Rikardas777: calls $0.50
m0nTTu: checks 
*** FLOP *** [5s Js 3d]
Rikardas777: bets $14.09 and is all-in
m0nTTu: folds 
Uncalled bet ($14.09) returned to Rikardas777
Rikardas777 collected $1.90 from pot
*** SUMMARY ***
Total pot $2 | Rake $0.10 
Board [5s Js 3d]
Seat 1: Rikardas777 (small blind) collected ($1.90)
Seat 2: m0nTTu (big blind) folded on the Flop
Seat 3: rao999 folded before Flop (didn't bet)
Seat 4: equilibrium_tv folded before Flop (didn't bet)
Seat 5: XneferX folded before Flop (didn't bet)
Seat 6: nikalas22 (button) folded before Flop (didn't bet)



PokerStars Hand #254775214937:  Hold'em No Limit ($0.50/$1.00 USD) - 2025/02/08 0:04:42 WET [2025/02/08 19:04:42 ET]
Table 'Lancelot II' 6-max Seat #1 is the button
Seat 1: Rikardas777 ($15.99 in chips) 
Seat 2: m0nTTu ($15.78 in chips) 
Seat 3: rao999 ($129.53 in chips) 
Seat 4: equilibrium_tv ($38.32 in chips) 
Seat 5: XneferX ($103.43 in chips) 
Seat 6: nikalas22 ($100.88 in chips) 
m0nTTu: posts small blind $0.50
rao999: posts big blind $1
*** HOLE CARDS ***
equilibrium_tv: folds 
XneferX: raises $1.10 to $2.10
nikalas22: folds 
Rikardas777: calls $2.10
m0nTTu: raises $13.68 to $15.78 and is all-in
rao999: folds 
XneferX: folds 
Rikardas777: calls $13.68
*** FLOP *** [Js Qc 9c]
*** TURN *** [Js Qc 9c] [6c]
*** RIVER *** [Js Qc 9c 6c] [Ks]
*** SHOW DOWN ***
m0nTTu: shows [Qd Qs] (three of a kind, Queens)
Rikardas777: shows [3s Ah] (high card Ace)
m0nTTu collected $32.93 from pot
*** SUMMARY ***
Total pot $34.66 | Rake $1.73 
Board [Js Qc 9c 6c Ks]
Seat 1: Rikardas777 (button) showed [3s Ah] and lost with high card Ace
Seat 2: m0nTTu (small blind) showed [Qd Qs] and won ($32.93) with three of a kind, Queens
Seat 3: rao999 (big blind) folded before Flop
Seat 4: equilibrium_tv folded before Flop (didn't bet)
Seat 5: XneferX folded before Flop
Seat 6: nikalas22 folded before Flop (didn't bet)



PokerStars Hand #254775227399:  Hold'em No Limit ($0.50/$1.00 USD) - 2025/02/08 0:05:35 WET [2025/02/08 19:05:35 ET]
Table 'Lancelot II' 6-max Seat #2 is the button
Seat 1: Rikardas777 ($0.21 in chips) is sitting out
Seat 2: m0nTTu ($32.93 in chips) 
Seat 3: rao999 ($128.53 in chips) 
Seat 4: equilibrium_tv ($38.32 in chips) 
Seat 5: XneferX ($101.33 in chips) 
Seat 6: nikalas22 ($100.88 in chips) 
rao999: posts small blind $0.50
equilibrium_tv: posts big blind $1
*** HOLE CARDS ***
XneferX: folds 
nikalas22: raises $1.20 to $2.20
m0nTTu: folds 
rao999: folds 
equilibrium_tv: calls $1.20
*** FLOP *** [6d Ad 8d]
equilibrium_tv: checks 
nikalas22: checks 
*** TURN *** [6d Ad 8d] [5h]
equilibrium_tv: checks 
nikalas22: checks 
*** RIVER *** [6d Ad 8d 5h] [9c]
Rikardas777 is disconnected 
equilibrium_tv: bets $2.33
XneferX leaves the table
nikalas22: calls $2.33
*** SHOW DOWN ***
equilibrium_tv: shows [Qc Jd] (high card Ace)
nikalas22: shows [Th Ac] (a pair of Aces)
nikalas22 collected $9.08 from pot
*** SUMMARY ***
Total pot $9.56 | Rake $0.48 
Board [6d Ad 8d 5h 9c]
Seat 1: Rikardas777
Seat 2: m0nTTu (button) folded before Flop (didn't bet)
Seat 3: rao999 (small blind) folded before Flop
Seat 4: equilibrium_tv (big blind) showed [Qc Jd] and lost with high card Ace
Seat 5: XneferX folded before Flop (didn't bet)
Seat 6: nikalas22 showed [Th Ac] and won ($9.08) with a pair of Aces



PokerStars Hand #254775240368:  Hold'em No Limit ($0.50/$1.00 USD) - 2025/02/08 0:06:30 WET [2025/02/08 19:06:30 ET]
Table 'Lancelot II' 6-max Seat #3 is the button
Seat 1: Rikardas777 ($0.21 in chips) is sitting out
Seat 2: m0nTTu ($32.93 in chips) 
Seat 3: rao999 ($128.03 in chips) 
Seat 4: equilibrium_tv ($33.79 in chips) 
Seat 6: nikalas22 ($105.43 in chips) 
equilibrium_tv: posts small blind $0.50
nikalas22: posts big blind $1
*** HOLE CARDS ***
m0nTTu: folds 
rao999: folds 
equilibrium_tv: folds 
Uncalled bet ($0.50) returned to nikalas22
nikalas22 collected $1 from pot
nikalas22: doesn't show hand 
*** SUMMARY ***
Total pot $1 | Rake $0 
Seat 1: Rikardas777
Seat 2: m0nTTu folded before Flop (didn't bet)
Seat 3: rao999 (button) folded before Flop (didn't bet)
Seat 4: equilibrium_tv (small blind) folded before Flop
Seat 6: nikalas22 (big blind) collected ($1)



PokerStars Hand #254775244657:  Hold'em No Limit ($0.50/$1.00 USD) - 2025/02/08 0:06:49 WET [2025/02/08 19:06:49 ET]
Table 'Lancelot II' 6-max Seat #6 is the button
Seat 1: Rikardas777 ($0.21 in chips) is sitting out
Seat 2: m0nTTu ($32.93 in chips) is sitting out
Seat 3: rao999 ($128.03 in chips) is sitting out
Seat 4: equilibrium_tv ($33.29 in chips) 
Seat 6: nikalas22 ($105.93 in chips) 
nikalas22: posts small blind $0.50
m0nTTu: is sitting out 
rao999: is sitting out 
equilibrium_tv: posts big blind $1
*** HOLE CARDS ***
nikalas22: raises $1.20 to $2.20
m0nTTu leaves the table
equilibrium_tv: folds 
Uncalled bet ($1.20) returned to nikalas22
nikalas22 collected $2 from pot
nikalas22: doesn't show hand 
*** SUMMARY ***
Total pot $2 | Rake $0 
Seat 1: Rikardas777
Seat 2: m0nTTu
Seat 3: rao999
Seat 4: equilibrium_tv (big blind) folded before Flop
Seat 6: nikalas22 (button) (small blind) collected ($2)



PokerStars Hand #254775246950:  Hold'em No Limit ($0.50/$1.00 USD) - 2025/02/08 0:06:59 WET [2025/02/08 19:06:59 ET]
Table 'Lancelot II' 6-max Seat #4 is the button
Seat 1: Rikardas777 ($0.21 in chips) is sitting out
Seat 3: rao999 ($128.03 in chips) is sitting out
Seat 4: equilibrium_tv ($32.29 in chips) 
Seat 6: nikalas22 ($106.93 in chips) 
equilibrium_tv: posts small blind $0.50
nikalas22: posts big blind $1
*** HOLE CARDS ***
equilibrium_tv: raises $1 to $2
nikalas22: folds 
Uncalled bet ($1) returned to equilibrium_tv
equilibrium_tv collected $2 from pot
*** SUMMARY ***
Total pot $2 | Rake $0 
Seat 1: Rikardas777
Seat 3: rao999
Seat 4: equilibrium_tv (button) (small blind) collected ($2)
Seat 6: nikalas22 (big blind) folded before Flop



