PokerStars Hand #254777104216:  Hold'em No Limit ($0.50/$1.00 USD) - 2025/02/08 2:06:40 WET [2025/02/08 21:06:40 ET]
Table 'Fragaria II' 6-max Seat #6 is the button
Seat 1: avlee1 ($105.25 in chips) 
Seat 2: skars07 ($100 in chips) 
Seat 3: equilibrium_tv ($38.50 in chips) 
Seat 4: andutu34 ($108.28 in chips) 
Seat 5: Supermegopro ($100 in chips) 
Seat 6: CARRI110798 ($58.39 in chips) 
avlee1: posts small blind $0.50
skars07: posts big blind $1
*** HOLE CARDS ***
equilibrium_tv: folds 
andutu34: folds 
Supermegopro: folds 
CARRI110798: folds 
avlee1: folds 
Uncalled bet ($0.50) returned to skars07
skars07 collected $1 from pot
skars07: doesn't show hand 
*** SUMMARY ***
Total pot $1 | Rake $0 
Seat 1: avlee1 (small blind) folded before Flop
Seat 2: skars07 (big blind) collected ($1)
Seat 3: equilibrium_tv folded before Flop (didn't bet)
Seat 4: andutu34 folded before Flop (didn't bet)
Seat 5: Supermegopro folded before Flop (didn't bet)
Seat 6: CARRI110798 (button) folded before Flop (didn't bet)



PokerStars Hand #254777106511:  Hold'em No Limit ($0.50/$1.00 USD) - 2025/02/08 2:06:53 WET [2025/02/08 21:06:53 ET]
Table 'Fragaria II' 6-max Seat #1 is the button
Seat 1: avlee1 ($104.75 in chips) 
Seat 2: skars07 ($100.50 in chips) 
Seat 3: equilibrium_tv ($38.50 in chips) 
Seat 4: andutu34 ($108.28 in chips) 
Seat 5: Supermegopro ($100 in chips) 
Seat 6: CARRI110798 ($58.39 in chips) 
skars07: posts small blind $0.50
equilibrium_tv: posts big blind $1
*** HOLE CARDS ***
andutu34: raises $1 to $2
Supermegopro: folds 
CARRI110798: folds 
avlee1: folds 
skars07: folds 
equilibrium_tv: folds 
Uncalled bet ($1) returned to andutu34
andutu34 collected $2.50 from pot
andutu34: doesn't show hand 
*** SUMMARY ***
Total pot $2.50 | Rake $0 
Seat 1: avlee1 (button) folded before Flop (didn't bet)
Seat 2: skars07 (small blind) folded before Flop
Seat 3: equilibrium_tv (big blind) folded before Flop
Seat 4: andutu34 collected ($2.50)
Seat 5: Supermegopro folded before Flop (didn't bet)
Seat 6: CARRI110798 folded before Flop (didn't bet)



PokerStars Hand #254777108679:  Hold'em No Limit ($0.50/$1.00 USD) - 2025/02/08 2:07:06 WET [2025/02/08 21:07:06 ET]
Table 'Fragaria II' 6-max Seat #2 is the button
Seat 1: avlee1 ($104.75 in chips) 
Seat 2: skars07 ($100 in chips) 
Seat 3: equilibrium_tv ($37.50 in chips) 
Seat 4: andutu34 ($109.78 in chips) 
Seat 5: Supermegopro ($100 in chips) 
Seat 6: CARRI110798 ($58.39 in chips) 
equilibrium_tv: posts small blind $0.50
andutu34: posts big blind $1
*** HOLE CARDS ***
Supermegopro: raises $1.50 to $2.50
CARRI110798: folds 
avlee1: folds 
skars07: folds 
equilibrium_tv: folds 
andutu34: folds 
Uncalled bet ($1.50) returned to Supermegopro
Supermegopro collected $2.50 from pot
Supermegopro: doesn't show hand 
*** SUMMARY ***
Total pot $2.50 | Rake $0 
Seat 1: avlee1 folded before Flop (didn't bet)
Seat 2: skars07 (button) folded before Flop (didn't bet)
Seat 3: equilibrium_tv (small blind) folded before Flop
Seat 4: andutu34 (big blind) folded before Flop
Seat 5: Supermegopro collected ($2.50)
Seat 6: CARRI110798 folded before Flop (didn't bet)



PokerStars Hand #254777111043:  Hold'em No Limit ($0.50/$1.00 USD) - 2025/02/08 2:07:21 WET [2025/02/08 21:07:21 ET]
Table 'Fragaria II' 6-max Seat #3 is the button
Seat 1: avlee1 ($104.75 in chips) 
Seat 2: skars07 ($100 in chips) 
Seat 3: equilibrium_tv ($37 in chips) 
Seat 4: andutu34 ($108.78 in chips) 
Seat 5: Supermegopro ($101.50 in chips) 
Seat 6: CARRI110798 ($58.39 in chips) 
andutu34: posts small blind $0.50
Supermegopro: posts big blind $1
*** HOLE CARDS ***
CARRI110798: folds 
avlee1: folds 
skars07: folds 
equilibrium_tv: folds 
andutu34: folds 
Uncalled bet ($0.50) returned to Supermegopro
Supermegopro collected $1 from pot
Supermegopro: doesn't show hand 
*** SUMMARY ***
Total pot $1 | Rake $0 
Seat 1: avlee1 folded before Flop (didn't bet)
Seat 2: skars07 folded before Flop (didn't bet)
Seat 3: equilibrium_tv (button) folded before Flop (didn't bet)
Seat 4: andutu34 (small blind) folded before Flop
Seat 5: Supermegopro (big blind) collected ($1)
Seat 6: CARRI110798 folded before Flop (didn't bet)



PokerStars Hand #254777112958:  Hold'em No Limit ($0.50/$1.00 USD) - 2025/02/08 2:07:33 WET [2025/02/08 21:07:33 ET]
Table 'Fragaria II' 6-max Seat #4 is the button
Seat 1: avlee1 ($104.75 in chips) 
Seat 2: skars07 ($100 in chips) 
Seat 3: equilibrium_tv ($37 in chips) 
Seat 4: andutu34 ($108.28 in chips) 
Seat 5: Supermegopro ($102 in chips) 
Seat 6: CARRI110798 ($58.39 in chips) 
Supermegopro: posts small blind $0.50
CARRI110798: posts big blind $1
*** HOLE CARDS ***
avlee1: folds 
skars07: raises $1.50 to $2.50
equilibrium_tv: raises $3.50 to $6
andutu34: folds 
Supermegopro: folds 
CARRI110798: folds 
skars07: folds 
Uncalled bet ($3.50) returned to equilibrium_tv
equilibrium_tv collected $6.50 from pot
*** SUMMARY ***
Total pot $6.50 | Rake $0 
Seat 1: avlee1 folded before Flop (didn't bet)
Seat 2: skars07 folded before Flop
Seat 3: equilibrium_tv collected ($6.50)
Seat 4: andutu34 (button) folded before Flop (didn't bet)
Seat 5: Supermegopro (small blind) folded before Flop
Seat 6: CARRI110798 (big blind) folded before Flop



PokerStars Hand #254777117309:  Hold'em No Limit ($0.50/$1.00 USD) - 2025/02/08 2:07:59 WET [2025/02/08 21:07:59 ET]
Table 'Fragaria II' 6-max Seat #5 is the button
Seat 1: avlee1 ($104.75 in chips) 
Seat 2: skars07 ($100 in chips) 
Seat 3: equilibrium_tv ($41 in chips) 
Seat 4: andutu34 ($108.28 in chips) 
Seat 5: Supermegopro ($101.50 in chips) 
Seat 6: CARRI110798 ($57.39 in chips) 
CARRI110798: posts small blind $0.50
avlee1: posts big blind $1
*** HOLE CARDS ***
skars07: folds 
equilibrium_tv: folds 
andutu34: folds 
Supermegopro: folds 
CARRI110798: calls $0.50
avlee1: raises $4 to $5
CARRI110798: folds 
Uncalled bet ($4) returned to avlee1
avlee1 collected $2 from pot
avlee1: doesn't show hand 
*** SUMMARY ***
Total pot $2 | Rake $0 
Seat 1: avlee1 (big blind) collected ($2)
Seat 2: skars07 folded before Flop (didn't bet)
Seat 3: equilibrium_tv folded before Flop (didn't bet)
Seat 4: andutu34 folded before Flop (didn't bet)
Seat 5: Supermegopro (button) folded before Flop (didn't bet)
Seat 6: CARRI110798 (small blind) folded before Flop



PokerStars Hand #254777121642:  Hold'em No Limit ($0.50/$1.00 USD) - 2025/02/08 2:08:25 WET [2025/02/08 21:08:25 ET]
Table 'Fragaria II' 6-max Seat #6 is the button
Seat 1: avlee1 ($105.75 in chips) 
Seat 2: skars07 ($100 in chips) 
Seat 3: equilibrium_tv ($41 in chips) 
Seat 4: andutu34 ($108.28 in chips) 
Seat 5: Supermegopro ($101.50 in chips) 
Seat 6: CARRI110798 ($56.39 in chips) 
avlee1: posts small blind $0.50
skars07: posts big blind $1
*** HOLE CARDS ***
equilibrium_tv: folds 
andutu34: folds 
Supermegopro: folds 
CARRI110798: calls $1
avlee1: calls $0.50
skars07: checks 
*** FLOP *** [4d 5c 7h]
avlee1: checks 
skars07: checks 
CARRI110798: checks 
*** TURN *** [4d 5c 7h] [Qs]
avlee1: checks 
skars07: checks 
CARRI110798: checks 
*** RIVER *** [4d 5c 7h Qs] [8c]
avlee1: checks 
skars07: checks 
CARRI110798: bets $2.85
avlee1: calls $2.85
skars07: folds 
*** SHOW DOWN ***
CARRI110798: shows [8d 5d] (two pair, Eights and Fives)
avlee1: mucks hand 
CARRI110798 collected $8.26 from pot
*** SUMMARY ***
Total pot $8.70 | Rake $0.44 
Board [4d 5c 7h Qs 8c]
Seat 1: avlee1 (small blind) mucked
Seat 2: skars07 (big blind) folded on the River
Seat 3: equilibrium_tv folded before Flop (didn't bet)
Seat 4: andutu34 folded before Flop (didn't bet)
Seat 5: Supermegopro folded before Flop (didn't bet)
Seat 6: CARRI110798 (button) showed [8d 5d] and won ($8.26) with two pair, Eights and Fives



PokerStars Hand #254777133879:  Hold'em No Limit ($0.50/$1.00 USD) - 2025/02/08 2:09:38 WET [2025/02/08 21:09:38 ET]
Table 'Fragaria II' 6-max Seat #1 is the button
Seat 1: avlee1 ($101.90 in chips) 
Seat 2: skars07 ($100 in chips) 
Seat 3: equilibrium_tv ($41 in chips) 
Seat 4: andutu34 ($108.28 in chips) 
Seat 5: Supermegopro ($101.50 in chips) 
Seat 6: CARRI110798 ($60.80 in chips) 
skars07: posts small blind $0.50
equilibrium_tv: posts big blind $1
*** HOLE CARDS ***
andutu34: folds 
Supermegopro: raises $1.50 to $2.50
CARRI110798: folds 
avlee1: raises $5.50 to $8
skars07: folds 
equilibrium_tv: folds 
Supermegopro: calls $5.50
*** FLOP *** [7s 6c 4c]
Supermegopro: checks 
avlee1: checks 
*** TURN *** [7s 6c 4c] [Jc]
Supermegopro: bets $11.08
avlee1: calls $11.08
*** RIVER *** [7s 6c 4c Jc] [9h]
Supermegopro: bets $12.43
avlee1: calls $12.43
*** SHOW DOWN ***
Supermegopro: shows [Ah Jh] (a pair of Jacks)
avlee1: shows [Jd Ad] (a pair of Jacks)
Supermegopro collected $31.01 from pot
avlee1 collected $31.01 from pot
*** SUMMARY ***
Total pot $64.52 | Rake $2.50 
Board [7s 6c 4c Jc 9h]
Seat 1: avlee1 (button) showed [Jd Ad] and won ($31.01) with a pair of Jacks
Seat 2: skars07 (small blind) folded before Flop
Seat 3: equilibrium_tv (big blind) folded before Flop
Seat 4: andutu34 folded before Flop (didn't bet)
Seat 5: Supermegopro showed [Ah Jh] and won ($31.01) with a pair of Jacks
Seat 6: CARRI110798 folded before Flop (didn't bet)



PokerStars Hand #254777143710:  Hold'em No Limit ($0.50/$1.00 USD) - 2025/02/08 2:10:36 WET [2025/02/08 21:10:36 ET]
Table 'Fragaria II' 6-max Seat #2 is the button
Seat 4: andutu34 ($108.28 in chips) is sitting out
Seat 1: avlee1 ($101.40 in chips) 
Seat 2: skars07 ($100 in chips) 
Seat 3: equilibrium_tv ($40 in chips) 
Seat 5: Supermegopro ($101 in chips) 
Seat 6: CARRI110798 ($60.80 in chips) 
equilibrium_tv: posts small blind $0.50
andutu34: is sitting out 
Supermegopro: posts big blind $1
*** HOLE CARDS ***
CARRI110798: raises $1 to $2
avlee1: folds 
skars07: folds 
equilibrium_tv: raises $6 to $8
Supermegopro: folds 
CARRI110798: calls $6
*** FLOP *** [5s Qh 9d]
equilibrium_tv: checks 
CARRI110798: bets $4.08
equilibrium_tv: calls $4.08
*** TURN *** [5s Qh 9d] [Jc]
equilibrium_tv: checks 
CARRI110798: bets $11.95
equilibrium_tv: raises $15.97 to $27.92 and is all-in
CARRI110798: calls $15.97
*** RIVER *** [5s Qh 9d Jc] [6c]
*** SHOW DOWN ***
equilibrium_tv: shows [Qd Ah] (a pair of Queens)
CARRI110798: shows [9h 9c] (three of a kind, Nines)
CARRI110798 collected $78.50 from pot
*** SUMMARY ***
Total pot $81 | Rake $2.50 
Board [5s Qh 9d Jc 6c]
Seat 4: andutu34
Seat 1: avlee1 folded before Flop (didn't bet)
Seat 2: skars07 (button) folded before Flop (didn't bet)
Seat 3: equilibrium_tv (small blind) showed [Qd Ah] and lost with a pair of Queens
Seat 5: Supermegopro (big blind) folded before Flop
Seat 6: CARRI110798 showed [9h 9c] and won ($78.50) with three of a kind, Nines



PokerStars Hand #254777151938:  Hold'em No Limit ($0.50/$1.00 USD) - 2025/02/08 2:11:26 WET [2025/02/08 21:11:26 ET]
Table 'Fragaria II' 6-max Seat #3 is the button
Seat 4: andutu34 ($108.28 in chips) is sitting out
Seat 1: avlee1 ($101.40 in chips) 
Seat 2: skars07 ($100 in chips) 
Seat 3: equilibrium_tv ($40 in chips) 
Seat 5: Supermegopro ($100 in chips) 
Seat 6: CARRI110798 ($99.30 in chips) 
Supermegopro: posts small blind $0.50
CARRI110798: posts big blind $1
*** HOLE CARDS ***
avlee1: folds 
skars07: folds 
equilibrium_tv: folds 
Supermegopro: folds 
Uncalled bet ($0.50) returned to CARRI110798
CARRI110798 collected $1 from pot
*** SUMMARY ***
Total pot $1 | Rake $0 
Seat 4: andutu34
Seat 1: avlee1 folded before Flop (didn't bet)
Seat 2: skars07 folded before Flop (didn't bet)
Seat 3: equilibrium_tv (button) folded before Flop (didn't bet)
Seat 5: Supermegopro (small blind) folded before Flop
Seat 6: CARRI110798 (big blind) collected ($1)



PokerStars Hand #254777153874:  Hold'em No Limit ($0.50/$1.00 USD) - 2025/02/08 2:11:38 WET [2025/02/08 21:11:38 ET]
Table 'Fragaria II' 6-max Seat #5 is the button
Seat 4: andutu34 ($108.28 in chips) is sitting out
Seat 1: avlee1 ($101.40 in chips) 
Seat 2: skars07 ($100 in chips) 
Seat 3: equilibrium_tv ($40 in chips) 
Seat 5: Supermegopro ($100 in chips) 
Seat 6: CARRI110798 ($99.80 in chips) 
CARRI110798: posts small blind $0.50
avlee1: posts big blind $1
*** HOLE CARDS ***
skars07: folds 
equilibrium_tv: folds 
Supermegopro: folds 
CARRI110798: calls $0.50
avlee1: raises $5 to $6
CARRI110798: folds 
Uncalled bet ($5) returned to avlee1
avlee1 collected $2 from pot
avlee1: doesn't show hand 
*** SUMMARY ***
Total pot $2 | Rake $0 
Seat 4: andutu34
Seat 1: avlee1 (big blind) collected ($2)
Seat 2: skars07 folded before Flop (didn't bet)
Seat 3: equilibrium_tv folded before Flop (didn't bet)
Seat 5: Supermegopro (button) folded before Flop (didn't bet)
Seat 6: CARRI110798 (small blind) folded before Flop



PokerStars Hand #254777156282:  Hold'em No Limit ($0.50/$1.00 USD) - 2025/02/08 2:11:52 WET [2025/02/08 21:11:52 ET]
Table 'Fragaria II' 6-max Seat #6 is the button
Seat 4: andutu34 ($108.28 in chips) is sitting out
Seat 1: avlee1 ($102.40 in chips) 
Seat 2: skars07 ($100 in chips) 
Seat 3: equilibrium_tv ($40 in chips) 
Seat 5: Supermegopro ($100 in chips) 
Seat 6: CARRI110798 ($98.80 in chips) 
avlee1: posts small blind $0.50
skars07: posts big blind $1
*** HOLE CARDS ***
equilibrium_tv: folds 
Supermegopro: folds 
CARRI110798: raises $1 to $2
avlee1: folds 
skars07: calls $1
*** FLOP *** [9s 3c Td]
skars07: checks 
CARRI110798: bets $3.14
equilibrium_tv leaves the table
skars07: folds 
Uncalled bet ($3.14) returned to CARRI110798
CARRI110798 collected $4.28 from pot
*** SUMMARY ***
Total pot $4.50 | Rake $0.22 
Board [9s 3c Td]
Seat 4: andutu34
Seat 1: avlee1 (small blind) folded before Flop
Seat 2: skars07 (big blind) folded on the Flop
Seat 3: equilibrium_tv folded before Flop (didn't bet)
Seat 5: Supermegopro folded before Flop (didn't bet)
Seat 6: CARRI110798 (button) collected ($4.28)



PokerStars Hand #254777160948:  Hold'em No Limit ($0.50/$1.00 USD) - 2025/02/08 2:12:20 WET [2025/02/08 21:12:20 ET]
Table 'Fragaria II' 6-max Seat #1 is the button
Seat 4: andutu34 ($108.28 in chips) is sitting out
Seat 1: avlee1 ($101.90 in chips) 
Seat 2: skars07 ($100 in chips) 
Seat 5: Supermegopro ($100 in chips) 
Seat 6: CARRI110798 ($101.08 in chips) 
skars07: posts small blind $0.50
Supermegopro: posts big blind $1
*** HOLE CARDS ***
CARRI110798: raises $2 to $3
avlee1: raises $6 to $9
skars07: folds 
Supermegopro: folds 
CARRI110798: calls $6
*** FLOP *** [8s Qd 5h]
CARRI110798: checks 
avlee1: bets $5.19
CARRI110798: folds 
Uncalled bet ($5.19) returned to avlee1
avlee1 collected $18.52 from pot
avlee1: doesn't show hand 
*** SUMMARY ***
Total pot $19.50 | Rake $0.98 
Board [8s Qd 5h]
Seat 4: andutu34
Seat 1: avlee1 (button) collected ($18.52)
Seat 2: skars07 (small blind) folded before Flop
Seat 5: Supermegopro (big blind) folded before Flop
Seat 6: CARRI110798 folded on the Flop



PokerStars Hand #254777166614:  Hold'em No Limit ($0.50/$1.00 USD) - 2025/02/08 2:12:54 WET [2025/02/08 21:12:54 ET]
Table 'Fragaria II' 6-max Seat #2 is the button
Seat 4: andutu34 ($108.28 in chips) is sitting out
Seat 1: avlee1 ($111.42 in chips) 
Seat 2: skars07 ($100 in chips) 
Seat 5: Supermegopro ($100 in chips) 
Seat 6: CARRI110798 ($92.08 in chips) 
Supermegopro: posts small blind $0.50
CARRI110798: posts big blind $1
*** HOLE CARDS ***
avlee1: raises $1.50 to $2.50
skars07: raises $5.50 to $8
Supermegopro: folds 
CARRI110798: folds 
avlee1: folds 
Uncalled bet ($5.50) returned to skars07
skars07 collected $6.50 from pot
skars07: doesn't show hand 
*** SUMMARY ***
Total pot $6.50 | Rake $0 
Seat 4: andutu34
Seat 1: avlee1 folded before Flop
Seat 2: skars07 (button) collected ($6.50)
Seat 5: Supermegopro (small blind) folded before Flop
Seat 6: CARRI110798 (big blind) folded before Flop



PokerStars Hand #254777170867:  Hold'em No Limit ($0.50/$1.00 USD) - 2025/02/08 2:13:20 WET [2025/02/08 21:13:20 ET]
Table 'Fragaria II' 6-max Seat #5 is the button
Seat 1: avlee1 ($108.92 in chips) is sitting out
Seat 4: andutu34 ($108.28 in chips) is sitting out
Seat 2: skars07 ($104 in chips) 
Seat 5: Supermegopro ($100 in chips) 
Seat 6: CARRI110798 ($91.08 in chips) 
CARRI110798: posts small blind $0.50
avlee1: is sitting out 
skars07: posts big blind $1
*** HOLE CARDS ***
avlee1 leaves the table
Supermegopro: folds 
CARRI110798: calls $0.50
m0nTTu joins the table at seat #3 
skars07: raises $3 to $4
CARRI110798: calls $3
*** FLOP *** [4s 3d 4c]
CARRI110798: checks 
skars07: bets $3.80
CARRI110798: folds 
Uncalled bet ($3.80) returned to skars07
skars07 collected $7.60 from pot
skars07: doesn't show hand 
*** SUMMARY ***
Total pot $8 | Rake $0.40 
Board [4s 3d 4c]
Seat 1: avlee1
Seat 4: andutu34
Seat 2: skars07 (big blind) collected ($7.60)
Seat 5: Supermegopro (button) folded before Flop (didn't bet)
Seat 6: CARRI110798 (small blind) folded on the Flop



PokerStars Hand #254777176410:  Hold'em No Limit ($0.50/$1.00 USD) - 2025/02/08 2:13:54 WET [2025/02/08 21:13:54 ET]
Table 'Fragaria II' 6-max Seat #6 is the button
Seat 4: andutu34 ($108.28 in chips) is sitting out
Seat 2: skars07 ($107.60 in chips) 
Seat 3: m0nTTu ($80 in chips) 
Seat 5: Supermegopro ($100 in chips) 
Seat 6: CARRI110798 ($87.08 in chips) 
skars07: posts small blind $0.50
m0nTTu: posts big blind $1
*** HOLE CARDS ***
Supermegopro: folds 
CARRI110798: folds 
skars07: folds 
Uncalled bet ($0.50) returned to m0nTTu
m0nTTu collected $1 from pot
m0nTTu: doesn't show hand 
*** SUMMARY ***
Total pot $1 | Rake $0 
Seat 4: andutu34
Seat 2: skars07 (small blind) folded before Flop
Seat 3: m0nTTu (big blind) collected ($1)
Seat 5: Supermegopro folded before Flop (didn't bet)
Seat 6: CARRI110798 (button) folded before Flop (didn't bet)



PokerStars Hand #254777178254:  Hold'em No Limit ($0.50/$1.00 USD) - 2025/02/08 2:14:05 WET [2025/02/08 21:14:05 ET]
Table 'Fragaria II' 6-max Seat #2 is the button
Seat 4: andutu34 ($108.28 in chips) is sitting out
Seat 2: skars07 ($107.10 in chips) 
Seat 3: m0nTTu ($80.50 in chips) 
Seat 5: Supermegopro ($100 in chips) 
Seat 6: CARRI110798 ($87.08 in chips) 
m0nTTu: posts small blind $0.50
Supermegopro: posts big blind $1
*** HOLE CARDS ***
CARRI110798: calls $1
skars07: folds 
m0nTTu: folds 
Supermegopro: checks 
*** FLOP *** [Tc Qs 2s]
Supermegopro: checks 
CARRI110798: checks 
*** TURN *** [Tc Qs 2s] [6d]
Supermegopro: checks 
CARRI110798: checks 
*** RIVER *** [Tc Qs 2s 6d] [6c]
Supermegopro: bets $1.59
CARRI110798: calls $1.59
*** SHOW DOWN ***
Supermegopro: shows [7h Kh] (a pair of Sixes)
CARRI110798: shows [2c Ah] (two pair, Sixes and Deuces)
CARRI110798 collected $5.40 from pot
*** SUMMARY ***
Total pot $5.68 | Rake $0.28 
Board [Tc Qs 2s 6d 6c]
Seat 4: andutu34
Seat 2: skars07 (button) folded before Flop (didn't bet)
Seat 3: m0nTTu (small blind) folded before Flop
Seat 5: Supermegopro (big blind) showed [7h Kh] and lost with a pair of Sixes
Seat 6: CARRI110798 showed [2c Ah] and won ($5.40) with two pair, Sixes and Deuces



PokerStars Hand #254777183850:  Hold'em No Limit ($0.50/$1.00 USD) - 2025/02/08 2:14:39 WET [2025/02/08 21:14:39 ET]
Table 'Fragaria II' 6-max Seat #3 is the button
Seat 4: andutu34 ($108.28 in chips) is sitting out
Seat 2: skars07 ($107.10 in chips) 
Seat 3: m0nTTu ($100 in chips) 
Seat 5: Supermegopro ($100 in chips) 
Seat 6: CARRI110798 ($89.89 in chips) 
Supermegopro: posts small blind $0.50
CARRI110798: posts big blind $1
*** HOLE CARDS ***
skars07: folds 
LuckyShikari joins the table at seat #1 
m0nTTu: raises $1.50 to $2.50
Supermegopro: folds 
CARRI110798: calls $1.50
*** FLOP *** [6s 4s As]
CARRI110798: checks 
m0nTTu: bets $1
CARRI110798: folds 
Uncalled bet ($1) returned to m0nTTu
m0nTTu collected $5.22 from pot
m0nTTu: doesn't show hand 
*** SUMMARY ***
Total pot $5.50 | Rake $0.28 
Board [6s 4s As]
Seat 4: andutu34
Seat 2: skars07 folded before Flop (didn't bet)
Seat 3: m0nTTu (button) collected ($5.22)
Seat 5: Supermegopro (small blind) folded before Flop
Seat 6: CARRI110798 (big blind) folded on the Flop



PokerStars Hand #254777187935:  Hold'em No Limit ($0.50/$1.00 USD) - 2025/02/08 2:15:04 WET [2025/02/08 21:15:04 ET]
Table 'Fragaria II' 6-max Seat #5 is the button
Seat 4: andutu34 ($108.28 in chips) is sitting out
Seat 1: LuckyShikari ($100 in chips) 
Seat 2: skars07 ($107.10 in chips) 
Seat 3: m0nTTu ($102.72 in chips) 
Seat 5: Supermegopro ($100 in chips) 
Seat 6: CARRI110798 ($87.39 in chips) 
CARRI110798: posts small blind $0.50
LuckyShikari: posts big blind $1
*** HOLE CARDS ***
skars07: raises $1.50 to $2.50
m0nTTu: folds 
Supermegopro: folds 
CARRI110798: folds 
LuckyShikari: calls $1.50
*** FLOP *** [Ac 7c Qc]
LuckyShikari: checks 
skars07: bets $1.72
LuckyShikari: calls $1.72
*** TURN *** [Ac 7c Qc] [Js]
LuckyShikari: checks 
skars07: checks 
*** RIVER *** [Ac 7c Qc Js] [2d]
LuckyShikari: checks 
skars07: bets $6.37
LuckyShikari: calls $6.37
*** SHOW DOWN ***
skars07: shows [Jc Ad] (two pair, Aces and Jacks)
LuckyShikari: mucks hand 
skars07 collected $20.60 from pot
*** SUMMARY ***
Total pot $21.68 | Rake $1.08 
Board [Ac 7c Qc Js 2d]
Seat 4: andutu34
Seat 1: LuckyShikari (big blind) mucked
Seat 2: skars07 showed [Jc Ad] and won ($20.60) with two pair, Aces and Jacks
Seat 3: m0nTTu folded before Flop (didn't bet)
Seat 5: Supermegopro (button) folded before Flop (didn't bet)
Seat 6: CARRI110798 (small blind) folded before Flop



PokerStars Hand #254777200840:  Hold'em No Limit ($0.50/$1.00 USD) - 2025/02/08 2:16:23 WET [2025/02/08 21:16:23 ET]
Table 'Fragaria II' 6-max Seat #6 is the button
Seat 4: andutu34 ($108.28 in chips) is sitting out
Seat 1: LuckyShikari ($100 in chips) 
Seat 2: skars07 ($117.11 in chips) 
Seat 3: m0nTTu ($102.72 in chips) 
Seat 5: Supermegopro ($100 in chips) 
Seat 6: CARRI110798 ($86.89 in chips) 
LuckyShikari: posts small blind $0.50
skars07: posts big blind $1
*** HOLE CARDS ***
m0nTTu: folds 
Supermegopro: folds 
CARRI110798: folds 
LuckyShikari: raises $1.50 to $2.50
skars07: raises $5.50 to $8
LuckyShikari: raises $16 to $24
skars07: folds 
Uncalled bet ($16) returned to LuckyShikari
LuckyShikari collected $16 from pot
LuckyShikari: doesn't show hand 
*** SUMMARY ***
Total pot $16 | Rake $0 
Seat 4: andutu34
Seat 1: LuckyShikari (small blind) collected ($16)
Seat 2: skars07 (big blind) folded before Flop
Seat 3: m0nTTu folded before Flop (didn't bet)
Seat 5: Supermegopro folded before Flop (didn't bet)
Seat 6: CARRI110798 (button) folded before Flop (didn't bet)



PokerStars Hand #254777205979:  Hold'em No Limit ($0.50/$1.00 USD) - 2025/02/08 2:16:56 WET [2025/02/08 21:16:56 ET]
Table 'Fragaria II' 6-max Seat #1 is the button
Seat 3: m0nTTu ($102.72 in chips) is sitting out
Seat 4: andutu34 ($108.28 in chips) is sitting out
Seat 1: LuckyShikari ($108 in chips) 
Seat 2: skars07 ($109.11 in chips) 
Seat 5: Supermegopro ($100 in chips) 
Seat 6: CARRI110798 ($86.89 in chips) 
skars07: posts small blind $0.50
m0nTTu: is sitting out 
Supermegopro: posts big blind $1
*** HOLE CARDS ***
m0nTTu leaves the table
CARRI110798: calls $1
LuckyShikari: folds 
skars07: folds 
Supermegopro: checks 
*** FLOP *** [4h Qs Ad]
Supermegopro: checks 
CARRI110798: checks 
*** TURN *** [4h Qs Ad] [Kd]
Supermegopro: checks 
CARRI110798: checks 
*** RIVER *** [4h Qs Ad Kd] [Ah]
Supermegopro: checks 
CARRI110798: checks 
*** SHOW DOWN ***
Supermegopro: shows [Tc 3h] (a pair of Aces)
CARRI110798: shows [Js 8s] (a pair of Aces - King+Queen+Jack kicker)
CARRI110798 collected $2.38 from pot
andutu34 leaves the table
*** SUMMARY ***
Total pot $2.50 | Rake $0.12 
Board [4h Qs Ad Kd Ah]
Seat 3: m0nTTu
Seat 4: andutu34
Seat 1: LuckyShikari (button) folded before Flop (didn't bet)
Seat 2: skars07 (small blind) folded before Flop
Seat 5: Supermegopro (big blind) showed [Tc 3h] and lost with a pair of Aces
Seat 6: CARRI110798 showed [Js 8s] and won ($2.38) with a pair of Aces



PokerStars Hand #254777209706:  Hold'em No Limit ($0.50/$1.00 USD) - 2025/02/08 2:17:19 WET [2025/02/08 21:17:19 ET]
Table 'Fragaria II' 6-max Seat #2 is the button
Seat 1: LuckyShikari ($108 in chips) 
Seat 2: skars07 ($108.61 in chips) 
Seat 5: Supermegopro ($100 in chips) 
Seat 6: CARRI110798 ($88.27 in chips) 
Supermegopro: posts small blind $0.50
CARRI110798: posts big blind $1
*** HOLE CARDS ***
XneferX joins the table at seat #3 
LuckyShikari: folds 
skars07: folds 
Supermegopro: raises $1.50 to $2.50
CARRI110798: raises $3.50 to $6
Supermegopro: calls $3.50
*** FLOP *** [Jc Qc 8s]
Supermegopro: checks 
CARRI110798: bets $5.70
Supermegopro: folds 
Uncalled bet ($5.70) returned to CARRI110798
CARRI110798 collected $11.40 from pot
*** SUMMARY ***
Total pot $12 | Rake $0.60 
Board [Jc Qc 8s]
Seat 1: LuckyShikari folded before Flop (didn't bet)
Seat 2: skars07 (button) folded before Flop (didn't bet)
Seat 5: Supermegopro (small blind) folded on the Flop
Seat 6: CARRI110798 (big blind) collected ($11.40)



PokerStars Hand #254777214564:  Hold'em No Limit ($0.50/$1.00 USD) - 2025/02/08 2:17:49 WET [2025/02/08 21:17:49 ET]
Table 'Fragaria II' 6-max Seat #5 is the button
Seat 3: XneferX ($100 in chips) is sitting out
Seat 1: LuckyShikari ($108 in chips) 
Seat 2: skars07 ($108.61 in chips) 
Seat 5: Supermegopro ($100 in chips) 
Seat 6: CARRI110798 ($93.67 in chips) 
CARRI110798: posts small blind $0.50
LuckyShikari: posts big blind $1
XneferX: sits out 
*** HOLE CARDS ***
skars07: folds 
Supermegopro: raises $1.50 to $2.50
CARRI110798: calls $2
LuckyShikari: raises $10 to $12.50
Supermegopro: folds 
CARRI110798: calls $10
*** FLOP *** [2h Qh 7s]
CARRI110798: bets $13.25
LuckyShikari: calls $13.25
*** TURN *** [2h Qh 7s] [8s]
CARRI110798: bets $26.50
LuckyShikari: calls $26.50
*** RIVER *** [2h Qh 7s 8s] [4s]
CARRI110798: bets $41.42 and is all-in
LuckyShikari: folds 
Uncalled bet ($41.42) returned to CARRI110798
CARRI110798 collected $106 from pot
*** SUMMARY ***
Total pot $107 | Rake $1 
Board [2h Qh 7s 8s 4s]
Seat 3: XneferX
Seat 1: LuckyShikari (big blind) folded on the River
Seat 2: skars07 folded before Flop (didn't bet)
Seat 5: Supermegopro (button) folded before Flop
Seat 6: CARRI110798 (small blind) collected ($106)



PokerStars Hand #254777223103:  Hold'em No Limit ($0.50/$1.00 USD) - 2025/02/08 2:18:42 WET [2025/02/08 21:18:42 ET]
Table 'Fragaria II' 6-max Seat #6 is the button
Seat 3: XneferX ($100 in chips) is sitting out
Seat 1: LuckyShikari ($100 in chips) 
Seat 2: skars07 ($108.61 in chips) 
Seat 5: Supermegopro ($100 in chips) 
Seat 6: CARRI110798 ($147.42 in chips) 
LuckyShikari: posts small blind $0.50
skars07: posts big blind $1
XneferX: sits out 
*** HOLE CARDS ***
Supermegopro: folds 
CARRI110798: calls $1
LuckyShikari: raises $11 to $12
G.Andrei95 joins the table at seat #4 
skars07: folds 
CARRI110798: calls $11
*** FLOP *** [8d 3d 9s]
LuckyShikari: bets $12
CARRI110798: folds 
Uncalled bet ($12) returned to LuckyShikari
LuckyShikari collected $24 from pot
LuckyShikari: doesn't show hand 
*** SUMMARY ***
Total pot $25 | Rake $1 
Board [8d 3d 9s]
Seat 3: XneferX
Seat 1: LuckyShikari (small blind) collected ($24)
Seat 2: skars07 (big blind) folded before Flop
Seat 5: Supermegopro folded before Flop (didn't bet)
Seat 6: CARRI110798 (button) folded on the Flop



PokerStars Hand #254777226529:  Hold'em No Limit ($0.50/$1.00 USD) - 2025/02/08 2:19:03 WET [2025/02/08 21:19:03 ET]
Table 'Fragaria II' 6-max Seat #1 is the button
Seat 4: G.Andrei95 ($100 in chips) is sitting out
Seat 1: LuckyShikari ($112 in chips) 
Seat 2: skars07 ($107.61 in chips) 
Seat 3: XneferX ($100 in chips) 
Seat 5: Supermegopro ($100 in chips) 
Seat 6: CARRI110798 ($135.42 in chips) 
skars07: posts small blind $0.50
XneferX: posts big blind $1
G.Andrei95: sits out 
*** HOLE CARDS ***
Supermegopro: folds 
CARRI110798: raises $1 to $2
LuckyShikari: raises $10 to $12
skars07: folds 
XneferX: folds 
CARRI110798: calls $10
*** FLOP *** [8c 2d 5h]
XneferX leaves the table
CARRI110798: checks 
LuckyShikari: bets $12
CARRI110798: folds 
Uncalled bet ($12) returned to LuckyShikari
LuckyShikari collected $24.22 from pot
LuckyShikari: doesn't show hand 
*** SUMMARY ***
Total pot $25.50 | Rake $1.28 
Board [8c 2d 5h]
Seat 4: G.Andrei95
Seat 1: LuckyShikari (button) collected ($24.22)
Seat 2: skars07 (small blind) folded before Flop
Seat 3: XneferX (big blind) folded before Flop
Seat 5: Supermegopro folded before Flop (didn't bet)
Seat 6: CARRI110798 folded on the Flop



PokerStars Hand #254777231277:  Hold'em No Limit ($0.50/$1.00 USD) - 2025/02/08 2:19:32 WET [2025/02/08 21:19:32 ET]
Table 'Fragaria II' 6-max Seat #2 is the button
Seat 4: G.Andrei95 ($100 in chips) is sitting out
Seat 1: LuckyShikari ($124.22 in chips) 
Seat 2: skars07 ($107.11 in chips) 
Seat 5: Supermegopro ($100 in chips) 
Seat 6: CARRI110798 ($123.42 in chips) 
Supermegopro: posts small blind $0.50
CARRI110798: posts big blind $1
*** HOLE CARDS ***
LuckyShikari: raises $5 to $6
skars07: folds 
Supermegopro: folds 
CARRI110798: folds 
Uncalled bet ($5) returned to LuckyShikari
LuckyShikari collected $2.50 from pot
LuckyShikari: doesn't show hand 
*** SUMMARY ***
Total pot $2.50 | Rake $0 
Seat 4: G.Andrei95
Seat 1: LuckyShikari collected ($2.50)
Seat 2: skars07 (button) folded before Flop (didn't bet)
Seat 5: Supermegopro (small blind) folded before Flop
Seat 6: CARRI110798 (big blind) folded before Flop



PokerStars Hand #254777234052:  Hold'em No Limit ($0.50/$1.00 USD) - 2025/02/08 2:19:49 WET [2025/02/08 21:19:49 ET]
Table 'Fragaria II' 6-max Seat #5 is the button
Seat 4: G.Andrei95 ($100 in chips) is sitting out
Seat 1: LuckyShikari ($125.72 in chips) 
Seat 2: skars07 ($107.11 in chips) 
Seat 5: Supermegopro ($100 in chips) 
Seat 6: CARRI110798 ($122.42 in chips) 
CARRI110798: posts small blind $0.50
LuckyShikari: posts big blind $1
G.Andrei95: sits out 
*** HOLE CARDS ***
skars07: folds 
Supermegopro: folds 
CARRI110798: raises $1 to $2
LuckyShikari: raises $1 to $3
CARRI110798: raises $1 to $4
LuckyShikari: calls $1
*** FLOP *** [Kd Qs 9s]
CARRI110798: bets $3.80
getjet1952 joins the table at seat #3 
LuckyShikari: folds 
Uncalled bet ($3.80) returned to CARRI110798
CARRI110798 collected $7.60 from pot
*** SUMMARY ***
Total pot $8 | Rake $0.40 
Board [Kd Qs 9s]
Seat 4: G.Andrei95
Seat 1: LuckyShikari (big blind) folded on the Flop
Seat 2: skars07 folded before Flop (didn't bet)
Seat 5: Supermegopro (button) folded before Flop (didn't bet)
Seat 6: CARRI110798 (small blind) collected ($7.60)



PokerStars Hand #254777237474:  Hold'em No Limit ($0.50/$1.00 USD) - 2025/02/08 2:20:11 WET [2025/02/08 21:20:11 ET]
Table 'Fragaria II' 6-max Seat #6 is the button
Seat 4: G.Andrei95 ($100 in chips) is sitting out
Seat 1: LuckyShikari ($121.72 in chips) 
Seat 2: skars07 ($107.11 in chips) 
Seat 3: getjet1952 ($60.45 in chips) 
Seat 5: Supermegopro ($100 in chips) 
Seat 6: CARRI110798 ($126.02 in chips) 
LuckyShikari: posts small blind $0.50
skars07: posts big blind $1
getjet1952: posts big blind $1
G.Andrei95: sits out 
*** HOLE CARDS ***
getjet1952: checks 
Supermegopro: folds 
CARRI110798: folds 
LuckyShikari: calls $0.50
skars07: checks 
*** FLOP *** [5h Ad Jh]
LuckyShikari: checks 
skars07: checks 
getjet1952: checks 
*** TURN *** [5h Ad Jh] [3d]
LuckyShikari: bets $3
skars07: folds 
getjet1952: folds 
Uncalled bet ($3) returned to LuckyShikari
LuckyShikari collected $2.85 from pot
LuckyShikari: doesn't show hand 
*** SUMMARY ***
Total pot $3 | Rake $0.15 
Board [5h Ad Jh 3d]
Seat 4: G.Andrei95
Seat 1: LuckyShikari (small blind) collected ($2.85)
Seat 2: skars07 (big blind) folded on the Turn
Seat 3: getjet1952 folded on the Turn (didn't bet)
Seat 5: Supermegopro folded before Flop (didn't bet)
Seat 6: CARRI110798 (button) folded before Flop (didn't bet)



PokerStars Hand #254777243744:  Hold'em No Limit ($0.50/$1.00 USD) - 2025/02/08 2:20:50 WET [2025/02/08 21:20:50 ET]
Table 'Fragaria II' 6-max Seat #1 is the button
Seat 4: G.Andrei95 ($100 in chips) is sitting out
Seat 5: Supermegopro ($100 in chips) is sitting out
Seat 1: LuckyShikari ($123.57 in chips) 
Seat 2: skars07 ($106.11 in chips) 
Seat 3: getjet1952 ($59.45 in chips) 
Seat 6: CARRI110798 ($126.02 in chips) 
skars07: posts small blind $0.50
getjet1952: posts big blind $1
G.Andrei95: sits out 
*** HOLE CARDS ***
CARRI110798: raises $1 to $2
LuckyShikari: folds 
skars07: raises $9 to $11
getjet1952: folds 
CARRI110798: calls $9
*** FLOP *** [Jh 3h 7s]
skars07: checks 
CARRI110798: bets $11
skars07: calls $11
*** TURN *** [Jh 3h 7s] [8h]
skars07: checks 
CARRI110798: checks 
*** RIVER *** [Jh 3h 7s 8h] [Td]
skars07: checks 
CARRI110798: checks 
*** SHOW DOWN ***
skars07: shows [Kh Kc] (a pair of Kings)
CARRI110798: mucks hand 
skars07 collected $44 from pot
*** SUMMARY ***
Total pot $45 | Rake $1 
Board [Jh 3h 7s 8h Td]
Seat 4: G.Andrei95
Seat 5: Supermegopro
Seat 1: LuckyShikari (button) folded before Flop (didn't bet)
Seat 2: skars07 (small blind) showed [Kh Kc] and won ($44) with a pair of Kings
Seat 3: getjet1952 (big blind) folded before Flop
Seat 6: CARRI110798 mucked



PokerStars Hand #254777251569:  Hold'em No Limit ($0.50/$1.00 USD) - 2025/02/08 2:21:38 WET [2025/02/08 21:21:38 ET]
Table 'Fragaria II' 6-max Seat #2 is the button
Seat 5: Supermegopro ($100 in chips) is sitting out
Seat 1: LuckyShikari ($123.57 in chips) 
Seat 2: skars07 ($128.11 in chips) 
Seat 3: getjet1952 ($58.45 in chips) 
Seat 4: G.Andrei95 ($100 in chips) 
Seat 6: CARRI110798 ($104.02 in chips) 
getjet1952: posts small blind $0.50
G.Andrei95: posts big blind $1
*** HOLE CARDS ***
CARRI110798: calls $1
LuckyShikari: folds 
skars07: folds 
getjet1952: folds 
G.Andrei95: checks 
*** FLOP *** [9d 9h Kc]
G.Andrei95: checks 
CARRI110798: bets $1.19
G.Andrei95: folds 
Uncalled bet ($1.19) returned to CARRI110798
CARRI110798 collected $2.38 from pot
*** SUMMARY ***
Total pot $2.50 | Rake $0.12 
Board [9d 9h Kc]
Seat 5: Supermegopro
Seat 1: LuckyShikari folded before Flop (didn't bet)
Seat 2: skars07 (button) folded before Flop (didn't bet)
Seat 3: getjet1952 (small blind) folded before Flop
Seat 4: G.Andrei95 (big blind) folded on the Flop
Seat 6: CARRI110798 collected ($2.38)



PokerStars Hand #254777257681:  Hold'em No Limit ($0.50/$1.00 USD) - 2025/02/08 2:22:16 WET [2025/02/08 21:22:16 ET]
Table 'Fragaria II' 6-max Seat #3 is the button
Seat 5: Supermegopro ($100 in chips) is sitting out
Seat 1: LuckyShikari ($123.57 in chips) 
Seat 2: skars07 ($128.11 in chips) 
Seat 3: getjet1952 ($57.95 in chips) 
Seat 4: G.Andrei95 ($100 in chips) 
Seat 6: CARRI110798 ($105.40 in chips) 
G.Andrei95: posts small blind $0.50
CARRI110798: posts big blind $1
*** HOLE CARDS ***
LuckyShikari: folds 
skars07: folds 
getjet1952: folds 
G.Andrei95: folds 
Uncalled bet ($0.50) returned to CARRI110798
CARRI110798 collected $1 from pot
*** SUMMARY ***
Total pot $1 | Rake $0 
Seat 5: Supermegopro
Seat 1: LuckyShikari folded before Flop (didn't bet)
Seat 2: skars07 folded before Flop (didn't bet)
Seat 3: getjet1952 (button) folded before Flop (didn't bet)
Seat 4: G.Andrei95 (small blind) folded before Flop
Seat 6: CARRI110798 (big blind) collected ($1)



PokerStars Hand #254777259736:  Hold'em No Limit ($0.50/$1.00 USD) - 2025/02/08 2:22:29 WET [2025/02/08 21:22:29 ET]
Table 'Fragaria II' 6-max Seat #4 is the button
Seat 5: Supermegopro ($100 in chips) is sitting out
Seat 1: LuckyShikari ($123.57 in chips) 
Seat 2: skars07 ($128.11 in chips) 
Seat 3: getjet1952 ($57.95 in chips) 
Seat 4: G.Andrei95 ($100 in chips) 
Seat 6: CARRI110798 ($105.90 in chips) 
CARRI110798: posts small blind $0.50
LuckyShikari: posts big blind $1
*** HOLE CARDS ***
skars07: raises $1.50 to $2.50
getjet1952: folds 
G.Andrei95: folds 
CARRI110798: calls $2
LuckyShikari: folds 
*** FLOP *** [Ad Js Ah]
CARRI110798: bets $2.85
skars07: folds 
Uncalled bet ($2.85) returned to CARRI110798
CARRI110798 collected $5.70 from pot
*** SUMMARY ***
Total pot $6 | Rake $0.30 
Board [Ad Js Ah]
Seat 5: Supermegopro
Seat 1: LuckyShikari (big blind) folded before Flop
Seat 2: skars07 folded on the Flop
Seat 3: getjet1952 folded before Flop (didn't bet)
Seat 4: G.Andrei95 (button) folded before Flop (didn't bet)
Seat 6: CARRI110798 (small blind) collected ($5.70)



PokerStars Hand #254777264865:  Hold'em No Limit ($0.50/$1.00 USD) - 2025/02/08 2:23:01 WET [2025/02/08 21:23:01 ET]
Table 'Fragaria II' 6-max Seat #6 is the button
Seat 5: Supermegopro ($100 in chips) is sitting out
Seat 1: LuckyShikari ($122.57 in chips) 
Seat 2: skars07 ($125.61 in chips) 
Seat 3: getjet1952 ($57.95 in chips) 
Seat 4: G.Andrei95 ($100 in chips) 
Seat 6: CARRI110798 ($109.10 in chips) 
LuckyShikari: posts small blind $0.50
skars07: posts big blind $1
*** HOLE CARDS ***
getjet1952: folds 
G.Andrei95: raises $1.50 to $2.50
CARRI110798: folds 
LuckyShikari: folds 
skars07: folds 
Uncalled bet ($1.50) returned to G.Andrei95
G.Andrei95 collected $2.50 from pot
G.Andrei95: doesn't show hand 
*** SUMMARY ***
Total pot $2.50 | Rake $0 
Seat 5: Supermegopro
Seat 1: LuckyShikari (small blind) folded before Flop
Seat 2: skars07 (big blind) folded before Flop
Seat 3: getjet1952 folded before Flop (didn't bet)
Seat 4: G.Andrei95 collected ($2.50)
Seat 6: CARRI110798 (button) folded before Flop (didn't bet)



PokerStars Hand #254777297583:  Hold'em No Limit ($0.50/$1.00 USD) - 2025/02/08 2:26:30 WET [2025/02/08 21:26:30 ET]
Table 'Fragaria II' 6-max Seat #6 is the button
Seat 5: Supermegopro ($100 in chips) is sitting out
Seat 1: LuckyShikari ($100 in chips) 
Seat 2: skars07 ($130.33 in chips) 
Seat 3: getjet1952 ($56.45 in chips) 
Seat 4: G.Andrei95 ($100 in chips) 
Seat 6: CARRI110798 ($195.41 in chips) 
LuckyShikari: posts small blind $0.50
skars07: posts big blind $1
*** HOLE CARDS ***
getjet1952: calls $1
G.Andrei95: folds 
CARRI110798: calls $1
LuckyShikari: raises $9 to $10
skars07: folds 
getjet1952: calls $9
CARRI110798: folds 
*** FLOP *** [Ad 6s 8h]
LuckyShikari: bets $7
getjet1952: calls $7
*** TURN *** [Ad 6s 8h] [Qs]
LuckyShikari: checks 
getjet1952: bets $17.10
LuckyShikari: folds 
Uncalled bet ($17.10) returned to getjet1952
getjet1952 collected $34.20 from pot
getjet1952: doesn't show hand 
*** SUMMARY ***
Total pot $36 | Rake $1.80 
Board [Ad 6s 8h Qs]
Seat 5: Supermegopro
Seat 1: LuckyShikari (small blind) folded on the Turn
Seat 2: skars07 (big blind) folded before Flop
Seat 3: getjet1952 collected ($34.20)
Seat 4: G.Andrei95 folded before Flop (didn't bet)
Seat 6: CARRI110798 (button) folded before Flop



PokerStars Hand #254777302864:  Hold'em No Limit ($0.50/$1.00 USD) - 2025/02/08 2:27:04 WET [2025/02/08 21:27:04 ET]
Table 'Fragaria II' 6-max Seat #1 is the button
Seat 5: Supermegopro ($100 in chips) is sitting out
Seat 1: LuckyShikari ($100 in chips) 
Seat 2: skars07 ($129.33 in chips) 
Seat 3: getjet1952 ($73.65 in chips) 
Seat 4: G.Andrei95 ($100 in chips) 
Seat 6: CARRI110798 ($194.41 in chips) 
skars07: posts small blind $0.50
getjet1952: posts big blind $1
*** HOLE CARDS ***
G.Andrei95: folds 
CARRI110798: calls $1
LuckyShikari: raises $3.50 to $4.50
skars07: folds 
getjet1952: folds 
CARRI110798: calls $3.50
*** FLOP *** [2c Jh 3c]
CARRI110798: checks 
LuckyShikari: bets $7.50
CARRI110798: folds 
Uncalled bet ($7.50) returned to LuckyShikari
LuckyShikari collected $9.98 from pot
LuckyShikari: doesn't show hand 
*** SUMMARY ***
Total pot $10.50 | Rake $0.52 
Board [2c Jh 3c]
Seat 5: Supermegopro
Seat 1: LuckyShikari (button) collected ($9.98)
Seat 2: skars07 (small blind) folded before Flop
Seat 3: getjet1952 (big blind) folded before Flop
Seat 4: G.Andrei95 folded before Flop (didn't bet)
Seat 6: CARRI110798 folded on the Flop



PokerStars Hand #254777306970:  Hold'em No Limit ($0.50/$1.00 USD) - 2025/02/08 2:27:30 WET [2025/02/08 21:27:30 ET]
Table 'Fragaria II' 6-max Seat #2 is the button
Seat 5: Supermegopro ($100 in chips) is sitting out
Seat 1: LuckyShikari ($105.48 in chips) 
Seat 2: skars07 ($128.83 in chips) 
Seat 3: getjet1952 ($72.65 in chips) 
Seat 4: G.Andrei95 ($100 in chips) 
Seat 6: CARRI110798 ($189.91 in chips) 
getjet1952: posts small blind $0.50
G.Andrei95: posts big blind $1
*** HOLE CARDS ***
CARRI110798: calls $1
LuckyShikari: raises $7 to $8
skars07: folds 
getjet1952: folds 
G.Andrei95: folds 
CARRI110798: folds 
Uncalled bet ($7) returned to LuckyShikari
LuckyShikari collected $3.50 from pot
LuckyShikari: shows [5d Td] (high card Ten)
*** SUMMARY ***
Total pot $3.50 | Rake $0 
Seat 5: Supermegopro
Seat 1: LuckyShikari collected ($3.50)
Seat 2: skars07 (button) folded before Flop (didn't bet)
Seat 3: getjet1952 (small blind) folded before Flop
Seat 4: G.Andrei95 (big blind) folded before Flop
Seat 6: CARRI110798 folded before Flop



PokerStars Hand #254777311139:  Hold'em No Limit ($0.50/$1.00 USD) - 2025/02/08 2:27:56 WET [2025/02/08 21:27:56 ET]
Table 'Fragaria II' 6-max Seat #3 is the button
Seat 5: Supermegopro ($100 in chips) is sitting out
Seat 1: LuckyShikari ($107.98 in chips) 
Seat 2: skars07 ($128.83 in chips) 
Seat 3: getjet1952 ($72.15 in chips) 
Seat 4: G.Andrei95 ($100 in chips) 
Seat 6: CARRI110798 ($188.91 in chips) 
G.Andrei95: posts small blind $0.50
CARRI110798: posts big blind $1
*** HOLE CARDS ***
LuckyShikari: folds 
skars07: folds 
getjet1952: calls $1
G.Andrei95: folds 
CARRI110798: checks 
*** FLOP *** [4d 7h 6c]
CARRI110798: bets $6
getjet1952: folds 
Uncalled bet ($6) returned to CARRI110798
CARRI110798 collected $2.38 from pot
*** SUMMARY ***
Total pot $2.50 | Rake $0.12 
Board [4d 7h 6c]
Seat 5: Supermegopro
Seat 1: LuckyShikari folded before Flop (didn't bet)
Seat 2: skars07 folded before Flop (didn't bet)
Seat 3: getjet1952 (button) folded on the Flop
Seat 4: G.Andrei95 (small blind) folded before Flop
Seat 6: CARRI110798 (big blind) collected ($2.38)



PokerStars Hand #254777315234:  Hold'em No Limit ($0.50/$1.00 USD) - 2025/02/08 2:28:22 WET [2025/02/08 21:28:22 ET]
Table 'Fragaria II' 6-max Seat #4 is the button
Seat 5: Supermegopro ($100 in chips) is sitting out
Seat 1: LuckyShikari ($107.98 in chips) 
Seat 2: skars07 ($128.83 in chips) 
Seat 3: getjet1952 ($71.15 in chips) 
Seat 4: G.Andrei95 ($100 in chips) 
Seat 6: CARRI110798 ($190.29 in chips) 
CARRI110798: posts small blind $0.50
LuckyShikari: posts big blind $1
*** HOLE CARDS ***
skars07: folds 
getjet1952: folds 
G.Andrei95: folds 
CARRI110798: raises $2 to $3
LuckyShikari: raises $2 to $5
CARRI110798: calls $2
*** FLOP *** [Qs Kh Kd]
CARRI110798: bets $4.75
LuckyShikari: raises $7.25 to $12
CARRI110798: raises $7.25 to $19.25
LuckyShikari: folds 
Uncalled bet ($7.25) returned to CARRI110798
CARRI110798 collected $32.30 from pot
*** SUMMARY ***
Total pot $34 | Rake $1.70 
Board [Qs Kh Kd]
Seat 5: Supermegopro
Seat 1: LuckyShikari (big blind) folded on the Flop
Seat 2: skars07 folded before Flop (didn't bet)
Seat 3: getjet1952 folded before Flop (didn't bet)
Seat 4: G.Andrei95 (button) folded before Flop (didn't bet)
Seat 6: CARRI110798 (small blind) collected ($32.30)



PokerStars Hand #254777319958:  Hold'em No Limit ($0.50/$1.00 USD) - 2025/02/08 2:28:53 WET [2025/02/08 21:28:53 ET]
Table 'Fragaria II' 6-max Seat #6 is the button
Seat 5: Supermegopro ($100 in chips) is sitting out
Seat 1: LuckyShikari ($100 in chips) 
Seat 2: skars07 ($128.83 in chips) 
Seat 3: getjet1952 ($71.15 in chips) 
Seat 4: G.Andrei95 ($100 in chips) 
Seat 6: CARRI110798 ($205.59 in chips) 
LuckyShikari: posts small blind $0.50
skars07: posts big blind $1
Supermegopro: sits out 
*** HOLE CARDS ***
getjet1952: calls $1
G.Andrei95: folds 
CARRI110798: calls $1
LuckyShikari: calls $0.50
skars07: checks 
*** FLOP *** [Ts 9s 7d]
LuckyShikari: checks 
skars07: checks 
getjet1952: checks 
CARRI110798: bets $3.80
LuckyShikari: folds 
skars07: folds 
getjet1952: calls $3.80
*** TURN *** [Ts 9s 7d] [6d]
getjet1952: checks 
CARRI110798: bets $11.02
getjet1952: folds 
Uncalled bet ($11.02) returned to CARRI110798
CARRI110798 collected $11.02 from pot
*** SUMMARY ***
Total pot $11.60 | Rake $0.58 
Board [Ts 9s 7d 6d]
Seat 5: Supermegopro
Seat 1: LuckyShikari (small blind) folded on the Flop
Seat 2: skars07 (big blind) folded on the Flop
Seat 3: getjet1952 folded on the Turn
Seat 4: G.Andrei95 folded before Flop (didn't bet)
Seat 6: CARRI110798 (button) collected ($11.02)



PokerStars Hand #254777327603:  Hold'em No Limit ($0.50/$1.00 USD) - 2025/02/08 2:29:42 WET [2025/02/08 21:29:42 ET]
Table 'Fragaria II' 6-max Seat #1 is the button
Seat 5: Supermegopro ($100 in chips) is sitting out
Seat 1: LuckyShikari ($100 in chips) 
Seat 2: skars07 ($127.83 in chips) 
Seat 3: getjet1952 ($66.35 in chips) 
Seat 4: G.Andrei95 ($100 in chips) 
Seat 6: CARRI110798 ($211.81 in chips) 
skars07: posts small blind $0.50
getjet1952: posts big blind $1
Supermegopro: sits out 
*** HOLE CARDS ***
G.Andrei95: raises $1.50 to $2.50
CARRI110798: folds 
LuckyShikari: folds 
skars07: folds 
getjet1952: folds 
Uncalled bet ($1.50) returned to G.Andrei95
G.Andrei95 collected $2.50 from pot
G.Andrei95: doesn't show hand 
*** SUMMARY ***
Total pot $2.50 | Rake $0 
Seat 5: Supermegopro
Seat 1: LuckyShikari (button) folded before Flop (didn't bet)
Seat 2: skars07 (small blind) folded before Flop
Seat 3: getjet1952 (big blind) folded before Flop
Seat 4: G.Andrei95 collected ($2.50)
Seat 6: CARRI110798 folded before Flop (didn't bet)



PokerStars Hand #254777329814:  Hold'em No Limit ($0.50/$1.00 USD) - 2025/02/08 2:29:56 WET [2025/02/08 21:29:56 ET]
Table 'Fragaria II' 6-max Seat #2 is the button
Seat 5: Supermegopro ($100 in chips) is sitting out
Seat 1: LuckyShikari ($100 in chips) 
Seat 2: skars07 ($127.33 in chips) 
Seat 3: getjet1952 ($65.35 in chips) 
Seat 4: G.Andrei95 ($101.50 in chips) 
Seat 6: CARRI110798 ($211.81 in chips) 
getjet1952: posts small blind $0.50
G.Andrei95: posts big blind $1
Supermegopro: sits out 
*** HOLE CARDS ***
CARRI110798: calls $1
LuckyShikari: raises $3.50 to $4.50
skars07: folds 
getjet1952: calls $4
G.Andrei95: folds 
CARRI110798: calls $3.50
*** FLOP *** [2s 2h Ks]
getjet1952: checks 
CARRI110798: checks 
LuckyShikari: bets $7
getjet1952: folds 
CARRI110798: folds 
Uncalled bet ($7) returned to LuckyShikari
LuckyShikari collected $13.78 from pot
LuckyShikari: shows [Jc 8c] (a pair of Deuces)
*** SUMMARY ***
Total pot $14.50 | Rake $0.72 
Board [2s 2h Ks]
Seat 5: Supermegopro
Seat 1: LuckyShikari collected ($13.78)
Seat 2: skars07 (button) folded before Flop (didn't bet)
Seat 3: getjet1952 (small blind) folded on the Flop
Seat 4: G.Andrei95 (big blind) folded before Flop
Seat 6: CARRI110798 folded on the Flop



PokerStars Hand #254777335744:  Hold'em No Limit ($0.50/$1.00 USD) - 2025/02/08 2:30:34 WET [2025/02/08 21:30:34 ET]
Table 'Fragaria II' 6-max Seat #3 is the button
Seat 1: LuckyShikari ($109.28 in chips) 
Seat 2: skars07 ($127.33 in chips) 
Seat 3: getjet1952 ($60.85 in chips) 
Seat 4: G.Andrei95 ($100.50 in chips) 
Seat 5: Supermegopro ($100 in chips) 
Seat 6: CARRI110798 ($207.31 in chips) 
G.Andrei95: posts small blind $0.50
Supermegopro: posts big blind $1
*** HOLE CARDS ***
CARRI110798: raises $1 to $2
LuckyShikari: folds 
skars07: folds 
getjet1952: calls $2
G.Andrei95: folds 
Supermegopro: calls $1
*** FLOP *** [7c 9c Ad]
Supermegopro: checks 
CARRI110798: checks 
getjet1952: bets $6.18
Supermegopro: folds 
CARRI110798: folds 
Uncalled bet ($6.18) returned to getjet1952
getjet1952 collected $6.18 from pot
getjet1952: doesn't show hand 
*** SUMMARY ***
Total pot $6.50 | Rake $0.32 
Board [7c 9c Ad]
Seat 1: LuckyShikari folded before Flop (didn't bet)
Seat 2: skars07 folded before Flop (didn't bet)
Seat 3: getjet1952 (button) collected ($6.18)
Seat 4: G.Andrei95 (small blind) folded before Flop
Seat 5: Supermegopro (big blind) folded on the Flop
Seat 6: CARRI110798 folded on the Flop



PokerStars Hand #254777339862:  Hold'em No Limit ($0.50/$1.00 USD) - 2025/02/08 2:31:00 WET [2025/02/08 21:31:00 ET]
Table 'Fragaria II' 6-max Seat #4 is the button
Seat 1: LuckyShikari ($109.28 in chips) 
Seat 2: skars07 ($127.33 in chips) 
Seat 3: getjet1952 ($65.03 in chips) 
Seat 4: G.Andrei95 ($100 in chips) 
Seat 5: Supermegopro ($100 in chips) 
Seat 6: CARRI110798 ($205.31 in chips) 
Supermegopro: posts small blind $0.50
CARRI110798: posts big blind $1
*** HOLE CARDS ***
LuckyShikari: folds 
skars07: folds 
getjet1952: calls $1
G.Andrei95: folds 
Supermegopro: folds 
CARRI110798: checks 
*** FLOP *** [Ts 5s 5c]
CARRI110798: bets $1.19
getjet1952: calls $1.19
*** TURN *** [Ts 5s 5c] [8d]
CARRI110798: bets $2.32
getjet1952: calls $2.32
*** RIVER *** [Ts 5s 5c 8d] [Ac]
CARRI110798: bets $9.04
getjet1952: folds 
Uncalled bet ($9.04) returned to CARRI110798
CARRI110798 collected $9.04 from pot
*** SUMMARY ***
Total pot $9.52 | Rake $0.48 
Board [Ts 5s 5c 8d Ac]
Seat 1: LuckyShikari folded before Flop (didn't bet)
Seat 2: skars07 folded before Flop (didn't bet)
Seat 3: getjet1952 folded on the River
Seat 4: G.Andrei95 (button) folded before Flop (didn't bet)
Seat 5: Supermegopro (small blind) folded before Flop
Seat 6: CARRI110798 (big blind) collected ($9.04)



PokerStars Hand #254777344927:  Hold'em No Limit ($0.50/$1.00 USD) - 2025/02/08 2:31:33 WET [2025/02/08 21:31:33 ET]
Table 'Fragaria II' 6-max Seat #5 is the button
Seat 1: LuckyShikari ($109.28 in chips) 
Seat 2: skars07 ($127.33 in chips) 
Seat 3: getjet1952 ($60.52 in chips) 
Seat 4: G.Andrei95 ($100 in chips) 
Seat 5: Supermegopro ($100 in chips) 
Seat 6: CARRI110798 ($209.84 in chips) 
CARRI110798: posts small blind $0.50
LuckyShikari: posts big blind $1
*** HOLE CARDS ***
skars07: folds 
getjet1952: folds 
G.Andrei95: raises $1.50 to $2.50
Supermegopro: folds 
CARRI110798: raises $1.50 to $4
LuckyShikari: folds 
G.Andrei95: calls $1.50
*** FLOP *** [9d 5s Qd]
CARRI110798: bets $8.55
G.Andrei95: calls $8.55
*** TURN *** [9d 5s Qd] [9h]
CARRI110798: bets $24.80
G.Andrei95: calls $24.80
*** RIVER *** [9d 5s Qd 9h] [7s]
CARRI110798: bets $73.20
G.Andrei95: calls $62.65 and is all-in
Uncalled bet ($10.55) returned to CARRI110798
*** SHOW DOWN ***
CARRI110798: shows [Td Qh] (two pair, Queens and Nines)
G.Andrei95: shows [5d Kd] (two pair, Nines and Fives)
CARRI110798 collected $198.50 from pot
*** SUMMARY ***
Total pot $201 | Rake $2.50 
Board [9d 5s Qd 9h 7s]
Seat 1: LuckyShikari (big blind) folded before Flop
Seat 2: skars07 folded before Flop (didn't bet)
Seat 3: getjet1952 folded before Flop (didn't bet)
Seat 4: G.Andrei95 showed [5d Kd] and lost with two pair, Nines and Fives
Seat 5: Supermegopro (button) folded before Flop (didn't bet)
Seat 6: CARRI110798 (small blind) showed [Td Qh] and won ($198.50) with two pair, Queens and Nines



PokerStars Hand #254777358535:  Hold'em No Limit ($0.50/$1.00 USD) - 2025/02/08 2:33:01 WET [2025/02/08 21:33:01 ET]
Table 'Fragaria II' 6-max Seat #6 is the button
Seat 1: LuckyShikari ($108.28 in chips) 
Seat 2: skars07 ($127.33 in chips) 
Seat 3: getjet1952 ($60.52 in chips) 
Seat 4: G.Andrei95 ($100 in chips) 
Seat 5: Supermegopro ($100 in chips) 
Seat 6: CARRI110798 ($308.34 in chips) 
LuckyShikari: posts small blind $0.50
skars07: posts big blind $1
*** HOLE CARDS ***
getjet1952: calls $1
G.Andrei95: folds 
Supermegopro: raises $1.50 to $2.50
CARRI110798: folds 
LuckyShikari: folds 
skars07: folds 
getjet1952: calls $1.50
*** FLOP *** [Jd Kh 6c]
getjet1952: checks 
Supermegopro: checks 
*** TURN *** [Jd Kh 6c] [9c]
getjet1952: bets $3.09
Supermegopro: calls $3.09
*** RIVER *** [Jd Kh 6c 9c] [Ac]
getjet1952: checks 
Supermegopro: checks 
*** SHOW DOWN ***
getjet1952: shows [5d Qd] (high card Ace)
Supermegopro: shows [Th Ks] (a pair of Kings)
Supermegopro collected $12.05 from pot
*** SUMMARY ***
Total pot $12.68 | Rake $0.63 
Board [Jd Kh 6c 9c Ac]
Seat 1: LuckyShikari (small blind) folded before Flop
Seat 2: skars07 (big blind) folded before Flop
Seat 3: getjet1952 showed [5d Qd] and lost with high card Ace
Seat 4: G.Andrei95 folded before Flop (didn't bet)
Seat 5: Supermegopro showed [Th Ks] and won ($12.05) with a pair of Kings
Seat 6: CARRI110798 (button) folded before Flop (didn't bet)



PokerStars Hand #254777365709:  Hold'em No Limit ($0.50/$1.00 USD) - 2025/02/08 2:33:48 WET [2025/02/08 21:33:48 ET]
Table 'Fragaria II' 6-max Seat #1 is the button
Seat 1: LuckyShikari ($107.78 in chips) 
Seat 2: skars07 ($126.33 in chips) 
Seat 3: getjet1952 ($54.93 in chips) 
Seat 4: G.Andrei95 ($100 in chips) 
Seat 5: Supermegopro ($106.46 in chips) 
Seat 6: CARRI110798 ($308.34 in chips) 
skars07: posts small blind $0.50
getjet1952: posts big blind $1
*** HOLE CARDS ***
G.Andrei95: folds 
Supermegopro: raises $1.50 to $2.50
CARRI110798 has timed out
CARRI110798: folds 
LuckyShikari: folds 
skars07: folds 
getjet1952: calls $1.50
*** FLOP *** [4c 4h Qh]
getjet1952: checks 
Supermegopro: bets $3.48
getjet1952: folds 
Uncalled bet ($3.48) returned to Supermegopro
Supermegopro collected $5.22 from pot
Supermegopro: doesn't show hand 
*** SUMMARY ***
Total pot $5.50 | Rake $0.28 
Board [4c 4h Qh]
Seat 1: LuckyShikari (button) folded before Flop (didn't bet)
Seat 2: skars07 (small blind) folded before Flop
Seat 3: getjet1952 (big blind) folded on the Flop
Seat 4: G.Andrei95 folded before Flop (didn't bet)
Seat 5: Supermegopro collected ($5.22)
Seat 6: CARRI110798 folded before Flop (didn't bet)



PokerStars Hand #254777376977:  Hold'em No Limit ($0.50/$1.00 USD) - 2025/02/08 2:35:02 WET [2025/02/08 21:35:02 ET]
Table 'Fragaria II' 6-max Seat #2 is the button
Seat 6: CARRI110798 ($308.34 in chips) is sitting out
Seat 1: LuckyShikari ($107.78 in chips) 
Seat 2: skars07 ($125.83 in chips) 
Seat 3: getjet1952 ($52.43 in chips) 
Seat 4: G.Andrei95 ($100 in chips) 
Seat 5: Supermegopro ($109.18 in chips) 
getjet1952: posts small blind $0.50
G.Andrei95: posts big blind $1
*** HOLE CARDS ***
Supermegopro: folds 
LuckyShikari: folds 
skars07: raises $1.50 to $2.50
getjet1952: folds 
G.Andrei95: folds 
Uncalled bet ($1.50) returned to skars07
CARRI110798 is disconnected 
skars07 collected $2.50 from pot
skars07: doesn't show hand 
*** SUMMARY ***
Total pot $2.50 | Rake $0 
Seat 6: CARRI110798
Seat 1: LuckyShikari folded before Flop (didn't bet)
Seat 2: skars07 (button) collected ($2.50)
Seat 3: getjet1952 (small blind) folded before Flop
Seat 4: G.Andrei95 (big blind) folded before Flop
Seat 5: Supermegopro folded before Flop (didn't bet)



PokerStars Hand #254777379774:  Hold'em No Limit ($0.50/$1.00 USD) - 2025/02/08 2:35:19 WET [2025/02/08 21:35:19 ET]
Table 'Fragaria II' 6-max Seat #3 is the button
Seat 6: CARRI110798 ($308.34 in chips) is sitting out
Seat 1: LuckyShikari ($107.78 in chips) 
Seat 2: skars07 ($127.33 in chips) 
Seat 3: getjet1952 ($51.93 in chips) 
Seat 4: G.Andrei95 ($100 in chips) 
Seat 5: Supermegopro ($109.18 in chips) 
G.Andrei95: posts small blind $0.50
Supermegopro: posts big blind $1
*** HOLE CARDS ***
LuckyShikari: raises $2.50 to $3.50
skars07: folds 
getjet1952: folds 
G.Andrei95: folds 
Supermegopro: folds 
Uncalled bet ($2.50) returned to LuckyShikari
LuckyShikari collected $2.50 from pot
LuckyShikari: doesn't show hand 
*** SUMMARY ***
Total pot $2.50 | Rake $0 
Seat 6: CARRI110798
Seat 1: LuckyShikari collected ($2.50)
Seat 2: skars07 folded before Flop (didn't bet)
Seat 3: getjet1952 (button) folded before Flop (didn't bet)
Seat 4: G.Andrei95 (small blind) folded before Flop
Seat 5: Supermegopro (big blind) folded before Flop



PokerStars Hand #254777381817:  Hold'em No Limit ($0.50/$1.00 USD) - 2025/02/08 2:35:32 WET [2025/02/08 21:35:32 ET]
Table 'Fragaria II' 6-max Seat #4 is the button
Seat 6: CARRI110798 ($308.34 in chips) is sitting out
Seat 1: LuckyShikari ($109.28 in chips) 
Seat 2: skars07 ($127.33 in chips) 
Seat 3: getjet1952 ($51.93 in chips) 
Seat 4: G.Andrei95 ($100 in chips) 
Seat 5: Supermegopro ($108.18 in chips) 
Supermegopro: posts small blind $0.50
LuckyShikari: posts big blind $1
*** HOLE CARDS ***
skars07: folds 
getjet1952: calls $1
G.Andrei95: raises $3 to $4
Supermegopro: folds 
LuckyShikari: folds 
getjet1952: calls $3
*** FLOP *** [6c Ks Kc]
getjet1952: checks 
G.Andrei95: bets $6.40
getjet1952: calls $6.40
*** TURN *** [6c Ks Kc] [Kd]
getjet1952: bets $10.59
G.Andrei95: folds 
Uncalled bet ($10.59) returned to getjet1952
getjet1952 collected $21.18 from pot
getjet1952: doesn't show hand 
G.Andrei95 leaves the table
*** SUMMARY ***
Total pot $22.30 | Rake $1.12 
Board [6c Ks Kc Kd]
Seat 6: CARRI110798
Seat 1: LuckyShikari (big blind) folded before Flop
Seat 2: skars07 folded before Flop (didn't bet)
Seat 3: getjet1952 collected ($21.18)
Seat 4: G.Andrei95 (button) folded on the Turn
Seat 5: Supermegopro (small blind) folded before Flop



PokerStars Hand #254777389156:  Hold'em No Limit ($0.50/$1.00 USD) - 2025/02/08 2:36:20 WET [2025/02/08 21:36:20 ET]
Table 'Fragaria II' 6-max Seat #5 is the button
Seat 6: CARRI110798 ($308.34 in chips) is sitting out
Seat 1: LuckyShikari ($108.28 in chips) 
Seat 2: skars07 ($127.33 in chips) 
Seat 3: getjet1952 ($62.71 in chips) 
Seat 5: Supermegopro ($107.68 in chips) 
LuckyShikari: posts small blind $0.50
skars07: posts big blind $1
*** HOLE CARDS ***
getjet1952: folds 
Supermegopro: folds 
LuckyShikari: folds 
Uncalled bet ($0.50) returned to skars07
skars07 collected $1 from pot
skars07: doesn't show hand 
Sadyhov V.V. joins the table at seat #4 
*** SUMMARY ***
Total pot $1 | Rake $0 
Seat 6: CARRI110798
Seat 1: LuckyShikari (small blind) folded before Flop
Seat 2: skars07 (big blind) collected ($1)
Seat 3: getjet1952 folded before Flop (didn't bet)
Seat 5: Supermegopro (button) folded before Flop (didn't bet)



PokerStars Hand #254777390877:  Hold'em No Limit ($0.50/$1.00 USD) - 2025/02/08 2:36:31 WET [2025/02/08 21:36:31 ET]
Table 'Fragaria II' 6-max Seat #1 is the button
Seat 4: Sadyhov V.V. ($100 in chips) is sitting out
Seat 6: CARRI110798 ($308.34 in chips) is sitting out
Seat 1: LuckyShikari ($107.78 in chips) 
Seat 2: skars07 ($127.83 in chips) 
Seat 3: getjet1952 ($62.71 in chips) 
Seat 5: Supermegopro ($107.68 in chips) 
skars07: posts small blind $0.50
getjet1952: posts big blind $1
Sadyhov V.V.: sits out 
*** HOLE CARDS ***
Supermegopro: folds 
LuckyShikari: folds 
skars07: folds 
Uncalled bet ($0.50) returned to getjet1952
getjet1952 collected $1 from pot
getjet1952: doesn't show hand 
*** SUMMARY ***
Total pot $1 | Rake $0 
Seat 4: Sadyhov V.V.
Seat 6: CARRI110798
Seat 1: LuckyShikari (button) folded before Flop (didn't bet)
Seat 2: skars07 (small blind) folded before Flop
Seat 3: getjet1952 (big blind) collected ($1)
Seat 5: Supermegopro folded before Flop (didn't bet)



PokerStars Hand #254777393472:  Hold'em No Limit ($0.50/$1.00 USD) - 2025/02/08 2:36:48 WET [2025/02/08 21:36:48 ET]
Table 'Fragaria II' 6-max Seat #2 is the button
Seat 6: CARRI110798 ($308.34 in chips) is sitting out
Seat 1: LuckyShikari ($107.78 in chips) 
Seat 2: skars07 ($127.33 in chips) 
Seat 3: getjet1952 ($63.21 in chips) 
Seat 4: Sadyhov V.V. ($100 in chips) 
Seat 5: Supermegopro ($107.68 in chips) 
getjet1952: posts small blind $0.50
Sadyhov V.V.: posts big blind $1
*** HOLE CARDS ***
Supermegopro: folds 
LuckyShikari: folds 
skars07: folds 
getjet1952: raises $1 to $2
Sadyhov V.V.: calls $1
*** FLOP *** [5h 9s 3h]
getjet1952: checks 
Sadyhov V.V.: checks 
*** TURN *** [5h 9s 3h] [2c]
getjet1952: checks 
Sadyhov V.V.: bets $2.09
getjet1952: folds 
Uncalled bet ($2.09) returned to Sadyhov V.V.
Sadyhov V.V. collected $3.80 from pot
Sadyhov V.V.: doesn't show hand 
*** SUMMARY ***
Total pot $4 | Rake $0.20 
Board [5h 9s 3h 2c]
Seat 6: CARRI110798
Seat 1: LuckyShikari folded before Flop (didn't bet)
Seat 2: skars07 (button) folded before Flop (didn't bet)
Seat 3: getjet1952 (small blind) folded on the Turn
Seat 4: Sadyhov V.V. (big blind) collected ($3.80)
Seat 5: Supermegopro folded before Flop (didn't bet)



PokerStars Hand #254777398907:  Hold'em No Limit ($0.50/$1.00 USD) - 2025/02/08 2:37:23 WET [2025/02/08 21:37:23 ET]
Table 'Fragaria II' 6-max Seat #3 is the button
Seat 6: CARRI110798 ($308.34 in chips) is sitting out
Seat 1: LuckyShikari ($107.78 in chips) 
Seat 2: skars07 ($127.33 in chips) 
Seat 3: getjet1952 ($61.21 in chips) 
Seat 4: Sadyhov V.V. ($101.80 in chips) 
Seat 5: Supermegopro ($107.68 in chips) 
Sadyhov V.V.: posts small blind $0.50
Supermegopro: posts big blind $1
*** HOLE CARDS ***
LuckyShikari: raises $1.50 to $2.50
skars07: folds 
getjet1952: folds 
Sadyhov V.V.: folds 
Supermegopro: folds 
Uncalled bet ($1.50) returned to LuckyShikari
LuckyShikari collected $2.50 from pot
LuckyShikari: doesn't show hand 
*** SUMMARY ***
Total pot $2.50 | Rake $0 
Seat 6: CARRI110798
Seat 1: LuckyShikari collected ($2.50)
Seat 2: skars07 folded before Flop (didn't bet)
Seat 3: getjet1952 (button) folded before Flop (didn't bet)
Seat 4: Sadyhov V.V. (small blind) folded before Flop
Seat 5: Supermegopro (big blind) folded before Flop



PokerStars Hand #254777401782:  Hold'em No Limit ($0.50/$1.00 USD) - 2025/02/08 2:37:41 WET [2025/02/08 21:37:41 ET]
Table 'Fragaria II' 6-max Seat #4 is the button
Seat 6: CARRI110798 ($308.34 in chips) is sitting out
Seat 1: LuckyShikari ($109.28 in chips) 
Seat 2: skars07 ($127.33 in chips) 
Seat 3: getjet1952 ($61.21 in chips) 
Seat 4: Sadyhov V.V. ($101.30 in chips) 
Seat 5: Supermegopro ($106.68 in chips) 
Supermegopro: posts small blind $0.50
LuckyShikari: posts big blind $1
*** HOLE CARDS ***
skars07: folds 
getjet1952: calls $1
Sadyhov V.V.: folds 
Supermegopro: folds 
LuckyShikari: checks 
*** FLOP *** [9s 7h Js]
LuckyShikari: checks 
getjet1952: bets $1.19
LuckyShikari: folds 
Uncalled bet ($1.19) returned to getjet1952
getjet1952 collected $2.38 from pot
getjet1952: doesn't show hand 
*** SUMMARY ***
Total pot $2.50 | Rake $0.12 
Board [9s 7h Js]
Seat 6: CARRI110798
Seat 1: LuckyShikari (big blind) folded on the Flop
Seat 2: skars07 folded before Flop (didn't bet)
Seat 3: getjet1952 collected ($2.38)
Seat 4: Sadyhov V.V. (button) folded before Flop (didn't bet)
Seat 5: Supermegopro (small blind) folded before Flop



PokerStars Hand #254777406053:  Hold'em No Limit ($0.50/$1.00 USD) - 2025/02/08 2:38:08 WET [2025/02/08 21:38:08 ET]
Table 'Fragaria II' 6-max Seat #5 is the button
Seat 6: CARRI110798 ($308.34 in chips) is sitting out
Seat 1: LuckyShikari ($108.28 in chips) 
Seat 2: skars07 ($127.33 in chips) 
Seat 3: getjet1952 ($62.59 in chips) 
Seat 4: Sadyhov V.V. ($101.30 in chips) 
Seat 5: Supermegopro ($106.18 in chips) 
LuckyShikari: posts small blind $0.50
skars07: posts big blind $1
*** HOLE CARDS ***
getjet1952: calls $1
Sadyhov V.V.: folds 
Supermegopro: folds 
LuckyShikari: calls $0.50
skars07: checks 
*** FLOP *** [Jc 7c 4c]
LuckyShikari: checks 
skars07: checks 
getjet1952: bets $1.43
LuckyShikari: folds 
skars07: folds 
Uncalled bet ($1.43) returned to getjet1952
getjet1952 collected $2.85 from pot
getjet1952: doesn't show hand 
*** SUMMARY ***
Total pot $3 | Rake $0.15 
Board [Jc 7c 4c]
Seat 6: CARRI110798
Seat 1: LuckyShikari (small blind) folded on the Flop
Seat 2: skars07 (big blind) folded on the Flop
Seat 3: getjet1952 collected ($2.85)
Seat 4: Sadyhov V.V. folded before Flop (didn't bet)
Seat 5: Supermegopro (button) folded before Flop (didn't bet)



PokerStars Hand #254777411139:  Hold'em No Limit ($0.50/$1.00 USD) - 2025/02/08 2:38:41 WET [2025/02/08 21:38:41 ET]
Table 'Fragaria II' 6-max Seat #1 is the button
Seat 6: CARRI110798 ($308.34 in chips) is sitting out
Seat 1: LuckyShikari ($107.28 in chips) 
Seat 2: skars07 ($126.33 in chips) 
Seat 3: getjet1952 ($64.44 in chips) 
Seat 4: Sadyhov V.V. ($101.30 in chips) 
Seat 5: Supermegopro ($106.18 in chips) 
skars07: posts small blind $0.50
getjet1952: posts big blind $1
*** HOLE CARDS ***
Sadyhov V.V.: folds 
Supermegopro: folds 
LuckyShikari: folds 
skars07: folds 
Uncalled bet ($0.50) returned to getjet1952
getjet1952 collected $1 from pot
getjet1952: doesn't show hand 
*** SUMMARY ***
Total pot $1 | Rake $0 
Seat 6: CARRI110798
Seat 1: LuckyShikari (button) folded before Flop (didn't bet)
Seat 2: skars07 (small blind) folded before Flop
Seat 3: getjet1952 (big blind) collected ($1)
Seat 4: Sadyhov V.V. folded before Flop (didn't bet)
Seat 5: Supermegopro folded before Flop (didn't bet)



PokerStars Hand #254777413776:  Hold'em No Limit ($0.50/$1.00 USD) - 2025/02/08 2:38:58 WET [2025/02/08 21:38:58 ET]
Table 'Fragaria II' 6-max Seat #2 is the button
Seat 6: CARRI110798 ($308.34 in chips) is sitting out
Seat 1: LuckyShikari ($107.28 in chips) 
Seat 2: skars07 ($125.83 in chips) 
Seat 3: getjet1952 ($64.94 in chips) 
Seat 4: Sadyhov V.V. ($101.30 in chips) 
Seat 5: Supermegopro ($106.18 in chips) 
getjet1952: posts small blind $0.50
Sadyhov V.V.: posts big blind $1
*** HOLE CARDS ***
Supermegopro: folds 
LuckyShikari: folds 
skars07: raises $1.50 to $2.50
getjet1952: calls $2
Sadyhov V.V.: folds 
*** FLOP *** [5h 5c Qs]
getjet1952: bets $2.85
skars07: folds 
Uncalled bet ($2.85) returned to getjet1952
getjet1952 collected $5.70 from pot
getjet1952: doesn't show hand 
*** SUMMARY ***
Total pot $6 | Rake $0.30 
Board [5h 5c Qs]
Seat 6: CARRI110798
Seat 1: LuckyShikari folded before Flop (didn't bet)
Seat 2: skars07 (button) folded on the Flop
Seat 3: getjet1952 (small blind) collected ($5.70)
Seat 4: Sadyhov V.V. (big blind) folded before Flop
Seat 5: Supermegopro folded before Flop (didn't bet)



PokerStars Hand #254777417416:  Hold'em No Limit ($0.50/$1.00 USD) - 2025/02/08 2:39:21 WET [2025/02/08 21:39:21 ET]
Table 'Fragaria II' 6-max Seat #3 is the button
Seat 6: CARRI110798 ($308.34 in chips) is sitting out
Seat 1: LuckyShikari ($107.28 in chips) 
Seat 2: skars07 ($123.33 in chips) 
Seat 3: getjet1952 ($68.14 in chips) 
Seat 4: Sadyhov V.V. ($100.30 in chips) 
Seat 5: Supermegopro ($106.18 in chips) 
Sadyhov V.V.: posts small blind $0.50
Supermegopro: posts big blind $1
*** HOLE CARDS ***
LuckyShikari: folds 
skars07: folds 
getjet1952: folds 
Sadyhov V.V.: raises $2 to $3
Supermegopro: folds 
Uncalled bet ($2) returned to Sadyhov V.V.
Sadyhov V.V. collected $2 from pot
Sadyhov V.V.: doesn't show hand 
*** SUMMARY ***
Total pot $2 | Rake $0 
Seat 6: CARRI110798
Seat 1: LuckyShikari folded before Flop (didn't bet)
Seat 2: skars07 folded before Flop (didn't bet)
Seat 3: getjet1952 (button) folded before Flop (didn't bet)
Seat 4: Sadyhov V.V. (small blind) collected ($2)
Seat 5: Supermegopro (big blind) folded before Flop



PokerStars Hand #254777419944:  Hold'em No Limit ($0.50/$1.00 USD) - 2025/02/08 2:39:37 WET [2025/02/08 21:39:37 ET]
Table 'Fragaria II' 6-max Seat #4 is the button
Seat 6: CARRI110798 ($308.34 in chips) is sitting out
Seat 1: LuckyShikari ($107.28 in chips) 
Seat 2: skars07 ($123.33 in chips) 
Seat 3: getjet1952 ($68.14 in chips) 
Seat 4: Sadyhov V.V. ($101.30 in chips) 
Seat 5: Supermegopro ($105.18 in chips) 
Supermegopro: posts small blind $0.50
LuckyShikari: posts big blind $1
*** HOLE CARDS ***
skars07: folds 
getjet1952: folds 
Sadyhov V.V.: folds 
Supermegopro: folds 
Uncalled bet ($0.50) returned to LuckyShikari
LuckyShikari collected $1 from pot
LuckyShikari: doesn't show hand 
*** SUMMARY ***
Total pot $1 | Rake $0 
Seat 6: CARRI110798
Seat 1: LuckyShikari (big blind) collected ($1)
Seat 2: skars07 folded before Flop (didn't bet)
Seat 3: getjet1952 folded before Flop (didn't bet)
Seat 4: Sadyhov V.V. (button) folded before Flop (didn't bet)
Seat 5: Supermegopro (small blind) folded before Flop



PokerStars Hand #254777421860:  Hold'em No Limit ($0.50/$1.00 USD) - 2025/02/08 2:39:50 WET [2025/02/08 21:39:50 ET]
Table 'Fragaria II' 6-max Seat #5 is the button
Seat 6: CARRI110798 ($308.34 in chips) is sitting out
Seat 1: LuckyShikari ($107.78 in chips) 
Seat 2: skars07 ($123.33 in chips) 
Seat 3: getjet1952 ($68.14 in chips) 
Seat 4: Sadyhov V.V. ($101.30 in chips) 
Seat 5: Supermegopro ($104.68 in chips) 
LuckyShikari: posts small blind $0.50
skars07: posts big blind $1
*** HOLE CARDS ***
getjet1952: calls $1
Sadyhov V.V.: folds 
Supermegopro: folds 
LuckyShikari: folds 
skars07: raises $4 to $5
getjet1952: folds 
Uncalled bet ($4) returned to skars07
skars07 collected $2.50 from pot
skars07: doesn't show hand 
*** SUMMARY ***
Total pot $2.50 | Rake $0 
Seat 6: CARRI110798
Seat 1: LuckyShikari (small blind) folded before Flop
Seat 2: skars07 (big blind) collected ($2.50)
Seat 3: getjet1952 folded before Flop
Seat 4: Sadyhov V.V. folded before Flop (didn't bet)
Seat 5: Supermegopro (button) folded before Flop (didn't bet)



PokerStars Hand #254777426106:  Hold'em No Limit ($0.50/$1.00 USD) - 2025/02/08 2:40:17 WET [2025/02/08 21:40:17 ET]
Table 'Fragaria II' 6-max Seat #1 is the button
Seat 6: CARRI110798 ($308.34 in chips) is sitting out
Seat 1: LuckyShikari ($107.28 in chips) 
Seat 2: skars07 ($124.83 in chips) 
Seat 3: getjet1952 ($67.14 in chips) 
Seat 4: Sadyhov V.V. ($101.30 in chips) 
Seat 5: Supermegopro ($104.68 in chips) 
skars07: posts small blind $0.50
getjet1952: posts big blind $1
*** HOLE CARDS ***
Sadyhov V.V.: folds 
Supermegopro: raises $1.50 to $2.50
LuckyShikari: folds 
skars07: folds 
getjet1952: folds 
Uncalled bet ($1.50) returned to Supermegopro
Supermegopro collected $2.50 from pot
Supermegopro: doesn't show hand 
*** SUMMARY ***
Total pot $2.50 | Rake $0 
Seat 6: CARRI110798
Seat 1: LuckyShikari (button) folded before Flop (didn't bet)
Seat 2: skars07 (small blind) folded before Flop
Seat 3: getjet1952 (big blind) folded before Flop
Seat 4: Sadyhov V.V. folded before Flop (didn't bet)
Seat 5: Supermegopro collected ($2.50)



PokerStars Hand #254777429074:  Hold'em No Limit ($0.50/$1.00 USD) - 2025/02/08 2:40:36 WET [2025/02/08 21:40:36 ET]
Table 'Fragaria II' 6-max Seat #2 is the button
Seat 6: CARRI110798 ($308.34 in chips) is sitting out
Seat 1: LuckyShikari ($107.28 in chips) 
Seat 2: skars07 ($124.33 in chips) 
Seat 3: getjet1952 ($66.14 in chips) 
Seat 4: Sadyhov V.V. ($101.30 in chips) 
Seat 5: Supermegopro ($106.18 in chips) 
getjet1952: posts small blind $0.50
Sadyhov V.V.: posts big blind $1
*** HOLE CARDS ***
Supermegopro: folds 
LuckyShikari: folds 
skars07: folds 
getjet1952: calls $0.50
Sadyhov V.V.: checks 
*** FLOP *** [2s Kh 7h]
getjet1952: checks 
Sadyhov V.V.: bets $1
getjet1952: folds 
Uncalled bet ($1) returned to Sadyhov V.V.
Sadyhov V.V. collected $1.90 from pot
Sadyhov V.V.: doesn't show hand 
*** SUMMARY ***
Total pot $2 | Rake $0.10 
Board [2s Kh 7h]
Seat 6: CARRI110798
Seat 1: LuckyShikari folded before Flop (didn't bet)
Seat 2: skars07 (button) folded before Flop (didn't bet)
Seat 3: getjet1952 (small blind) folded on the Flop
Seat 4: Sadyhov V.V. (big blind) collected ($1.90)
Seat 5: Supermegopro folded before Flop (didn't bet)



PokerStars Hand #254777432500:  Hold'em No Limit ($0.50/$1.00 USD) - 2025/02/08 2:40:57 WET [2025/02/08 21:40:57 ET]
Table 'Fragaria II' 6-max Seat #3 is the button
Seat 6: CARRI110798 ($308.34 in chips) is sitting out
Seat 1: LuckyShikari ($107.28 in chips) 
Seat 2: skars07 ($124.33 in chips) 
Seat 3: getjet1952 ($65.14 in chips) 
Seat 4: Sadyhov V.V. ($102.20 in chips) 
Seat 5: Supermegopro ($106.18 in chips) 
Sadyhov V.V.: posts small blind $0.50
Supermegopro: posts big blind $1
*** HOLE CARDS ***
LuckyShikari: folds 
skars07: folds 
getjet1952: folds 
Sadyhov V.V.: folds 
Uncalled bet ($0.50) returned to Supermegopro
Supermegopro collected $1 from pot
Supermegopro: doesn't show hand 
*** SUMMARY ***
Total pot $1 | Rake $0 
Seat 6: CARRI110798
Seat 1: LuckyShikari folded before Flop (didn't bet)
Seat 2: skars07 folded before Flop (didn't bet)
Seat 3: getjet1952 (button) folded before Flop (didn't bet)
Seat 4: Sadyhov V.V. (small blind) folded before Flop
Seat 5: Supermegopro (big blind) collected ($1)



PokerStars Hand #254777433909:  Hold'em No Limit ($0.50/$1.00 USD) - 2025/02/08 2:41:06 WET [2025/02/08 21:41:06 ET]
Table 'Fragaria II' 6-max Seat #4 is the button
Seat 6: CARRI110798 ($308.34 in chips) is sitting out
Seat 1: LuckyShikari ($107.28 in chips) 
Seat 2: skars07 ($124.33 in chips) 
Seat 3: getjet1952 ($65.14 in chips) 
Seat 4: Sadyhov V.V. ($101.70 in chips) 
Seat 5: Supermegopro ($106.68 in chips) 
Supermegopro: posts small blind $0.50
LuckyShikari: posts big blind $1
*** HOLE CARDS ***
skars07: folds 
getjet1952: calls $1
Sadyhov V.V.: folds 
Supermegopro: calls $0.50
LuckyShikari: checks 
*** FLOP *** [Js Kd Qd]
Supermegopro: checks 
LuckyShikari: checks 
getjet1952: checks 
*** TURN *** [Js Kd Qd] [5d]
Supermegopro: bets $1.90
LuckyShikari: folds 
getjet1952: calls $1.90
*** RIVER *** [Js Kd Qd 5d] [Ks]
Supermegopro: checks 
getjet1952: checks 
*** SHOW DOWN ***
Supermegopro: shows [Qh Th] (two pair, Kings and Queens)
getjet1952: mucks hand 
Supermegopro collected $6.46 from pot
CARRI110798 leaves the table
*** SUMMARY ***
Total pot $6.80 | Rake $0.34 
Board [Js Kd Qd 5d Ks]
Seat 6: CARRI110798
Seat 1: LuckyShikari (big blind) folded on the Turn
Seat 2: skars07 folded before Flop (didn't bet)
Seat 3: getjet1952 mucked
Seat 4: Sadyhov V.V. (button) folded before Flop (didn't bet)
Seat 5: Supermegopro (small blind) showed [Qh Th] and won ($6.46) with two pair, Kings and Queens



PokerStars Hand #254777438522:  Hold'em No Limit ($0.50/$1.00 USD) - 2025/02/08 2:41:36 WET [2025/02/08 21:41:36 ET]
Table 'Fragaria II' 6-max Seat #5 is the button
Seat 1: LuckyShikari ($106.28 in chips) 
Seat 2: skars07 ($124.33 in chips) 
Seat 3: getjet1952 ($62.24 in chips) 
Seat 4: Sadyhov V.V. ($101.70 in chips) 
Seat 5: Supermegopro ($110.24 in chips) 
LuckyShikari: posts small blind $0.50
skars07: posts big blind $1
*** HOLE CARDS ***
getjet1952: folds 
Sadyhov V.V.: folds 
Supermegopro: folds 
LuckyShikari: folds 
Uncalled bet ($0.50) returned to skars07
skars07 collected $1 from pot
skars07: doesn't show hand 
*** SUMMARY ***
Total pot $1 | Rake $0 
Seat 1: LuckyShikari (small blind) folded before Flop
Seat 2: skars07 (big blind) collected ($1)
Seat 3: getjet1952 folded before Flop (didn't bet)
Seat 4: Sadyhov V.V. folded before Flop (didn't bet)
Seat 5: Supermegopro (button) folded before Flop (didn't bet)



PokerStars Hand #254777440322:  Hold'em No Limit ($0.50/$1.00 USD) - 2025/02/08 2:41:48 WET [2025/02/08 21:41:48 ET]
Table 'Fragaria II' 6-max Seat #1 is the button
Seat 1: LuckyShikari ($105.78 in chips) 
Seat 2: skars07 ($124.83 in chips) 
Seat 3: getjet1952 ($62.24 in chips) 
Seat 4: Sadyhov V.V. ($101.70 in chips) 
Seat 5: Supermegopro ($110.24 in chips) 
skars07: posts small blind $0.50
getjet1952: posts big blind $1
*** HOLE CARDS ***
KeR888 joins the table at seat #6 
Sadyhov V.V.: folds 
Supermegopro: folds 
LuckyShikari: raises $1 to $2
skars07: folds 
getjet1952: folds 
Uncalled bet ($1) returned to LuckyShikari
LuckyShikari collected $2.50 from pot
LuckyShikari: doesn't show hand 
*** SUMMARY ***
Total pot $2.50 | Rake $0 
Seat 1: LuckyShikari (button) collected ($2.50)
Seat 2: skars07 (small blind) folded before Flop
Seat 3: getjet1952 (big blind) folded before Flop
Seat 4: Sadyhov V.V. folded before Flop (didn't bet)
Seat 5: Supermegopro folded before Flop (didn't bet)



PokerStars Hand #254777444299:  Hold'em No Limit ($0.50/$1.00 USD) - 2025/02/08 2:42:13 WET [2025/02/08 21:42:13 ET]
Table 'Fragaria II' 6-max Seat #2 is the button
Seat 6: KeR888 ($100 in chips) is sitting out
Seat 1: LuckyShikari ($107.28 in chips) 
Seat 2: skars07 ($124.33 in chips) 
Seat 3: getjet1952 ($61.24 in chips) 
Seat 4: Sadyhov V.V. ($101.70 in chips) 
Seat 5: Supermegopro ($110.24 in chips) 
getjet1952: posts small blind $0.50
Sadyhov V.V.: posts big blind $1
KeR888: sits out 
*** HOLE CARDS ***
Supermegopro: folds 
LuckyShikari: raises $1.50 to $2.50
skars07: folds 
getjet1952: folds 
Sadyhov V.V.: folds 
Uncalled bet ($1.50) returned to LuckyShikari
LuckyShikari collected $2.50 from pot
LuckyShikari: doesn't show hand 
*** SUMMARY ***
Total pot $2.50 | Rake $0 
Seat 6: KeR888
Seat 1: LuckyShikari collected ($2.50)
Seat 2: skars07 (button) folded before Flop (didn't bet)
Seat 3: getjet1952 (small blind) folded before Flop
Seat 4: Sadyhov V.V. (big blind) folded before Flop
Seat 5: Supermegopro folded before Flop (didn't bet)



PokerStars Hand #254777446882:  Hold'em No Limit ($0.50/$1.00 USD) - 2025/02/08 2:42:30 WET [2025/02/08 21:42:30 ET]
Table 'Fragaria II' 6-max Seat #3 is the button
Seat 6: KeR888 ($100 in chips) is sitting out
Seat 1: LuckyShikari ($108.78 in chips) 
Seat 2: skars07 ($124.33 in chips) 
Seat 3: getjet1952 ($60.74 in chips) 
Seat 4: Sadyhov V.V. ($100.70 in chips) 
Seat 5: Supermegopro ($110.24 in chips) 
Sadyhov V.V.: posts small blind $0.50
Supermegopro: posts big blind $1
KeR888: sits out 
*** HOLE CARDS ***
LuckyShikari: folds 
skars07: folds 
getjet1952: calls $1
Sadyhov V.V.: folds 
Supermegopro: checks 
*** FLOP *** [Qd 8d Jc]
Supermegopro: checks 
getjet1952: checks 
*** TURN *** [Qd 8d Jc] [3s]
Supermegopro: bets $1
getjet1952: calls $1
*** RIVER *** [Qd 8d Jc 3s] [Jh]
Supermegopro: bets $1.41
getjet1952: calls $1.41
*** SHOW DOWN ***
Supermegopro: shows [Js 5h] (three of a kind, Jacks)
getjet1952: mucks hand 
Supermegopro collected $6.95 from pot
*** SUMMARY ***
Total pot $7.32 | Rake $0.37 
Board [Qd 8d Jc 3s Jh]
Seat 6: KeR888
Seat 1: LuckyShikari folded before Flop (didn't bet)
Seat 2: skars07 folded before Flop (didn't bet)
Seat 3: getjet1952 (button) mucked
Seat 4: Sadyhov V.V. (small blind) folded before Flop
Seat 5: Supermegopro (big blind) showed [Js 5h] and won ($6.95) with three of a kind, Jacks



PokerStars Hand #254777452301:  Hold'em No Limit ($0.50/$1.00 USD) - 2025/02/08 2:43:05 WET [2025/02/08 21:43:05 ET]
Table 'Fragaria II' 6-max Seat #4 is the button
Seat 1: LuckyShikari ($108.78 in chips) 
Seat 2: skars07 ($124.33 in chips) 
Seat 3: getjet1952 ($57.33 in chips) 
Seat 4: Sadyhov V.V. ($100.20 in chips) 
Seat 5: Supermegopro ($113.78 in chips) 
Seat 6: KeR888 ($100 in chips) 
Supermegopro: posts small blind $0.50
KeR888: posts big blind $1
*** HOLE CARDS ***
LuckyShikari: folds 
skars07: folds 
getjet1952: folds 
Sadyhov V.V.: raises $1.20 to $2.20
Supermegopro: folds 
KeR888: calls $1.20
*** FLOP *** [3d 5s 2d]
KeR888: checks 
Sadyhov V.V.: checks 
*** TURN *** [3d 5s 2d] [2c]
KeR888: checks 
Sadyhov V.V.: checks 
*** RIVER *** [3d 5s 2d 2c] [6h]
KeR888: bets $3.50
Sadyhov V.V.: folds 
Uncalled bet ($3.50) returned to KeR888
KeR888 collected $4.66 from pot
KeR888: doesn't show hand 
*** SUMMARY ***
Total pot $4.90 | Rake $0.24 
Board [3d 5s 2d 2c 6h]
Seat 1: LuckyShikari folded before Flop (didn't bet)
Seat 2: skars07 folded before Flop (didn't bet)
Seat 3: getjet1952 folded before Flop (didn't bet)
Seat 4: Sadyhov V.V. (button) folded on the River
Seat 5: Supermegopro (small blind) folded before Flop
Seat 6: KeR888 (big blind) collected ($4.66)



PokerStars Hand #254777461348:  Hold'em No Limit ($0.50/$1.00 USD) - 2025/02/08 2:44:04 WET [2025/02/08 21:44:04 ET]
Table 'Fragaria II' 6-max Seat #5 is the button
Seat 4: Sadyhov V.V. ($100 in chips) is sitting out
Seat 1: LuckyShikari ($108.78 in chips) 
Seat 2: skars07 ($124.33 in chips) 
Seat 3: getjet1952 ($57.33 in chips) 
Seat 5: Supermegopro ($113.28 in chips) 
Seat 6: KeR888 ($102.46 in chips) 
KeR888: posts small blind $0.50
LuckyShikari: posts big blind $1
*** HOLE CARDS ***
skars07: folds 
getjet1952: folds 
Supermegopro: folds 
Sadyhov V.V. leaves the table
KeR888: folds 
Uncalled bet ($0.50) returned to LuckyShikari
LuckyShikari collected $1 from pot
LuckyShikari: doesn't show hand 
*** SUMMARY ***
Total pot $1 | Rake $0 
Seat 4: Sadyhov V.V.
Seat 1: LuckyShikari (big blind) collected ($1)
Seat 2: skars07 folded before Flop (didn't bet)
Seat 3: getjet1952 folded before Flop (didn't bet)
Seat 5: Supermegopro (button) folded before Flop (didn't bet)
Seat 6: KeR888 (small blind) folded before Flop



PokerStars Hand #254777462918:  Hold'em No Limit ($0.50/$1.00 USD) - 2025/02/08 2:44:15 WET [2025/02/08 21:44:15 ET]
Table 'Fragaria II' 6-max Seat #6 is the button
Seat 2: skars07 ($124.33 in chips) is sitting out
Seat 1: LuckyShikari ($109.28 in chips) 
Seat 3: getjet1952 ($57.33 in chips) 
Seat 5: Supermegopro ($113.28 in chips) 
Seat 6: KeR888 ($101.96 in chips) 
LuckyShikari: posts small blind $0.50
skars07: is sitting out 
getjet1952: posts big blind $1
*** HOLE CARDS ***
Supermegopro: folds 
KeR888: raises $1.50 to $2.50
LuckyShikari: folds 
getjet1952: folds 
Uncalled bet ($1.50) returned to KeR888
KeR888 collected $2.50 from pot
KeR888: doesn't show hand 
*** SUMMARY ***
Total pot $2.50 | Rake $0 
Seat 2: skars07
Seat 1: LuckyShikari (small blind) folded before Flop
Seat 3: getjet1952 (big blind) folded before Flop
Seat 5: Supermegopro folded before Flop (didn't bet)
Seat 6: KeR888 (button) collected ($2.50)



PokerStars Hand #254777464714:  Hold'em No Limit ($0.50/$1.00 USD) - 2025/02/08 2:44:27 WET [2025/02/08 21:44:27 ET]
Table 'Fragaria II' 6-max Seat #1 is the button
Seat 2: skars07 ($124.33 in chips) is sitting out
Seat 1: LuckyShikari ($108.78 in chips) 
Seat 3: getjet1952 ($56.33 in chips) 
Seat 5: Supermegopro ($113.28 in chips) 
Seat 6: KeR888 ($103.46 in chips) 
getjet1952: posts small blind $0.50
Supermegopro: posts big blind $1
*** HOLE CARDS ***
KeR888: folds 
LuckyShikari: raises $2.50 to $3.50
getjet1952: folds 
hugeome joins the table at seat #4 
hugeome is disconnected 
Supermegopro: folds 
Uncalled bet ($2.50) returned to LuckyShikari
LuckyShikari collected $2.50 from pot
LuckyShikari: doesn't show hand 
skars07 leaves the table
*** SUMMARY ***
Total pot $2.50 | Rake $0 
Seat 2: skars07
Seat 1: LuckyShikari (button) collected ($2.50)
Seat 3: getjet1952 (small blind) folded before Flop
Seat 5: Supermegopro (big blind) folded before Flop
Seat 6: KeR888 folded before Flop (didn't bet)



PokerStars Hand #254777466962:  Hold'em No Limit ($0.50/$1.00 USD) - 2025/02/08 2:44:42 WET [2025/02/08 21:44:42 ET]
Table 'Fragaria II' 6-max Seat #3 is the button
Seat 4: hugeome ($100 in chips) is sitting out
Seat 1: LuckyShikari ($110.28 in chips) 
Seat 3: getjet1952 ($55.83 in chips) 
Seat 5: Supermegopro ($112.28 in chips) 
Seat 6: KeR888 ($103.46 in chips) 
Supermegopro: posts small blind $0.50
KeR888: posts big blind $1
*** HOLE CARDS ***
LuckyShikari: folds 
getjet1952: folds 
Supermegopro: folds 
Uncalled bet ($0.50) returned to KeR888
KeR888 collected $1 from pot
KeR888: doesn't show hand 
*** SUMMARY ***
Total pot $1 | Rake $0 
Seat 4: hugeome
Seat 1: LuckyShikari folded before Flop (didn't bet)
Seat 3: getjet1952 (button) folded before Flop (didn't bet)
Seat 5: Supermegopro (small blind) folded before Flop
Seat 6: KeR888 (big blind) collected ($1)



PokerStars Hand #254777468424:  Hold'em No Limit ($0.50/$1.00 USD) - 2025/02/08 2:44:51 WET [2025/02/08 21:44:51 ET]
Table 'Fragaria II' 6-max Seat #5 is the button
Seat 4: hugeome ($100 in chips) is sitting out
Seat 1: LuckyShikari ($110.28 in chips) 
Seat 3: getjet1952 ($55.83 in chips) 
Seat 5: Supermegopro ($111.78 in chips) 
Seat 6: KeR888 ($103.96 in chips) 
KeR888: posts small blind $0.50
LuckyShikari: posts big blind $1
hugeome: sits out 
*** HOLE CARDS ***
getjet1952: folds 
Supermegopro: raises $1.50 to $2.50
KeR888: folds 
LuckyShikari: folds 
Uncalled bet ($1.50) returned to Supermegopro
avlee1 joins the table at seat #2 
Supermegopro collected $2.50 from pot
Supermegopro: doesn't show hand 
*** SUMMARY ***
Total pot $2.50 | Rake $0 
Seat 4: hugeome
Seat 1: LuckyShikari (big blind) folded before Flop
Seat 3: getjet1952 folded before Flop (didn't bet)
Seat 5: Supermegopro (button) collected ($2.50)
Seat 6: KeR888 (small blind) folded before Flop



PokerStars Hand #254777470577:  Hold'em No Limit ($0.50/$1.00 USD) - 2025/02/08 2:45:06 WET [2025/02/08 21:45:06 ET]
Table 'Fragaria II' 6-max Seat #6 is the button
Seat 4: hugeome ($100 in chips) is sitting out
Seat 1: LuckyShikari ($109.28 in chips) 
Seat 2: avlee1 ($108.92 in chips) 
Seat 3: getjet1952 ($55.83 in chips) 
Seat 5: Supermegopro ($113.28 in chips) 
Seat 6: KeR888 ($103.46 in chips) 
LuckyShikari: posts small blind $0.50
avlee1: posts big blind $1
hugeome: sits out 
*** HOLE CARDS ***
getjet1952: calls $1
Supermegopro: folds 
KeR888: folds 
LuckyShikari: folds 
avlee1: checks 
*** FLOP *** [2s 4h 8c]
avlee1: bets $1
getjet1952: folds 
Uncalled bet ($1) returned to avlee1
avlee1 collected $2.38 from pot
avlee1: doesn't show hand 
*** SUMMARY ***
Total pot $2.50 | Rake $0.12 
Board [2s 4h 8c]
Seat 4: hugeome
Seat 1: LuckyShikari (small blind) folded before Flop
Seat 2: avlee1 (big blind) collected ($2.38)
Seat 3: getjet1952 folded on the Flop
Seat 5: Supermegopro folded before Flop (didn't bet)
Seat 6: KeR888 (button) folded before Flop (didn't bet)



PokerStars Hand #254777473855:  Hold'em No Limit ($0.50/$1.00 USD) - 2025/02/08 2:45:27 WET [2025/02/08 21:45:27 ET]
Table 'Fragaria II' 6-max Seat #1 is the button
Seat 4: hugeome ($100 in chips) is sitting out
Seat 1: LuckyShikari ($108.78 in chips) 
Seat 2: avlee1 ($110.30 in chips) 
Seat 3: getjet1952 ($54.83 in chips) 
Seat 5: Supermegopro ($113.28 in chips) 
Seat 6: KeR888 ($103.46 in chips) 
avlee1: posts small blind $0.50
getjet1952: posts big blind $1
hugeome: sits out 
*** HOLE CARDS ***
Supermegopro: folds 
KeR888: raises $1.50 to $2.50
LuckyShikari: folds 
avlee1: raises $9.50 to $12
getjet1952: folds 
KeR888: folds 
Uncalled bet ($9.50) returned to avlee1
avlee1 collected $6 from pot
avlee1: doesn't show hand 
*** SUMMARY ***
Total pot $6 | Rake $0 
Seat 4: hugeome
Seat 1: LuckyShikari (button) folded before Flop (didn't bet)
Seat 2: avlee1 (small blind) collected ($6)
Seat 3: getjet1952 (big blind) folded before Flop
Seat 5: Supermegopro folded before Flop (didn't bet)
Seat 6: KeR888 folded before Flop



PokerStars Hand #254777477244:  Hold'em No Limit ($0.50/$1.00 USD) - 2025/02/08 2:45:49 WET [2025/02/08 21:45:49 ET]
Table 'Fragaria II' 6-max Seat #2 is the button
Seat 1: LuckyShikari ($108.78 in chips) 
Seat 2: avlee1 ($113.80 in chips) 
Seat 3: getjet1952 ($53.83 in chips) 
Seat 4: hugeome ($100 in chips) 
Seat 5: Supermegopro ($113.28 in chips) 
Seat 6: KeR888 ($100.96 in chips) 
getjet1952: posts small blind $0.50
hugeome: posts big blind $1
*** HOLE CARDS ***
Supermegopro: folds 
KeR888: folds 
LuckyShikari: folds 
avlee1: raises $1.50 to $2.50
getjet1952: folds 
hugeome: calls $1.50
*** FLOP *** [5s Qd 7h]
hugeome: checks 
avlee1: bets $1.46
hugeome: calls $1.46
*** TURN *** [5s Qd 7h] [4s]
hugeome: checks 
avlee1: checks 
*** RIVER *** [5s Qd 7h 4s] [9d]
hugeome: bets $5
avlee1: folds 
Uncalled bet ($5) returned to hugeome
hugeome collected $8 from pot
hugeome: doesn't show hand 
*** SUMMARY ***
Total pot $8.42 | Rake $0.42 
Board [5s Qd 7h 4s 9d]
Seat 1: LuckyShikari folded before Flop (didn't bet)
Seat 2: avlee1 (button) folded on the River
Seat 3: getjet1952 (small blind) folded before Flop
Seat 4: hugeome (big blind) collected ($8)
Seat 5: Supermegopro folded before Flop (didn't bet)
Seat 6: KeR888 folded before Flop (didn't bet)



PokerStars Hand #254777489027:  Hold'em No Limit ($0.50/$1.00 USD) - 2025/02/08 2:47:06 WET [2025/02/08 21:47:06 ET]
Table 'Fragaria II' 6-max Seat #3 is the button
Seat 1: LuckyShikari ($108.78 in chips) 
Seat 2: avlee1 ($109.84 in chips) 
Seat 3: getjet1952 ($53.33 in chips) 
Seat 4: hugeome ($104.04 in chips) 
Seat 5: Supermegopro ($113.28 in chips) 
Seat 6: KeR888 ($100.96 in chips) 
hugeome: posts small blind $0.50
Supermegopro: posts big blind $1
*** HOLE CARDS ***
KeR888: raises $1.20 to $2.20
LuckyShikari: calls $2.20
avlee1: folds 
getjet1952: folds 
hugeome: calls $1.70
Supermegopro: folds 
*** FLOP *** [Ts 6s Ah]
hugeome: checks 
KeR888: checks 
LuckyShikari: checks 
*** TURN *** [Ts 6s Ah] [Th]
hugeome: bets $3
KeR888: raises $9.92 to $12.92
LuckyShikari: folds 
hugeome: calls $9.92
*** RIVER *** [Ts 6s Ah Th] [3d]
hugeome: checks 
KeR888: bets $7.94
hugeome: calls $7.94
*** SHOW DOWN ***
KeR888: shows [Td As] (a full house, Tens full of Aces)
hugeome: mucks hand 
KeR888 collected $46.85 from pot
*** SUMMARY ***
Total pot $49.32 | Rake $2.47 
Board [Ts 6s Ah Th 3d]
Seat 1: LuckyShikari folded on the Turn
Seat 2: avlee1 folded before Flop (didn't bet)
Seat 3: getjet1952 (button) folded before Flop (didn't bet)
Seat 4: hugeome (small blind) mucked
Seat 5: Supermegopro (big blind) folded before Flop
Seat 6: KeR888 showed [Td As] and won ($46.85) with a full house, Tens full of Aces



PokerStars Hand #254777503838:  Hold'em No Limit ($0.50/$1.00 USD) - 2025/02/08 2:48:43 WET [2025/02/08 21:48:43 ET]
Table 'Fragaria II' 6-max Seat #4 is the button
Seat 1: LuckyShikari ($106.58 in chips) 
Seat 2: avlee1 ($109.84 in chips) 
Seat 3: getjet1952 ($53.33 in chips) 
Seat 4: hugeome ($80.98 in chips) 
Seat 5: Supermegopro ($112.28 in chips) 
Seat 6: KeR888 ($124.75 in chips) 
Supermegopro: posts small blind $0.50
KeR888: posts big blind $1
*** HOLE CARDS ***
LuckyShikari: folds 
avlee1: folds 
getjet1952: folds 
hugeome: raises $1 to $2
Supermegopro: folds 
KeR888: calls $1
*** FLOP *** [Ac Jc 7h]
KeR888: checks 
hugeome: checks 
*** TURN *** [Ac Jc 7h] [3s]
KeR888: checks 
hugeome: bets $2
KeR888: folds 
Uncalled bet ($2) returned to hugeome
hugeome collected $4.28 from pot
hugeome: doesn't show hand 
*** SUMMARY ***
Total pot $4.50 | Rake $0.22 
Board [Ac Jc 7h 3s]
Seat 1: LuckyShikari folded before Flop (didn't bet)
Seat 2: avlee1 folded before Flop (didn't bet)
Seat 3: getjet1952 folded before Flop (didn't bet)
Seat 4: hugeome (button) collected ($4.28)
Seat 5: Supermegopro (small blind) folded before Flop
Seat 6: KeR888 (big blind) folded on the Turn



PokerStars Hand #254777509223:  Hold'em No Limit ($0.50/$1.00 USD) - 2025/02/08 2:49:19 WET [2025/02/08 21:49:19 ET]
Table 'Fragaria II' 6-max Seat #5 is the button
Seat 1: LuckyShikari ($106.58 in chips) 
Seat 2: avlee1 ($109.84 in chips) 
Seat 3: getjet1952 ($53.33 in chips) 
Seat 4: hugeome ($83.26 in chips) 
Seat 5: Supermegopro ($111.78 in chips) 
Seat 6: KeR888 ($122.75 in chips) 
KeR888: posts small blind $0.50
LuckyShikari: posts big blind $1
*** HOLE CARDS ***
avlee1: folds 
getjet1952: folds 
hugeome: raises $1 to $2
Supermegopro: folds 
KeR888: folds 
LuckyShikari: folds 
Uncalled bet ($1) returned to hugeome
hugeome collected $2.50 from pot
hugeome: doesn't show hand 
*** SUMMARY ***
Total pot $2.50 | Rake $0 
Seat 1: LuckyShikari (big blind) folded before Flop
Seat 2: avlee1 folded before Flop (didn't bet)
Seat 3: getjet1952 folded before Flop (didn't bet)
Seat 4: hugeome collected ($2.50)
Seat 5: Supermegopro (button) folded before Flop (didn't bet)
Seat 6: KeR888 (small blind) folded before Flop



PokerStars Hand #254777511484:  Hold'em No Limit ($0.50/$1.00 USD) - 2025/02/08 2:49:33 WET [2025/02/08 21:49:33 ET]
Table 'Fragaria II' 6-max Seat #6 is the button
Seat 1: LuckyShikari ($105.58 in chips) 
Seat 2: avlee1 ($109.84 in chips) 
Seat 3: getjet1952 ($53.33 in chips) 
Seat 4: hugeome ($84.76 in chips) 
Seat 5: Supermegopro ($111.78 in chips) 
Seat 6: KeR888 ($122.25 in chips) 
LuckyShikari: posts small blind $0.50
avlee1: posts big blind $1
*** HOLE CARDS ***
getjet1952: calls $1
hugeome: raises $1 to $2
Supermegopro: calls $2
KeR888: folds 
LuckyShikari: folds 
avlee1: folds 
getjet1952: calls $1
*** FLOP *** [Ad 4s Ks]
getjet1952: checks 
hugeome: checks 
Supermegopro: checks 
*** TURN *** [Ad 4s Ks] [2s]
getjet1952: bets $3.56
hugeome: folds 
Supermegopro: folds 
Uncalled bet ($3.56) returned to getjet1952
getjet1952 collected $7.12 from pot
getjet1952: doesn't show hand 
*** SUMMARY ***
Total pot $7.50 | Rake $0.38 
Board [Ad 4s Ks 2s]
Seat 1: LuckyShikari (small blind) folded before Flop
Seat 2: avlee1 (big blind) folded before Flop
Seat 3: getjet1952 collected ($7.12)
Seat 4: hugeome folded on the Turn
Seat 5: Supermegopro folded on the Turn
Seat 6: KeR888 (button) folded before Flop (didn't bet)



PokerStars Hand #254777517207:  Hold'em No Limit ($0.50/$1.00 USD) - 2025/02/08 2:50:12 WET [2025/02/08 21:50:12 ET]
Table 'Fragaria II' 6-max Seat #1 is the button
Seat 1: LuckyShikari ($105.08 in chips) 
Seat 2: avlee1 ($108.84 in chips) 
Seat 3: getjet1952 ($58.45 in chips) 
Seat 4: hugeome ($82.76 in chips) 
Seat 5: Supermegopro ($109.78 in chips) 
Seat 6: KeR888 ($122.25 in chips) 
avlee1: posts small blind $0.50
getjet1952: posts big blind $1
*** HOLE CARDS ***
hugeome: raises $1 to $2
Supermegopro: folds 
KeR888: folds 
LuckyShikari: raises $6 to $8
avlee1: folds 
getjet1952: folds 
hugeome: calls $6
*** FLOP *** [Ad 5h 4h]
hugeome: checks 
LuckyShikari: checks 
*** TURN *** [Ad 5h 4h] [9h]
hugeome: bets $5
LuckyShikari: calls $5
*** RIVER *** [Ad 5h 4h 9h] [6h]
hugeome: checks 
LuckyShikari: bets $26
hugeome: folds 
Uncalled bet ($26) returned to LuckyShikari
LuckyShikari collected $26.12 from pot
LuckyShikari: doesn't show hand 
*** SUMMARY ***
Total pot $27.50 | Rake $1.38 
Board [Ad 5h 4h 9h 6h]
Seat 1: LuckyShikari (button) collected ($26.12)
Seat 2: avlee1 (small blind) folded before Flop
Seat 3: getjet1952 (big blind) folded before Flop
Seat 4: hugeome folded on the River
Seat 5: Supermegopro folded before Flop (didn't bet)
Seat 6: KeR888 folded before Flop (didn't bet)



PokerStars Hand #254777522447:  Hold'em No Limit ($0.50/$1.00 USD) - 2025/02/08 2:50:46 WET [2025/02/08 21:50:46 ET]
Table 'Fragaria II' 6-max Seat #2 is the button
Seat 1: LuckyShikari ($118.20 in chips) 
Seat 2: avlee1 ($108.34 in chips) 
Seat 3: getjet1952 ($57.45 in chips) 
Seat 4: hugeome ($69.76 in chips) 
Seat 5: Supermegopro ($109.78 in chips) 
Seat 6: KeR888 ($122.25 in chips) 
getjet1952: posts small blind $0.50
hugeome: posts big blind $1
*** HOLE CARDS ***
Supermegopro: folds 
KeR888: folds 
LuckyShikari: folds 
avlee1: folds 
getjet1952: calls $0.50
hugeome: checks 
*** FLOP *** [9d 2c Qh]
getjet1952: checks 
hugeome: checks 
*** TURN *** [9d 2c Qh] [Ah]
getjet1952: checks 
hugeome: bets $2
getjet1952: folds 
Uncalled bet ($2) returned to hugeome
hugeome collected $1.90 from pot
hugeome: doesn't show hand 
*** SUMMARY ***
Total pot $2 | Rake $0.10 
Board [9d 2c Qh Ah]
Seat 1: LuckyShikari folded before Flop (didn't bet)
Seat 2: avlee1 (button) folded before Flop (didn't bet)
Seat 3: getjet1952 (small blind) folded on the Turn
Seat 4: hugeome (big blind) collected ($1.90)
Seat 5: Supermegopro folded before Flop (didn't bet)
Seat 6: KeR888 folded before Flop (didn't bet)



PokerStars Hand #254777526797:  Hold'em No Limit ($0.50/$1.00 USD) - 2025/02/08 2:51:15 WET [2025/02/08 21:51:15 ET]
Table 'Fragaria II' 6-max Seat #3 is the button
Seat 1: LuckyShikari ($118.20 in chips) 
Seat 2: avlee1 ($108.34 in chips) 
Seat 3: getjet1952 ($56.45 in chips) 
Seat 4: hugeome ($70.66 in chips) 
Seat 5: Supermegopro ($109.78 in chips) 
Seat 6: KeR888 ($122.25 in chips) 
hugeome: posts small blind $0.50
Supermegopro: posts big blind $1
*** HOLE CARDS ***
KeR888: folds 
LuckyShikari: folds 
avlee1: folds 
getjet1952: calls $1
hugeome: raises $4 to $5
Supermegopro: folds 
getjet1952: calls $4
*** FLOP *** [2s 4h 4d]
hugeome: bets $4
getjet1952: calls $4
*** TURN *** [2s 4h 4d] [Qc]
hugeome: checks 
getjet1952: checks 
*** RIVER *** [2s 4h 4d Qc] [Js]
hugeome: bets $61.66 and is all-in
getjet1952: calls $47.45 and is all-in
Uncalled bet ($14.21) returned to hugeome
*** SHOW DOWN ***
hugeome: shows [As Jc] (two pair, Jacks and Fours)
getjet1952: shows [Kd Qs] (two pair, Queens and Fours)
getjet1952 collected $111.40 from pot
*** SUMMARY ***
Total pot $113.90 | Rake $2.50 
Board [2s 4h 4d Qc Js]
Seat 1: LuckyShikari folded before Flop (didn't bet)
Seat 2: avlee1 folded before Flop (didn't bet)
Seat 3: getjet1952 (button) showed [Kd Qs] and won ($111.40) with two pair, Queens and Fours
Seat 4: hugeome (small blind) showed [As Jc] and lost with two pair, Jacks and Fours
Seat 5: Supermegopro (big blind) folded before Flop
Seat 6: KeR888 folded before Flop (didn't bet)



PokerStars Hand #254777531760:  Hold'em No Limit ($0.50/$1.00 USD) - 2025/02/08 2:51:49 WET [2025/02/08 21:51:49 ET]
Table 'Fragaria II' 6-max Seat #4 is the button
Seat 1: LuckyShikari ($118.20 in chips) 
Seat 2: avlee1 ($108.34 in chips) 
Seat 3: getjet1952 ($111.40 in chips) 
Seat 4: hugeome ($14.21 in chips) 
Seat 5: Supermegopro ($108.78 in chips) 
Seat 6: KeR888 ($122.25 in chips) 
Supermegopro: posts small blind $0.50
KeR888: posts big blind $1
*** HOLE CARDS ***
LuckyShikari: folds 
avlee1: folds 
getjet1952: folds 
hugeome: folds 
Supermegopro: raises $2 to $3
KeR888: folds 
Uncalled bet ($2) returned to Supermegopro
Supermegopro collected $2 from pot
Supermegopro: doesn't show hand 
*** SUMMARY ***
Total pot $2 | Rake $0 
Seat 1: LuckyShikari folded before Flop (didn't bet)
Seat 2: avlee1 folded before Flop (didn't bet)
Seat 3: getjet1952 folded before Flop (didn't bet)
Seat 4: hugeome (button) folded before Flop (didn't bet)
Seat 5: Supermegopro (small blind) collected ($2)
Seat 6: KeR888 (big blind) folded before Flop



PokerStars Hand #254777534118:  Hold'em No Limit ($0.50/$1.00 USD) - 2025/02/08 2:52:05 WET [2025/02/08 21:52:05 ET]
Table 'Fragaria II' 6-max Seat #5 is the button
Seat 1: LuckyShikari ($118.20 in chips) 
Seat 2: avlee1 ($108.34 in chips) 
Seat 3: getjet1952 ($111.40 in chips) 
Seat 4: hugeome ($14.21 in chips) 
Seat 5: Supermegopro ($109.78 in chips) 
Seat 6: KeR888 ($121.25 in chips) 
KeR888: posts small blind $0.50
LuckyShikari: posts big blind $1
*** HOLE CARDS ***
avlee1: folds 
getjet1952: folds 
hugeome: raises $1 to $2
Supermegopro: folds 
KeR888: folds 
LuckyShikari: folds 
Uncalled bet ($1) returned to hugeome
hugeome collected $2.50 from pot
hugeome: doesn't show hand 
*** SUMMARY ***
Total pot $2.50 | Rake $0 
Seat 1: LuckyShikari (big blind) folded before Flop
Seat 2: avlee1 folded before Flop (didn't bet)
Seat 3: getjet1952 folded before Flop (didn't bet)
Seat 4: hugeome collected ($2.50)
Seat 5: Supermegopro (button) folded before Flop (didn't bet)
Seat 6: KeR888 (small blind) folded before Flop



PokerStars Hand #254777536724:  Hold'em No Limit ($0.50/$1.00 USD) - 2025/02/08 2:52:22 WET [2025/02/08 21:52:22 ET]
Table 'Fragaria II' 6-max Seat #6 is the button
Seat 1: LuckyShikari ($117.20 in chips) 
Seat 2: avlee1 ($108.34 in chips) 
Seat 3: getjet1952 ($111.40 in chips) 
Seat 4: hugeome ($15.71 in chips) 
Seat 5: Supermegopro ($109.78 in chips) 
Seat 6: KeR888 ($120.75 in chips) 
LuckyShikari: posts small blind $0.50
avlee1: posts big blind $1
*** HOLE CARDS ***
getjet1952: calls $1
hugeome: folds 
Supermegopro: folds 
KeR888: raises $3 to $4
LuckyShikari: folds 
avlee1: folds 
getjet1952: calls $3
*** FLOP *** [6d As Qs]
getjet1952: checks 
KeR888: checks 
*** TURN *** [6d As Qs] [5s]
getjet1952: bets $4.51
KeR888: calls $4.51
*** RIVER *** [6d As Qs 5s] [9s]
getjet1952: bets $8.80
KeR888: folds 
Uncalled bet ($8.80) returned to getjet1952
getjet1952 collected $17.59 from pot
getjet1952: doesn't show hand 
*** SUMMARY ***
Total pot $18.52 | Rake $0.93 
Board [6d As Qs 5s 9s]
Seat 1: LuckyShikari (small blind) folded before Flop
Seat 2: avlee1 (big blind) folded before Flop
Seat 3: getjet1952 collected ($17.59)
Seat 4: hugeome folded before Flop (didn't bet)
Seat 5: Supermegopro folded before Flop (didn't bet)
Seat 6: KeR888 (button) folded on the River



PokerStars Hand #254777544237:  Hold'em No Limit ($0.50/$1.00 USD) - 2025/02/08 2:53:13 WET [2025/02/08 21:53:13 ET]
Table 'Fragaria II' 6-max Seat #1 is the button
Seat 1: LuckyShikari ($116.70 in chips) 
Seat 2: avlee1 ($107.34 in chips) 
Seat 3: getjet1952 ($120.48 in chips) 
Seat 4: hugeome ($15.71 in chips) 
Seat 5: Supermegopro ($109.78 in chips) 
Seat 6: KeR888 ($112.24 in chips) 
avlee1: posts small blind $0.50
getjet1952: posts big blind $1
*** HOLE CARDS ***
hugeome: folds 
Supermegopro: folds 
KeR888: folds 
LuckyShikari: folds 
hugeome leaves the table
avlee1: raises $2 to $3
getjet1952: folds 
Uncalled bet ($2) returned to avlee1
avlee1 collected $2 from pot
avlee1: doesn't show hand 
*** SUMMARY ***
Total pot $2 | Rake $0 
Seat 1: LuckyShikari (button) folded before Flop (didn't bet)
Seat 2: avlee1 (small blind) collected ($2)
Seat 3: getjet1952 (big blind) folded before Flop
Seat 4: hugeome folded before Flop (didn't bet)
Seat 5: Supermegopro folded before Flop (didn't bet)
Seat 6: KeR888 folded before Flop (didn't bet)



PokerStars Hand #254777546628:  Hold'em No Limit ($0.50/$1.00 USD) - 2025/02/08 2:53:29 WET [2025/02/08 21:53:29 ET]
Table 'Fragaria II' 6-max Seat #2 is the button
Seat 1: LuckyShikari ($116.70 in chips) 
Seat 2: avlee1 ($108.34 in chips) 
Seat 3: getjet1952 ($119.48 in chips) 
Seat 5: Supermegopro ($109.78 in chips) 
Seat 6: KeR888 ($112.24 in chips) 
getjet1952: posts small blind $0.50
Supermegopro: posts big blind $1
*** HOLE CARDS ***
KeR888: folds 
LuckyShikari: folds 
50CandyJoe joins the table at seat #4 
avlee1: folds 
getjet1952: calls $0.50
Supermegopro: raises $3 to $4
getjet1952: calls $3
*** FLOP *** [Kc As 5h]
getjet1952: bets $3.80
Supermegopro: calls $3.80
*** TURN *** [Kc As 5h] [9c]
getjet1952: checks 
Supermegopro: checks 
*** RIVER *** [Kc As 5h 9c] [Qh]
getjet1952: checks 
Supermegopro: checks 
*** SHOW DOWN ***
getjet1952: shows [2d Ad] (a pair of Aces)
Supermegopro: shows [Ac 6c] (a pair of Aces)
getjet1952 collected $7.41 from pot
Supermegopro collected $7.41 from pot
*** SUMMARY ***
Total pot $15.60 | Rake $0.78 
Board [Kc As 5h 9c Qh]
Seat 1: LuckyShikari folded before Flop (didn't bet)
Seat 2: avlee1 (button) folded before Flop (didn't bet)
Seat 3: getjet1952 (small blind) showed [2d Ad] and won ($7.41) with a pair of Aces
Seat 5: Supermegopro (big blind) showed [Ac 6c] and won ($7.41) with a pair of Aces
Seat 6: KeR888 folded before Flop (didn't bet)



PokerStars Hand #254777551416:  Hold'em No Limit ($0.50/$1.00 USD) - 2025/02/08 2:54:01 WET [2025/02/08 21:54:01 ET]
Table 'Fragaria II' 6-max Seat #3 is the button
Seat 4: 50CandyJoe ($100 in chips) is sitting out
Seat 1: LuckyShikari ($116.70 in chips) 
Seat 2: avlee1 ($108.34 in chips) 
Seat 3: getjet1952 ($119.09 in chips) 
Seat 5: Supermegopro ($109.39 in chips) 
Seat 6: KeR888 ($112.24 in chips) 
Supermegopro: posts small blind $0.50
KeR888: posts big blind $1
*** HOLE CARDS ***
LuckyShikari: raises $1.50 to $2.50
avlee1: folds 
getjet1952: calls $2.50
Supermegopro: folds 
KeR888: folds 
*** FLOP *** [Jc Ad Ts]
LuckyShikari: checks 
getjet1952: checks 
*** TURN *** [Jc Ad Ts] [Qs]
LuckyShikari: checks 
getjet1952: bets $3.09
LuckyShikari: calls $3.09
*** RIVER *** [Jc Ad Ts Qs] [Kd]
LuckyShikari: checks 
getjet1952: checks 
*** SHOW DOWN ***
LuckyShikari: shows [Qd Qh] (a straight, Ten to Ace)
getjet1952: shows [Td As] (a straight, Ten to Ace)
LuckyShikari collected $6.03 from pot
getjet1952 collected $6.02 from pot
*** SUMMARY ***
Total pot $12.68 | Rake $0.63 
Board [Jc Ad Ts Qs Kd]
Seat 4: 50CandyJoe
Seat 1: LuckyShikari showed [Qd Qh] and won ($6.03) with a straight, Ten to Ace
Seat 2: avlee1 folded before Flop (didn't bet)
Seat 3: getjet1952 (button) showed [Td As] and won ($6.02) with a straight, Ten to Ace
Seat 5: Supermegopro (small blind) folded before Flop
Seat 6: KeR888 (big blind) folded before Flop



PokerStars Hand #254777555495:  Hold'em No Limit ($0.50/$1.00 USD) - 2025/02/08 2:54:29 WET [2025/02/08 21:54:29 ET]
Table 'Fragaria II' 6-max Seat #5 is the button
Seat 4: 50CandyJoe ($100 in chips) is sitting out
Seat 1: LuckyShikari ($117.14 in chips) 
Seat 2: avlee1 ($108.34 in chips) 
Seat 3: getjet1952 ($119.52 in chips) 
Seat 5: Supermegopro ($108.89 in chips) 
Seat 6: KeR888 ($111.24 in chips) 
KeR888: posts small blind $0.50
LuckyShikari: posts big blind $1
50CandyJoe: sits out 
*** HOLE CARDS ***
avlee1: folds 
getjet1952: calls $1
Supermegopro: folds 
KeR888: folds 
LuckyShikari: checks 
*** FLOP *** [7h Ks Ts]
LuckyShikari: checks 
getjet1952: checks 
*** TURN *** [7h Ks Ts] [3h]
LuckyShikari: checks 
getjet1952: checks 
*** RIVER *** [7h Ks Ts 3h] [3s]
LuckyShikari: checks 
getjet1952: checks 
*** SHOW DOWN ***
LuckyShikari: shows [8d 5c] (a pair of Threes)
getjet1952: shows [5h Qh] (a pair of Threes - King+Queen kicker)
getjet1952 collected $2.38 from pot
*** SUMMARY ***
Total pot $2.50 | Rake $0.12 
Board [7h Ks Ts 3h 3s]
Seat 4: 50CandyJoe
Seat 1: LuckyShikari (big blind) showed [8d 5c] and lost with a pair of Threes
Seat 2: avlee1 folded before Flop (didn't bet)
Seat 3: getjet1952 showed [5h Qh] and won ($2.38) with a pair of Threes
Seat 5: Supermegopro (button) folded before Flop (didn't bet)
Seat 6: KeR888 (small blind) folded before Flop



PokerStars Hand #254777559114:  Hold'em No Limit ($0.50/$1.00 USD) - 2025/02/08 2:54:53 WET [2025/02/08 21:54:53 ET]
Table 'Fragaria II' 6-max Seat #6 is the button
Seat 4: 50CandyJoe ($100 in chips) is sitting out
Seat 1: LuckyShikari ($116.14 in chips) 
Seat 2: avlee1 ($108.34 in chips) 
Seat 3: getjet1952 ($120.90 in chips) 
Seat 5: Supermegopro ($108.89 in chips) 
Seat 6: KeR888 ($110.74 in chips) 
LuckyShikari: posts small blind $0.50
avlee1: posts big blind $1
50CandyJoe: sits out 
*** HOLE CARDS ***
getjet1952: folds 
Supermegopro: folds 
KeR888: folds 
LuckyShikari: raises $2.50 to $3.50
avlee1: calls $2.50
*** FLOP *** [7d 3c 3h]
LuckyShikari: bets $5.50
avlee1: folds 
Uncalled bet ($5.50) returned to LuckyShikari
LuckyShikari collected $6.65 from pot
LuckyShikari: doesn't show hand 
*** SUMMARY ***
Total pot $7 | Rake $0.35 
Board [7d 3c 3h]
Seat 4: 50CandyJoe
Seat 1: LuckyShikari (small blind) collected ($6.65)
Seat 2: avlee1 (big blind) folded on the Flop
Seat 3: getjet1952 folded before Flop (didn't bet)
Seat 5: Supermegopro folded before Flop (didn't bet)
Seat 6: KeR888 (button) folded before Flop (didn't bet)



PokerStars Hand #254777563764:  Hold'em No Limit ($0.50/$1.00 USD) - 2025/02/08 2:55:32 WET [2025/02/08 21:55:32 ET]
Table 'Fragaria II' 6-max Seat #1 is the button
Seat 4: 50CandyJoe ($100 in chips) is sitting out
Seat 1: LuckyShikari ($119.29 in chips) 
Seat 2: avlee1 ($104.84 in chips) 
Seat 3: getjet1952 ($120.90 in chips) 
Seat 5: Supermegopro ($108.89 in chips) 
Seat 6: KeR888 ($110.74 in chips) 
avlee1: posts small blind $0.50
getjet1952: posts big blind $1
50CandyJoe: sits out 
*** HOLE CARDS ***
Supermegopro: folds 
KeR888: folds 
LuckyShikari: raises $2.50 to $3.50
avlee1: raises $9.50 to $13
getjet1952: folds 
LuckyShikari: raises $15 to $28
avlee1: raises $76.84 to $104.84 and is all-in
LuckyShikari: folds 
Uncalled bet ($76.84) returned to avlee1
avlee1 collected $57 from pot
avlee1: doesn't show hand 
*** SUMMARY ***
Total pot $57 | Rake $0 
Seat 4: 50CandyJoe
Seat 1: LuckyShikari (button) folded before Flop
Seat 2: avlee1 (small blind) collected ($57)
Seat 3: getjet1952 (big blind) folded before Flop
Seat 5: Supermegopro folded before Flop (didn't bet)
Seat 6: KeR888 folded before Flop (didn't bet)



PokerStars Hand #254777569322:  Hold'em No Limit ($0.50/$1.00 USD) - 2025/02/08 2:56:20 WET [2025/02/08 21:56:20 ET]
Table 'Fragaria II' 6-max Seat #2 is the button
Seat 1: LuckyShikari ($100 in chips) 
Seat 2: avlee1 ($133.84 in chips) 
Seat 3: getjet1952 ($119.90 in chips) 
Seat 4: 50CandyJoe ($100 in chips) 
Seat 5: Supermegopro ($108.89 in chips) 
Seat 6: KeR888 ($110.74 in chips) 
getjet1952: posts small blind $0.50
50CandyJoe: posts big blind $1
*** HOLE CARDS ***
Supermegopro: folds 
Supermegopro leaves the table
KeR888: folds 
LuckyShikari: folds 
avlee1: raises $1.50 to $2.50
getjet1952: folds 
50CandyJoe: raises $10 to $12.50
avlee1: folds 
Uncalled bet ($10) returned to 50CandyJoe
50CandyJoe collected $5.50 from pot
bogarthump joins the table at seat #5 
50CandyJoe: doesn't show hand 
*** SUMMARY ***
Total pot $5.50 | Rake $0 
Seat 1: LuckyShikari folded before Flop (didn't bet)
Seat 2: avlee1 (button) folded before Flop
Seat 3: getjet1952 (small blind) folded before Flop
Seat 4: 50CandyJoe (big blind) collected ($5.50)
Seat 5: Supermegopro folded before Flop (didn't bet)
Seat 6: KeR888 folded before Flop (didn't bet)



PokerStars Hand #254777571685:  Hold'em No Limit ($0.50/$1.00 USD) - 2025/02/08 2:56:41 WET [2025/02/08 21:56:41 ET]
Table 'Fragaria II' 6-max Seat #3 is the button
Seat 1: LuckyShikari ($100 in chips) 
Seat 2: avlee1 ($131.34 in chips) 
Seat 3: getjet1952 ($119.40 in chips) 
Seat 4: 50CandyJoe ($103 in chips) 
Seat 5: bogarthump ($100 in chips) 
Seat 6: KeR888 ($110.74 in chips) 
50CandyJoe: posts small blind $0.50
bogarthump: posts big blind $1
*** HOLE CARDS ***
KeR888: folds 
LuckyShikari: raises $1.50 to $2.50
avlee1: folds 
getjet1952: folds 
50CandyJoe: folds 
bogarthump: folds 
Uncalled bet ($1.50) returned to LuckyShikari
LuckyShikari collected $2.50 from pot
LuckyShikari: doesn't show hand 
*** SUMMARY ***
Total pot $2.50 | Rake $0 
Seat 1: LuckyShikari collected ($2.50)
Seat 2: avlee1 folded before Flop (didn't bet)
Seat 3: getjet1952 (button) folded before Flop (didn't bet)
Seat 4: 50CandyJoe (small blind) folded before Flop
Seat 5: bogarthump (big blind) folded before Flop
Seat 6: KeR888 folded before Flop (didn't bet)



PokerStars Hand #254777574098:  Hold'em No Limit ($0.50/$1.00 USD) - 2025/02/08 2:57:03 WET [2025/02/08 21:57:03 ET]
Table 'Fragaria II' 6-max Seat #4 is the button
Seat 1: LuckyShikari ($101.50 in chips) 
Seat 2: avlee1 ($131.34 in chips) 
Seat 3: getjet1952 ($119.40 in chips) 
Seat 4: 50CandyJoe ($102.50 in chips) 
Seat 5: bogarthump ($99 in chips) 
Seat 6: KeR888 ($110.74 in chips) 
bogarthump: posts small blind $0.50
KeR888: posts big blind $1
*** HOLE CARDS ***
LuckyShikari: folds 
avlee1: raises $1.50 to $2.50
getjet1952: calls $2.50
50CandyJoe: folds 
bogarthump: calls $2
KeR888: folds 
*** FLOP *** [2c Qh Td]
bogarthump: bets $3
avlee1: calls $3
getjet1952: calls $3
*** TURN *** [2c Qh Td] [7h]
bogarthump: bets $8.31
avlee1: folds 
getjet1952: folds 
Uncalled bet ($8.31) returned to bogarthump
bogarthump collected $16.62 from pot
bogarthump: doesn't show hand 
*** SUMMARY ***
Total pot $17.50 | Rake $0.88 
Board [2c Qh Td 7h]
Seat 1: LuckyShikari folded before Flop (didn't bet)
Seat 2: avlee1 folded on the Turn
Seat 3: getjet1952 folded on the Turn
Seat 4: 50CandyJoe (button) folded before Flop (didn't bet)
Seat 5: bogarthump (small blind) collected ($16.62)
Seat 6: KeR888 (big blind) folded before Flop



PokerStars Hand #254777580580:  Hold'em No Limit ($0.50/$1.00 USD) - 2025/02/08 2:57:59 WET [2025/02/08 21:57:59 ET]
Table 'Fragaria II' 6-max Seat #5 is the button
Seat 1: LuckyShikari ($101.50 in chips) 
Seat 2: avlee1 ($125.84 in chips) 
Seat 3: getjet1952 ($113.90 in chips) 
Seat 4: 50CandyJoe ($102.50 in chips) 
Seat 5: bogarthump ($110.12 in chips) 
Seat 6: KeR888 ($109.74 in chips) 
KeR888: posts small blind $0.50
LuckyShikari: posts big blind $1
*** HOLE CARDS ***
avlee1: raises $1.50 to $2.50
getjet1952: folds 
50CandyJoe: folds 
bogarthump: folds 
KeR888: folds 
LuckyShikari: folds 
Uncalled bet ($1.50) returned to avlee1
avlee1 collected $2.50 from pot
avlee1: doesn't show hand 
*** SUMMARY ***
Total pot $2.50 | Rake $0 
Seat 1: LuckyShikari (big blind) folded before Flop
Seat 2: avlee1 collected ($2.50)
Seat 3: getjet1952 folded before Flop (didn't bet)
Seat 4: 50CandyJoe folded before Flop (didn't bet)
Seat 5: bogarthump (button) folded before Flop (didn't bet)
Seat 6: KeR888 (small blind) folded before Flop



PokerStars Hand #254777582556:  Hold'em No Limit ($0.50/$1.00 USD) - 2025/02/08 2:58:16 WET [2025/02/08 21:58:16 ET]
Table 'Fragaria II' 6-max Seat #6 is the button
Seat 2: avlee1 ($127.34 in chips) is sitting out
Seat 1: LuckyShikari ($100.50 in chips) 
Seat 3: getjet1952 ($113.90 in chips) 
Seat 4: 50CandyJoe ($102.50 in chips) 
Seat 5: bogarthump ($110.12 in chips) 
Seat 6: KeR888 ($109.24 in chips) 
LuckyShikari: posts small blind $0.50
avlee1: is sitting out 
getjet1952: posts big blind $1
*** HOLE CARDS ***
50CandyJoe: raises $1.20 to $2.20
bogarthump: folds 
KeR888: folds 
avlee1 leaves the table
LuckyShikari: folds 
getjet1952: folds 
Uncalled bet ($1.20) returned to 50CandyJoe
50CandyJoe collected $2.50 from pot
50CandyJoe: doesn't show hand 
Seavus10 joins the table at seat #2 
*** SUMMARY ***
Total pot $2.50 | Rake $0 
Seat 2: avlee1
Seat 1: LuckyShikari (small blind) folded before Flop
Seat 3: getjet1952 (big blind) folded before Flop
Seat 4: 50CandyJoe collected ($2.50)
Seat 5: bogarthump folded before Flop (didn't bet)
Seat 6: KeR888 (button) folded before Flop (didn't bet)



PokerStars Hand #254777583942:  Hold'em No Limit ($0.50/$1.00 USD) - 2025/02/08 2:58:29 WET [2025/02/08 21:58:29 ET]
Table 'Fragaria II' 6-max Seat #1 is the button
Seat 2: Seavus10 ($100 in chips) is sitting out
Seat 1: LuckyShikari ($100 in chips) 
Seat 3: getjet1952 ($112.90 in chips) 
Seat 4: 50CandyJoe ($104 in chips) 
Seat 5: bogarthump ($110.12 in chips) 
Seat 6: KeR888 ($109.24 in chips) 
getjet1952: posts small blind $0.50
50CandyJoe: posts big blind $1
*** HOLE CARDS ***
bogarthump: folds 
KeR888: folds 
LuckyShikari: raises $1 to $2
getjet1952: calls $1.50
50CandyJoe: calls $1
*** FLOP *** [Ac Kc 8c]
getjet1952: checks 
50CandyJoe: checks 
LuckyShikari: bets $3
getjet1952: folds 
50CandyJoe: folds 
Uncalled bet ($3) returned to LuckyShikari
LuckyShikari collected $5.70 from pot
LuckyShikari: doesn't show hand 
*** SUMMARY ***
Total pot $6 | Rake $0.30 
Board [Ac Kc 8c]
Seat 2: Seavus10
Seat 1: LuckyShikari (button) collected ($5.70)
Seat 3: getjet1952 (small blind) folded on the Flop
Seat 4: 50CandyJoe (big blind) folded on the Flop
Seat 5: bogarthump folded before Flop (didn't bet)
Seat 6: KeR888 folded before Flop (didn't bet)



PokerStars Hand #254777589144:  Hold'em No Limit ($0.50/$1.00 USD) - 2025/02/08 2:59:14 WET [2025/02/08 21:59:14 ET]
Table 'Fragaria II' 6-max Seat #3 is the button
Seat 2: Seavus10 ($100 in chips) is sitting out
Seat 1: LuckyShikari ($103.70 in chips) 
Seat 3: getjet1952 ($110.90 in chips) 
Seat 4: 50CandyJoe ($102 in chips) 
Seat 5: bogarthump ($110.12 in chips) 
Seat 6: KeR888 ($109.24 in chips) 
50CandyJoe: posts small blind $0.50
bogarthump: posts big blind $1
Seavus10: sits out 
*** HOLE CARDS ***
KeR888: folds 
LuckyShikari: folds 
getjet1952: calls $1
50CandyJoe: folds 
bogarthump: checks 
*** FLOP *** [4h Qs Ks]
bogarthump: checks 
getjet1952: bets $1.19
bogarthump: folds 
Uncalled bet ($1.19) returned to getjet1952
getjet1952 collected $2.38 from pot
getjet1952: doesn't show hand 
*** SUMMARY ***
Total pot $2.50 | Rake $0.12 
Board [4h Qs Ks]
Seat 2: Seavus10
Seat 1: LuckyShikari folded before Flop (didn't bet)
Seat 3: getjet1952 (button) collected ($2.38)
Seat 4: 50CandyJoe (small blind) folded before Flop
Seat 5: bogarthump (big blind) folded on the Flop
Seat 6: KeR888 folded before Flop (didn't bet)



PokerStars Hand #254777592509:  Hold'em No Limit ($0.50/$1.00 USD) - 2025/02/08 2:59:43 WET [2025/02/08 21:59:43 ET]
Table 'Fragaria II' 6-max Seat #4 is the button
Seat 2: Seavus10 ($100 in chips) is sitting out
Seat 1: LuckyShikari ($103.70 in chips) 
Seat 3: getjet1952 ($112.28 in chips) 
Seat 4: 50CandyJoe ($101.50 in chips) 
Seat 5: bogarthump ($109.12 in chips) 
Seat 6: KeR888 ($109.24 in chips) 
bogarthump: posts small blind $0.50
KeR888: posts big blind $1
Seavus10: sits out 
*** HOLE CARDS ***
LuckyShikari: folds 
getjet1952: folds 
50CandyJoe: raises $1.50 to $2.50
bogarthump: folds 
KeR888: folds 
Uncalled bet ($1.50) returned to 50CandyJoe
50CandyJoe collected $2.50 from pot
50CandyJoe: doesn't show hand 
*** SUMMARY ***
Total pot $2.50 | Rake $0 
Seat 2: Seavus10
Seat 1: LuckyShikari folded before Flop (didn't bet)
Seat 3: getjet1952 folded before Flop (didn't bet)
Seat 4: 50CandyJoe (button) collected ($2.50)
Seat 5: bogarthump (small blind) folded before Flop
Seat 6: KeR888 (big blind) folded before Flop



PokerStars Hand #254777595350:  Hold'em No Limit ($0.50/$1.00 USD) - 2025/02/08 3:00:07 WET [2025/02/08 22:00:07 ET]
Table 'Fragaria II' 6-max Seat #5 is the button
Seat 2: Seavus10 ($100 in chips) is sitting out
Seat 3: getjet1952 ($112.28 in chips) is sitting out
Seat 1: LuckyShikari ($103.70 in chips) 
Seat 4: 50CandyJoe ($103 in chips) 
Seat 5: bogarthump ($108.62 in chips) 
Seat 6: KeR888 ($108.24 in chips) 
KeR888: posts small blind $0.50
LuckyShikari: posts big blind $1
Seavus10: sits out 
*** HOLE CARDS ***
50CandyJoe: folds 
bogarthump: raises $2 to $3
KeR888: folds 
LuckyShikari: calls $2
*** FLOP *** [3h 2s 9h]
LuckyShikari: checks 
bogarthump: bets $6.18
LuckyShikari: folds 
Uncalled bet ($6.18) returned to bogarthump
bogarthump collected $6.18 from pot
bogarthump: doesn't show hand 
*** SUMMARY ***
Total pot $6.50 | Rake $0.32 
Board [3h 2s 9h]
Seat 2: Seavus10
Seat 3: getjet1952
Seat 1: LuckyShikari (big blind) folded on the Flop
Seat 4: 50CandyJoe folded before Flop (didn't bet)
Seat 5: bogarthump (button) collected ($6.18)
Seat 6: KeR888 (small blind) folded before Flop



PokerStars Hand #254777598697:  Hold'em No Limit ($0.50/$1.00 USD) - 2025/02/08 3:00:34 WET [2025/02/08 22:00:34 ET]
Table 'Fragaria II' 6-max Seat #6 is the button
Seat 3: getjet1952 ($112.28 in chips) is sitting out
Seat 1: LuckyShikari ($100.70 in chips) 
Seat 2: Seavus10 ($100 in chips) 
Seat 4: 50CandyJoe ($103 in chips) 
Seat 5: bogarthump ($111.80 in chips) 
Seat 6: KeR888 ($107.74 in chips) 
LuckyShikari: posts small blind $0.50
Seavus10: posts big blind $1
*** HOLE CARDS ***
50CandyJoe: raises $1.20 to $2.20
bogarthump: calls $2.20
KeR888: folds 
LuckyShikari: folds 
Seavus10: folds 
*** FLOP *** [Jc 6c 8s]
50CandyJoe: checks 
bogarthump: bets $2
50CandyJoe: calls $2
*** TURN *** [Jc 6c 8s] [Kd]
50CandyJoe: bets $1.88
bogarthump: raises $2.12 to $4
50CandyJoe: calls $2.12
*** RIVER *** [Jc 6c 8s Kd] [2d]
50CandyJoe: checks 
bogarthump: bets $8.50
50CandyJoe: folds 
Uncalled bet ($8.50) returned to bogarthump
bogarthump collected $17 from pot
bogarthump: doesn't show hand 
*** SUMMARY ***
Total pot $17.90 | Rake $0.90 
Board [Jc 6c 8s Kd 2d]
Seat 3: getjet1952
Seat 1: LuckyShikari (small blind) folded before Flop
Seat 2: Seavus10 (big blind) folded before Flop
Seat 4: 50CandyJoe folded on the River
Seat 5: bogarthump collected ($17)
Seat 6: KeR888 (button) folded before Flop (didn't bet)



PokerStars Hand #254777609369:  Hold'em No Limit ($0.50/$1.00 USD) - 2025/02/08 3:01:52 WET [2025/02/08 22:01:52 ET]
Table 'Fragaria II' 6-max Seat #1 is the button
Seat 1: LuckyShikari ($100.20 in chips) 
Seat 2: Seavus10 ($100 in chips) 
Seat 3: getjet1952 ($112.28 in chips) 
Seat 4: 50CandyJoe ($100 in chips) 
Seat 5: bogarthump ($120.60 in chips) 
Seat 6: KeR888 ($107.74 in chips) 
Seavus10: posts small blind $0.50
getjet1952: posts big blind $1
*** HOLE CARDS ***
50CandyJoe: folds 
bogarthump: folds 
KeR888: raises $1.50 to $2.50
LuckyShikari: folds 
Seavus10: raises $8.50 to $11
getjet1952: folds 
KeR888: raises $13 to $24
Seavus10: raises $76 to $100 and is all-in
KeR888: calls $76
*** FLOP *** [6h Kc 2s]
*** TURN *** [6h Kc 2s] [Ad]
*** RIVER *** [6h Kc 2s Ad] [6d]
*** SHOW DOWN ***
Seavus10: shows [Kd Ac] (two pair, Aces and Kings)
KeR888: shows [Kh As] (two pair, Aces and Kings)
Seavus10 collected $99.25 from pot
KeR888 collected $99.25 from pot
*** SUMMARY ***
Total pot $201 | Rake $2.50 
Board [6h Kc 2s Ad 6d]
Seat 1: LuckyShikari (button) folded before Flop (didn't bet)
Seat 2: Seavus10 (small blind) showed [Kd Ac] and won ($99.25) with two pair, Aces and Kings
Seat 3: getjet1952 (big blind) folded before Flop
Seat 4: 50CandyJoe folded before Flop (didn't bet)
Seat 5: bogarthump folded before Flop (didn't bet)
Seat 6: KeR888 showed [Kh As] and won ($99.25) with two pair, Aces and Kings



PokerStars Hand #254777617739:  Hold'em No Limit ($0.50/$1.00 USD) - 2025/02/08 3:02:51 WET [2025/02/08 22:02:51 ET]
Table 'Fragaria II' 6-max Seat #2 is the button
Seat 1: LuckyShikari ($100.20 in chips) 
Seat 2: Seavus10 ($100 in chips) 
Seat 3: getjet1952 ($111.28 in chips) 
Seat 4: 50CandyJoe ($100 in chips) 
Seat 5: bogarthump ($120.60 in chips) 
Seat 6: KeR888 ($106.99 in chips) 
getjet1952: posts small blind $0.50
50CandyJoe: posts big blind $1
*** HOLE CARDS ***
bogarthump: folds 
KeR888: folds 
LuckyShikari: raises $1.50 to $2.50
Seavus10: folds 
getjet1952: folds 
50CandyJoe: calls $1.50
*** FLOP *** [2d 9s Ac]
50CandyJoe: checks 
LuckyShikari: bets $4.50
50CandyJoe: calls $4.50
*** TURN *** [2d 9s Ac] [7d]
50CandyJoe: checks 
LuckyShikari: bets $12
50CandyJoe: folds 
Uncalled bet ($12) returned to LuckyShikari
LuckyShikari collected $13.78 from pot
LuckyShikari: doesn't show hand 
*** SUMMARY ***
Total pot $14.50 | Rake $0.72 
Board [2d 9s Ac 7d]
Seat 1: LuckyShikari collected ($13.78)
Seat 2: Seavus10 (button) folded before Flop (didn't bet)
Seat 3: getjet1952 (small blind) folded before Flop
Seat 4: 50CandyJoe (big blind) folded on the Turn
Seat 5: bogarthump folded before Flop (didn't bet)
Seat 6: KeR888 folded before Flop (didn't bet)



PokerStars Hand #254777628142:  Hold'em No Limit ($0.50/$1.00 USD) - 2025/02/08 3:04:03 WET [2025/02/08 22:04:03 ET]
Table 'Fragaria II' 6-max Seat #3 is the button
Seat 1: LuckyShikari ($106.98 in chips) 
Seat 2: Seavus10 ($100 in chips) 
Seat 3: getjet1952 ($110.78 in chips) 
Seat 4: 50CandyJoe ($100 in chips) 
Seat 5: bogarthump ($120.60 in chips) 
Seat 6: KeR888 ($106.99 in chips) 
50CandyJoe: posts small blind $0.50
bogarthump: posts big blind $1
*** HOLE CARDS ***
KeR888: folds 
LuckyShikari: folds 
Seavus10: folds 
getjet1952: calls $1
50CandyJoe: raises $3.50 to $4.50
bogarthump: folds 
getjet1952: calls $3.50
*** FLOP *** [Qs Th Jd]
50CandyJoe: bets $1.90
getjet1952: calls $1.90
*** TURN *** [Qs Th Jd] [7h]
50CandyJoe: bets $13.11
getjet1952: folds 
Uncalled bet ($13.11) returned to 50CandyJoe
50CandyJoe collected $13.11 from pot
50CandyJoe: doesn't show hand 
*** SUMMARY ***
Total pot $13.80 | Rake $0.69 
Board [Qs Th Jd 7h]
Seat 1: LuckyShikari folded before Flop (didn't bet)
Seat 2: Seavus10 folded before Flop (didn't bet)
Seat 3: getjet1952 (button) folded on the Turn
Seat 4: 50CandyJoe (small blind) collected ($13.11)
Seat 5: bogarthump (big blind) folded before Flop
Seat 6: KeR888 folded before Flop (didn't bet)



PokerStars Hand #254777632956:  Hold'em No Limit ($0.50/$1.00 USD) - 2025/02/08 3:04:38 WET [2025/02/08 22:04:38 ET]
Table 'Fragaria II' 6-max Seat #4 is the button
Seat 1: LuckyShikari ($106.98 in chips) 
Seat 2: Seavus10 ($100 in chips) 
Seat 3: getjet1952 ($104.38 in chips) 
Seat 4: 50CandyJoe ($106.71 in chips) 
Seat 5: bogarthump ($119.60 in chips) 
Seat 6: KeR888 ($106.99 in chips) 
bogarthump: posts small blind $0.50
KeR888: posts big blind $1
*** HOLE CARDS ***
LuckyShikari: folds 
Seavus10: folds 
getjet1952: raises $2.50 to $3.50
50CandyJoe: folds 
bogarthump: folds 
KeR888: folds 
Uncalled bet ($2.50) returned to getjet1952
getjet1952 collected $2.50 from pot
getjet1952: doesn't show hand 
*** SUMMARY ***
Total pot $2.50 | Rake $0 
Seat 1: LuckyShikari folded before Flop (didn't bet)
Seat 2: Seavus10 folded before Flop (didn't bet)
Seat 3: getjet1952 collected ($2.50)
Seat 4: 50CandyJoe (button) folded before Flop (didn't bet)
Seat 5: bogarthump (small blind) folded before Flop
Seat 6: KeR888 (big blind) folded before Flop



PokerStars Hand #254777636357:  Hold'em No Limit ($0.50/$1.00 USD) - 2025/02/08 3:05:02 WET [2025/02/08 22:05:02 ET]
Table 'Fragaria II' 6-max Seat #5 is the button
Seat 1: LuckyShikari ($106.98 in chips) 
Seat 2: Seavus10 ($100 in chips) 
Seat 3: getjet1952 ($105.88 in chips) 
Seat 4: 50CandyJoe ($106.71 in chips) 
Seat 5: bogarthump ($119.10 in chips) 
Seat 6: KeR888 ($105.99 in chips) 
KeR888: posts small blind $0.50
LuckyShikari: posts big blind $1
*** HOLE CARDS ***
Seavus10: folds 
getjet1952: folds 
50CandyJoe: raises $1.20 to $2.20
bogarthump: folds 
KeR888: folds 
LuckyShikari: folds 
Uncalled bet ($1.20) returned to 50CandyJoe
50CandyJoe collected $2.50 from pot
50CandyJoe: doesn't show hand 
*** SUMMARY ***
Total pot $2.50 | Rake $0 
Seat 1: LuckyShikari (big blind) folded before Flop
Seat 2: Seavus10 folded before Flop (didn't bet)
Seat 3: getjet1952 folded before Flop (didn't bet)
Seat 4: 50CandyJoe collected ($2.50)
Seat 5: bogarthump (button) folded before Flop (didn't bet)
Seat 6: KeR888 (small blind) folded before Flop



PokerStars Hand #254777638166:  Hold'em No Limit ($0.50/$1.00 USD) - 2025/02/08 3:05:15 WET [2025/02/08 22:05:15 ET]
Table 'Fragaria II' 6-max Seat #6 is the button
Seat 1: LuckyShikari ($105.98 in chips) 
Seat 2: Seavus10 ($100 in chips) 
Seat 3: getjet1952 ($105.88 in chips) 
Seat 4: 50CandyJoe ($108.21 in chips) 
Seat 5: bogarthump ($119.10 in chips) 
Seat 6: KeR888 ($105.49 in chips) 
LuckyShikari: posts small blind $0.50
Seavus10: posts big blind $1
*** HOLE CARDS ***
getjet1952: folds 
50CandyJoe: raises $1.20 to $2.20
bogarthump: folds 
KeR888: folds 
LuckyShikari: folds 
Seavus10: folds 
Uncalled bet ($1.20) returned to 50CandyJoe
50CandyJoe collected $2.50 from pot
50CandyJoe: doesn't show hand 
*** SUMMARY ***
Total pot $2.50 | Rake $0 
Seat 1: LuckyShikari (small blind) folded before Flop
Seat 2: Seavus10 (big blind) folded before Flop
Seat 3: getjet1952 folded before Flop (didn't bet)
Seat 4: 50CandyJoe collected ($2.50)
Seat 5: bogarthump folded before Flop (didn't bet)
Seat 6: KeR888 (button) folded before Flop (didn't bet)



PokerStars Hand #254777641324:  Hold'em No Limit ($0.50/$1.00 USD) - 2025/02/08 3:05:37 WET [2025/02/08 22:05:37 ET]
Table 'Fragaria II' 6-max Seat #1 is the button
Seat 1: LuckyShikari ($105.48 in chips) 
Seat 2: Seavus10 ($100 in chips) 
Seat 3: getjet1952 ($105.88 in chips) 
Seat 4: 50CandyJoe ($109.71 in chips) 
Seat 5: bogarthump ($119.10 in chips) 
Seat 6: KeR888 ($105.49 in chips) 
Seavus10: posts small blind $0.50
getjet1952: posts big blind $1
*** HOLE CARDS ***
50CandyJoe: folds 
bogarthump: folds 
KeR888: folds 
LuckyShikari: raises $1 to $2
Seavus10: folds 
getjet1952: raises $4.50 to $6.50
LuckyShikari: calls $4.50
*** FLOP *** [5c 8h Kh]
getjet1952: bets $12.82
LuckyShikari: folds 
Uncalled bet ($12.82) returned to getjet1952
getjet1952 collected $12.82 from pot
getjet1952: doesn't show hand 
*** SUMMARY ***
Total pot $13.50 | Rake $0.68 
Board [5c 8h Kh]
Seat 1: LuckyShikari (button) folded on the Flop
Seat 2: Seavus10 (small blind) folded before Flop
Seat 3: getjet1952 (big blind) collected ($12.82)
Seat 4: 50CandyJoe folded before Flop (didn't bet)
Seat 5: bogarthump folded before Flop (didn't bet)
Seat 6: KeR888 folded before Flop (didn't bet)



PokerStars Hand #254777645213:  Hold'em No Limit ($0.50/$1.00 USD) - 2025/02/08 3:06:04 WET [2025/02/08 22:06:04 ET]
Table 'Fragaria II' 6-max Seat #2 is the button
Seat 1: LuckyShikari ($100 in chips) 
Seat 2: Seavus10 ($100 in chips) 
Seat 3: getjet1952 ($112.20 in chips) 
Seat 4: 50CandyJoe ($109.71 in chips) 
Seat 5: bogarthump ($119.10 in chips) 
Seat 6: KeR888 ($105.49 in chips) 
getjet1952: posts small blind $0.50
50CandyJoe: posts big blind $1
*** HOLE CARDS ***
bogarthump: folds 
KeR888: folds 
LuckyShikari: raises $1.50 to $2.50
Seavus10: folds 
getjet1952: calls $2
50CandyJoe: folds 
*** FLOP *** [Ts 9d Qc]
getjet1952: checks 
LuckyShikari: bets $1.70
getjet1952: calls $1.70
*** TURN *** [Ts 9d Qc] [7d]
getjet1952: checks 
LuckyShikari: checks 
*** RIVER *** [Ts 9d Qc 7d] [8c]
getjet1952: bets $4.47
LuckyShikari: folds 
Uncalled bet ($4.47) returned to getjet1952
getjet1952 collected $8.93 from pot
getjet1952: doesn't show hand 
*** SUMMARY ***
Total pot $9.40 | Rake $0.47 
Board [Ts 9d Qc 7d 8c]
Seat 1: LuckyShikari folded on the River
Seat 2: Seavus10 (button) folded before Flop (didn't bet)
Seat 3: getjet1952 (small blind) collected ($8.93)
Seat 4: 50CandyJoe (big blind) folded before Flop
Seat 5: bogarthump folded before Flop (didn't bet)
Seat 6: KeR888 folded before Flop (didn't bet)



PokerStars Hand #254777651948:  Hold'em No Limit ($0.50/$1.00 USD) - 2025/02/08 3:06:51 WET [2025/02/08 22:06:51 ET]
Table 'Fragaria II' 6-max Seat #3 is the button
Seat 1: LuckyShikari ($100 in chips) 
Seat 2: Seavus10 ($100 in chips) 
Seat 3: getjet1952 ($116.93 in chips) 
Seat 4: 50CandyJoe ($108.71 in chips) 
Seat 5: bogarthump ($119.10 in chips) 
Seat 6: KeR888 ($105.49 in chips) 
50CandyJoe: posts small blind $0.50
bogarthump: posts big blind $1
*** HOLE CARDS ***
KeR888: folds 
LuckyShikari: raises $1.50 to $2.50
Seavus10: folds 
getjet1952: calls $2.50
50CandyJoe: folds 
bogarthump: calls $1.50
*** FLOP *** [2c 8s Jc]
bogarthump: checks 
LuckyShikari: checks 
getjet1952: bets $3.80
bogarthump: folds 
LuckyShikari: calls $3.80
*** TURN *** [2c 8s Jc] [Tc]
LuckyShikari: checks 
getjet1952: checks 
*** RIVER *** [2c 8s Jc Tc] [5h]
LuckyShikari: bets $2
getjet1952: calls $2
*** SHOW DOWN ***
LuckyShikari: shows [Qd Td] (a pair of Tens)
getjet1952: shows [Jd Kd] (a pair of Jacks)
getjet1952 collected $18.62 from pot
*** SUMMARY ***
Total pot $19.60 | Rake $0.98 
Board [2c 8s Jc Tc 5h]
Seat 1: LuckyShikari showed [Qd Td] and lost with a pair of Tens
Seat 2: Seavus10 folded before Flop (didn't bet)
Seat 3: getjet1952 (button) showed [Jd Kd] and won ($18.62) with a pair of Jacks
Seat 4: 50CandyJoe (small blind) folded before Flop
Seat 5: bogarthump (big blind) folded on the Flop
Seat 6: KeR888 folded before Flop (didn't bet)



PokerStars Hand #254777659033:  Hold'em No Limit ($0.50/$1.00 USD) - 2025/02/08 3:07:42 WET [2025/02/08 22:07:42 ET]
Table 'Fragaria II' 6-max Seat #4 is the button
Seat 1: LuckyShikari ($100 in chips) 
Seat 2: Seavus10 ($100 in chips) 
Seat 3: getjet1952 ($127.25 in chips) 
Seat 4: 50CandyJoe ($108.21 in chips) 
Seat 5: bogarthump ($116.60 in chips) 
Seat 6: KeR888 ($105.49 in chips) 
bogarthump: posts small blind $0.50
KeR888: posts big blind $1
*** HOLE CARDS ***
LuckyShikari: folds 
Seavus10: folds 
getjet1952: folds 
50CandyJoe: raises $1.50 to $2.50
bogarthump: calls $2
KeR888: calls $1.50
*** FLOP *** [9c 6s 8c]
bogarthump: checks 
KeR888: checks 
50CandyJoe: bets $2.35
bogarthump: raises $2.35 to $4.70
KeR888: raises $10.80 to $15.50
50CandyJoe: folds 
bogarthump: calls $10.80
*** TURN *** [9c 6s 8c] [9s]
bogarthump: checks 
KeR888: bets $29.11
bogarthump: raises $69.49 to $98.60 and is all-in
KeR888: calls $58.38 and is all-in
Uncalled bet ($11.11) returned to bogarthump
*** RIVER *** [9c 6s 8c 9s] [4c]
*** SHOW DOWN ***
bogarthump: shows [Qh 9h] (three of a kind, Nines)
KeR888: shows [7h 5h] (a straight, Five to Nine)
KeR888 collected $213.33 from pot
*** SUMMARY ***
Total pot $215.83 | Rake $2.50 
Board [9c 6s 8c 9s 4c]
Seat 1: LuckyShikari folded before Flop (didn't bet)
Seat 2: Seavus10 folded before Flop (didn't bet)
Seat 3: getjet1952 folded before Flop (didn't bet)
Seat 4: 50CandyJoe (button) folded on the Flop
Seat 5: bogarthump (small blind) showed [Qh 9h] and lost with three of a kind, Nines
Seat 6: KeR888 (big blind) showed [7h 5h] and won ($213.33) with a straight, Five to Nine



PokerStars Hand #254777670279:  Hold'em No Limit ($0.50/$1.00 USD) - 2025/02/08 3:09:02 WET [2025/02/08 22:09:02 ET]
Table 'Fragaria II' 6-max Seat #5 is the button
Seat 1: LuckyShikari ($100 in chips) 
Seat 2: Seavus10 ($100 in chips) 
Seat 3: getjet1952 ($127.25 in chips) 
Seat 4: 50CandyJoe ($103.36 in chips) 
Seat 5: bogarthump ($11.11 in chips) 
Seat 6: KeR888 ($213.33 in chips) 
KeR888: posts small blind $0.50
LuckyShikari: posts big blind $1
*** HOLE CARDS ***
Seavus10: raises $1 to $2
getjet1952: folds 
50CandyJoe: folds 
bogarthump: calls $2
KeR888: folds 
LuckyShikari: calls $1
*** FLOP *** [4h Th 6s]
LuckyShikari: checks 
Seavus10: checks 
bogarthump: checks 
*** TURN *** [4h Th 6s] [9s]
LuckyShikari: checks 
Seavus10: bets $9.58
bogarthump: folds 
LuckyShikari: folds 
Uncalled bet ($9.58) returned to Seavus10
Seavus10 collected $6.18 from pot
Seavus10: doesn't show hand 
*** SUMMARY ***
Total pot $6.50 | Rake $0.32 
Board [4h Th 6s 9s]
Seat 1: LuckyShikari (big blind) folded on the Turn
Seat 2: Seavus10 collected ($6.18)
Seat 3: getjet1952 folded before Flop (didn't bet)
Seat 4: 50CandyJoe folded before Flop (didn't bet)
Seat 5: bogarthump (button) folded on the Turn
Seat 6: KeR888 (small blind) folded before Flop



PokerStars Hand #254777679628:  Hold'em No Limit ($0.50/$1.00 USD) - 2025/02/08 3:10:10 WET [2025/02/08 22:10:10 ET]
Table 'Fragaria II' 6-max Seat #6 is the button
Seat 1: LuckyShikari ($100 in chips) 
Seat 2: Seavus10 ($104.18 in chips) 
Seat 3: getjet1952 ($127.25 in chips) 
Seat 4: 50CandyJoe ($103.36 in chips) 
Seat 5: bogarthump ($9.11 in chips) 
Seat 6: KeR888 ($212.83 in chips) 
LuckyShikari: posts small blind $0.50
Seavus10: posts big blind $1
*** HOLE CARDS ***
getjet1952: calls $1
50CandyJoe: raises $3.50 to $4.50
bogarthump: raises $4.61 to $9.11 and is all-in
KeR888: folds 
LuckyShikari: folds 
Seavus10: folds 
getjet1952: calls $8.11
50CandyJoe: calls $4.61
*** FLOP *** [As 6s 4d]
getjet1952: checks 
50CandyJoe: bets $14
getjet1952: folds 
Uncalled bet ($14) returned to 50CandyJoe
*** TURN *** [As 6s 4d] [2d]
*** RIVER *** [As 6s 4d 2d] [9h]
*** SHOW DOWN ***
50CandyJoe: shows [Qc Ac] (a pair of Aces)
bogarthump: shows [Kh Tc] (high card Ace)
50CandyJoe collected $27.39 from pot
*** SUMMARY ***
Total pot $28.83 | Rake $1.44 
Board [As 6s 4d 2d 9h]
Seat 1: LuckyShikari (small blind) folded before Flop
Seat 2: Seavus10 (big blind) folded before Flop
Seat 3: getjet1952 folded on the Flop
Seat 4: 50CandyJoe showed [Qc Ac] and won ($27.39) with a pair of Aces
Seat 5: bogarthump showed [Kh Tc] and lost with high card Ace
Seat 6: KeR888 (button) folded before Flop (didn't bet)



PokerStars Hand #254777687256:  Hold'em No Limit ($0.50/$1.00 USD) - 2025/02/08 3:11:05 WET [2025/02/08 22:11:05 ET]
Table 'Fragaria II' 6-max Seat #1 is the button
Seat 5: bogarthump ($0 in chips) is sitting out
Seat 1: LuckyShikari ($100 in chips) 
Seat 2: Seavus10 ($103.18 in chips) 
Seat 3: getjet1952 ($118.14 in chips) 
Seat 4: 50CandyJoe ($121.64 in chips) 
Seat 6: KeR888 ($212.83 in chips) 
Seavus10: posts small blind $0.50
getjet1952: posts big blind $1
*** HOLE CARDS ***
bogarthump leaves the table
50CandyJoe: folds 
KeR888: folds 
LuckyShikari: raises $1.50 to $2.50
vezis3 joins the table at seat #5 
Seavus10: folds 
getjet1952: calls $1.50
*** FLOP *** [Ac Js 2s]
getjet1952: checks 
LuckyShikari: bets $1.50
getjet1952: calls $1.50
*** TURN *** [Ac Js 2s] [Ad]
getjet1952: checks 
LuckyShikari: checks 
*** RIVER *** [Ac Js 2s Ad] [As]
getjet1952: checks 
LuckyShikari: checks 
*** SHOW DOWN ***
getjet1952: shows [Kc 7c] (three of a kind, Aces)
LuckyShikari: mucks hand 
getjet1952 collected $8.08 from pot
*** SUMMARY ***
Total pot $8.50 | Rake $0.42 
Board [Ac Js 2s Ad As]
Seat 5: bogarthump
Seat 1: LuckyShikari (button) mucked
Seat 2: Seavus10 (small blind) folded before Flop
Seat 3: getjet1952 (big blind) showed [Kc 7c] and won ($8.08) with three of a kind, Aces
Seat 4: 50CandyJoe folded before Flop (didn't bet)
Seat 6: KeR888 folded before Flop (didn't bet)



PokerStars Hand #254777693875:  Hold'em No Limit ($0.50/$1.00 USD) - 2025/02/08 3:11:53 WET [2025/02/08 22:11:53 ET]
Table 'Fragaria II' 6-max Seat #2 is the button
Seat 5: vezis3 ($100 in chips) is sitting out
Seat 1: LuckyShikari ($100 in chips) 
Seat 2: Seavus10 ($102.68 in chips) 
Seat 3: getjet1952 ($122.22 in chips) 
Seat 4: 50CandyJoe ($121.64 in chips) 
Seat 6: KeR888 ($212.83 in chips) 
getjet1952: posts small blind $0.50
50CandyJoe: posts big blind $1
vezis3: sits out 
*** HOLE CARDS ***
KeR888: raises $1.20 to $2.20
LuckyShikari: raises $6.80 to $9
Seavus10: folds 
getjet1952: folds 
50CandyJoe: folds 
KeR888: folds 
Uncalled bet ($6.80) returned to LuckyShikari
LuckyShikari collected $5.90 from pot
LuckyShikari: doesn't show hand 
*** SUMMARY ***
Total pot $5.90 | Rake $0 
Seat 5: vezis3
Seat 1: LuckyShikari collected ($5.90)
Seat 2: Seavus10 (button) folded before Flop (didn't bet)
Seat 3: getjet1952 (small blind) folded before Flop
Seat 4: 50CandyJoe (big blind) folded before Flop
Seat 6: KeR888 folded before Flop



PokerStars Hand #254777696083:  Hold'em No Limit ($0.50/$1.00 USD) - 2025/02/08 3:12:09 WET [2025/02/08 22:12:09 ET]
Table 'Fragaria II' 6-max Seat #3 is the button
Seat 1: LuckyShikari ($103.70 in chips) 
Seat 2: Seavus10 ($102.68 in chips) 
Seat 3: getjet1952 ($121.72 in chips) 
Seat 4: 50CandyJoe ($120.64 in chips) 
Seat 5: vezis3 ($100 in chips) 
Seat 6: KeR888 ($210.63 in chips) 
50CandyJoe: posts small blind $0.50
vezis3: posts big blind $1
*** HOLE CARDS ***
KeR888: folds 
LuckyShikari: raises $1.50 to $2.50
Seavus10: folds 
getjet1952: folds 
50CandyJoe: folds 
getjet1952 leaves the table
vezis3: folds 
Uncalled bet ($1.50) returned to LuckyShikari
LuckyShikari collected $2.50 from pot
LuckyShikari: doesn't show hand 
*** SUMMARY ***
Total pot $2.50 | Rake $0 
Seat 1: LuckyShikari collected ($2.50)
Seat 2: Seavus10 folded before Flop (didn't bet)
Seat 3: getjet1952 (button) folded before Flop (didn't bet)
Seat 4: 50CandyJoe (small blind) folded before Flop
Seat 5: vezis3 (big blind) folded before Flop
Seat 6: KeR888 folded before Flop (didn't bet)



PokerStars Hand #254777698770:  Hold'em No Limit ($0.50/$1.00 USD) - 2025/02/08 3:12:29 WET [2025/02/08 22:12:29 ET]
Table 'Fragaria II' 6-max Seat #4 is the button
Seat 1: LuckyShikari ($105.20 in chips) 
Seat 2: Seavus10 ($102.68 in chips) 
Seat 4: 50CandyJoe ($120.14 in chips) 
Seat 5: vezis3 ($100 in chips) 
Seat 6: KeR888 ($210.63 in chips) 
vezis3: posts small blind $0.50
KeR888: posts big blind $1
*** HOLE CARDS ***
LuckyShikari: folds 
Seavus10: folds 
50CandyJoe: folds 
vezis3: folds 
Uncalled bet ($0.50) returned to KeR888
KeR888 collected $1 from pot
KeR888: doesn't show hand 
*** SUMMARY ***
Total pot $1 | Rake $0 
Seat 1: LuckyShikari folded before Flop (didn't bet)
Seat 2: Seavus10 folded before Flop (didn't bet)
Seat 4: 50CandyJoe (button) folded before Flop (didn't bet)
Seat 5: vezis3 (small blind) folded before Flop
Seat 6: KeR888 (big blind) collected ($1)



PokerStars Hand #254777700496:  Hold'em No Limit ($0.50/$1.00 USD) - 2025/02/08 3:12:42 WET [2025/02/08 22:12:42 ET]
Table 'Fragaria II' 6-max Seat #5 is the button
Seat 1: LuckyShikari ($105.20 in chips) 
Seat 2: Seavus10 ($102.68 in chips) 
Seat 4: 50CandyJoe ($120.14 in chips) 
Seat 5: vezis3 ($100 in chips) 
Seat 6: KeR888 ($211.13 in chips) 
KeR888: posts small blind $0.50
LuckyShikari: posts big blind $1
*** HOLE CARDS ***
Seavus10: folds 
50CandyJoe: folds 
vezis3: raises $1.40 to $2.40
KeR888: folds 
LuckyShikari: raises $10.60 to $13
vezis3: folds 
Uncalled bet ($10.60) returned to LuckyShikari
LuckyShikari collected $5.30 from pot
LuckyShikari: doesn't show hand 
*** SUMMARY ***
Total pot $5.30 | Rake $0 
Seat 1: LuckyShikari (big blind) collected ($5.30)
Seat 2: Seavus10 folded before Flop (didn't bet)
Seat 4: 50CandyJoe folded before Flop (didn't bet)
Seat 5: vezis3 (button) folded before Flop
Seat 6: KeR888 (small blind) folded before Flop



PokerStars Hand #254777705145:  Hold'em No Limit ($0.50/$1.00 USD) - 2025/02/08 3:13:16 WET [2025/02/08 22:13:16 ET]
Table 'Fragaria II' 6-max Seat #6 is the button
Seat 2: Seavus10 ($102.68 in chips) is sitting out
Seat 1: LuckyShikari ($108.10 in chips) 
Seat 4: 50CandyJoe ($120.14 in chips) 
Seat 5: vezis3 ($100 in chips) 
Seat 6: KeR888 ($210.63 in chips) 
LuckyShikari: posts small blind $0.50
Seavus10: is sitting out 
50CandyJoe: posts big blind $1
*** HOLE CARDS ***
vezis3: raises $1.40 to $2.40
KeR888: raises $5.10 to $7.50
Seavus10 leaves the table
LuckyShikari: folds 
50CandyJoe: folds 
vezis3: folds 
Uncalled bet ($5.10) returned to KeR888
KeR888 collected $6.30 from pot
KeR888: doesn't show hand 
*** SUMMARY ***
Total pot $6.30 | Rake $0 
Seat 2: Seavus10
Seat 1: LuckyShikari (small blind) folded before Flop
Seat 4: 50CandyJoe (big blind) folded before Flop
Seat 5: vezis3 folded before Flop
Seat 6: KeR888 (button) collected ($6.30)



PokerStars Hand #254777708633:  Hold'em No Limit ($0.50/$1.00 USD) - 2025/02/08 3:13:41 WET [2025/02/08 22:13:41 ET]
Table 'Fragaria II' 6-max Seat #4 is the button
Seat 5: vezis3 ($100 in chips) is sitting out
Seat 6: KeR888 ($214.53 in chips) is sitting out
Seat 1: LuckyShikari ($107.60 in chips) 
Seat 4: 50CandyJoe ($119.14 in chips) 
50CandyJoe: posts small blind $0.50
vezis3: is sitting out 
KeR888: is sitting out 
LuckyShikari: posts big blind $1
*** HOLE CARDS ***
KeR888 leaves the table
50CandyJoe: calls $0.50
LuckyShikari: checks 
*** FLOP *** [6h Th 2d]
vezis3 leaves the table
LuckyShikari: checks 
50CandyJoe: checks 
*** TURN *** [6h Th 2d] [5h]
LuckyShikari: checks 
50CandyJoe: checks 
*** RIVER *** [6h Th 2d 5h] [Jc]
LuckyShikari: checks 
50CandyJoe: bets $1.90
LuckyShikari: folds 
Uncalled bet ($1.90) returned to 50CandyJoe
50CandyJoe collected $1.90 from pot
50CandyJoe: doesn't show hand 
*** SUMMARY ***
Total pot $2 | Rake $0.10 
Board [6h Th 2d 5h Jc]
Seat 5: vezis3
Seat 6: KeR888
Seat 1: LuckyShikari (big blind) folded on the River
Seat 4: 50CandyJoe (button) (small blind) collected ($1.90)



PokerStars Hand #254777714935:  Hold'em No Limit ($0.50/$1.00 USD) - 2025/02/08 3:14:28 WET [2025/02/08 22:14:28 ET]
Table 'Fragaria II' 6-max Seat #1 is the button
Seat 1: LuckyShikari ($106.60 in chips) 
Seat 4: 50CandyJoe ($120.04 in chips) 
LuckyShikari: posts small blind $0.50
50CandyJoe: posts big blind $1
*** HOLE CARDS ***
LuckyShikari: raises $2 to $3
50CandyJoe: folds 
Uncalled bet ($2) returned to LuckyShikari
LuckyShikari collected $2 from pot
LuckyShikari: doesn't show hand 
*** SUMMARY ***
Total pot $2 | Rake $0 
Seat 1: LuckyShikari (button) (small blind) collected ($2)
Seat 4: 50CandyJoe (big blind) folded before Flop



PokerStars Hand #254777716205:  Hold'em No Limit ($0.50/$1.00 USD) - 2025/02/08 3:14:37 WET [2025/02/08 22:14:37 ET]
Table 'Fragaria II' 6-max Seat #4 is the button
Seat 1: LuckyShikari ($107.60 in chips) 
Seat 4: 50CandyJoe ($119.04 in chips) 
50CandyJoe: posts small blind $0.50
LuckyShikari: posts big blind $1
*** HOLE CARDS ***
50CandyJoe: folds 
Uncalled bet ($0.50) returned to LuckyShikari
LuckyShikari collected $1 from pot
LuckyShikari: doesn't show hand 
*** SUMMARY ***
Total pot $1 | Rake $0 
Seat 1: LuckyShikari (big blind) collected ($1)
Seat 4: 50CandyJoe (button) (small blind) folded before Flop



