PokerStars Hand #254762107118:  Hold'em No Limit ($0.50/$1.00 USD) - 2025/02/08 6:47:11 WET [2025/02/08 1:47:11 ET]
Table 'Gudy' 6-max Seat #6 is the button
Seat 1: Sarabe nab ($40.84 in chips) 
Seat 2: b2k-Snick ($100 in chips) 
Seat 3: reeqar ($113.04 in chips) 
Seat 4: peak joker33 ($100 in chips) 
Seat 5: Pon4uk.ua ($101.20 in chips) 
Seat 6: XKTTBOBV11 ($20.50 in chips) 
Sarabe nab: posts small blind $0.50
b2k-Snick: posts big blind $1
*** HOLE CARDS ***
reeqar: folds 
peak joker33: folds 
Pon4uk.ua: folds 
XKTTBOBV11: folds 
Sarabe nab: calls $0.50
b2k-Snick: raises $2 to $3
Sarabe nab: calls $2
*** FLOP *** [6d Qh 2s]
Sarabe nab: checks 
b2k-Snick: checks 
*** TURN *** [6d Qh 2s] [3h]
Sarabe nab: checks 
b2k-Snick: bets $1.88
Sarabe nab: calls $1.88
*** RIVER *** [6d Qh 2s 3h] [As]
Sarabe nab: checks 
b2k-Snick: bets $5.10
Sarabe nab: folds 
Uncalled bet ($5.10) returned to b2k-Snick
b2k-Snick collected $9.27 from pot
b2k-Snick: doesn't show hand 
*** SUMMARY ***
Total pot $9.76 | Rake $0.49 
Board [6d Qh 2s 3h As]
Seat 1: Sarabe nab (small blind) folded on the River
Seat 2: b2k-Snick (big blind) collected ($9.27)
Seat 3: reeqar folded before Flop (didn't bet)
Seat 4: peak joker33 folded before Flop (didn't bet)
Seat 5: Pon4uk.ua folded before Flop (didn't bet)
Seat 6: XKTTBOBV11 (button) folded before Flop (didn't bet)



PokerStars Hand #254762110344:  Hold'em No Limit ($0.50/$1.00 USD) - 2025/02/08 6:47:48 WET [2025/02/08 1:47:48 ET]
Table 'Gudy' 6-max Seat #1 is the button
Seat 1: Sarabe nab ($35.96 in chips) 
Seat 2: b2k-Snick ($104.39 in chips) 
Seat 3: reeqar ($113.04 in chips) 
Seat 4: peak joker33 ($100 in chips) 
Seat 5: Pon4uk.ua ($101.20 in chips) 
Seat 6: XKTTBOBV11 ($20.50 in chips) 
b2k-Snick: posts small blind $0.50
reeqar: posts big blind $1
*** HOLE CARDS ***
peak joker33: folds 
Pon4uk.ua: folds 
XKTTBOBV11: folds 
Sarabe nab: calls $1
b2k-Snick: folds 
reeqar: checks 
*** FLOP *** [6c Th 2d]
reeqar: checks 
Sarabe nab: bets $1
reeqar: folds 
Uncalled bet ($1) returned to Sarabe nab
Sarabe nab collected $2.38 from pot
Sarabe nab: doesn't show hand 
*** SUMMARY ***
Total pot $2.50 | Rake $0.12 
Board [6c Th 2d]
Seat 1: Sarabe nab (button) collected ($2.38)
Seat 2: b2k-Snick (small blind) folded before Flop
Seat 3: reeqar (big blind) folded on the Flop
Seat 4: peak joker33 folded before Flop (didn't bet)
Seat 5: Pon4uk.ua folded before Flop (didn't bet)
Seat 6: XKTTBOBV11 folded before Flop (didn't bet)



PokerStars Hand #254762113919:  Hold'em No Limit ($0.50/$1.00 USD) - 2025/02/08 6:48:29 WET [2025/02/08 1:48:29 ET]
Table 'Gudy' 6-max Seat #2 is the button
Seat 1: Sarabe nab ($37.34 in chips) 
Seat 2: b2k-Snick ($103.89 in chips) 
Seat 3: reeqar ($112.04 in chips) 
Seat 4: peak joker33 ($100 in chips) 
Seat 5: Pon4uk.ua ($101.20 in chips) 
Seat 6: XKTTBOBV11 ($20.50 in chips) 
reeqar: posts small blind $0.50
peak joker33: posts big blind $1
*** HOLE CARDS ***
Pon4uk.ua: raises $1 to $2
XKTTBOBV11: folds 
Sarabe nab: calls $2
b2k-Snick: folds 
reeqar: folds 
peak joker33: folds 
*** FLOP *** [4d As Ad]
Pon4uk.ua: bets $1.72
Sarabe nab: folds 
Uncalled bet ($1.72) returned to Pon4uk.ua
Pon4uk.ua collected $5.22 from pot
Pon4uk.ua: doesn't show hand 
*** SUMMARY ***
Total pot $5.50 | Rake $0.28 
Board [4d As Ad]
Seat 1: Sarabe nab folded on the Flop
Seat 2: b2k-Snick (button) folded before Flop (didn't bet)
Seat 3: reeqar (small blind) folded before Flop
Seat 4: peak joker33 (big blind) folded before Flop
Seat 5: Pon4uk.ua collected ($5.22)
Seat 6: XKTTBOBV11 folded before Flop (didn't bet)



PokerStars Hand #254762116637:  Hold'em No Limit ($0.50/$1.00 USD) - 2025/02/08 6:49:00 WET [2025/02/08 1:49:00 ET]
Table 'Gudy' 6-max Seat #3 is the button
Seat 1: Sarabe nab ($35.34 in chips) 
Seat 2: b2k-Snick ($103.89 in chips) 
Seat 3: reeqar ($111.54 in chips) 
Seat 4: peak joker33 ($100 in chips) 
Seat 5: Pon4uk.ua ($104.42 in chips) 
Seat 6: XKTTBOBV11 ($20.50 in chips) 
peak joker33: posts small blind $0.50
Pon4uk.ua: posts big blind $1
*** HOLE CARDS ***
XKTTBOBV11: folds 
Sarabe nab: calls $1
b2k-Snick: folds 
reeqar: folds 
peak joker33: raises $4 to $5
Pon4uk.ua: raises $10 to $15
Sarabe nab: folds 
peak joker33: folds 
Uncalled bet ($10) returned to Pon4uk.ua
Pon4uk.ua collected $11 from pot
Pon4uk.ua: doesn't show hand 
*** SUMMARY ***
Total pot $11 | Rake $0 
Seat 1: Sarabe nab folded before Flop
Seat 2: b2k-Snick folded before Flop (didn't bet)
Seat 3: reeqar (button) folded before Flop (didn't bet)
Seat 4: peak joker33 (small blind) folded before Flop
Seat 5: Pon4uk.ua (big blind) collected ($11)
Seat 6: XKTTBOBV11 folded before Flop (didn't bet)



PokerStars Hand #254762120130:  Hold'em No Limit ($0.50/$1.00 USD) - 2025/02/08 6:49:41 WET [2025/02/08 1:49:41 ET]
Table 'Gudy' 6-max Seat #4 is the button
Seat 1: Sarabe nab ($34.34 in chips) 
Seat 2: b2k-Snick ($103.89 in chips) 
Seat 3: reeqar ($111.54 in chips) 
Seat 4: peak joker33 ($100 in chips) 
Seat 5: Pon4uk.ua ($110.42 in chips) 
Seat 6: XKTTBOBV11 ($20.50 in chips) 
Pon4uk.ua: posts small blind $0.50
XKTTBOBV11: posts big blind $1
*** HOLE CARDS ***
Sarabe nab: calls $1
b2k-Snick: folds 
reeqar has timed out
reeqar: folds 
peak joker33: raises $3 to $4
Pon4uk.ua: raises $12 to $16
XKTTBOBV11: folds 
Sarabe nab: folds 
peak joker33: folds 
Uncalled bet ($12) returned to Pon4uk.ua
Pon4uk.ua collected $10 from pot
Pon4uk.ua: doesn't show hand 
*** SUMMARY ***
Total pot $10 | Rake $0 
Seat 1: Sarabe nab folded before Flop
Seat 2: b2k-Snick folded before Flop (didn't bet)
Seat 3: reeqar folded before Flop (didn't bet)
Seat 4: peak joker33 (button) folded before Flop
Seat 5: Pon4uk.ua (small blind) collected ($10)
Seat 6: XKTTBOBV11 (big blind) folded before Flop



PokerStars Hand #254762123937:  Hold'em No Limit ($0.50/$1.00 USD) - 2025/02/08 6:50:24 WET [2025/02/08 1:50:24 ET]
Table 'Gudy' 6-max Seat #5 is the button
Seat 1: Sarabe nab ($33.34 in chips) 
Seat 2: b2k-Snick ($103.89 in chips) 
Seat 3: reeqar ($111.54 in chips) 
Seat 4: peak joker33 ($100 in chips) 
Seat 5: Pon4uk.ua ($116.42 in chips) 
Seat 6: XKTTBOBV11 ($19.50 in chips) 
XKTTBOBV11: posts small blind $0.50
Sarabe nab: posts big blind $1
*** HOLE CARDS ***
b2k-Snick: folds 
reeqar: folds 
peak joker33: folds 
Pon4uk.ua: folds 
XKTTBOBV11: folds 
Uncalled bet ($0.50) returned to Sarabe nab
Sarabe nab collected $1 from pot
Sarabe nab: doesn't show hand 
*** SUMMARY ***
Total pot $1 | Rake $0 
Seat 1: Sarabe nab (big blind) collected ($1)
Seat 2: b2k-Snick folded before Flop (didn't bet)
Seat 3: reeqar folded before Flop (didn't bet)
Seat 4: peak joker33 folded before Flop (didn't bet)
Seat 5: Pon4uk.ua (button) folded before Flop (didn't bet)
Seat 6: XKTTBOBV11 (small blind) folded before Flop



PokerStars Hand #254762124849:  Hold'em No Limit ($0.50/$1.00 USD) - 2025/02/08 6:50:35 WET [2025/02/08 1:50:35 ET]
Table 'Gudy' 6-max Seat #6 is the button
Seat 1: Sarabe nab ($33.84 in chips) 
Seat 2: b2k-Snick ($103.89 in chips) 
Seat 3: reeqar ($111.54 in chips) 
Seat 4: peak joker33 ($100 in chips) 
Seat 5: Pon4uk.ua ($116.42 in chips) 
Seat 6: XKTTBOBV11 ($19 in chips) 
Sarabe nab: posts small blind $0.50
b2k-Snick: posts big blind $1
*** HOLE CARDS ***
reeqar: folds 
peak joker33: folds 
Pon4uk.ua: raises $1 to $2
XKTTBOBV11: folds 
Sarabe nab: calls $1.50
b2k-Snick: calls $1
*** FLOP *** [Jd 9d 3h]
Sarabe nab: checks 
b2k-Snick: checks 
Pon4uk.ua: bets $1.88
Sarabe nab: calls $1.88
b2k-Snick: calls $1.88
*** TURN *** [Jd 9d 3h] [Js]
Sarabe nab: bets $5.53
b2k-Snick: folds 
Pon4uk.ua: raises $5.53 to $11.06
Sarabe nab: raises $18.90 to $29.96 and is all-in
Pon4uk.ua: calls $18.90
*** RIVER *** [Jd 9d 3h Js] [4c]
*** SHOW DOWN ***
Sarabe nab: shows [Jh 2s] (three of a kind, Jacks)
Pon4uk.ua: shows [3s 3c] (a full house, Threes full of Jacks)
Pon4uk.ua collected $69.06 from pot
Sarabe nab cashed out the hand for $10.77 | Cash Out Fee $0.22
*** SUMMARY ***
Total pot $71.56 | Rake $2.50 
Board [Jd 9d 3h Js 4c]
Seat 1: Sarabe nab (small blind) showed [Jh 2s] and lost with three of a kind, Jacks (cashed out).
Seat 2: b2k-Snick (big blind) folded on the Turn
Seat 3: reeqar folded before Flop (didn't bet)
Seat 4: peak joker33 folded before Flop (didn't bet)
Seat 5: Pon4uk.ua showed [3s 3c] and won ($69.06) with a full house, Threes full of Jacks
Seat 6: XKTTBOBV11 (button) folded before Flop (didn't bet)



PokerStars Hand #254762131343:  Hold'em No Limit ($0.50/$1.00 USD) - 2025/02/08 6:51:49 WET [2025/02/08 1:51:49 ET]
Table 'Gudy' 6-max Seat #1 is the button
Seat 1: Sarabe nab ($10.77 in chips) 
Seat 2: b2k-Snick ($100.01 in chips) 
Seat 3: reeqar ($111.54 in chips) 
Seat 4: peak joker33 ($100 in chips) 
Seat 5: Pon4uk.ua ($151.64 in chips) 
Seat 6: XKTTBOBV11 ($19 in chips) 
b2k-Snick: posts small blind $0.50
reeqar: posts big blind $1
*** HOLE CARDS ***
peak joker33: folds 
Pon4uk.ua: folds 
XKTTBOBV11: folds 
Sarabe nab: calls $1
b2k-Snick: calls $0.50
reeqar: checks 
*** FLOP *** [6h As Ad]
b2k-Snick: checks 
reeqar: checks 
Sarabe nab: checks 
*** TURN *** [6h As Ad] [7c]
b2k-Snick: checks 
reeqar: bets $1.43
Sarabe nab: folds 
b2k-Snick: folds 
Uncalled bet ($1.43) returned to reeqar
reeqar collected $2.85 from pot
reeqar: doesn't show hand 
*** SUMMARY ***
Total pot $3 | Rake $0.15 
Board [6h As Ad 7c]
Seat 1: Sarabe nab (button) folded on the Turn
Seat 2: b2k-Snick (small blind) folded on the Turn
Seat 3: reeqar (big blind) collected ($2.85)
Seat 4: peak joker33 folded before Flop (didn't bet)
Seat 5: Pon4uk.ua folded before Flop (didn't bet)
Seat 6: XKTTBOBV11 folded before Flop (didn't bet)



PokerStars Hand #254762136429:  Hold'em No Limit ($0.50/$1.00 USD) - 2025/02/08 6:52:47 WET [2025/02/08 1:52:47 ET]
Table 'Gudy' 6-max Seat #2 is the button
Seat 1: Sarabe nab ($9.77 in chips) 
Seat 2: b2k-Snick ($100 in chips) 
Seat 3: reeqar ($113.39 in chips) 
Seat 4: peak joker33 ($100 in chips) 
Seat 5: Pon4uk.ua ($151.64 in chips) 
Seat 6: XKTTBOBV11 ($19 in chips) 
reeqar: posts small blind $0.50
peak joker33: posts big blind $1
*** HOLE CARDS ***
Pon4uk.ua: folds 
XKTTBOBV11: raises $1 to $2
Sarabe nab: calls $2
b2k-Snick: folds 
reeqar: folds 
peak joker33: folds 
*** FLOP *** [6d 3s Js]
XKTTBOBV11: bets $2.09
Sarabe nab: folds 
Uncalled bet ($2.09) returned to XKTTBOBV11
XKTTBOBV11 collected $5.22 from pot
XKTTBOBV11: doesn't show hand 
*** SUMMARY ***
Total pot $5.50 | Rake $0.28 
Board [6d 3s Js]
Seat 1: Sarabe nab folded on the Flop
Seat 2: b2k-Snick (button) folded before Flop (didn't bet)
Seat 3: reeqar (small blind) folded before Flop
Seat 4: peak joker33 (big blind) folded before Flop
Seat 5: Pon4uk.ua folded before Flop (didn't bet)
Seat 6: XKTTBOBV11 collected ($5.22)



PokerStars Hand #254762139650:  Hold'em No Limit ($0.50/$1.00 USD) - 2025/02/08 6:53:24 WET [2025/02/08 1:53:24 ET]
Table 'Gudy' 6-max Seat #3 is the button
Seat 1: Sarabe nab ($7.77 in chips) 
Seat 2: b2k-Snick ($100 in chips) 
Seat 3: reeqar ($112.89 in chips) 
Seat 4: peak joker33 ($100 in chips) 
Seat 5: Pon4uk.ua ($151.64 in chips) 
Seat 6: XKTTBOBV11 ($22.22 in chips) 
peak joker33: posts small blind $0.50
Pon4uk.ua: posts big blind $1
*** HOLE CARDS ***
XKTTBOBV11: folds 
Sarabe nab: folds 
b2k-Snick: folds 
reeqar: folds 
peak joker33: folds 
Uncalled bet ($0.50) returned to Pon4uk.ua
Pon4uk.ua collected $1 from pot
Pon4uk.ua: doesn't show hand 
*** SUMMARY ***
Total pot $1 | Rake $0 
Seat 1: Sarabe nab folded before Flop (didn't bet)
Seat 2: b2k-Snick folded before Flop (didn't bet)
Seat 3: reeqar (button) folded before Flop (didn't bet)
Seat 4: peak joker33 (small blind) folded before Flop
Seat 5: Pon4uk.ua (big blind) collected ($1)
Seat 6: XKTTBOBV11 folded before Flop (didn't bet)



PokerStars Hand #254762141054:  Hold'em No Limit ($0.50/$1.00 USD) - 2025/02/08 6:53:40 WET [2025/02/08 1:53:40 ET]
Table 'Gudy' 6-max Seat #4 is the button
Seat 1: Sarabe nab ($7.77 in chips) 
Seat 2: b2k-Snick ($100 in chips) 
Seat 3: reeqar ($112.89 in chips) 
Seat 4: peak joker33 ($100 in chips) 
Seat 5: Pon4uk.ua ($152.14 in chips) 
Seat 6: XKTTBOBV11 ($22.22 in chips) 
Pon4uk.ua: posts small blind $0.50
XKTTBOBV11: posts big blind $1
*** HOLE CARDS ***
Sarabe nab: folds 
b2k-Snick: folds 
reeqar: folds 
peak joker33: raises $1.50 to $2.50
Pon4uk.ua: folds 
XKTTBOBV11: folds 
Uncalled bet ($1.50) returned to peak joker33
peak joker33 collected $2.50 from pot
peak joker33: doesn't show hand 
*** SUMMARY ***
Total pot $2.50 | Rake $0 
Seat 1: Sarabe nab folded before Flop (didn't bet)
Seat 2: b2k-Snick folded before Flop (didn't bet)
Seat 3: reeqar folded before Flop (didn't bet)
Seat 4: peak joker33 (button) collected ($2.50)
Seat 5: Pon4uk.ua (small blind) folded before Flop
Seat 6: XKTTBOBV11 (big blind) folded before Flop



PokerStars Hand #254762142765:  Hold'em No Limit ($0.50/$1.00 USD) - 2025/02/08 6:54:00 WET [2025/02/08 1:54:00 ET]
Table 'Gudy' 6-max Seat #5 is the button
Seat 1: Sarabe nab ($7.77 in chips) 
Seat 2: b2k-Snick ($100 in chips) 
Seat 3: reeqar ($112.89 in chips) 
Seat 4: peak joker33 ($101.50 in chips) 
Seat 5: Pon4uk.ua ($151.64 in chips) 
Seat 6: XKTTBOBV11 ($21.22 in chips) 
XKTTBOBV11: posts small blind $0.50
Sarabe nab: posts big blind $1
*** HOLE CARDS ***
b2k-Snick: raises $1.10 to $2.10
reeqar: folds 
peak joker33: raises $4.90 to $7
Pon4uk.ua: folds 
XKTTBOBV11: folds 
Sarabe nab: folds 
b2k-Snick: raises $13 to $20
peak joker33: raises $81.50 to $101.50 and is all-in
b2k-Snick: folds 
Uncalled bet ($81.50) returned to peak joker33
peak joker33 collected $41.50 from pot
peak joker33: doesn't show hand 
*** SUMMARY ***
Total pot $41.50 | Rake $0 
Seat 1: Sarabe nab (big blind) folded before Flop
Seat 2: b2k-Snick folded before Flop
Seat 3: reeqar folded before Flop (didn't bet)
Seat 4: peak joker33 collected ($41.50)
Seat 5: Pon4uk.ua (button) folded before Flop (didn't bet)
Seat 6: XKTTBOBV11 (small blind) folded before Flop



PokerStars Hand #254762147739:  Hold'em No Limit ($0.50/$1.00 USD) - 2025/02/08 6:54:57 WET [2025/02/08 1:54:57 ET]
Table 'Gudy' 6-max Seat #6 is the button
Seat 1: Sarabe nab ($6.77 in chips) 
Seat 2: b2k-Snick ($100 in chips) 
Seat 3: reeqar ($112.89 in chips) 
Seat 4: peak joker33 ($123 in chips) 
Seat 5: Pon4uk.ua ($151.64 in chips) 
Seat 6: XKTTBOBV11 ($20.72 in chips) 
Sarabe nab: posts small blind $0.50
b2k-Snick: posts big blind $1
*** HOLE CARDS ***
reeqar: raises $1.50 to $2.50
peak joker33: folds 
Pon4uk.ua: folds 
XKTTBOBV11: folds 
Sarabe nab: folds 
b2k-Snick: folds 
Uncalled bet ($1.50) returned to reeqar
reeqar collected $2.50 from pot
reeqar: doesn't show hand 
*** SUMMARY ***
Total pot $2.50 | Rake $0 
Seat 1: Sarabe nab (small blind) folded before Flop
Seat 2: b2k-Snick (big blind) folded before Flop
Seat 3: reeqar collected ($2.50)
Seat 4: peak joker33 folded before Flop (didn't bet)
Seat 5: Pon4uk.ua folded before Flop (didn't bet)
Seat 6: XKTTBOBV11 (button) folded before Flop (didn't bet)



PokerStars Hand #254762149546:  Hold'em No Limit ($0.50/$1.00 USD) - 2025/02/08 6:55:20 WET [2025/02/08 1:55:20 ET]
Table 'Gudy' 6-max Seat #1 is the button
Seat 3: reeqar ($114.39 in chips) is sitting out
Seat 4: peak joker33 ($123 in chips) is sitting out
Seat 1: Sarabe nab ($6.27 in chips) 
Seat 2: b2k-Snick ($100 in chips) 
Seat 5: Pon4uk.ua ($151.64 in chips) 
Seat 6: XKTTBOBV11 ($20.72 in chips) 
b2k-Snick: posts small blind $0.50
reeqar: is sitting out 
peak joker33: is sitting out 
Pon4uk.ua: posts big blind $1
*** HOLE CARDS ***
XKTTBOBV11: folds 
Sarabe nab: calls $1
peak joker33 leaves the table
b2k-Snick: raises $2.50 to $3.50
Pon4uk.ua: folds 
reeqar leaves the table
Sarabe nab: raises $2.77 to $6.27 and is all-in
b2k-Snick: calls $2.77
*** FLOP *** [Qs 6c Jc]
*** TURN *** [Qs 6c Jc] [8h]
*** RIVER *** [Qs 6c Jc 8h] [2s]
*** SHOW DOWN ***
b2k-Snick: shows [Qd Kd] (a pair of Queens)
Sarabe nab: shows [4c Tc] (high card Queen)
b2k-Snick collected $12.86 from pot
MoRsCeReBruM joins the table at seat #3 
*** SUMMARY ***
Total pot $13.54 | Rake $0.68 
Board [Qs 6c Jc 8h 2s]
Seat 3: reeqar
Seat 4: peak joker33
Seat 1: Sarabe nab (button) showed [4c Tc] and lost with high card Queen
Seat 2: b2k-Snick (small blind) showed [Qd Kd] and won ($12.86) with a pair of Queens
Seat 5: Pon4uk.ua (big blind) folded before Flop
Seat 6: XKTTBOBV11 folded before Flop (didn't bet)



PokerStars Hand #254762151998:  Hold'em No Limit ($0.50/$1.00 USD) - 2025/02/08 6:55:53 WET [2025/02/08 1:55:53 ET]
Table 'Gudy' 6-max Seat #5 is the button
Seat 3: MoRsCeReBruM ($100 in chips) is sitting out
Seat 6: XKTTBOBV11 ($20.72 in chips) is sitting out
Seat 2: b2k-Snick ($106.59 in chips) 
Seat 5: Pon4uk.ua ($150.64 in chips) 
Pon4uk.ua: posts small blind $0.50
XKTTBOBV11: is sitting out 
b2k-Snick: posts big blind $1
*** HOLE CARDS ***
XKTTBOBV11 leaves the table
Pon4uk.ua: raises $1.50 to $2.50
MoRsCeReBruM leaves the table
b2k-Snick: folds 
Uncalled bet ($1.50) returned to Pon4uk.ua
Pon4uk.ua collected $2 from pot
Pon4uk.ua: doesn't show hand 
*** SUMMARY ***
Total pot $2 | Rake $0 
Seat 3: MoRsCeReBruM
Seat 6: XKTTBOBV11
Seat 2: b2k-Snick (big blind) folded before Flop
Seat 5: Pon4uk.ua (button) (small blind) collected ($2)



PokerStars Hand #254762153183:  Hold'em No Limit ($0.50/$1.00 USD) - 2025/02/08 6:56:10 WET [2025/02/08 1:56:10 ET]
Table 'Gudy' 6-max Seat #2 is the button
Seat 2: b2k-Snick ($105.59 in chips) 
Seat 5: Pon4uk.ua ($151.64 in chips) 
b2k-Snick: posts small blind $0.50
Pon4uk.ua: posts big blind $1
*** HOLE CARDS ***
b2k-Snick: folds 
Uncalled bet ($0.50) returned to Pon4uk.ua
b2k-Snick leaves the table
Pon4uk.ua collected $1 from pot
Pon4uk.ua: doesn't show hand 
*** SUMMARY ***
Total pot $1 | Rake $0 
Seat 2: b2k-Snick (button) (small blind) folded before Flop
Seat 5: Pon4uk.ua (big blind) collected ($1)



PokerStars Hand #254762105281:  Hold'em No Limit ($0.50/$1.00 USD) - 2025/02/08 6:46:49 WET [2025/02/08 1:46:49 ET]
Table 'Gudy' 6-max Seat #5 is the button
Seat 1: Sarabe nab ($38.12 in chips) 
Seat 2: b2k-Snick ($100 in chips) 
Seat 3: reeqar ($113.04 in chips) 
Seat 4: peak joker33 ($100 in chips) 
Seat 5: Pon4uk.ua ($103.70 in chips) 
Seat 6: XKTTBOBV11 ($9 in chips) 
XKTTBOBV11: posts small blind $0.50
Sarabe nab: posts big blind $1
*** HOLE CARDS ***
b2k-Snick: folds 
reeqar: folds 
peak joker33: folds 
Pon4uk.ua: raises $1.50 to $2.50
XKTTBOBV11: folds 
Sarabe nab: calls $1.50
*** FLOP *** [4s 3c 4h]
Sarabe nab: bets $35.62 and is all-in
Pon4uk.ua: folds 
Uncalled bet ($35.62) returned to Sarabe nab
Sarabe nab collected $5.22 from pot
Sarabe nab: doesn't show hand 
*** SUMMARY ***
Total pot $5.50 | Rake $0.28 
Board [4s 3c 4h]
Seat 1: Sarabe nab (big blind) collected ($5.22)
Seat 2: b2k-Snick folded before Flop (didn't bet)
Seat 3: reeqar folded before Flop (didn't bet)
Seat 4: peak joker33 folded before Flop (didn't bet)
Seat 5: Pon4uk.ua (button) folded on the Flop
Seat 6: XKTTBOBV11 (small blind) folded before Flop



