PokerStars Hand #254764718061:  Hold'em No Limit ($0.50/$1.00 USD) - 2025/02/08 13:06:08 WET [2025/02/08 8:06:08 ET]
Table 'Neshmet' 6-max Seat #5 is the button
Seat 2: Drevevagen17 ($100 in chips) 
Seat 5: vitalik_sw ($80 in chips) 
vitalik_sw: posts small blind $0.50
Drevevagen17: posts big blind $1
*** HOLE CARDS ***
vitalik_sw: raises $1.50 to $2.50
Drevevagen17: calls $1.50
*** FLOP *** [As 2c Ts]
Drevevagen17: checks 
vitalik_sw: checks 
*** TURN *** [As 2c Ts] [Jd]
Drevevagen17: checks 
vitalik_sw: checks 
*** RIVER *** [As 2c Ts Jd] [4c]
Drevevagen17: checks 
vitalik_sw: checks 
*** SHOW DOWN ***
Drevevagen17: shows [4d Kd] (a pair of Fours)
vitalik_sw: shows [5c 5d] (a pair of Fives)
vitalik_sw collected $4.75 from pot
*** SUMMARY ***
Total pot $5 | Rake $0.25 
Board [As 2c Ts Jd 4c]
Seat 2: Drevevagen17 (big blind) showed [4d Kd] and lost with a pair of Fours
Seat 5: vitalik_sw (button) (small blind) showed [5c 5d] and won ($4.75) with a pair of Fives



PokerStars Hand #254764724579:  Hold'em No Limit ($0.50/$1.00 USD) - 2025/02/08 13:06:46 WET [2025/02/08 8:06:46 ET]
Table 'Neshmet' 6-max Seat #2 is the button
Seat 2: Drevevagen17 ($97.50 in chips) 
Seat 5: vitalik_sw ($100 in chips) 
Drevevagen17: posts small blind $0.50
vitalik_sw: posts big blind $1
*** HOLE CARDS ***
Drevevagen17: folds 
Uncalled bet ($0.50) returned to vitalik_sw
vitalik_sw collected $1 from pot
vitalik_sw: doesn't show hand 
*** SUMMARY ***
Total pot $1 | Rake $0 
Seat 2: Drevevagen17 (button) (small blind) folded before Flop
Seat 5: vitalik_sw (big blind) collected ($1)



PokerStars Hand #254764725739:  Hold'em No Limit ($0.50/$1.00 USD) - 2025/02/08 13:06:53 WET [2025/02/08 8:06:53 ET]
Table 'Neshmet' 6-max Seat #5 is the button
Seat 2: Drevevagen17 ($97 in chips) 
Seat 5: vitalik_sw ($100.50 in chips) 
vitalik_sw: posts small blind $0.50
Drevevagen17: posts big blind $1
*** HOLE CARDS ***
vitalik_sw: raises $1.50 to $2.50
Drevevagen17: raises $94.50 to $97 and is all-in
vitalik_sw: folds 
Uncalled bet ($94.50) returned to Drevevagen17
Drevevagen17 collected $5 from pot
*** SUMMARY ***
Total pot $5 | Rake $0 
Seat 2: Drevevagen17 (big blind) collected ($5)
Seat 5: vitalik_sw (button) (small blind) folded before Flop



PokerStars Hand #254764731676:  Hold'em No Limit ($0.50/$1.00 USD) - 2025/02/08 13:07:27 WET [2025/02/08 8:07:27 ET]
Table 'Neshmet' 6-max Seat #2 is the button
Seat 2: Drevevagen17 ($99.50 in chips) 
Seat 5: vitalik_sw ($100 in chips) 
Drevevagen17: posts small blind $0.50
vitalik_sw: posts big blind $1
*** HOLE CARDS ***
Drevevagen17: folds 
Uncalled bet ($0.50) returned to vitalik_sw
vitalik_sw collected $1 from pot
vitalik_sw: doesn't show hand 
*** SUMMARY ***
Total pot $1 | Rake $0 
Seat 2: Drevevagen17 (button) (small blind) folded before Flop
Seat 5: vitalik_sw (big blind) collected ($1)



PokerStars Hand #254764732648:  Hold'em No Limit ($0.50/$1.00 USD) - 2025/02/08 13:07:33 WET [2025/02/08 8:07:33 ET]
Table 'Neshmet' 6-max Seat #5 is the button
Seat 2: Drevevagen17 ($99 in chips) 
Seat 5: vitalik_sw ($100.50 in chips) 
vitalik_sw: posts small blind $0.50
Drevevagen17: posts big blind $1
*** HOLE CARDS ***
vitalik_sw: raises $1.50 to $2.50
Drevevagen17: raises $96.50 to $99 and is all-in
vitalik_sw: folds 
Uncalled bet ($96.50) returned to Drevevagen17
Drevevagen17 collected $5 from pot
*** SUMMARY ***
Total pot $5 | Rake $0 
Seat 2: Drevevagen17 (big blind) collected ($5)
Seat 5: vitalik_sw (button) (small blind) folded before Flop



