PokerStars Hand #254764635997:  Hold'em No Limit ($0.50/$1.00 USD) - 2025/02/08 12:57:27 WET [2025/02/08 7:57:27 ET]
Table 'Lucifer' 6-max Seat #3 is the button
Seat 1: blistein ($103 in chips) 
Seat 2: Burlica2013 ($101.50 in chips) 
Seat 3: gudrozd ($100 in chips) 
Seat 4: amphii ($20 in chips) 
Seat 5: Emily_GetMan ($100 in chips) 
Seat 6: sourisminii ($50.93 in chips) 
amphii: posts small blind $0.50
Emily_GetMan: posts big blind $1
*** HOLE CARDS ***
sourisminii: folds 
blistein: folds 
Burlica2013: folds 
gudrozd: folds 
amphii: raises $1.50 to $2.50
Emily_GetMan: folds 
Uncalled bet ($1.50) returned to amphii
amphii collected $2 from pot
amphii: doesn't show hand 
*** SUMMARY ***
Total pot $2 | Rake $0 
Seat 1: blistein folded before Flop (didn't bet)
Seat 2: Burlica2013 folded before Flop (didn't bet)
Seat 3: gudrozd (button) folded before Flop (didn't bet)
Seat 4: amphii (small blind) collected ($2)
Seat 5: Emily_GetMan (big blind) folded before Flop
Seat 6: sourisminii folded before Flop (didn't bet)



PokerStars Hand #254764638618:  Hold'em No Limit ($0.50/$1.00 USD) - 2025/02/08 12:57:47 WET [2025/02/08 7:57:47 ET]
Table 'Lucifer' 6-max Seat #4 is the button
Seat 1: blistein ($103 in chips) 
Seat 2: Burlica2013 ($101.50 in chips) 
Seat 3: gudrozd ($100 in chips) 
Seat 4: amphii ($21 in chips) 
Seat 5: Emily_GetMan ($100 in chips) 
Seat 6: sourisminii ($50.93 in chips) 
Emily_GetMan: posts small blind $0.50
sourisminii: posts big blind $1
*** HOLE CARDS ***
blistein: folds 
Burlica2013: folds 
gudrozd: folds 
amphii: folds 
Emily_GetMan: folds 
Uncalled bet ($0.50) returned to sourisminii
sourisminii collected $1 from pot
*** SUMMARY ***
Total pot $1 | Rake $0 
Seat 1: blistein folded before Flop (didn't bet)
Seat 2: Burlica2013 folded before Flop (didn't bet)
Seat 3: gudrozd folded before Flop (didn't bet)
Seat 4: amphii (button) folded before Flop (didn't bet)
Seat 5: Emily_GetMan (small blind) folded before Flop
Seat 6: sourisminii (big blind) collected ($1)



PokerStars Hand #254764640951:  Hold'em No Limit ($0.50/$1.00 USD) - 2025/02/08 12:58:04 WET [2025/02/08 7:58:04 ET]
Table 'Lucifer' 6-max Seat #5 is the button
Seat 1: blistein ($103 in chips) 
Seat 2: Burlica2013 ($101.50 in chips) 
Seat 3: gudrozd ($100 in chips) 
Seat 4: amphii ($21 in chips) 
Seat 5: Emily_GetMan ($100 in chips) 
Seat 6: sourisminii ($51.43 in chips) 
sourisminii: posts small blind $0.50
blistein: posts big blind $1
*** HOLE CARDS ***
Burlica2013: folds 
gudrozd: folds 
amphii: folds 
Emily_GetMan: raises $1.50 to $2.50
sourisminii: folds 
blistein: folds 
Uncalled bet ($1.50) returned to Emily_GetMan
Emily_GetMan collected $2.50 from pot
Emily_GetMan: doesn't show hand 
*** SUMMARY ***
Total pot $2.50 | Rake $0 
Seat 1: blistein (big blind) folded before Flop
Seat 2: Burlica2013 folded before Flop (didn't bet)
Seat 3: gudrozd folded before Flop (didn't bet)
Seat 4: amphii folded before Flop (didn't bet)
Seat 5: Emily_GetMan (button) collected ($2.50)
Seat 6: sourisminii (small blind) folded before Flop



PokerStars Hand #254764643047:  Hold'em No Limit ($0.50/$1.00 USD) - 2025/02/08 12:58:20 WET [2025/02/08 7:58:20 ET]
Table 'Lucifer' 6-max Seat #6 is the button
Seat 1: blistein ($102 in chips) 
Seat 2: Burlica2013 ($101.50 in chips) 
Seat 3: gudrozd ($100 in chips) 
Seat 4: amphii ($21 in chips) 
Seat 5: Emily_GetMan ($101.50 in chips) 
Seat 6: sourisminii ($50.93 in chips) 
blistein: posts small blind $0.50
Burlica2013: posts big blind $1
*** HOLE CARDS ***
gudrozd: folds 
amphii: folds 
Emily_GetMan: folds 
sourisminii: raises $1 to $2
blistein: folds 
Burlica2013: calls $1
*** FLOP *** [Ks 9s 8h]
Burlica2013: checks 
sourisminii: bets $2
Burlica2013: folds 
Uncalled bet ($2) returned to sourisminii
sourisminii collected $4.28 from pot
*** SUMMARY ***
Total pot $4.50 | Rake $0.22 
Board [Ks 9s 8h]
Seat 1: blistein (small blind) folded before Flop
Seat 2: Burlica2013 (big blind) folded on the Flop
Seat 3: gudrozd folded before Flop (didn't bet)
Seat 4: amphii folded before Flop (didn't bet)
Seat 5: Emily_GetMan folded before Flop (didn't bet)
Seat 6: sourisminii (button) collected ($4.28)



PokerStars Hand #254764645934:  Hold'em No Limit ($0.50/$1.00 USD) - 2025/02/08 12:58:42 WET [2025/02/08 7:58:42 ET]
Table 'Lucifer' 6-max Seat #1 is the button
Seat 1: blistein ($101.50 in chips) 
Seat 2: Burlica2013 ($100 in chips) 
Seat 3: gudrozd ($100 in chips) 
Seat 4: amphii ($21 in chips) 
Seat 5: Emily_GetMan ($101.50 in chips) 
Seat 6: sourisminii ($53.21 in chips) 
Burlica2013: posts small blind $0.50
gudrozd: posts big blind $1
*** HOLE CARDS ***
amphii: folds 
Emily_GetMan: folds 
sourisminii: folds 
blistein: raises $1.50 to $2.50
Burlica2013: folds 
gudrozd: folds 
Uncalled bet ($1.50) returned to blistein
blistein collected $2.50 from pot
blistein: doesn't show hand 
*** SUMMARY ***
Total pot $2.50 | Rake $0 
Seat 1: blistein (button) collected ($2.50)
Seat 2: Burlica2013 (small blind) folded before Flop
Seat 3: gudrozd (big blind) folded before Flop
Seat 4: amphii folded before Flop (didn't bet)
Seat 5: Emily_GetMan folded before Flop (didn't bet)
Seat 6: sourisminii folded before Flop (didn't bet)



PokerStars Hand #254764647954:  Hold'em No Limit ($0.50/$1.00 USD) - 2025/02/08 12:58:57 WET [2025/02/08 7:58:57 ET]
Table 'Lucifer' 6-max Seat #2 is the button
Seat 1: blistein ($103 in chips) 
Seat 2: Burlica2013 ($100 in chips) 
Seat 3: gudrozd ($100 in chips) 
Seat 4: amphii ($21 in chips) 
Seat 5: Emily_GetMan ($101.50 in chips) 
Seat 6: sourisminii ($53.21 in chips) 
gudrozd: posts small blind $0.50
amphii: posts big blind $1
*** HOLE CARDS ***
Emily_GetMan: raises $1 to $2
sourisminii: calls $2
blistein: folds 
Burlica2013: folds 
gudrozd: folds 
amphii: folds 
*** FLOP *** [6h 8c Ad]
Emily_GetMan: bets $1.72
sourisminii: calls $1.72
*** TURN *** [6h 8c Ad] [5h]
Emily_GetMan: checks 
sourisminii: checks 
*** RIVER *** [6h 8c Ad 5h] [Ts]
Emily_GetMan: checks 
sourisminii: bets $3
Emily_GetMan: folds 
Uncalled bet ($3) returned to sourisminii
sourisminii collected $8.49 from pot
*** SUMMARY ***
Total pot $8.94 | Rake $0.45 
Board [6h 8c Ad 5h Ts]
Seat 1: blistein folded before Flop (didn't bet)
Seat 2: Burlica2013 (button) folded before Flop (didn't bet)
Seat 3: gudrozd (small blind) folded before Flop
Seat 4: amphii (big blind) folded before Flop
Seat 5: Emily_GetMan folded on the River
Seat 6: sourisminii collected ($8.49)



PokerStars Hand #254764655493:  Hold'em No Limit ($0.50/$1.00 USD) - 2025/02/08 12:59:53 WET [2025/02/08 7:59:53 ET]
Table 'Lucifer' 6-max Seat #3 is the button
Seat 5: Emily_GetMan ($100 in chips) is sitting out
Seat 1: blistein ($103 in chips) 
Seat 2: Burlica2013 ($100 in chips) 
Seat 3: gudrozd ($100 in chips) 
Seat 4: amphii ($20 in chips) 
Seat 6: sourisminii ($57.98 in chips) 
amphii: posts small blind $0.50
Emily_GetMan: is sitting out 
sourisminii: posts big blind $1
*** HOLE CARDS ***
blistein: folds 
Burlica2013: folds 
gudrozd: folds 
amphii: raises $19 to $20 and is all-in
sourisminii: folds 
Uncalled bet ($19) returned to amphii
Emily_GetMan leaves the table
amphii collected $2 from pot
amphii: doesn't show hand 
*** SUMMARY ***
Total pot $2 | Rake $0 
Seat 5: Emily_GetMan
Seat 1: blistein folded before Flop (didn't bet)
Seat 2: Burlica2013 folded before Flop (didn't bet)
Seat 3: gudrozd (button) folded before Flop (didn't bet)
Seat 4: amphii (small blind) collected ($2)
Seat 6: sourisminii (big blind) folded before Flop



PokerStars Hand #254764657016:  Hold'em No Limit ($0.50/$1.00 USD) - 2025/02/08 13:00:04 WET [2025/02/08 8:00:04 ET]
Table 'Lucifer' 6-max Seat #4 is the button
Seat 1: blistein ($103 in chips) 
Seat 2: Burlica2013 ($100 in chips) 
Seat 3: gudrozd ($100 in chips) 
Seat 4: amphii ($21 in chips) 
Seat 6: sourisminii ($56.98 in chips) 
sourisminii: posts small blind $0.50
blistein: posts big blind $1
*** HOLE CARDS ***
Burlica2013: folds 
gudrozd: folds 
amphii: folds 
sourisminii: calls $0.50
blistein: checks 
*** FLOP *** [7c 8s 2h]
sourisminii: bets $2
blistein: folds 
Uncalled bet ($2) returned to sourisminii
sourisminii collected $1.90 from pot
*** SUMMARY ***
Total pot $2 | Rake $0.10 
Board [7c 8s 2h]
Seat 1: blistein (big blind) folded on the Flop
Seat 2: Burlica2013 folded before Flop (didn't bet)
Seat 3: gudrozd folded before Flop (didn't bet)
Seat 4: amphii (button) folded before Flop (didn't bet)
Seat 6: sourisminii (small blind) collected ($1.90)



PokerStars Hand #254764660332:  Hold'em No Limit ($0.50/$1.00 USD) - 2025/02/08 13:00:28 WET [2025/02/08 8:00:28 ET]
Table 'Lucifer' 6-max Seat #6 is the button
Seat 1: blistein ($102 in chips) 
Seat 2: Burlica2013 ($100 in chips) 
Seat 3: gudrozd ($100 in chips) 
Seat 4: amphii ($21 in chips) 
Seat 6: sourisminii ($57.88 in chips) 
blistein: posts small blind $0.50
Burlica2013: posts big blind $1
*** HOLE CARDS ***
gudrozd: raises $1.50 to $2.50
Pon4uk.ua joins the table at seat #5 
amphii: raises $18.50 to $21 and is all-in
sourisminii: folds 
blistein: folds 
Burlica2013: folds 
gudrozd: folds 
Uncalled bet ($18.50) returned to amphii
amphii collected $6.50 from pot
amphii: doesn't show hand 
*** SUMMARY ***
Total pot $6.50 | Rake $0 
Seat 1: blistein (small blind) folded before Flop
Seat 2: Burlica2013 (big blind) folded before Flop
Seat 3: gudrozd folded before Flop
Seat 4: amphii collected ($6.50)
Seat 6: sourisminii (button) folded before Flop (didn't bet)



PokerStars Hand #254764664016:  Hold'em No Limit ($0.50/$1.00 USD) - 2025/02/08 13:00:53 WET [2025/02/08 8:00:53 ET]
Table 'Lucifer' 6-max Seat #1 is the button
Seat 5: Pon4uk.ua ($100 in chips) is sitting out
Seat 1: blistein ($101.50 in chips) 
Seat 2: Burlica2013 ($100 in chips) 
Seat 3: gudrozd ($100 in chips) 
Seat 4: amphii ($25 in chips) 
Seat 6: sourisminii ($57.88 in chips) 
Burlica2013: posts small blind $0.50
gudrozd: posts big blind $1
Pon4uk.ua: sits out 
*** HOLE CARDS ***
amphii: folds 
sourisminii: raises $1 to $2
blistein: folds 
Burlica2013: calls $1.50
gudrozd: folds 
*** FLOP *** [Ah 5d Ad]
Burlica2013: checks 
sourisminii: bets $2
Burlica2013: folds 
Uncalled bet ($2) returned to sourisminii
sourisminii collected $4.75 from pot
*** SUMMARY ***
Total pot $5 | Rake $0.25 
Board [Ah 5d Ad]
Seat 5: Pon4uk.ua
Seat 1: blistein (button) folded before Flop (didn't bet)
Seat 2: Burlica2013 (small blind) folded on the Flop
Seat 3: gudrozd (big blind) folded before Flop
Seat 4: amphii folded before Flop (didn't bet)
Seat 6: sourisminii collected ($4.75)



PokerStars Hand #254764668512:  Hold'em No Limit ($0.50/$1.00 USD) - 2025/02/08 13:01:20 WET [2025/02/08 8:01:20 ET]
Table 'Lucifer' 6-max Seat #2 is the button
Seat 5: Pon4uk.ua ($100 in chips) is sitting out
Seat 1: blistein ($101.50 in chips) 
Seat 2: Burlica2013 ($100 in chips) 
Seat 3: gudrozd ($100 in chips) 
Seat 4: amphii ($25 in chips) 
Seat 6: sourisminii ($60.63 in chips) 
gudrozd: posts small blind $0.50
amphii: posts big blind $1
Pon4uk.ua: sits out 
*** HOLE CARDS ***
sourisminii: calls $1
blistein: raises $2.50 to $3.50
Burlica2013: folds 
gudrozd: folds 
amphii: calls $2.50
sourisminii: calls $2.50
*** FLOP *** [5d Ah 9h]
amphii: checks 
sourisminii: checks 
blistein: bets $2.61
amphii: calls $2.61
sourisminii: calls $2.61
*** TURN *** [5d Ah 9h] [Qs]
amphii: checks 
sourisminii: checks 
blistein: checks 
*** RIVER *** [5d Ah 9h Qs] [Ad]
amphii: checks 
sourisminii: checks 
blistein: bets $14
amphii: folds 
sourisminii: folds 
Uncalled bet ($14) returned to blistein
blistein collected $17.89 from pot
blistein: doesn't show hand 
*** SUMMARY ***
Total pot $18.83 | Rake $0.94 
Board [5d Ah 9h Qs Ad]
Seat 5: Pon4uk.ua
Seat 1: blistein collected ($17.89)
Seat 2: Burlica2013 (button) folded before Flop (didn't bet)
Seat 3: gudrozd (small blind) folded before Flop
Seat 4: amphii (big blind) folded on the River
Seat 6: sourisminii folded on the River



PokerStars Hand #254764681215:  Hold'em No Limit ($0.50/$1.00 USD) - 2025/02/08 13:02:35 WET [2025/02/08 8:02:35 ET]
Table 'Lucifer' 6-max Seat #3 is the button
Seat 1: blistein ($113.28 in chips) 
Seat 2: Burlica2013 ($100 in chips) 
Seat 3: gudrozd ($100 in chips) 
Seat 4: amphii ($20 in chips) 
Seat 5: Pon4uk.ua ($100 in chips) 
Seat 6: sourisminii ($54.52 in chips) 
amphii: posts small blind $0.50
Pon4uk.ua: posts big blind $1
*** HOLE CARDS ***
sourisminii: calls $1
blistein: folds 
Burlica2013: raises $2 to $3
gudrozd: folds 
amphii: folds 
Pon4uk.ua: folds 
sourisminii: calls $2
*** FLOP *** [Kh 2c Ks]
sourisminii: checks 
Burlica2013: bets $2.35
sourisminii: folds 
Uncalled bet ($2.35) returned to Burlica2013
Burlica2013 collected $7.12 from pot
Burlica2013: doesn't show hand 
*** SUMMARY ***
Total pot $7.50 | Rake $0.38 
Board [Kh 2c Ks]
Seat 1: blistein folded before Flop (didn't bet)
Seat 2: Burlica2013 collected ($7.12)
Seat 3: gudrozd (button) folded before Flop (didn't bet)
Seat 4: amphii (small blind) folded before Flop
Seat 5: Pon4uk.ua (big blind) folded before Flop
Seat 6: sourisminii folded on the Flop



PokerStars Hand #254764687253:  Hold'em No Limit ($0.50/$1.00 USD) - 2025/02/08 13:03:11 WET [2025/02/08 8:03:11 ET]
Table 'Lucifer' 6-max Seat #4 is the button
Seat 1: blistein ($113.28 in chips) 
Seat 2: Burlica2013 ($104.12 in chips) 
Seat 3: gudrozd ($100 in chips) 
Seat 4: amphii ($20 in chips) 
Seat 5: Pon4uk.ua ($100 in chips) 
Seat 6: sourisminii ($51.52 in chips) 
Pon4uk.ua: posts small blind $0.50
sourisminii: posts big blind $1
*** HOLE CARDS ***
blistein: folds 
Burlica2013: folds 
gudrozd: folds 
amphii: folds 
Pon4uk.ua: raises $1.75 to $2.75
sourisminii: folds 
Uncalled bet ($1.75) returned to Pon4uk.ua
Pon4uk.ua collected $2 from pot
Pon4uk.ua: doesn't show hand 
*** SUMMARY ***
Total pot $2 | Rake $0 
Seat 1: blistein folded before Flop (didn't bet)
Seat 2: Burlica2013 folded before Flop (didn't bet)
Seat 3: gudrozd folded before Flop (didn't bet)
Seat 4: amphii (button) folded before Flop (didn't bet)
Seat 5: Pon4uk.ua (small blind) collected ($2)
Seat 6: sourisminii (big blind) folded before Flop



PokerStars Hand #254764691641:  Hold'em No Limit ($0.50/$1.00 USD) - 2025/02/08 13:03:36 WET [2025/02/08 8:03:36 ET]
Table 'Lucifer' 6-max Seat #5 is the button
Seat 1: blistein ($113.28 in chips) 
Seat 2: Burlica2013 ($104.12 in chips) 
Seat 3: gudrozd ($100 in chips) 
Seat 4: amphii ($20 in chips) 
Seat 5: Pon4uk.ua ($101 in chips) 
Seat 6: sourisminii ($50.52 in chips) 
sourisminii: posts small blind $0.50
blistein: posts big blind $1
*** HOLE CARDS ***
Burlica2013: folds 
gudrozd: folds 
amphii: folds 
Pon4uk.ua: folds 
sourisminii: raises $2 to $3
Burlica2013 leaves the table
blistein: folds 
Uncalled bet ($2) returned to sourisminii
sourisminii collected $2 from pot
*** SUMMARY ***
Total pot $2 | Rake $0 
Seat 1: blistein (big blind) folded before Flop
Seat 2: Burlica2013 folded before Flop (didn't bet)
Seat 3: gudrozd folded before Flop (didn't bet)
Seat 4: amphii folded before Flop (didn't bet)
Seat 5: Pon4uk.ua (button) folded before Flop (didn't bet)
Seat 6: sourisminii (small blind) collected ($2)



PokerStars Hand #254764695794:  Hold'em No Limit ($0.50/$1.00 USD) - 2025/02/08 13:04:00 WET [2025/02/08 8:04:00 ET]
Table 'Lucifer' 6-max Seat #6 is the button
Seat 1: blistein ($112.28 in chips) 
Seat 3: gudrozd ($100 in chips) 
Seat 4: amphii ($20 in chips) 
Seat 5: Pon4uk.ua ($101 in chips) 
Seat 6: sourisminii ($51.52 in chips) 
blistein: posts small blind $0.50
gudrozd: posts big blind $1
*** HOLE CARDS ***
amphii: folds 
Pon4uk.ua: folds 
sourisminii: raises $1 to $2
blistein: folds 
gudrozd: folds 
Uncalled bet ($1) returned to sourisminii
sourisminii collected $2.50 from pot
*** SUMMARY ***
Total pot $2.50 | Rake $0 
Seat 1: blistein (small blind) folded before Flop
Seat 3: gudrozd (big blind) folded before Flop
Seat 4: amphii folded before Flop (didn't bet)
Seat 5: Pon4uk.ua folded before Flop (didn't bet)
Seat 6: sourisminii (button) collected ($2.50)



PokerStars Hand #254764699860:  Hold'em No Limit ($0.50/$1.00 USD) - 2025/02/08 13:04:24 WET [2025/02/08 8:04:24 ET]
Table 'Lucifer' 6-max Seat #1 is the button
Seat 1: blistein ($111.78 in chips) 
Seat 3: gudrozd ($100 in chips) 
Seat 4: amphii ($20 in chips) 
Seat 5: Pon4uk.ua ($101 in chips) 
Seat 6: sourisminii ($53.02 in chips) 
gudrozd: posts small blind $0.50
amphii: posts big blind $1
*** HOLE CARDS ***
Pon4uk.ua: folds 
sourisminii: folds 
blistein: raises $1.50 to $2.50
gudrozd: raises $9.50 to $12
amphii: raises $8 to $20 and is all-in
blistein: folds 
gudrozd: calls $8
*** FIRST FLOP *** [8h Th 2h]
*** FIRST TURN *** [8h Th 2h] [9d]
*** FIRST RIVER *** [8h Th 2h 9d] [7h]
*** SECOND FLOP *** [3d 9c 7c]
*** SECOND TURN *** [3d 9c 7c] [4c]
*** SECOND RIVER *** [3d 9c 7c 4c] [6d]
*** FIRST SHOW DOWN ***
gudrozd: shows [Tc Qc] (a pair of Tens)
amphii: shows [Ad Kc] (high card Ace)
gudrozd collected $20.19 from pot
*** SECOND SHOW DOWN ***
gudrozd: shows [Tc Qc] (a flush, Queen high)
amphii: shows [Ad Kc] (high card Ace)
gudrozd collected $20.19 from pot
*** SUMMARY ***
Total pot $42.50 | Rake $2.12 
Hand was run twice
FIRST Board [8h Th 2h 9d 7h]
SECOND Board [3d 9c 7c 4c 6d]
Seat 1: blistein (button) folded before Flop
Seat 3: gudrozd (small blind) showed [Tc Qc] and won ($20.19) with a pair of Tens, and won ($20.19) with a flush, Queen high
Seat 4: amphii (big blind) showed [Ad Kc] and lost with high card Ace, and lost with high card Ace
Seat 5: Pon4uk.ua folded before Flop (didn't bet)
Seat 6: sourisminii folded before Flop (didn't bet)



PokerStars Hand #254764707989:  Hold'em No Limit ($0.50/$1.00 USD) - 2025/02/08 13:05:11 WET [2025/02/08 8:05:11 ET]
Table 'Lucifer' 6-max Seat #3 is the button
Seat 1: blistein ($109.28 in chips) 
Seat 3: gudrozd ($120.38 in chips) 
Seat 4: amphii ($20 in chips) 
Seat 5: Pon4uk.ua ($101 in chips) 
Seat 6: sourisminii ($53.02 in chips) 
amphii: posts small blind $0.50
Pon4uk.ua: posts big blind $1
*** HOLE CARDS ***
sourisminii: folds 
Espada Fish joins the table at seat #2 
blistein: folds 
gudrozd: folds 
amphii: raises $2 to $3
Pon4uk.ua: calls $2
*** FLOP *** [5h Js 4d]
amphii: bets $1.43
Pon4uk.ua: calls $1.43
*** TURN *** [5h Js 4d] [Ts]
amphii: bets $6.32
Pon4uk.ua: folds 
Uncalled bet ($6.32) returned to amphii
amphii collected $8.42 from pot
amphii: doesn't show hand 
*** SUMMARY ***
Total pot $8.86 | Rake $0.44 
Board [5h Js 4d Ts]
Seat 1: blistein folded before Flop (didn't bet)
Seat 3: gudrozd (button) folded before Flop (didn't bet)
Seat 4: amphii (small blind) collected ($8.42)
Seat 5: Pon4uk.ua (big blind) folded on the Turn
Seat 6: sourisminii folded before Flop (didn't bet)



PokerStars Hand #254764714778:  Hold'em No Limit ($0.50/$1.00 USD) - 2025/02/08 13:05:50 WET [2025/02/08 8:05:50 ET]
Table 'Lucifer' 6-max Seat #4 is the button
Seat 2: Espada Fish ($100 in chips) is sitting out
Seat 1: blistein ($109.28 in chips) 
Seat 3: gudrozd ($120.38 in chips) 
Seat 4: amphii ($23.99 in chips) 
Seat 5: Pon4uk.ua ($100 in chips) 
Seat 6: sourisminii ($53.02 in chips) 
Pon4uk.ua: posts small blind $0.50
sourisminii: posts big blind $1
Espada Fish: sits out 
*** HOLE CARDS ***
blistein: folds 
gudrozd: folds 
amphii: folds 
Pon4uk.ua: raises $1 to $2
sourisminii: calls $1
*** FLOP *** [Qh 3s 5d]
Pon4uk.ua: bets $1.90
sourisminii: calls $1.90
*** TURN *** [Qh 3s 5d] [5c]
Pon4uk.ua: checks 
sourisminii: bets $2
Pon4uk.ua: folds 
Uncalled bet ($2) returned to sourisminii
sourisminii collected $7.41 from pot
*** SUMMARY ***
Total pot $7.80 | Rake $0.39 
Board [Qh 3s 5d 5c]
Seat 2: Espada Fish
Seat 1: blistein folded before Flop (didn't bet)
Seat 3: gudrozd folded before Flop (didn't bet)
Seat 4: amphii (button) folded before Flop (didn't bet)
Seat 5: Pon4uk.ua (small blind) folded on the Turn
Seat 6: sourisminii (big blind) collected ($7.41)



PokerStars Hand #254764721888:  Hold'em No Limit ($0.50/$1.00 USD) - 2025/02/08 13:06:30 WET [2025/02/08 8:06:30 ET]
Table 'Lucifer' 6-max Seat #5 is the button
Seat 2: Espada Fish ($100 in chips) is sitting out
Seat 1: blistein ($109.28 in chips) 
Seat 3: gudrozd ($120.38 in chips) 
Seat 4: amphii ($23.99 in chips) 
Seat 5: Pon4uk.ua ($100 in chips) 
Seat 6: sourisminii ($56.53 in chips) 
sourisminii: posts small blind $0.50
blistein: posts big blind $1
Espada Fish: sits out 
*** HOLE CARDS ***
gudrozd: raises $1.50 to $2.50
amphii: folds 
Pon4uk.ua: folds 
sourisminii: folds 
blistein: folds 
Uncalled bet ($1.50) returned to gudrozd
gudrozd collected $2.50 from pot
gudrozd: doesn't show hand 
*** SUMMARY ***
Total pot $2.50 | Rake $0 
Seat 2: Espada Fish
Seat 1: blistein (big blind) folded before Flop
Seat 3: gudrozd collected ($2.50)
Seat 4: amphii folded before Flop (didn't bet)
Seat 5: Pon4uk.ua (button) folded before Flop (didn't bet)
Seat 6: sourisminii (small blind) folded before Flop



PokerStars Hand #254764725914:  Hold'em No Limit ($0.50/$1.00 USD) - 2025/02/08 13:06:54 WET [2025/02/08 8:06:54 ET]
Table 'Lucifer' 6-max Seat #6 is the button
Seat 1: blistein ($108.28 in chips) 
Seat 2: Espada Fish ($100 in chips) 
Seat 3: gudrozd ($121.88 in chips) 
Seat 4: amphii ($23.99 in chips) 
Seat 5: Pon4uk.ua ($100 in chips) 
Seat 6: sourisminii ($56.03 in chips) 
blistein: posts small blind $0.50
Espada Fish: posts big blind $1
*** HOLE CARDS ***
gudrozd: folds 
amphii: folds 
Pon4uk.ua: raises $1.50 to $2.50
sourisminii: folds 
blistein: folds 
Espada Fish: folds 
Uncalled bet ($1.50) returned to Pon4uk.ua
Pon4uk.ua collected $2.50 from pot
Pon4uk.ua: doesn't show hand 
*** SUMMARY ***
Total pot $2.50 | Rake $0 
Seat 1: blistein (small blind) folded before Flop
Seat 2: Espada Fish (big blind) folded before Flop
Seat 3: gudrozd folded before Flop (didn't bet)
Seat 4: amphii folded before Flop (didn't bet)
Seat 5: Pon4uk.ua collected ($2.50)
Seat 6: sourisminii (button) folded before Flop (didn't bet)



PokerStars Hand #254764728267:  Hold'em No Limit ($0.50/$1.00 USD) - 2025/02/08 13:07:07 WET [2025/02/08 8:07:07 ET]
Table 'Lucifer' 6-max Seat #1 is the button
Seat 1: blistein ($107.78 in chips) 
Seat 2: Espada Fish ($100 in chips) 
Seat 3: gudrozd ($121.88 in chips) 
Seat 4: amphii ($23.99 in chips) 
Seat 5: Pon4uk.ua ($101.50 in chips) 
Seat 6: sourisminii ($56.03 in chips) 
Espada Fish: posts small blind $0.50
gudrozd: posts big blind $1
*** HOLE CARDS ***
amphii: raises $1.50 to $2.50
Pon4uk.ua: folds 
sourisminii: calls $2.50
blistein: folds 
Espada Fish: folds 
gudrozd: folds 
*** FLOP *** [Ac 4c 2h]
amphii: bets $2.04
sourisminii: folds 
Uncalled bet ($2.04) returned to amphii
amphii collected $6.18 from pot
amphii: doesn't show hand 
*** SUMMARY ***
Total pot $6.50 | Rake $0.32 
Board [Ac 4c 2h]
Seat 1: blistein (button) folded before Flop (didn't bet)
Seat 2: Espada Fish (small blind) folded before Flop
Seat 3: gudrozd (big blind) folded before Flop
Seat 4: amphii collected ($6.18)
Seat 5: Pon4uk.ua folded before Flop (didn't bet)
Seat 6: sourisminii folded on the Flop



PokerStars Hand #254764733040:  Hold'em No Limit ($0.50/$1.00 USD) - 2025/02/08 13:07:35 WET [2025/02/08 8:07:35 ET]
Table 'Lucifer' 6-max Seat #2 is the button
Seat 1: blistein ($107.78 in chips) 
Seat 2: Espada Fish ($100 in chips) 
Seat 3: gudrozd ($120.88 in chips) 
Seat 4: amphii ($27.67 in chips) 
Seat 5: Pon4uk.ua ($101.50 in chips) 
Seat 6: sourisminii ($53.53 in chips) 
gudrozd: posts small blind $0.50
amphii: posts big blind $1
*** HOLE CARDS ***
Pon4uk.ua: folds 
sourisminii: folds 
blistein: folds 
Espada Fish: raises $1.50 to $2.50
gudrozd: folds 
amphii: raises $25.17 to $27.67 and is all-in
Espada Fish: calls $25.17
*** FLOP *** [3s Kc 9s]
*** TURN *** [3s Kc 9s] [4h]
*** RIVER *** [3s Kc 9s 4h] [Ad]
*** SHOW DOWN ***
amphii: shows [Jh Kd] (a pair of Kings)
Espada Fish: shows [8h 8d] (a pair of Eights)
amphii collected $53.34 from pot
Espada Fish cashed out the hand for $27.99 | Cash Out Fee $0.57
*** SUMMARY ***
Total pot $55.84 | Rake $2.50 
Board [3s Kc 9s 4h Ad]
Seat 1: blistein folded before Flop (didn't bet)
Seat 2: Espada Fish (button) showed [8h 8d] and lost with a pair of Eights (cashed out).
Seat 3: gudrozd (small blind) folded before Flop
Seat 4: amphii (big blind) showed [Jh Kd] and won ($53.34) with a pair of Kings
Seat 5: Pon4uk.ua folded before Flop (didn't bet)
Seat 6: sourisminii folded before Flop (didn't bet)



PokerStars Hand #254764739231:  Hold'em No Limit ($0.50/$1.00 USD) - 2025/02/08 13:08:11 WET [2025/02/08 8:08:11 ET]
Table 'Lucifer' 6-max Seat #3 is the button
Seat 1: blistein ($107.78 in chips) 
Seat 2: Espada Fish ($100.32 in chips) 
Seat 3: gudrozd ($120.38 in chips) 
Seat 4: amphii ($53.34 in chips) 
Seat 5: Pon4uk.ua ($101.50 in chips) 
Seat 6: sourisminii ($53.53 in chips) 
amphii: posts small blind $0.50
Pon4uk.ua: posts big blind $1
*** HOLE CARDS ***
sourisminii: folds 
blistein: folds 
Espada Fish: folds 
gudrozd: raises $1.50 to $2.50
amphii: raises $8 to $10.50
Pon4uk.ua: folds 
gudrozd: folds 
Uncalled bet ($8) returned to amphii
amphii collected $6 from pot
amphii: doesn't show hand 
*** SUMMARY ***
Total pot $6 | Rake $0 
Seat 1: blistein folded before Flop (didn't bet)
Seat 2: Espada Fish folded before Flop (didn't bet)
Seat 3: gudrozd (button) folded before Flop
Seat 4: amphii (small blind) collected ($6)
Seat 5: Pon4uk.ua (big blind) folded before Flop
Seat 6: sourisminii folded before Flop (didn't bet)



PokerStars Hand #254764743652:  Hold'em No Limit ($0.50/$1.00 USD) - 2025/02/08 13:08:36 WET [2025/02/08 8:08:36 ET]
Table 'Lucifer' 6-max Seat #4 is the button
Seat 1: blistein ($107.78 in chips) 
Seat 2: Espada Fish ($100.32 in chips) 
Seat 3: gudrozd ($117.88 in chips) 
Seat 4: amphii ($56.84 in chips) 
Seat 5: Pon4uk.ua ($100.50 in chips) 
Seat 6: sourisminii ($53.53 in chips) 
Pon4uk.ua: posts small blind $0.50
sourisminii: posts big blind $1
*** HOLE CARDS ***
blistein: folds 
Espada Fish: folds 
gudrozd: folds 
amphii: folds 
Pon4uk.ua: raises $1.75 to $2.75
sourisminii: calls $1.75
*** FLOP *** [Qc 5h 5s]
Pon4uk.ua: bets $1.72
sourisminii: calls $1.72
*** TURN *** [Qc 5h 5s] [Jd]
Pon4uk.ua: checks 
sourisminii: bets $3
Pon4uk.ua: folds 
Uncalled bet ($3) returned to sourisminii
sourisminii collected $8.49 from pot
*** SUMMARY ***
Total pot $8.94 | Rake $0.45 
Board [Qc 5h 5s Jd]
Seat 1: blistein folded before Flop (didn't bet)
Seat 2: Espada Fish folded before Flop (didn't bet)
Seat 3: gudrozd folded before Flop (didn't bet)
Seat 4: amphii (button) folded before Flop (didn't bet)
Seat 5: Pon4uk.ua (small blind) folded on the Turn
Seat 6: sourisminii (big blind) collected ($8.49)



PokerStars Hand #254764750424:  Hold'em No Limit ($0.50/$1.00 USD) - 2025/02/08 13:09:14 WET [2025/02/08 8:09:14 ET]
Table 'Lucifer' 6-max Seat #5 is the button
Seat 1: blistein ($107.78 in chips) 
Seat 2: Espada Fish ($100.32 in chips) 
Seat 3: gudrozd ($117.88 in chips) 
Seat 4: amphii ($56.84 in chips) 
Seat 5: Pon4uk.ua ($100 in chips) 
Seat 6: sourisminii ($57.55 in chips) 
sourisminii: posts small blind $0.50
blistein: posts big blind $1
*** HOLE CARDS ***
Espada Fish: folds 
gudrozd: folds 
amphii: folds 
Pon4uk.ua has timed out
Pon4uk.ua: folds 
sourisminii: raises $2 to $3
blistein: folds 
Uncalled bet ($2) returned to sourisminii
sourisminii collected $2 from pot
*** SUMMARY ***
Total pot $2 | Rake $0 
Seat 1: blistein (big blind) folded before Flop
Seat 2: Espada Fish folded before Flop (didn't bet)
Seat 3: gudrozd folded before Flop (didn't bet)
Seat 4: amphii folded before Flop (didn't bet)
Seat 5: Pon4uk.ua (button) folded before Flop (didn't bet)
Seat 6: sourisminii (small blind) collected ($2)



PokerStars Hand #254764754633:  Hold'em No Limit ($0.50/$1.00 USD) - 2025/02/08 13:09:38 WET [2025/02/08 8:09:38 ET]
Table 'Lucifer' 6-max Seat #6 is the button
Seat 1: blistein ($106.78 in chips) 
Seat 2: Espada Fish ($100.32 in chips) 
Seat 3: gudrozd ($117.88 in chips) 
Seat 4: amphii ($56.84 in chips) 
Seat 5: Pon4uk.ua ($100 in chips) 
Seat 6: sourisminii ($58.55 in chips) 
blistein: posts small blind $0.50
Espada Fish: posts big blind $1
*** HOLE CARDS ***
gudrozd: folds 
amphii: folds 
Pon4uk.ua: raises $1.50 to $2.50
sourisminii: calls $2.50
blistein: folds 
Espada Fish: folds 
*** FLOP *** [2h 3s Jh]
Pon4uk.ua: bets $3.09
sourisminii: calls $3.09
*** TURN *** [2h 3s Jh] [Qs]
Pon4uk.ua: bets $9.04
sourisminii: folds 
Uncalled bet ($9.04) returned to Pon4uk.ua
Pon4uk.ua collected $12.05 from pot
Pon4uk.ua: doesn't show hand 
*** SUMMARY ***
Total pot $12.68 | Rake $0.63 
Board [2h 3s Jh Qs]
Seat 1: blistein (small blind) folded before Flop
Seat 2: Espada Fish (big blind) folded before Flop
Seat 3: gudrozd folded before Flop (didn't bet)
Seat 4: amphii folded before Flop (didn't bet)
Seat 5: Pon4uk.ua collected ($12.05)
Seat 6: sourisminii (button) folded on the Turn



PokerStars Hand #254764763450:  Hold'em No Limit ($0.50/$1.00 USD) - 2025/02/08 13:10:29 WET [2025/02/08 8:10:29 ET]
Table 'Lucifer' 6-max Seat #1 is the button
Seat 1: blistein ($106.28 in chips) 
Seat 2: Espada Fish ($100 in chips) 
Seat 3: gudrozd ($117.88 in chips) 
Seat 4: amphii ($56.84 in chips) 
Seat 5: Pon4uk.ua ($106.46 in chips) 
Seat 6: sourisminii ($52.96 in chips) 
Espada Fish: posts small blind $0.50
gudrozd: posts big blind $1
*** HOLE CARDS ***
amphii: raises $2 to $3
Pon4uk.ua: raises $2 to $5
sourisminii: folds 
blistein: folds 
Espada Fish: folds 
gudrozd: folds 
amphii: raises $17 to $22
Pon4uk.ua: folds 
Uncalled bet ($17) returned to amphii
amphii collected $11.50 from pot
amphii: doesn't show hand 
*** SUMMARY ***
Total pot $11.50 | Rake $0 
Seat 1: blistein (button) folded before Flop (didn't bet)
Seat 2: Espada Fish (small blind) folded before Flop
Seat 3: gudrozd (big blind) folded before Flop
Seat 4: amphii collected ($11.50)
Seat 5: Pon4uk.ua folded before Flop
Seat 6: sourisminii folded before Flop (didn't bet)



PokerStars Hand #254764768499:  Hold'em No Limit ($0.50/$1.00 USD) - 2025/02/08 13:10:58 WET [2025/02/08 8:10:58 ET]
Table 'Lucifer' 6-max Seat #2 is the button
Seat 1: blistein ($106.28 in chips) 
Seat 2: Espada Fish ($100 in chips) 
Seat 3: gudrozd ($116.88 in chips) 
Seat 4: amphii ($63.34 in chips) 
Seat 5: Pon4uk.ua ($101.46 in chips) 
Seat 6: sourisminii ($52.96 in chips) 
gudrozd: posts small blind $0.50
amphii: posts big blind $1
*** HOLE CARDS ***
Pon4uk.ua: folds 
sourisminii: folds 
blistein: folds 
Espada Fish: folds 
gudrozd: raises $2 to $3
amphii: calls $2
*** FLOP *** [Jc Jh 3d]
gudrozd: checks 
amphii: checks 
*** TURN *** [Jc Jh 3d] [6s]
gudrozd: bets $2.85
amphii: folds 
Uncalled bet ($2.85) returned to gudrozd
gudrozd collected $5.70 from pot
gudrozd: doesn't show hand 
*** SUMMARY ***
Total pot $6 | Rake $0.30 
Board [Jc Jh 3d 6s]
Seat 1: blistein folded before Flop (didn't bet)
Seat 2: Espada Fish (button) folded before Flop (didn't bet)
Seat 3: gudrozd (small blind) collected ($5.70)
Seat 4: amphii (big blind) folded on the Turn
Seat 5: Pon4uk.ua folded before Flop (didn't bet)
Seat 6: sourisminii folded before Flop (didn't bet)



PokerStars Hand #254764778663:  Hold'em No Limit ($0.50/$1.00 USD) - 2025/02/08 13:11:56 WET [2025/02/08 8:11:56 ET]
Table 'Lucifer' 6-max Seat #3 is the button
Seat 1: blistein ($106.28 in chips) 
Seat 2: Espada Fish ($100 in chips) 
Seat 3: gudrozd ($119.58 in chips) 
Seat 4: amphii ($60.34 in chips) 
Seat 5: Pon4uk.ua ($101.46 in chips) 
Seat 6: sourisminii ($52.96 in chips) 
amphii: posts small blind $0.50
Pon4uk.ua: posts big blind $1
*** HOLE CARDS ***
sourisminii: folds 
blistein: folds 
Espada Fish: folds 
gudrozd: raises $1.50 to $2.50
amphii: folds 
Pon4uk.ua: folds 
Uncalled bet ($1.50) returned to gudrozd
gudrozd collected $2.50 from pot
gudrozd: doesn't show hand 
*** SUMMARY ***
Total pot $2.50 | Rake $0 
Seat 1: blistein folded before Flop (didn't bet)
Seat 2: Espada Fish folded before Flop (didn't bet)
Seat 3: gudrozd (button) collected ($2.50)
Seat 4: amphii (small blind) folded before Flop
Seat 5: Pon4uk.ua (big blind) folded before Flop
Seat 6: sourisminii folded before Flop (didn't bet)



PokerStars Hand #254764782596:  Hold'em No Limit ($0.50/$1.00 USD) - 2025/02/08 13:12:18 WET [2025/02/08 8:12:18 ET]
Table 'Lucifer' 6-max Seat #4 is the button
Seat 1: blistein ($106.28 in chips) 
Seat 2: Espada Fish ($100 in chips) 
Seat 3: gudrozd ($121.08 in chips) 
Seat 4: amphii ($59.84 in chips) 
Seat 5: Pon4uk.ua ($100.46 in chips) 
Seat 6: sourisminii ($52.96 in chips) 
Pon4uk.ua: posts small blind $0.50
sourisminii: posts big blind $1
*** HOLE CARDS ***
blistein: folds 
Espada Fish has timed out
Espada Fish: folds 
gudrozd: raises $1.50 to $2.50
amphii: folds 
Pon4uk.ua: folds 
sourisminii: calls $1.50
*** FLOP *** [8d 7h Jd]
sourisminii: checks 
gudrozd: bets $5.22
sourisminii: folds 
Uncalled bet ($5.22) returned to gudrozd
gudrozd collected $5.22 from pot
gudrozd: doesn't show hand 
*** SUMMARY ***
Total pot $5.50 | Rake $0.28 
Board [8d 7h Jd]
Seat 1: blistein folded before Flop (didn't bet)
Seat 2: Espada Fish folded before Flop (didn't bet)
Seat 3: gudrozd collected ($5.22)
Seat 4: amphii (button) folded before Flop (didn't bet)
Seat 5: Pon4uk.ua (small blind) folded before Flop
Seat 6: sourisminii (big blind) folded on the Flop



PokerStars Hand #254764793869:  Hold'em No Limit ($0.50/$1.00 USD) - 2025/02/08 13:13:21 WET [2025/02/08 8:13:21 ET]
Table 'Lucifer' 6-max Seat #5 is the button
Seat 1: blistein ($106.28 in chips) 
Seat 2: Espada Fish ($100 in chips) 
Seat 3: gudrozd ($123.80 in chips) 
Seat 4: amphii ($59.84 in chips) 
Seat 5: Pon4uk.ua ($100 in chips) 
Seat 6: sourisminii ($50.46 in chips) 
sourisminii: posts small blind $0.50
blistein: posts big blind $1
*** HOLE CARDS ***
Espada Fish: folds 
gudrozd: folds 
amphii: folds 
Pon4uk.ua: raises $1.50 to $2.50
sourisminii: folds 
blistein: folds 
Uncalled bet ($1.50) returned to Pon4uk.ua
Pon4uk.ua collected $2.50 from pot
Pon4uk.ua: doesn't show hand 
*** SUMMARY ***
Total pot $2.50 | Rake $0 
Seat 1: blistein (big blind) folded before Flop
Seat 2: Espada Fish folded before Flop (didn't bet)
Seat 3: gudrozd folded before Flop (didn't bet)
Seat 4: amphii folded before Flop (didn't bet)
Seat 5: Pon4uk.ua (button) collected ($2.50)
Seat 6: sourisminii (small blind) folded before Flop



PokerStars Hand #254764798513:  Hold'em No Limit ($0.50/$1.00 USD) - 2025/02/08 13:13:47 WET [2025/02/08 8:13:47 ET]
Table 'Lucifer' 6-max Seat #6 is the button
Seat 1: blistein ($105.28 in chips) 
Seat 2: Espada Fish ($100 in chips) 
Seat 3: gudrozd ($123.80 in chips) 
Seat 4: amphii ($59.84 in chips) 
Seat 5: Pon4uk.ua ($101.50 in chips) 
Seat 6: sourisminii ($49.96 in chips) 
blistein: posts small blind $0.50
Espada Fish: posts big blind $1
*** HOLE CARDS ***
gudrozd: folds 
amphii: folds 
Pon4uk.ua: folds 
sourisminii: raises $2.50 to $3.50
blistein: folds 
Espada Fish: folds 
Uncalled bet ($2.50) returned to sourisminii
sourisminii collected $2.50 from pot
*** SUMMARY ***
Total pot $2.50 | Rake $0 
Seat 1: blistein (small blind) folded before Flop
Seat 2: Espada Fish (big blind) folded before Flop
Seat 3: gudrozd folded before Flop (didn't bet)
Seat 4: amphii folded before Flop (didn't bet)
Seat 5: Pon4uk.ua folded before Flop (didn't bet)
Seat 6: sourisminii (button) collected ($2.50)



PokerStars Hand #254764800288:  Hold'em No Limit ($0.50/$1.00 USD) - 2025/02/08 13:13:57 WET [2025/02/08 8:13:57 ET]
Table 'Lucifer' 6-max Seat #1 is the button
Seat 1: blistein ($104.78 in chips) 
Seat 2: Espada Fish ($100 in chips) 
Seat 3: gudrozd ($123.80 in chips) 
Seat 4: amphii ($59.84 in chips) 
Seat 5: Pon4uk.ua ($101.50 in chips) 
Seat 6: sourisminii ($51.46 in chips) 
Espada Fish: posts small blind $0.50
gudrozd: posts big blind $1
*** HOLE CARDS ***
amphii: folds 
Pon4uk.ua: folds 
amphii leaves the table
sourisminii: raises $1 to $2
blistein: folds 
Espada Fish: folds 
Gaita_toien joins the table at seat #4 
gudrozd: calls $1
*** FLOP *** [8c Ah Kh]
gudrozd: checks 
sourisminii: checks 
*** TURN *** [8c Ah Kh] [Th]
gudrozd: checks 
sourisminii: checks 
*** RIVER *** [8c Ah Kh Th] [4s]
gudrozd: checks 
sourisminii: bets $3.14
gudrozd: folds 
Uncalled bet ($3.14) returned to sourisminii
sourisminii collected $4.28 from pot
*** SUMMARY ***
Total pot $4.50 | Rake $0.22 
Board [8c Ah Kh Th 4s]
Seat 1: blistein (button) folded before Flop (didn't bet)
Seat 2: Espada Fish (small blind) folded before Flop
Seat 3: gudrozd (big blind) folded on the River
Seat 4: amphii folded before Flop (didn't bet)
Seat 5: Pon4uk.ua folded before Flop (didn't bet)
Seat 6: sourisminii collected ($4.28)



PokerStars Hand #254764809017:  Hold'em No Limit ($0.50/$1.00 USD) - 2025/02/08 13:14:47 WET [2025/02/08 8:14:47 ET]
Table 'Lucifer' 6-max Seat #2 is the button
Seat 1: blistein ($104.78 in chips) 
Seat 2: Espada Fish ($100 in chips) 
Seat 3: gudrozd ($121.80 in chips) 
Seat 4: Gaita_toien ($100 in chips) 
Seat 5: Pon4uk.ua ($101.50 in chips) 
Seat 6: sourisminii ($53.74 in chips) 
gudrozd: posts small blind $0.50
Gaita_toien: posts big blind $1
*** HOLE CARDS ***
Pon4uk.ua: raises $1 to $2
sourisminii: folds 
blistein: folds 
Espada Fish: raises $5 to $7
gudrozd: folds 
Gaita_toien: folds 
Pon4uk.ua: raises $13 to $20
Espada Fish: folds 
Uncalled bet ($13) returned to Pon4uk.ua
Pon4uk.ua collected $15.50 from pot
Pon4uk.ua: doesn't show hand 
*** SUMMARY ***
Total pot $15.50 | Rake $0 
Seat 1: blistein folded before Flop (didn't bet)
Seat 2: Espada Fish (button) folded before Flop
Seat 3: gudrozd (small blind) folded before Flop
Seat 4: Gaita_toien (big blind) folded before Flop
Seat 5: Pon4uk.ua collected ($15.50)
Seat 6: sourisminii folded before Flop (didn't bet)



PokerStars Hand #254764816399:  Hold'em No Limit ($0.50/$1.00 USD) - 2025/02/08 13:15:29 WET [2025/02/08 8:15:29 ET]
Table 'Lucifer' 6-max Seat #3 is the button
Seat 1: blistein ($104.78 in chips) 
Seat 2: Espada Fish ($100 in chips) 
Seat 3: gudrozd ($121.30 in chips) 
Seat 4: Gaita_toien ($100 in chips) 
Seat 5: Pon4uk.ua ($110 in chips) 
Seat 6: sourisminii ($53.74 in chips) 
Gaita_toien: posts small blind $0.50
Pon4uk.ua: posts big blind $1
*** HOLE CARDS ***
sourisminii: folds 
blistein: raises $1.20 to $2.20
Espada Fish: folds 
gudrozd: folds 
Gaita_toien: folds 
Pon4uk.ua: calls $1.20
*** FLOP *** [Kh 8c Jc]
Pon4uk.ua: checks 
blistein: bets $2.33
Pon4uk.ua: calls $2.33
*** TURN *** [Kh 8c Jc] [4h]
Pon4uk.ua: checks 
blistein: checks 
*** RIVER *** [Kh 8c Jc 4h] [8s]
Pon4uk.ua: bets $6.81
blistein: folds 
Uncalled bet ($6.81) returned to Pon4uk.ua
Pon4uk.ua collected $9.08 from pot
Pon4uk.ua: doesn't show hand 
*** SUMMARY ***
Total pot $9.56 | Rake $0.48 
Board [Kh 8c Jc 4h 8s]
Seat 1: blistein folded on the River
Seat 2: Espada Fish folded before Flop (didn't bet)
Seat 3: gudrozd (button) folded before Flop (didn't bet)
Seat 4: Gaita_toien (small blind) folded before Flop
Seat 5: Pon4uk.ua (big blind) collected ($9.08)
Seat 6: sourisminii folded before Flop (didn't bet)



PokerStars Hand #254764828680:  Hold'em No Limit ($0.50/$1.00 USD) - 2025/02/08 13:16:39 WET [2025/02/08 8:16:39 ET]
Table 'Lucifer' 6-max Seat #4 is the button
Seat 1: blistein ($100.25 in chips) 
Seat 2: Espada Fish ($100 in chips) 
Seat 3: gudrozd ($121.30 in chips) 
Seat 4: Gaita_toien ($100 in chips) 
Seat 5: Pon4uk.ua ($114.55 in chips) 
Seat 6: sourisminii ($53.74 in chips) 
Pon4uk.ua: posts small blind $0.50
sourisminii: posts big blind $1
*** HOLE CARDS ***
blistein: folds 
Espada Fish: folds 
gudrozd: folds 
Gaita_toien: folds 
Pon4uk.ua: calls $0.50
sourisminii: checks 
*** FLOP *** [Qd 9c Ts]
Pon4uk.ua: checks 
sourisminii: checks 
*** TURN *** [Qd 9c Ts] [Tc]
Pon4uk.ua: checks 
sourisminii: checks 
*** RIVER *** [Qd 9c Ts Tc] [Td]
Pon4uk.ua: checks 
sourisminii: checks 
*** SHOW DOWN ***
Pon4uk.ua: shows [7s 4d] (three of a kind, Tens)
sourisminii: shows [8c Kc] (three of a kind, Tens - King kicker)
sourisminii collected $1.90 from pot
*** SUMMARY ***
Total pot $2 | Rake $0.10 
Board [Qd 9c Ts Tc Td]
Seat 1: blistein folded before Flop (didn't bet)
Seat 2: Espada Fish folded before Flop (didn't bet)
Seat 3: gudrozd folded before Flop (didn't bet)
Seat 4: Gaita_toien (button) folded before Flop (didn't bet)
Seat 5: Pon4uk.ua (small blind) showed [7s 4d] and lost with three of a kind, Tens
Seat 6: sourisminii (big blind) showed [8c Kc] and won ($1.90) with three of a kind, Tens



PokerStars Hand #254764834502:  Hold'em No Limit ($0.50/$1.00 USD) - 2025/02/08 13:17:11 WET [2025/02/08 8:17:11 ET]
Table 'Lucifer' 6-max Seat #5 is the button
Seat 1: blistein ($100.25 in chips) 
Seat 2: Espada Fish ($100 in chips) 
Seat 3: gudrozd ($121.30 in chips) 
Seat 4: Gaita_toien ($100 in chips) 
Seat 5: Pon4uk.ua ($113.55 in chips) 
Seat 6: sourisminii ($54.64 in chips) 
sourisminii: posts small blind $0.50
blistein: posts big blind $1
*** HOLE CARDS ***
Espada Fish: folds 
gudrozd: folds 
Gaita_toien: folds 
Pon4uk.ua: folds 
sourisminii: raises $2 to $3
blistein: folds 
Uncalled bet ($2) returned to sourisminii
sourisminii collected $2 from pot
*** SUMMARY ***
Total pot $2 | Rake $0 
Seat 1: blistein (big blind) folded before Flop
Seat 2: Espada Fish folded before Flop (didn't bet)
Seat 3: gudrozd folded before Flop (didn't bet)
Seat 4: Gaita_toien folded before Flop (didn't bet)
Seat 5: Pon4uk.ua (button) folded before Flop (didn't bet)
Seat 6: sourisminii (small blind) collected ($2)



PokerStars Hand #254764836664:  Hold'em No Limit ($0.50/$1.00 USD) - 2025/02/08 13:17:23 WET [2025/02/08 8:17:23 ET]
Table 'Lucifer' 6-max Seat #6 is the button
Seat 1: blistein ($100 in chips) 
Seat 2: Espada Fish ($100 in chips) 
Seat 3: gudrozd ($121.30 in chips) 
Seat 4: Gaita_toien ($100 in chips) 
Seat 5: Pon4uk.ua ($113.55 in chips) 
Seat 6: sourisminii ($55.64 in chips) 
blistein: posts small blind $0.50
Espada Fish: posts big blind $1
*** HOLE CARDS ***
gudrozd: raises $1.50 to $2.50
Gaita_toien: raises $4.70 to $7.20
Pon4uk.ua: folds 
sourisminii: folds 
blistein: folds 
Espada Fish: folds 
gudrozd: folds 
Uncalled bet ($4.70) returned to Gaita_toien
Gaita_toien collected $6.50 from pot
Gaita_toien: doesn't show hand 
*** SUMMARY ***
Total pot $6.50 | Rake $0 
Seat 1: blistein (small blind) folded before Flop
Seat 2: Espada Fish (big blind) folded before Flop
Seat 3: gudrozd folded before Flop
Seat 4: Gaita_toien collected ($6.50)
Seat 5: Pon4uk.ua folded before Flop (didn't bet)
Seat 6: sourisminii (button) folded before Flop (didn't bet)



PokerStars Hand #254764839705:  Hold'em No Limit ($0.50/$1.00 USD) - 2025/02/08 13:17:41 WET [2025/02/08 8:17:41 ET]
Table 'Lucifer' 6-max Seat #1 is the button
Seat 1: blistein ($100 in chips) 
Seat 2: Espada Fish ($100 in chips) 
Seat 3: gudrozd ($118.80 in chips) 
Seat 4: Gaita_toien ($104 in chips) 
Seat 5: Pon4uk.ua ($113.55 in chips) 
Seat 6: sourisminii ($55.64 in chips) 
Espada Fish: posts small blind $0.50
gudrozd: posts big blind $1
*** HOLE CARDS ***
Gaita_toien: folds 
Pon4uk.ua: folds 
sourisminii: folds 
blistein: folds 
Espada Fish: raises $2 to $3
gudrozd: folds 
Uncalled bet ($2) returned to Espada Fish
Espada Fish collected $2 from pot
Espada Fish: doesn't show hand 
*** SUMMARY ***
Total pot $2 | Rake $0 
Seat 1: blistein (button) folded before Flop (didn't bet)
Seat 2: Espada Fish (small blind) collected ($2)
Seat 3: gudrozd (big blind) folded before Flop
Seat 4: Gaita_toien folded before Flop (didn't bet)
Seat 5: Pon4uk.ua folded before Flop (didn't bet)
Seat 6: sourisminii folded before Flop (didn't bet)



PokerStars Hand #254764842986:  Hold'em No Limit ($0.50/$1.00 USD) - 2025/02/08 13:17:59 WET [2025/02/08 8:17:59 ET]
Table 'Lucifer' 6-max Seat #2 is the button
Seat 1: blistein ($100 in chips) 
Seat 2: Espada Fish ($101 in chips) 
Seat 3: gudrozd ($117.80 in chips) 
Seat 4: Gaita_toien ($104 in chips) 
Seat 5: Pon4uk.ua ($113.55 in chips) 
Seat 6: sourisminii ($55.64 in chips) 
gudrozd: posts small blind $0.50
Gaita_toien: posts big blind $1
*** HOLE CARDS ***
Pon4uk.ua: folds 
sourisminii: folds 
blistein: folds 
Espada Fish: folds 
gudrozd: folds 
Uncalled bet ($0.50) returned to Gaita_toien
Gaita_toien collected $1 from pot
Gaita_toien: doesn't show hand 
*** SUMMARY ***
Total pot $1 | Rake $0 
Seat 1: blistein folded before Flop (didn't bet)
Seat 2: Espada Fish (button) folded before Flop (didn't bet)
Seat 3: gudrozd (small blind) folded before Flop
Seat 4: Gaita_toien (big blind) collected ($1)
Seat 5: Pon4uk.ua folded before Flop (didn't bet)
Seat 6: sourisminii folded before Flop (didn't bet)



PokerStars Hand #254764845310:  Hold'em No Limit ($0.50/$1.00 USD) - 2025/02/08 13:18:12 WET [2025/02/08 8:18:12 ET]
Table 'Lucifer' 6-max Seat #3 is the button
Seat 1: blistein ($100 in chips) 
Seat 2: Espada Fish ($101 in chips) 
Seat 3: gudrozd ($117.30 in chips) 
Seat 4: Gaita_toien ($104.50 in chips) 
Seat 5: Pon4uk.ua ($113.55 in chips) 
Seat 6: sourisminii ($55.64 in chips) 
Gaita_toien: posts small blind $0.50
Pon4uk.ua: posts big blind $1
*** HOLE CARDS ***
sourisminii: folds 
blistein: raises $1.20 to $2.20
Espada Fish: folds 
gudrozd: folds 
Gaita_toien: folds 
Pon4uk.ua: calls $1.20
*** FLOP *** [5h As Ah]
Pon4uk.ua: checks 
blistein: bets $1.58
Pon4uk.ua: folds 
Uncalled bet ($1.58) returned to blistein
blistein collected $4.66 from pot
blistein: doesn't show hand 
*** SUMMARY ***
Total pot $4.90 | Rake $0.24 
Board [5h As Ah]
Seat 1: blistein collected ($4.66)
Seat 2: Espada Fish folded before Flop (didn't bet)
Seat 3: gudrozd (button) folded before Flop (didn't bet)
Seat 4: Gaita_toien (small blind) folded before Flop
Seat 5: Pon4uk.ua (big blind) folded on the Flop
Seat 6: sourisminii folded before Flop (didn't bet)



PokerStars Hand #254764856948:  Hold'em No Limit ($0.50/$1.00 USD) - 2025/02/08 13:19:17 WET [2025/02/08 8:19:17 ET]
Table 'Lucifer' 6-max Seat #4 is the button
Seat 1: blistein ($102.46 in chips) 
Seat 2: Espada Fish ($101 in chips) 
Seat 3: gudrozd ($117.30 in chips) 
Seat 4: Gaita_toien ($104 in chips) 
Seat 5: Pon4uk.ua ($111.35 in chips) 
Seat 6: sourisminii ($55.64 in chips) 
Pon4uk.ua: posts small blind $0.50
sourisminii: posts big blind $1
*** HOLE CARDS ***
blistein: folds 
Espada Fish: folds 
gudrozd: raises $1.50 to $2.50
Gaita_toien: folds 
Pon4uk.ua: calls $2
sourisminii: folds 
*** FLOP *** [2d Th 5c]
Pon4uk.ua: checks 
gudrozd: bets $1.88
Pon4uk.ua: folds 
Uncalled bet ($1.88) returned to gudrozd
gudrozd collected $5.70 from pot
gudrozd: doesn't show hand 
*** SUMMARY ***
Total pot $6 | Rake $0.30 
Board [2d Th 5c]
Seat 1: blistein folded before Flop (didn't bet)
Seat 2: Espada Fish folded before Flop (didn't bet)
Seat 3: gudrozd collected ($5.70)
Seat 4: Gaita_toien (button) folded before Flop (didn't bet)
Seat 5: Pon4uk.ua (small blind) folded on the Flop
Seat 6: sourisminii (big blind) folded before Flop



PokerStars Hand #254764862688:  Hold'em No Limit ($0.50/$1.00 USD) - 2025/02/08 13:19:49 WET [2025/02/08 8:19:49 ET]
Table 'Lucifer' 6-max Seat #5 is the button
Seat 1: blistein ($102.46 in chips) 
Seat 2: Espada Fish ($101 in chips) 
Seat 3: gudrozd ($120.50 in chips) 
Seat 4: Gaita_toien ($104 in chips) 
Seat 5: Pon4uk.ua ($108.85 in chips) 
Seat 6: sourisminii ($54.64 in chips) 
sourisminii: posts small blind $0.50
blistein: posts big blind $1
*** HOLE CARDS ***
Espada Fish: folds 
gudrozd: folds 
Gaita_toien: folds 
Pon4uk.ua: folds 
sourisminii: raises $1 to $2
blistein: calls $1
*** FLOP *** [Ts 8c Th]
sourisminii: checks 
blistein: checks 
*** TURN *** [Ts 8c Th] [8d]
sourisminii: checks 
blistein: checks 
*** RIVER *** [Ts 8c Th 8d] [Jd]
sourisminii: checks 
blistein: checks 
*** SHOW DOWN ***
sourisminii: shows [As 3h] (two pair, Tens and Eights)
blistein: mucks hand 
sourisminii collected $3.80 from pot
*** SUMMARY ***
Total pot $4 | Rake $0.20 
Board [Ts 8c Th 8d Jd]
Seat 1: blistein (big blind) mucked
Seat 2: Espada Fish folded before Flop (didn't bet)
Seat 3: gudrozd folded before Flop (didn't bet)
Seat 4: Gaita_toien folded before Flop (didn't bet)
Seat 5: Pon4uk.ua (button) folded before Flop (didn't bet)
Seat 6: sourisminii (small blind) showed [As 3h] and won ($3.80) with two pair, Tens and Eights



PokerStars Hand #254764871234:  Hold'em No Limit ($0.50/$1.00 USD) - 2025/02/08 13:20:37 WET [2025/02/08 8:20:37 ET]
Table 'Lucifer' 6-max Seat #6 is the button
Seat 1: blistein ($100.46 in chips) 
Seat 2: Espada Fish ($101 in chips) 
Seat 3: gudrozd ($120.50 in chips) 
Seat 4: Gaita_toien ($104 in chips) 
Seat 5: Pon4uk.ua ($108.85 in chips) 
Seat 6: sourisminii ($56.44 in chips) 
blistein: posts small blind $0.50
Espada Fish: posts big blind $1
*** HOLE CARDS ***
gudrozd: folds 
Gaita_toien: folds 
Pon4uk.ua: folds 
sourisminii: folds 
blistein: folds 
Uncalled bet ($0.50) returned to Espada Fish
Espada Fish collected $1 from pot
Espada Fish: doesn't show hand 
*** SUMMARY ***
Total pot $1 | Rake $0 
Seat 1: blistein (small blind) folded before Flop
Seat 2: Espada Fish (big blind) collected ($1)
Seat 3: gudrozd folded before Flop (didn't bet)
Seat 4: Gaita_toien folded before Flop (didn't bet)
Seat 5: Pon4uk.ua folded before Flop (didn't bet)
Seat 6: sourisminii (button) folded before Flop (didn't bet)



PokerStars Hand #254764875161:  Hold'em No Limit ($0.50/$1.00 USD) - 2025/02/08 13:20:59 WET [2025/02/08 8:20:59 ET]
Table 'Lucifer' 6-max Seat #1 is the button
Seat 1: blistein ($100 in chips) 
Seat 2: Espada Fish ($101.50 in chips) 
Seat 3: gudrozd ($120.50 in chips) 
Seat 4: Gaita_toien ($104 in chips) 
Seat 5: Pon4uk.ua ($108.85 in chips) 
Seat 6: sourisminii ($56.44 in chips) 
Espada Fish: posts small blind $0.50
gudrozd: posts big blind $1
*** HOLE CARDS ***
Gaita_toien: folds 
Pon4uk.ua: raises $1 to $2
sourisminii: folds 
blistein: folds 
Espada Fish: folds 
gudrozd: folds 
Uncalled bet ($1) returned to Pon4uk.ua
Pon4uk.ua collected $2.50 from pot
Pon4uk.ua: doesn't show hand 
*** SUMMARY ***
Total pot $2.50 | Rake $0 
Seat 1: blistein (button) folded before Flop (didn't bet)
Seat 2: Espada Fish (small blind) folded before Flop
Seat 3: gudrozd (big blind) folded before Flop
Seat 4: Gaita_toien folded before Flop (didn't bet)
Seat 5: Pon4uk.ua collected ($2.50)
Seat 6: sourisminii folded before Flop (didn't bet)



PokerStars Hand #254764879293:  Hold'em No Limit ($0.50/$1.00 USD) - 2025/02/08 13:21:22 WET [2025/02/08 8:21:22 ET]
Table 'Lucifer' 6-max Seat #2 is the button
Seat 4: Gaita_toien ($104 in chips) is sitting out
Seat 1: blistein ($100 in chips) 
Seat 2: Espada Fish ($101 in chips) 
Seat 3: gudrozd ($119.50 in chips) 
Seat 5: Pon4uk.ua ($110.35 in chips) 
Seat 6: sourisminii ($56.44 in chips) 
gudrozd: posts small blind $0.50
Gaita_toien: is sitting out 
Pon4uk.ua: posts big blind $1
*** HOLE CARDS ***
Gaita_toien leaves the table
sourisminii: raises $2 to $3
blistein: raises $4.50 to $7.50
Espada Fish: folds 
gudrozd: folds 
Pon4uk.ua: folds 
sourisminii: calls $4.50
*** FLOP *** [Js 5s Qc]
shootingGRID joins the table at seat #4 
sourisminii: checks 
blistein: bets $3.92
sourisminii: raises $4.92 to $8.84
blistein: calls $4.92
*** TURN *** [Js 5s Qc] [7s]
sourisminii: bets $7
blistein: folds 
Uncalled bet ($7) returned to sourisminii
sourisminii collected $32.47 from pot
*** SUMMARY ***
Total pot $34.18 | Rake $1.71 
Board [Js 5s Qc 7s]
Seat 4: Gaita_toien
Seat 1: blistein folded on the Turn
Seat 2: Espada Fish (button) folded before Flop (didn't bet)
Seat 3: gudrozd (small blind) folded before Flop
Seat 5: Pon4uk.ua (big blind) folded before Flop
Seat 6: sourisminii collected ($32.47)



PokerStars Hand #254764897774:  Hold'em No Limit ($0.50/$1.00 USD) - 2025/02/08 13:23:05 WET [2025/02/08 8:23:05 ET]
Table 'Lucifer' 6-max Seat #3 is the button
Seat 4: shootingGRID ($100 in chips) is sitting out
Seat 1: blistein ($100 in chips) 
Seat 2: Espada Fish ($101 in chips) 
Seat 3: gudrozd ($119 in chips) 
Seat 5: Pon4uk.ua ($109.35 in chips) 
Seat 6: sourisminii ($72.57 in chips) 
Pon4uk.ua: posts small blind $0.50
sourisminii: posts big blind $1
*** HOLE CARDS ***
blistein: raises $1.20 to $2.20
Espada Fish: raises $5.30 to $7.50
gudrozd: folds 
Pon4uk.ua: folds 
sourisminii: folds 
blistein: folds 
Uncalled bet ($5.30) returned to Espada Fish
Espada Fish collected $5.90 from pot
Espada Fish: doesn't show hand 
*** SUMMARY ***
Total pot $5.90 | Rake $0 
Seat 4: shootingGRID
Seat 1: blistein folded before Flop
Seat 2: Espada Fish collected ($5.90)
Seat 3: gudrozd (button) folded before Flop (didn't bet)
Seat 5: Pon4uk.ua (small blind) folded before Flop
Seat 6: sourisminii (big blind) folded before Flop



PokerStars Hand #254764900559:  Hold'em No Limit ($0.50/$1.00 USD) - 2025/02/08 13:23:21 WET [2025/02/08 8:23:21 ET]
Table 'Lucifer' 6-max Seat #5 is the button
Seat 4: shootingGRID ($100 in chips) is sitting out
Seat 1: blistein ($100 in chips) 
Seat 2: Espada Fish ($104.70 in chips) 
Seat 3: gudrozd ($119 in chips) 
Seat 5: Pon4uk.ua ($108.85 in chips) 
Seat 6: sourisminii ($71.57 in chips) 
sourisminii: posts small blind $0.50
blistein: posts big blind $1
shootingGRID: sits out 
*** HOLE CARDS ***
Espada Fish: raises $1.20 to $2.20
gudrozd: folds 
Pon4uk.ua: folds 
sourisminii: folds 
blistein: folds 
Uncalled bet ($1.20) returned to Espada Fish
Espada Fish collected $2.50 from pot
Espada Fish: doesn't show hand 
*** SUMMARY ***
Total pot $2.50 | Rake $0 
Seat 4: shootingGRID
Seat 1: blistein (big blind) folded before Flop
Seat 2: Espada Fish collected ($2.50)
Seat 3: gudrozd folded before Flop (didn't bet)
Seat 5: Pon4uk.ua (button) folded before Flop (didn't bet)
Seat 6: sourisminii (small blind) folded before Flop



PokerStars Hand #254764903543:  Hold'em No Limit ($0.50/$1.00 USD) - 2025/02/08 13:23:37 WET [2025/02/08 8:23:37 ET]
Table 'Lucifer' 6-max Seat #6 is the button
Seat 4: shootingGRID ($100 in chips) is sitting out
Seat 1: blistein ($100 in chips) 
Seat 2: Espada Fish ($106.20 in chips) 
Seat 3: gudrozd ($119 in chips) 
Seat 5: Pon4uk.ua ($108.85 in chips) 
Seat 6: sourisminii ($71.07 in chips) 
blistein: posts small blind $0.50
Espada Fish: posts big blind $1
shootingGRID: sits out 
*** HOLE CARDS ***
gudrozd: folds 
Pon4uk.ua: folds 
sourisminii: folds 
blistein: raises $2 to $3
Espada Fish: folds 
Uncalled bet ($2) returned to blistein
blistein collected $2 from pot
blistein: doesn't show hand 
*** SUMMARY ***
Total pot $2 | Rake $0 
Seat 4: shootingGRID
Seat 1: blistein (small blind) collected ($2)
Seat 2: Espada Fish (big blind) folded before Flop
Seat 3: gudrozd folded before Flop (didn't bet)
Seat 5: Pon4uk.ua folded before Flop (didn't bet)
Seat 6: sourisminii (button) folded before Flop (didn't bet)



PokerStars Hand #254764909348:  Hold'em No Limit ($0.50/$1.00 USD) - 2025/02/08 13:24:09 WET [2025/02/08 8:24:09 ET]
Table 'Lucifer' 6-max Seat #1 is the button
Seat 3: gudrozd ($119 in chips) is sitting out
Seat 1: blistein ($101 in chips) 
Seat 2: Espada Fish ($105.20 in chips) 
Seat 4: shootingGRID ($100 in chips) 
Seat 5: Pon4uk.ua ($108.85 in chips) 
Seat 6: sourisminii ($71.07 in chips) 
Espada Fish: posts small blind $0.50
gudrozd: is sitting out 
shootingGRID: posts big blind $1
*** HOLE CARDS ***
Pon4uk.ua: raises $1 to $2
sourisminii: calls $2
blistein: folds 
gudrozd leaves the table
Espada Fish: raises $11 to $13
shootingGRID: folds 
Pon4uk.ua: folds 
sourisminii: folds 
Uncalled bet ($11) returned to Espada Fish
Espada Fish collected $7 from pot
Espada Fish: doesn't show hand 
treidei3 joins the table at seat #3 
*** SUMMARY ***
Total pot $7 | Rake $0 
Seat 3: gudrozd
Seat 1: blistein (button) folded before Flop (didn't bet)
Seat 2: Espada Fish (small blind) collected ($7)
Seat 4: shootingGRID (big blind) folded before Flop
Seat 5: Pon4uk.ua folded before Flop
Seat 6: sourisminii folded before Flop



PokerStars Hand #254764916548:  Hold'em No Limit ($0.50/$1.00 USD) - 2025/02/08 13:24:49 WET [2025/02/08 8:24:49 ET]
Table 'Lucifer' 6-max Seat #2 is the button
Seat 3: treidei3 ($100 in chips) is sitting out
Seat 1: blistein ($101 in chips) 
Seat 2: Espada Fish ($110.20 in chips) 
Seat 4: shootingGRID ($100 in chips) 
Seat 5: Pon4uk.ua ($106.85 in chips) 
Seat 6: sourisminii ($69.07 in chips) 
shootingGRID: posts small blind $0.50
Pon4uk.ua: posts big blind $1
*** HOLE CARDS ***
sourisminii: calls $1
blistein: folds 
Espada Fish: folds 
shootingGRID: folds 
Pon4uk.ua: raises $3 to $4
sourisminii: calls $3
*** FLOP *** [Jc Tc 9h]
Pon4uk.ua: checks 
sourisminii: checks 
*** TURN *** [Jc Tc 9h] [4d]
Pon4uk.ua: checks 
sourisminii: checks 
*** RIVER *** [Jc Tc 9h 4d] [Jh]
Pon4uk.ua: bets $2.67
sourisminii: calls $2.67
*** SHOW DOWN ***
Pon4uk.ua: shows [Ac 9s] (two pair, Jacks and Nines)
sourisminii: mucks hand 
Pon4uk.ua collected $13.15 from pot
*** SUMMARY ***
Total pot $13.84 | Rake $0.69 
Board [Jc Tc 9h 4d Jh]
Seat 3: treidei3
Seat 1: blistein folded before Flop (didn't bet)
Seat 2: Espada Fish (button) folded before Flop (didn't bet)
Seat 4: shootingGRID (small blind) folded before Flop
Seat 5: Pon4uk.ua (big blind) showed [Ac 9s] and won ($13.15) with two pair, Jacks and Nines
Seat 6: sourisminii mucked



PokerStars Hand #254764926373:  Hold'em No Limit ($0.50/$1.00 USD) - 2025/02/08 13:25:43 WET [2025/02/08 8:25:43 ET]
Table 'Lucifer' 6-max Seat #4 is the button
Seat 3: treidei3 ($100 in chips) is sitting out
Seat 1: blistein ($101 in chips) 
Seat 2: Espada Fish ($110.20 in chips) 
Seat 4: shootingGRID ($100 in chips) 
Seat 5: Pon4uk.ua ($113.33 in chips) 
Seat 6: sourisminii ($62.40 in chips) 
Pon4uk.ua: posts small blind $0.50
sourisminii: posts big blind $1
treidei3: sits out 
*** HOLE CARDS ***
blistein: raises $1.20 to $2.20
Espada Fish: folds 
shootingGRID: folds 
Pon4uk.ua: folds 
sourisminii: folds 
Uncalled bet ($1.20) returned to blistein
blistein collected $2.50 from pot
blistein: doesn't show hand 
*** SUMMARY ***
Total pot $2.50 | Rake $0 
Seat 3: treidei3
Seat 1: blistein collected ($2.50)
Seat 2: Espada Fish folded before Flop (didn't bet)
Seat 4: shootingGRID (button) folded before Flop (didn't bet)
Seat 5: Pon4uk.ua (small blind) folded before Flop
Seat 6: sourisminii (big blind) folded before Flop



PokerStars Hand #254764930646:  Hold'em No Limit ($0.50/$1.00 USD) - 2025/02/08 13:26:06 WET [2025/02/08 8:26:06 ET]
Table 'Lucifer' 6-max Seat #5 is the button
Seat 3: treidei3 ($100 in chips) is sitting out
Seat 1: blistein ($102.50 in chips) 
Seat 2: Espada Fish ($110.20 in chips) 
Seat 4: shootingGRID ($100 in chips) 
Seat 5: Pon4uk.ua ($112.83 in chips) 
Seat 6: sourisminii ($61.40 in chips) 
sourisminii: posts small blind $0.50
blistein: posts big blind $1
treidei3: sits out 
*** HOLE CARDS ***
Espada Fish: folds 
shootingGRID: folds 
Pon4uk.ua: folds 
sourisminii: calls $0.50
blistein: checks 
*** FLOP *** [9c 8h Ac]
sourisminii: checks 
blistein: checks 
*** TURN *** [9c 8h Ac] [3h]
sourisminii: bets $1.90
blistein: folds 
Uncalled bet ($1.90) returned to sourisminii
sourisminii collected $1.90 from pot
*** SUMMARY ***
Total pot $2 | Rake $0.10 
Board [9c 8h Ac 3h]
Seat 3: treidei3
Seat 1: blistein (big blind) folded on the Turn
Seat 2: Espada Fish folded before Flop (didn't bet)
Seat 4: shootingGRID folded before Flop (didn't bet)
Seat 5: Pon4uk.ua (button) folded before Flop (didn't bet)
Seat 6: sourisminii (small blind) collected ($1.90)



PokerStars Hand #254764936459:  Hold'em No Limit ($0.50/$1.00 USD) - 2025/02/08 13:26:39 WET [2025/02/08 8:26:39 ET]
Table 'Lucifer' 6-max Seat #6 is the button
Seat 3: treidei3 ($100 in chips) is sitting out
Seat 1: blistein ($101.50 in chips) 
Seat 2: Espada Fish ($110.20 in chips) 
Seat 4: shootingGRID ($100 in chips) 
Seat 5: Pon4uk.ua ($112.83 in chips) 
Seat 6: sourisminii ($62.30 in chips) 
blistein: posts small blind $0.50
Espada Fish: posts big blind $1
treidei3: sits out 
*** HOLE CARDS ***
shootingGRID: folds 
Pon4uk.ua: raises $1.50 to $2.50
sourisminii: folds 
blistein: folds 
Espada Fish: folds 
Uncalled bet ($1.50) returned to Pon4uk.ua
Pon4uk.ua collected $2.50 from pot
Pon4uk.ua: doesn't show hand 
*** SUMMARY ***
Total pot $2.50 | Rake $0 
Seat 3: treidei3
Seat 1: blistein (small blind) folded before Flop
Seat 2: Espada Fish (big blind) folded before Flop
Seat 4: shootingGRID folded before Flop (didn't bet)
Seat 5: Pon4uk.ua collected ($2.50)
Seat 6: sourisminii (button) folded before Flop (didn't bet)



PokerStars Hand #254764940220:  Hold'em No Limit ($0.50/$1.00 USD) - 2025/02/08 13:27:00 WET [2025/02/08 8:27:00 ET]
Table 'Lucifer' 6-max Seat #1 is the button
Seat 1: blistein ($101 in chips) 
Seat 2: Espada Fish ($109.20 in chips) 
Seat 3: treidei3 ($100 in chips) 
Seat 4: shootingGRID ($100 in chips) 
Seat 5: Pon4uk.ua ($114.33 in chips) 
Seat 6: sourisminii ($62.30 in chips) 
Espada Fish: posts small blind $0.50
treidei3: posts big blind $1
*** HOLE CARDS ***
shootingGRID: folds 
Pon4uk.ua: folds 
sourisminii: folds 
blistein: folds 
Espada Fish: folds 
Uncalled bet ($0.50) returned to treidei3
treidei3 collected $1 from pot
treidei3: doesn't show hand 
*** SUMMARY ***
Total pot $1 | Rake $0 
Seat 1: blistein (button) folded before Flop (didn't bet)
Seat 2: Espada Fish (small blind) folded before Flop
Seat 3: treidei3 (big blind) collected ($1)
Seat 4: shootingGRID folded before Flop (didn't bet)
Seat 5: Pon4uk.ua folded before Flop (didn't bet)
Seat 6: sourisminii folded before Flop (didn't bet)



PokerStars Hand #254764942663:  Hold'em No Limit ($0.50/$1.00 USD) - 2025/02/08 13:27:13 WET [2025/02/08 8:27:13 ET]
Table 'Lucifer' 6-max Seat #2 is the button
Seat 1: blistein ($101 in chips) 
Seat 2: Espada Fish ($108.70 in chips) 
Seat 3: treidei3 ($100.50 in chips) 
Seat 4: shootingGRID ($100 in chips) 
Seat 5: Pon4uk.ua ($114.33 in chips) 
Seat 6: sourisminii ($62.30 in chips) 
treidei3: posts small blind $0.50
shootingGRID: posts big blind $1
*** HOLE CARDS ***
Pon4uk.ua: folds 
sourisminii: raises $1 to $2
blistein: calls $2
Espada Fish: raises $9 to $11
treidei3: folds 
shootingGRID: folds 
sourisminii: folds 
blistein: folds 
Uncalled bet ($9) returned to Espada Fish
Espada Fish collected $7.50 from pot
Espada Fish: doesn't show hand 
*** SUMMARY ***
Total pot $7.50 | Rake $0 
Seat 1: blistein folded before Flop
Seat 2: Espada Fish (button) collected ($7.50)
Seat 3: treidei3 (small blind) folded before Flop
Seat 4: shootingGRID (big blind) folded before Flop
Seat 5: Pon4uk.ua folded before Flop (didn't bet)
Seat 6: sourisminii folded before Flop



PokerStars Hand #254764948566:  Hold'em No Limit ($0.50/$1.00 USD) - 2025/02/08 13:27:46 WET [2025/02/08 8:27:46 ET]
Table 'Lucifer' 6-max Seat #3 is the button
Seat 1: blistein ($100 in chips) 
Seat 2: Espada Fish ($114.20 in chips) 
Seat 3: treidei3 ($100 in chips) 
Seat 4: shootingGRID ($100 in chips) 
Seat 5: Pon4uk.ua ($114.33 in chips) 
Seat 6: sourisminii ($60.30 in chips) 
shootingGRID: posts small blind $0.50
Pon4uk.ua: posts big blind $1
*** HOLE CARDS ***
sourisminii: folds 
blistein: folds 
Espada Fish: raises $1.20 to $2.20
treidei3: folds 
shootingGRID: folds 
Pon4uk.ua: folds 
Uncalled bet ($1.20) returned to Espada Fish
Espada Fish collected $2.50 from pot
Espada Fish: doesn't show hand 
*** SUMMARY ***
Total pot $2.50 | Rake $0 
Seat 1: blistein folded before Flop (didn't bet)
Seat 2: Espada Fish collected ($2.50)
Seat 3: treidei3 (button) folded before Flop (didn't bet)
Seat 4: shootingGRID (small blind) folded before Flop
Seat 5: Pon4uk.ua (big blind) folded before Flop
Seat 6: sourisminii folded before Flop (didn't bet)



PokerStars Hand #254764950910:  Hold'em No Limit ($0.50/$1.00 USD) - 2025/02/08 13:27:59 WET [2025/02/08 8:27:59 ET]
Table 'Lucifer' 6-max Seat #4 is the button
Seat 1: blistein ($100 in chips) 
Seat 2: Espada Fish ($115.70 in chips) 
Seat 3: treidei3 ($100 in chips) 
Seat 4: shootingGRID ($100 in chips) 
Seat 5: Pon4uk.ua ($113.33 in chips) 
Seat 6: sourisminii ($60.30 in chips) 
Pon4uk.ua: posts small blind $0.50
sourisminii: posts big blind $1
*** HOLE CARDS ***
blistein: folds 
Espada Fish: raises $1.20 to $2.20
treidei3: folds 
shootingGRID: folds 
Pon4uk.ua: folds 
sourisminii: calls $1.20
*** FLOP *** [6h 4h 6c]
sourisminii: checks 
Espada Fish: bets $3.50
sourisminii: folds 
Uncalled bet ($3.50) returned to Espada Fish
Espada Fish collected $4.66 from pot
Espada Fish: doesn't show hand 
*** SUMMARY ***
Total pot $4.90 | Rake $0.24 
Board [6h 4h 6c]
Seat 1: blistein folded before Flop (didn't bet)
Seat 2: Espada Fish collected ($4.66)
Seat 3: treidei3 folded before Flop (didn't bet)
Seat 4: shootingGRID (button) folded before Flop (didn't bet)
Seat 5: Pon4uk.ua (small blind) folded before Flop
Seat 6: sourisminii (big blind) folded on the Flop



PokerStars Hand #254764959384:  Hold'em No Limit ($0.50/$1.00 USD) - 2025/02/08 13:28:45 WET [2025/02/08 8:28:45 ET]
Table 'Lucifer' 6-max Seat #5 is the button
Seat 1: blistein ($100 in chips) 
Seat 2: Espada Fish ($118.16 in chips) 
Seat 3: treidei3 ($100 in chips) 
Seat 4: shootingGRID ($100 in chips) 
Seat 5: Pon4uk.ua ($112.83 in chips) 
Seat 6: sourisminii ($58.10 in chips) 
sourisminii: posts small blind $0.50
blistein: posts big blind $1
*** HOLE CARDS ***
Espada Fish: folds 
treidei3: folds 
shootingGRID: folds 
Pon4uk.ua: raises $1.50 to $2.50
sourisminii: raises $6 to $8.50
blistein: folds 
Pon4uk.ua: calls $6
*** FLOP *** [9h 5d 5s]
sourisminii: bets $5.55
Pon4uk.ua: calls $5.55
*** TURN *** [9h 5d 5s] [2h]
sourisminii: bets $7.82
Pon4uk.ua: calls $7.82
*** RIVER *** [9h 5d 5s 2h] [Tc]
sourisminii: bets $20.25
Pon4uk.ua: folds 
Uncalled bet ($20.25) returned to sourisminii
sourisminii collected $42.50 from pot
*** SUMMARY ***
Total pot $44.74 | Rake $2.24 
Board [9h 5d 5s 2h Tc]
Seat 1: blistein (big blind) folded before Flop
Seat 2: Espada Fish folded before Flop (didn't bet)
Seat 3: treidei3 folded before Flop (didn't bet)
Seat 4: shootingGRID folded before Flop (didn't bet)
Seat 5: Pon4uk.ua (button) folded on the River
Seat 6: sourisminii (small blind) collected ($42.50)



PokerStars Hand #254764968505:  Hold'em No Limit ($0.50/$1.00 USD) - 2025/02/08 13:29:35 WET [2025/02/08 8:29:35 ET]
Table 'Lucifer' 6-max Seat #6 is the button
Seat 1: blistein ($100 in chips) 
Seat 2: Espada Fish ($118.16 in chips) 
Seat 3: treidei3 ($100 in chips) 
Seat 4: shootingGRID ($100 in chips) 
Seat 5: Pon4uk.ua ($100 in chips) 
Seat 6: sourisminii ($78.73 in chips) 
blistein: posts small blind $0.50
Espada Fish: posts big blind $1
*** HOLE CARDS ***
treidei3: folds 
shootingGRID: folds 
Pon4uk.ua has timed out
Pon4uk.ua: folds 
sourisminii: folds 
blistein: raises $2 to $3
Espada Fish: raises $7 to $10
blistein: raises $11 to $21
Espada Fish: raises $97.16 to $118.16 and is all-in
blistein: folds 
Uncalled bet ($97.16) returned to Espada Fish
Espada Fish collected $42 from pot
Espada Fish: doesn't show hand 
*** SUMMARY ***
Total pot $42 | Rake $0 
Seat 1: blistein (small blind) folded before Flop
Seat 2: Espada Fish (big blind) collected ($42)
Seat 3: treidei3 folded before Flop (didn't bet)
Seat 4: shootingGRID folded before Flop (didn't bet)
Seat 5: Pon4uk.ua folded before Flop (didn't bet)
Seat 6: sourisminii (button) folded before Flop (didn't bet)



PokerStars Hand #254764983554:  Hold'em No Limit ($0.50/$1.00 USD) - 2025/02/08 13:30:56 WET [2025/02/08 8:30:56 ET]
Table 'Lucifer' 6-max Seat #1 is the button
Seat 1: blistein ($100 in chips) 
Seat 2: Espada Fish ($139.16 in chips) 
Seat 3: treidei3 ($100 in chips) 
Seat 4: shootingGRID ($100 in chips) 
Seat 5: Pon4uk.ua ($100 in chips) 
Seat 6: sourisminii ($78.73 in chips) 
Espada Fish: posts small blind $0.50
treidei3: posts big blind $1
*** HOLE CARDS ***
shootingGRID: folds 
Pon4uk.ua: folds 
sourisminii: folds 
blistein: folds 
Espada Fish: folds 
Uncalled bet ($0.50) returned to treidei3
treidei3 collected $1 from pot
treidei3: doesn't show hand 
*** SUMMARY ***
Total pot $1 | Rake $0 
Seat 1: blistein (button) folded before Flop (didn't bet)
Seat 2: Espada Fish (small blind) folded before Flop
Seat 3: treidei3 (big blind) collected ($1)
Seat 4: shootingGRID folded before Flop (didn't bet)
Seat 5: Pon4uk.ua folded before Flop (didn't bet)
Seat 6: sourisminii folded before Flop (didn't bet)



PokerStars Hand #254764986234:  Hold'em No Limit ($0.50/$1.00 USD) - 2025/02/08 13:31:10 WET [2025/02/08 8:31:10 ET]
Table 'Lucifer' 6-max Seat #2 is the button
Seat 1: blistein ($100 in chips) 
Seat 2: Espada Fish ($138.66 in chips) 
Seat 3: treidei3 ($100.50 in chips) 
Seat 4: shootingGRID ($100 in chips) 
Seat 5: Pon4uk.ua ($100 in chips) 
Seat 6: sourisminii ($78.73 in chips) 
treidei3: posts small blind $0.50
shootingGRID: posts big blind $1
*** HOLE CARDS ***
Pon4uk.ua: folds 
sourisminii: raises $1 to $2
blistein: folds 
Espada Fish: folds 
treidei3: folds 
shootingGRID: folds 
Uncalled bet ($1) returned to sourisminii
sourisminii collected $2.50 from pot
*** SUMMARY ***
Total pot $2.50 | Rake $0 
Seat 1: blistein folded before Flop (didn't bet)
Seat 2: Espada Fish (button) folded before Flop (didn't bet)
Seat 3: treidei3 (small blind) folded before Flop
Seat 4: shootingGRID (big blind) folded before Flop
Seat 5: Pon4uk.ua folded before Flop (didn't bet)
Seat 6: sourisminii collected ($2.50)



PokerStars Hand #254764989083:  Hold'em No Limit ($0.50/$1.00 USD) - 2025/02/08 13:31:25 WET [2025/02/08 8:31:25 ET]
Table 'Lucifer' 6-max Seat #3 is the button
Seat 1: blistein ($100 in chips) 
Seat 2: Espada Fish ($138.66 in chips) 
Seat 3: treidei3 ($100 in chips) 
Seat 4: shootingGRID ($100 in chips) 
Seat 5: Pon4uk.ua ($100 in chips) 
Seat 6: sourisminii ($80.23 in chips) 
shootingGRID: posts small blind $0.50
Pon4uk.ua: posts big blind $1
*** HOLE CARDS ***
sourisminii: folds 
blistein: folds 
Espada Fish: folds 
treidei3: raises $1.20 to $2.20
shootingGRID: folds 
Pon4uk.ua: raises $8.30 to $10.50
treidei3: folds 
Uncalled bet ($8.30) returned to Pon4uk.ua
Pon4uk.ua collected $4.90 from pot
Pon4uk.ua: doesn't show hand 
*** SUMMARY ***
Total pot $4.90 | Rake $0 
Seat 1: blistein folded before Flop (didn't bet)
Seat 2: Espada Fish folded before Flop (didn't bet)
Seat 3: treidei3 (button) folded before Flop
Seat 4: shootingGRID (small blind) folded before Flop
Seat 5: Pon4uk.ua (big blind) collected ($4.90)
Seat 6: sourisminii folded before Flop (didn't bet)



PokerStars Hand #254764993261:  Hold'em No Limit ($0.50/$1.00 USD) - 2025/02/08 13:31:47 WET [2025/02/08 8:31:47 ET]
Table 'Lucifer' 6-max Seat #4 is the button
Seat 1: blistein ($100 in chips) 
Seat 2: Espada Fish ($138.66 in chips) 
Seat 3: treidei3 ($100 in chips) 
Seat 4: shootingGRID ($100 in chips) 
Seat 5: Pon4uk.ua ($102.70 in chips) 
Seat 6: sourisminii ($80.23 in chips) 
Pon4uk.ua: posts small blind $0.50
sourisminii: posts big blind $1
*** HOLE CARDS ***
blistein: folds 
Espada Fish: folds 
treidei3: raises $1.20 to $2.20
shootingGRID: folds 
Pon4uk.ua: folds 
sourisminii: calls $1.20
*** FLOP *** [Qd 4d 7h]
sourisminii: checks 
treidei3: checks 
*** TURN *** [Qd 4d 7h] [Ad]
sourisminii: checks 
treidei3: checks 
*** RIVER *** [Qd 4d 7h Ad] [Qh]
sourisminii: bets $2
treidei3: folds 
Uncalled bet ($2) returned to sourisminii
sourisminii collected $4.66 from pot
*** SUMMARY ***
Total pot $4.90 | Rake $0.24 
Board [Qd 4d 7h Ad Qh]
Seat 1: blistein folded before Flop (didn't bet)
Seat 2: Espada Fish folded before Flop (didn't bet)
Seat 3: treidei3 folded on the River
Seat 4: shootingGRID (button) folded before Flop (didn't bet)
Seat 5: Pon4uk.ua (small blind) folded before Flop
Seat 6: sourisminii (big blind) collected ($4.66)



PokerStars Hand #254764998826:  Hold'em No Limit ($0.50/$1.00 USD) - 2025/02/08 13:32:16 WET [2025/02/08 8:32:16 ET]
Table 'Lucifer' 6-max Seat #5 is the button
Seat 1: blistein ($100 in chips) 
Seat 2: Espada Fish ($138.66 in chips) 
Seat 3: treidei3 ($100 in chips) 
Seat 4: shootingGRID ($100 in chips) 
Seat 5: Pon4uk.ua ($102.20 in chips) 
Seat 6: sourisminii ($82.69 in chips) 
sourisminii: posts small blind $0.50
blistein: posts big blind $1
*** HOLE CARDS ***
Espada Fish: folds 
treidei3: folds 
shootingGRID: folds 
Pon4uk.ua: folds 
sourisminii: raises $1 to $2
blistein: raises $6 to $8
sourisminii: calls $6
*** FLOP *** [5h 9h Js]
sourisminii: checks 
blistein: bets $5.17
sourisminii: calls $5.17
*** TURN *** [5h 9h Js] [6s]
sourisminii: checks 
blistein: checks 
*** RIVER *** [5h 9h Js 6s] [5s]
sourisminii: bets $3
blistein: raises $75 to $78
sourisminii: folds 
Uncalled bet ($75) returned to blistein
blistein collected $30.72 from pot
blistein: doesn't show hand 
*** SUMMARY ***
Total pot $32.34 | Rake $1.62 
Board [5h 9h Js 6s 5s]
Seat 1: blistein (big blind) collected ($30.72)
Seat 2: Espada Fish folded before Flop (didn't bet)
Seat 3: treidei3 folded before Flop (didn't bet)
Seat 4: shootingGRID folded before Flop (didn't bet)
Seat 5: Pon4uk.ua (button) folded before Flop (didn't bet)
Seat 6: sourisminii (small blind) folded on the River



PokerStars Hand #254765019581:  Hold'em No Limit ($0.50/$1.00 USD) - 2025/02/08 13:34:07 WET [2025/02/08 8:34:07 ET]
Table 'Lucifer' 6-max Seat #6 is the button
Seat 1: blistein ($114.55 in chips) 
Seat 2: Espada Fish ($138.66 in chips) 
Seat 3: treidei3 ($100 in chips) 
Seat 4: shootingGRID ($100 in chips) 
Seat 5: Pon4uk.ua ($102.20 in chips) 
Seat 6: sourisminii ($66.52 in chips) 
blistein: posts small blind $0.50
Espada Fish: posts big blind $1
*** HOLE CARDS ***
treidei3: folds 
shootingGRID: folds 
Pon4uk.ua: folds 
sourisminii: folds 
blistein: raises $2 to $3
Espada Fish: raises $7 to $10
blistein: folds 
Uncalled bet ($7) returned to Espada Fish
Espada Fish collected $6 from pot
Espada Fish: doesn't show hand 
*** SUMMARY ***
Total pot $6 | Rake $0 
Seat 1: blistein (small blind) folded before Flop
Seat 2: Espada Fish (big blind) collected ($6)
Seat 3: treidei3 folded before Flop (didn't bet)
Seat 4: shootingGRID folded before Flop (didn't bet)
Seat 5: Pon4uk.ua folded before Flop (didn't bet)
Seat 6: sourisminii (button) folded before Flop (didn't bet)



PokerStars Hand #254765026125:  Hold'em No Limit ($0.50/$1.00 USD) - 2025/02/08 13:34:42 WET [2025/02/08 8:34:42 ET]
Table 'Lucifer' 6-max Seat #1 is the button
Seat 1: blistein ($111.55 in chips) 
Seat 2: Espada Fish ($141.66 in chips) 
Seat 3: treidei3 ($100 in chips) 
Seat 4: shootingGRID ($100 in chips) 
Seat 5: Pon4uk.ua ($102.20 in chips) 
Seat 6: sourisminii ($66.52 in chips) 
Espada Fish: posts small blind $0.50
treidei3: posts big blind $1
*** HOLE CARDS ***
shootingGRID: raises $1.25 to $2.25
Pon4uk.ua: folds 
sourisminii: calls $2.25
blistein: folds 
Espada Fish: folds 
treidei3: folds 
*** FLOP *** [Jc 4d 5s]
shootingGRID: checks 
sourisminii: checks 
*** TURN *** [Jc 4d 5s] [4c]
shootingGRID: checks 
sourisminii: checks 
*** RIVER *** [Jc 4d 5s 4c] [Th]
shootingGRID: checks 
sourisminii: bets $3.85
shootingGRID: folds 
Uncalled bet ($3.85) returned to sourisminii
sourisminii collected $5.70 from pot
*** SUMMARY ***
Total pot $6 | Rake $0.30 
Board [Jc 4d 5s 4c Th]
Seat 1: blistein (button) folded before Flop (didn't bet)
Seat 2: Espada Fish (small blind) folded before Flop
Seat 3: treidei3 (big blind) folded before Flop
Seat 4: shootingGRID folded on the River
Seat 5: Pon4uk.ua folded before Flop (didn't bet)
Seat 6: sourisminii collected ($5.70)



PokerStars Hand #254765042200:  Hold'em No Limit ($0.50/$1.00 USD) - 2025/02/08 13:36:06 WET [2025/02/08 8:36:06 ET]
Table 'Lucifer' 6-max Seat #2 is the button
Seat 1: blistein ($111.55 in chips) 
Seat 2: Espada Fish ($141.16 in chips) 
Seat 3: treidei3 ($100 in chips) 
Seat 4: shootingGRID ($100 in chips) 
Seat 5: Pon4uk.ua ($102.20 in chips) 
Seat 6: sourisminii ($69.97 in chips) 
treidei3: posts small blind $0.50
shootingGRID: posts big blind $1
*** HOLE CARDS ***
Pon4uk.ua: folds 
sourisminii: folds 
blistein: raises $1.30 to $2.30
Espada Fish: folds 
treidei3: folds 
shootingGRID: folds 
Uncalled bet ($1.30) returned to blistein
blistein collected $2.50 from pot
blistein: doesn't show hand 
*** SUMMARY ***
Total pot $2.50 | Rake $0 
Seat 1: blistein collected ($2.50)
Seat 2: Espada Fish (button) folded before Flop (didn't bet)
Seat 3: treidei3 (small blind) folded before Flop
Seat 4: shootingGRID (big blind) folded before Flop
Seat 5: Pon4uk.ua folded before Flop (didn't bet)
Seat 6: sourisminii folded before Flop (didn't bet)



PokerStars Hand #254765046266:  Hold'em No Limit ($0.50/$1.00 USD) - 2025/02/08 13:36:27 WET [2025/02/08 8:36:27 ET]
Table 'Lucifer' 6-max Seat #3 is the button
Seat 1: blistein ($113.05 in chips) 
Seat 2: Espada Fish ($141.16 in chips) 
Seat 3: treidei3 ($100 in chips) 
Seat 4: shootingGRID ($100 in chips) 
Seat 5: Pon4uk.ua ($102.20 in chips) 
Seat 6: sourisminii ($69.97 in chips) 
shootingGRID: posts small blind $0.50
Pon4uk.ua: posts big blind $1
*** HOLE CARDS ***
sourisminii: folds 
blistein: folds 
Espada Fish: folds 
treidei3: raises $1.20 to $2.20
shootingGRID: folds 
Pon4uk.ua: calls $1.20
*** FLOP *** [7s 6s 5d]
Pon4uk.ua: checks 
treidei3: checks 
*** TURN *** [7s 6s 5d] [8h]
Pon4uk.ua: bets $3.50
treidei3: calls $3.50
*** RIVER *** [7s 6s 5d 8h] [2s]
Pon4uk.ua: checks 
treidei3: checks 
*** SHOW DOWN ***
Pon4uk.ua: shows [2c Kc] (a pair of Deuces)
treidei3: shows [7d 6d] (two pair, Sevens and Sixes)
treidei3 collected $11.30 from pot
*** SUMMARY ***
Total pot $11.90 | Rake $0.60 
Board [7s 6s 5d 8h 2s]
Seat 1: blistein folded before Flop (didn't bet)
Seat 2: Espada Fish folded before Flop (didn't bet)
Seat 3: treidei3 (button) showed [7d 6d] and won ($11.30) with two pair, Sevens and Sixes
Seat 4: shootingGRID (small blind) folded before Flop
Seat 5: Pon4uk.ua (big blind) showed [2c Kc] and lost with a pair of Deuces
Seat 6: sourisminii folded before Flop (didn't bet)



PokerStars Hand #254765053417:  Hold'em No Limit ($0.50/$1.00 USD) - 2025/02/08 13:37:05 WET [2025/02/08 8:37:05 ET]
Table 'Lucifer' 6-max Seat #4 is the button
Seat 1: blistein ($113.05 in chips) 
Seat 2: Espada Fish ($141.16 in chips) 
Seat 3: treidei3 ($105.60 in chips) 
Seat 4: shootingGRID ($100 in chips) 
Seat 5: Pon4uk.ua ($100 in chips) 
Seat 6: sourisminii ($69.97 in chips) 
Pon4uk.ua: posts small blind $0.50
sourisminii: posts big blind $1
*** HOLE CARDS ***
blistein: folds 
Espada Fish: folds 
treidei3: raises $1.20 to $2.20
shootingGRID: folds 
Pon4uk.ua: raises $8.30 to $10.50
sourisminii: folds 
treidei3: raises $11.50 to $22
Pon4uk.ua: calls $11.50
*** FLOP *** [6d Td 7c]
Pon4uk.ua: checks 
treidei3: bets $21.38
Pon4uk.ua: calls $21.38
*** TURN *** [6d Td 7c] [8s]
Pon4uk.ua: checks 
treidei3: checks 
*** RIVER *** [6d Td 7c 8s] [7s]
Pon4uk.ua: bets $56.62 and is all-in
treidei3: folds 
Uncalled bet ($56.62) returned to Pon4uk.ua
Pon4uk.ua collected $85.26 from pot
Pon4uk.ua: doesn't show hand 
*** SUMMARY ***
Total pot $87.76 | Rake $2.50 
Board [6d Td 7c 8s 7s]
Seat 1: blistein folded before Flop (didn't bet)
Seat 2: Espada Fish folded before Flop (didn't bet)
Seat 3: treidei3 folded on the River
Seat 4: shootingGRID (button) folded before Flop (didn't bet)
Seat 5: Pon4uk.ua (small blind) collected ($85.26)
Seat 6: sourisminii (big blind) folded before Flop



PokerStars Hand #254765070901:  Hold'em No Limit ($0.50/$1.00 USD) - 2025/02/08 13:38:38 WET [2025/02/08 8:38:38 ET]
Table 'Lucifer' 6-max Seat #5 is the button
Seat 1: blistein ($113.05 in chips) 
Seat 2: Espada Fish ($141.16 in chips) 
Seat 3: treidei3 ($100 in chips) 
Seat 4: shootingGRID ($100 in chips) 
Seat 5: Pon4uk.ua ($141.88 in chips) 
Seat 6: sourisminii ($68.97 in chips) 
sourisminii: posts small blind $0.50
blistein: posts big blind $1
*** HOLE CARDS ***
Espada Fish: folds 
treidei3: folds 
shootingGRID: folds 
Pon4uk.ua: folds 
sourisminii: raises $2 to $3
blistein: folds 
Uncalled bet ($2) returned to sourisminii
sourisminii collected $2 from pot
*** SUMMARY ***
Total pot $2 | Rake $0 
Seat 1: blistein (big blind) folded before Flop
Seat 2: Espada Fish folded before Flop (didn't bet)
Seat 3: treidei3 folded before Flop (didn't bet)
Seat 4: shootingGRID folded before Flop (didn't bet)
Seat 5: Pon4uk.ua (button) folded before Flop (didn't bet)
Seat 6: sourisminii (small blind) collected ($2)



PokerStars Hand #254765073615:  Hold'em No Limit ($0.50/$1.00 USD) - 2025/02/08 13:38:53 WET [2025/02/08 8:38:53 ET]
Table 'Lucifer' 6-max Seat #6 is the button
Seat 1: blistein ($112.05 in chips) 
Seat 2: Espada Fish ($141.16 in chips) 
Seat 3: treidei3 ($100 in chips) 
Seat 4: shootingGRID ($100 in chips) 
Seat 5: Pon4uk.ua ($141.88 in chips) 
Seat 6: sourisminii ($69.97 in chips) 
blistein: posts small blind $0.50
Espada Fish: posts big blind $1
*** HOLE CARDS ***
treidei3: folds 
shootingGRID: raises $1.25 to $2.25
Pon4uk.ua: folds 
sourisminii: calls $2.25
blistein: folds 
Espada Fish: folds 
*** FLOP *** [8d Ah 2h]
shootingGRID: checks 
sourisminii: checks 
*** TURN *** [8d Ah 2h] [9d]
shootingGRID: bets $5
sourisminii: calls $5
*** RIVER *** [8d Ah 2h 9d] [9c]
shootingGRID: checks 
sourisminii: bets $15.20
shootingGRID: calls $15.20
*** SHOW DOWN ***
sourisminii: shows [Jc Qc] (a pair of Nines)
shootingGRID: shows [5d Ad] (two pair, Aces and Nines)
shootingGRID collected $44.08 from pot
*** SUMMARY ***
Total pot $46.40 | Rake $2.32 
Board [8d Ah 2h 9d 9c]
Seat 1: blistein (small blind) folded before Flop
Seat 2: Espada Fish (big blind) folded before Flop
Seat 3: treidei3 folded before Flop (didn't bet)
Seat 4: shootingGRID showed [5d Ad] and won ($44.08) with two pair, Aces and Nines
Seat 5: Pon4uk.ua folded before Flop (didn't bet)
Seat 6: sourisminii (button) showed [Jc Qc] and lost with a pair of Nines



PokerStars Hand #254765084242:  Hold'em No Limit ($0.50/$1.00 USD) - 2025/02/08 13:39:49 WET [2025/02/08 8:39:49 ET]
Table 'Lucifer' 6-max Seat #1 is the button
Seat 1: blistein ($111.55 in chips) 
Seat 2: Espada Fish ($140.16 in chips) 
Seat 3: treidei3 ($100 in chips) 
Seat 4: shootingGRID ($121.63 in chips) 
Seat 5: Pon4uk.ua ($141.88 in chips) 
Seat 6: sourisminii ($47.52 in chips) 
Espada Fish: posts small blind $0.50
treidei3: posts big blind $1
*** HOLE CARDS ***
shootingGRID: folds 
Pon4uk.ua: folds 
sourisminii: folds 
blistein: folds 
Espada Fish: folds 
Uncalled bet ($0.50) returned to treidei3
treidei3 collected $1 from pot
treidei3: doesn't show hand 
*** SUMMARY ***
Total pot $1 | Rake $0 
Seat 1: blistein (button) folded before Flop (didn't bet)
Seat 2: Espada Fish (small blind) folded before Flop
Seat 3: treidei3 (big blind) collected ($1)
Seat 4: shootingGRID folded before Flop (didn't bet)
Seat 5: Pon4uk.ua folded before Flop (didn't bet)
Seat 6: sourisminii folded before Flop (didn't bet)



PokerStars Hand #254765086836:  Hold'em No Limit ($0.50/$1.00 USD) - 2025/02/08 13:40:03 WET [2025/02/08 8:40:03 ET]
Table 'Lucifer' 6-max Seat #2 is the button
Seat 1: blistein ($111.55 in chips) 
Seat 2: Espada Fish ($139.66 in chips) 
Seat 3: treidei3 ($100.50 in chips) 
Seat 4: shootingGRID ($121.63 in chips) 
Seat 5: Pon4uk.ua ($141.88 in chips) 
Seat 6: sourisminii ($47.52 in chips) 
treidei3: posts small blind $0.50
shootingGRID: posts big blind $1
*** HOLE CARDS ***
Pon4uk.ua: folds 
sourisminii: folds 
blistein: folds 
Espada Fish: raises $1.50 to $2.50
treidei3: folds 
shootingGRID: folds 
Uncalled bet ($1.50) returned to Espada Fish
Espada Fish collected $2.50 from pot
Espada Fish: doesn't show hand 
*** SUMMARY ***
Total pot $2.50 | Rake $0 
Seat 1: blistein folded before Flop (didn't bet)
Seat 2: Espada Fish (button) collected ($2.50)
Seat 3: treidei3 (small blind) folded before Flop
Seat 4: shootingGRID (big blind) folded before Flop
Seat 5: Pon4uk.ua folded before Flop (didn't bet)
Seat 6: sourisminii folded before Flop (didn't bet)



PokerStars Hand #254765093217:  Hold'em No Limit ($0.50/$1.00 USD) - 2025/02/08 13:40:36 WET [2025/02/08 8:40:36 ET]
Table 'Lucifer' 6-max Seat #3 is the button
Seat 1: blistein ($111.55 in chips) 
Seat 2: Espada Fish ($141.16 in chips) 
Seat 3: treidei3 ($100 in chips) 
Seat 4: shootingGRID ($120.63 in chips) 
Seat 5: Pon4uk.ua ($141.88 in chips) 
Seat 6: sourisminii ($47.52 in chips) 
shootingGRID: posts small blind $0.50
Pon4uk.ua: posts big blind $1
*** HOLE CARDS ***
sourisminii: folds 
blistein: raises $1.20 to $2.20
Espada Fish: folds 
treidei3: folds 
shootingGRID: folds 
Pon4uk.ua: folds 
Uncalled bet ($1.20) returned to blistein
blistein collected $2.50 from pot
blistein: doesn't show hand 
*** SUMMARY ***
Total pot $2.50 | Rake $0 
Seat 1: blistein collected ($2.50)
Seat 2: Espada Fish folded before Flop (didn't bet)
Seat 3: treidei3 (button) folded before Flop (didn't bet)
Seat 4: shootingGRID (small blind) folded before Flop
Seat 5: Pon4uk.ua (big blind) folded before Flop
Seat 6: sourisminii folded before Flop (didn't bet)



PokerStars Hand #254765096534:  Hold'em No Limit ($0.50/$1.00 USD) - 2025/02/08 13:40:54 WET [2025/02/08 8:40:54 ET]
Table 'Lucifer' 6-max Seat #4 is the button
Seat 1: blistein ($113.05 in chips) 
Seat 2: Espada Fish ($141.16 in chips) 
Seat 3: treidei3 ($100 in chips) 
Seat 4: shootingGRID ($120.13 in chips) 
Seat 5: Pon4uk.ua ($140.88 in chips) 
Seat 6: sourisminii ($47.52 in chips) 
Pon4uk.ua: posts small blind $0.50
sourisminii: posts big blind $1
*** HOLE CARDS ***
blistein: folds 
Espada Fish: folds 
treidei3: raises $1.20 to $2.20
shootingGRID: folds 
Pon4uk.ua: folds 
sourisminii: calls $1.20
*** FLOP *** [9c Ad Ah]
sourisminii: checks 
treidei3: bets $1.54
sourisminii: calls $1.54
*** TURN *** [9c Ad Ah] [4c]
sourisminii: checks 
treidei3: bets $2.50
sourisminii: calls $2.50
*** RIVER *** [9c Ad Ah 4c] [Jd]
sourisminii: checks 
treidei3: checks 
*** SHOW DOWN ***
sourisminii: shows [7c 7h] (two pair, Aces and Sevens)
treidei3: shows [Kh 9h] (two pair, Aces and Nines)
treidei3 collected $12.33 from pot
*** SUMMARY ***
Total pot $12.98 | Rake $0.65 
Board [9c Ad Ah 4c Jd]
Seat 1: blistein folded before Flop (didn't bet)
Seat 2: Espada Fish folded before Flop (didn't bet)
Seat 3: treidei3 showed [Kh 9h] and won ($12.33) with two pair, Aces and Nines
Seat 4: shootingGRID (button) folded before Flop (didn't bet)
Seat 5: Pon4uk.ua (small blind) folded before Flop
Seat 6: sourisminii (big blind) showed [7c 7h] and lost with two pair, Aces and Sevens



PokerStars Hand #254765105544:  Hold'em No Limit ($0.50/$1.00 USD) - 2025/02/08 13:41:41 WET [2025/02/08 8:41:41 ET]
Table 'Lucifer' 6-max Seat #5 is the button
Seat 1: blistein ($113.05 in chips) 
Seat 2: Espada Fish ($141.16 in chips) 
Seat 3: treidei3 ($106.09 in chips) 
Seat 4: shootingGRID ($120.13 in chips) 
Seat 5: Pon4uk.ua ($140.38 in chips) 
Seat 6: sourisminii ($41.28 in chips) 
sourisminii: posts small blind $0.50
blistein: posts big blind $1
*** HOLE CARDS ***
Espada Fish: folds 
treidei3: raises $1.20 to $2.20
shootingGRID: folds 
Pon4uk.ua: calls $2.20
sourisminii: calls $1.70
blistein: folds 
*** FLOP *** [Ts 7s Tc]
sourisminii: bets $7.22
treidei3: folds 
Pon4uk.ua: folds 
Uncalled bet ($7.22) returned to sourisminii
sourisminii collected $7.22 from pot
*** SUMMARY ***
Total pot $7.60 | Rake $0.38 
Board [Ts 7s Tc]
Seat 1: blistein (big blind) folded before Flop
Seat 2: Espada Fish folded before Flop (didn't bet)
Seat 3: treidei3 folded on the Flop
Seat 4: shootingGRID folded before Flop (didn't bet)
Seat 5: Pon4uk.ua (button) folded on the Flop
Seat 6: sourisminii (small blind) collected ($7.22)



PokerStars Hand #254765111778:  Hold'em No Limit ($0.50/$1.00 USD) - 2025/02/08 13:42:13 WET [2025/02/08 8:42:13 ET]
Table 'Lucifer' 6-max Seat #6 is the button
Seat 1: blistein ($112.05 in chips) 
Seat 2: Espada Fish ($141.16 in chips) 
Seat 3: treidei3 ($103.89 in chips) 
Seat 4: shootingGRID ($120.13 in chips) 
Seat 5: Pon4uk.ua ($138.18 in chips) 
Seat 6: sourisminii ($46.30 in chips) 
blistein: posts small blind $0.50
Espada Fish: posts big blind $1
*** HOLE CARDS ***
treidei3: folds 
shootingGRID: folds 
Pon4uk.ua: folds 
sourisminii: folds 
blistein: raises $2 to $3
Espada Fish: folds 
Uncalled bet ($2) returned to blistein
blistein collected $2 from pot
blistein: doesn't show hand 
*** SUMMARY ***
Total pot $2 | Rake $0 
Seat 1: blistein (small blind) collected ($2)
Seat 2: Espada Fish (big blind) folded before Flop
Seat 3: treidei3 folded before Flop (didn't bet)
Seat 4: shootingGRID folded before Flop (didn't bet)
Seat 5: Pon4uk.ua folded before Flop (didn't bet)
Seat 6: sourisminii (button) folded before Flop (didn't bet)



PokerStars Hand #254765114151:  Hold'em No Limit ($0.50/$1.00 USD) - 2025/02/08 13:42:26 WET [2025/02/08 8:42:26 ET]
Table 'Lucifer' 6-max Seat #1 is the button
Seat 1: blistein ($113.05 in chips) 
Seat 2: Espada Fish ($140.16 in chips) 
Seat 3: treidei3 ($103.89 in chips) 
Seat 4: shootingGRID ($120.13 in chips) 
Seat 5: Pon4uk.ua ($138.18 in chips) 
Seat 6: sourisminii ($46.30 in chips) 
Espada Fish: posts small blind $0.50
treidei3: posts big blind $1
*** HOLE CARDS ***
shootingGRID: folds 
Pon4uk.ua: folds 
sourisminii: folds 
blistein: folds 
Espada Fish: folds 
Uncalled bet ($0.50) returned to treidei3
treidei3 collected $1 from pot
treidei3: doesn't show hand 
*** SUMMARY ***
Total pot $1 | Rake $0 
Seat 1: blistein (button) folded before Flop (didn't bet)
Seat 2: Espada Fish (small blind) folded before Flop
Seat 3: treidei3 (big blind) collected ($1)
Seat 4: shootingGRID folded before Flop (didn't bet)
Seat 5: Pon4uk.ua folded before Flop (didn't bet)
Seat 6: sourisminii folded before Flop (didn't bet)



PokerStars Hand #254765117083:  Hold'em No Limit ($0.50/$1.00 USD) - 2025/02/08 13:42:42 WET [2025/02/08 8:42:42 ET]
Table 'Lucifer' 6-max Seat #2 is the button
Seat 1: blistein ($113.05 in chips) 
Seat 2: Espada Fish ($139.66 in chips) 
Seat 3: treidei3 ($104.39 in chips) 
Seat 4: shootingGRID ($120.13 in chips) 
Seat 5: Pon4uk.ua ($138.18 in chips) 
Seat 6: sourisminii ($46.30 in chips) 
treidei3: posts small blind $0.50
shootingGRID: posts big blind $1
*** HOLE CARDS ***
Pon4uk.ua: folds 
sourisminii: folds 
blistein: folds 
Espada Fish: raises $1.50 to $2.50
treidei3: folds 
shootingGRID: folds 
Uncalled bet ($1.50) returned to Espada Fish
Espada Fish collected $2.50 from pot
Espada Fish: doesn't show hand 
*** SUMMARY ***
Total pot $2.50 | Rake $0 
Seat 1: blistein folded before Flop (didn't bet)
Seat 2: Espada Fish (button) collected ($2.50)
Seat 3: treidei3 (small blind) folded before Flop
Seat 4: shootingGRID (big blind) folded before Flop
Seat 5: Pon4uk.ua folded before Flop (didn't bet)
Seat 6: sourisminii folded before Flop (didn't bet)



PokerStars Hand #254765120803:  Hold'em No Limit ($0.50/$1.00 USD) - 2025/02/08 13:43:01 WET [2025/02/08 8:43:01 ET]
Table 'Lucifer' 6-max Seat #3 is the button
Seat 1: blistein ($113.05 in chips) 
Seat 2: Espada Fish ($141.16 in chips) 
Seat 3: treidei3 ($103.89 in chips) 
Seat 4: shootingGRID ($119.13 in chips) 
Seat 5: Pon4uk.ua ($138.18 in chips) 
Seat 6: sourisminii ($46.30 in chips) 
shootingGRID: posts small blind $0.50
Pon4uk.ua: posts big blind $1
*** HOLE CARDS ***
sourisminii: folds 
blistein: folds 
Espada Fish: folds 
treidei3: folds 
shootingGRID: folds 
Uncalled bet ($0.50) returned to Pon4uk.ua
Pon4uk.ua collected $1 from pot
Pon4uk.ua: doesn't show hand 
*** SUMMARY ***
Total pot $1 | Rake $0 
Seat 1: blistein folded before Flop (didn't bet)
Seat 2: Espada Fish folded before Flop (didn't bet)
Seat 3: treidei3 (button) folded before Flop (didn't bet)
Seat 4: shootingGRID (small blind) folded before Flop
Seat 5: Pon4uk.ua (big blind) collected ($1)
Seat 6: sourisminii folded before Flop (didn't bet)



PokerStars Hand #254765125593:  Hold'em No Limit ($0.50/$1.00 USD) - 2025/02/08 13:43:27 WET [2025/02/08 8:43:27 ET]
Table 'Lucifer' 6-max Seat #4 is the button
Seat 1: blistein ($113.05 in chips) 
Seat 2: Espada Fish ($141.16 in chips) 
Seat 3: treidei3 ($103.89 in chips) 
Seat 4: shootingGRID ($118.63 in chips) 
Seat 5: Pon4uk.ua ($138.68 in chips) 
Seat 6: sourisminii ($46.30 in chips) 
Pon4uk.ua: posts small blind $0.50
sourisminii: posts big blind $1
*** HOLE CARDS ***
blistein: folds 
Espada Fish: folds 
treidei3: folds 
shootingGRID: raises $1.50 to $2.50
Pon4uk.ua: folds 
sourisminii: calls $1.50
*** FLOP *** [Qc 5c 3s]
sourisminii: checks 
shootingGRID: checks 
*** TURN *** [Qc 5c 3s] [Ks]
sourisminii: checks 
shootingGRID: bets $5
sourisminii: folds 
Uncalled bet ($5) returned to shootingGRID
shootingGRID collected $5.22 from pot
*** SUMMARY ***
Total pot $5.50 | Rake $0.28 
Board [Qc 5c 3s Ks]
Seat 1: blistein folded before Flop (didn't bet)
Seat 2: Espada Fish folded before Flop (didn't bet)
Seat 3: treidei3 folded before Flop (didn't bet)
Seat 4: shootingGRID (button) collected ($5.22)
Seat 5: Pon4uk.ua (small blind) folded before Flop
Seat 6: sourisminii (big blind) folded on the Turn



PokerStars Hand #254765130825:  Hold'em No Limit ($0.50/$1.00 USD) - 2025/02/08 13:43:54 WET [2025/02/08 8:43:54 ET]
Table 'Lucifer' 6-max Seat #5 is the button
Seat 1: blistein ($113.05 in chips) 
Seat 2: Espada Fish ($141.16 in chips) 
Seat 3: treidei3 ($103.89 in chips) 
Seat 4: shootingGRID ($121.35 in chips) 
Seat 5: Pon4uk.ua ($138.18 in chips) 
Seat 6: sourisminii ($43.80 in chips) 
sourisminii: posts small blind $0.50
blistein: posts big blind $1
*** HOLE CARDS ***
Espada Fish: folds 
treidei3: folds 
shootingGRID: folds 
Pon4uk.ua: folds 
sourisminii: raises $1 to $2
blistein: calls $1
*** FLOP *** [6h 3d 6s]
sourisminii: checks 
blistein: bets $1.29
sourisminii: folds 
Uncalled bet ($1.29) returned to blistein
blistein collected $3.80 from pot
blistein: doesn't show hand 
*** SUMMARY ***
Total pot $4 | Rake $0.20 
Board [6h 3d 6s]
Seat 1: blistein (big blind) collected ($3.80)
Seat 2: Espada Fish folded before Flop (didn't bet)
Seat 3: treidei3 folded before Flop (didn't bet)
Seat 4: shootingGRID folded before Flop (didn't bet)
Seat 5: Pon4uk.ua (button) folded before Flop (didn't bet)
Seat 6: sourisminii (small blind) folded on the Flop



PokerStars Hand #254765135674:  Hold'em No Limit ($0.50/$1.00 USD) - 2025/02/08 13:44:20 WET [2025/02/08 8:44:20 ET]
Table 'Lucifer' 6-max Seat #6 is the button
Seat 1: blistein ($114.85 in chips) 
Seat 2: Espada Fish ($141.16 in chips) 
Seat 3: treidei3 ($103.89 in chips) 
Seat 4: shootingGRID ($121.35 in chips) 
Seat 5: Pon4uk.ua ($138.18 in chips) 
Seat 6: sourisminii ($41.80 in chips) 
blistein: posts small blind $0.50
Espada Fish: posts big blind $1
*** HOLE CARDS ***
treidei3: folds 
shootingGRID: folds 
Pon4uk.ua: folds 
sourisminii: folds 
blistein: raises $2 to $3
Espada Fish: calls $2
*** FLOP *** [2d Tc 9h]
blistein: checks 
Espada Fish: checks 
*** TURN *** [2d Tc 9h] [7h]
blistein: checks 
Espada Fish: checks 
*** RIVER *** [2d Tc 9h 7h] [7d]
blistein: bets $4.28
Espada Fish: calls $4.28
*** SHOW DOWN ***
blistein: shows [4s Qs] (a pair of Sevens)
Espada Fish: shows [Js 9c] (two pair, Nines and Sevens)
Espada Fish collected $13.83 from pot
*** SUMMARY ***
Total pot $14.56 | Rake $0.73 
Board [2d Tc 9h 7h 7d]
Seat 1: blistein (small blind) showed [4s Qs] and lost with a pair of Sevens
Seat 2: Espada Fish (big blind) showed [Js 9c] and won ($13.83) with two pair, Nines and Sevens
Seat 3: treidei3 folded before Flop (didn't bet)
Seat 4: shootingGRID folded before Flop (didn't bet)
Seat 5: Pon4uk.ua folded before Flop (didn't bet)
Seat 6: sourisminii (button) folded before Flop (didn't bet)



PokerStars Hand #254765150609:  Hold'em No Limit ($0.50/$1.00 USD) - 2025/02/08 13:45:37 WET [2025/02/08 8:45:37 ET]
Table 'Lucifer' 6-max Seat #1 is the button
Seat 1: blistein ($107.57 in chips) 
Seat 2: Espada Fish ($147.71 in chips) 
Seat 3: treidei3 ($103.89 in chips) 
Seat 4: shootingGRID ($121.35 in chips) 
Seat 5: Pon4uk.ua ($138.18 in chips) 
Seat 6: sourisminii ($41.80 in chips) 
Espada Fish: posts small blind $0.50
treidei3: posts big blind $1
*** HOLE CARDS ***
shootingGRID: folds 
Pon4uk.ua: folds 
sourisminii: folds 
blistein: raises $1.50 to $2.50
Espada Fish: folds 
treidei3: calls $1.50
*** FLOP *** [Kd Jd Jc]
treidei3: checks 
blistein: bets $1.77
treidei3: calls $1.77
*** TURN *** [Kd Jd Jc] [Ah]
treidei3: checks 
blistein: bets $6.44
treidei3: calls $6.44
*** RIVER *** [Kd Jd Jc Ah] [Tc]
treidei3: checks 
blistein: checks 
*** SHOW DOWN ***
treidei3: shows [Jh Ts] (a full house, Jacks full of Tens)
blistein: mucks hand 
treidei3 collected $20.82 from pot
*** SUMMARY ***
Total pot $21.92 | Rake $1.10 
Board [Kd Jd Jc Ah Tc]
Seat 1: blistein (button) mucked
Seat 2: Espada Fish (small blind) folded before Flop
Seat 3: treidei3 (big blind) showed [Jh Ts] and won ($20.82) with a full house, Jacks full of Tens
Seat 4: shootingGRID folded before Flop (didn't bet)
Seat 5: Pon4uk.ua folded before Flop (didn't bet)
Seat 6: sourisminii folded before Flop (didn't bet)



PokerStars Hand #254765160532:  Hold'em No Limit ($0.50/$1.00 USD) - 2025/02/08 13:46:29 WET [2025/02/08 8:46:29 ET]
Table 'Lucifer' 6-max Seat #2 is the button
Seat 1: blistein ($100 in chips) 
Seat 2: Espada Fish ($147.21 in chips) 
Seat 3: treidei3 ($114 in chips) 
Seat 4: shootingGRID ($121.35 in chips) 
Seat 5: Pon4uk.ua ($138.18 in chips) 
Seat 6: sourisminii ($41.80 in chips) 
treidei3: posts small blind $0.50
shootingGRID: posts big blind $1
*** HOLE CARDS ***
Pon4uk.ua: folds 
sourisminii: folds 
blistein: raises $1.30 to $2.30
Espada Fish: folds 
treidei3: folds 
shootingGRID: calls $1.30
*** FLOP *** [Td Ks 7c]
shootingGRID: checks 
blistein: bets $3.63
shootingGRID: calls $3.63
*** TURN *** [Td Ks 7c] [4s]
shootingGRID: checks 
blistein: checks 
*** RIVER *** [Td Ks 7c 4s] [3h]
shootingGRID: bets $3.87
blistein: folds 
Uncalled bet ($3.87) returned to shootingGRID
shootingGRID collected $11.74 from pot
*** SUMMARY ***
Total pot $12.36 | Rake $0.62 
Board [Td Ks 7c 4s 3h]
Seat 1: blistein folded on the River
Seat 2: Espada Fish (button) folded before Flop (didn't bet)
Seat 3: treidei3 (small blind) folded before Flop
Seat 4: shootingGRID (big blind) collected ($11.74)
Seat 5: Pon4uk.ua folded before Flop (didn't bet)
Seat 6: sourisminii folded before Flop (didn't bet)



PokerStars Hand #254765171970:  Hold'em No Limit ($0.50/$1.00 USD) - 2025/02/08 13:47:28 WET [2025/02/08 8:47:28 ET]
Table 'Lucifer' 6-max Seat #3 is the button
Seat 1: blistein ($100 in chips) 
Seat 2: Espada Fish ($147.21 in chips) 
Seat 3: treidei3 ($113.50 in chips) 
Seat 4: shootingGRID ($127.16 in chips) 
Seat 5: Pon4uk.ua ($138.18 in chips) 
Seat 6: sourisminii ($41.80 in chips) 
shootingGRID: posts small blind $0.50
Pon4uk.ua: posts big blind $1
*** HOLE CARDS ***
sourisminii: folds 
blistein: folds 
Espada Fish: folds 
treidei3: folds 
shootingGRID: raises $2 to $3
Pon4uk.ua: calls $2
*** FLOP *** [2s Jc 2d]
shootingGRID: bets $1.88
Pon4uk.ua: folds 
Uncalled bet ($1.88) returned to shootingGRID
shootingGRID collected $5.70 from pot
*** SUMMARY ***
Total pot $6 | Rake $0.30 
Board [2s Jc 2d]
Seat 1: blistein folded before Flop (didn't bet)
Seat 2: Espada Fish folded before Flop (didn't bet)
Seat 3: treidei3 (button) folded before Flop (didn't bet)
Seat 4: shootingGRID (small blind) collected ($5.70)
Seat 5: Pon4uk.ua (big blind) folded on the Flop
Seat 6: sourisminii folded before Flop (didn't bet)



PokerStars Hand #254765178559:  Hold'em No Limit ($0.50/$1.00 USD) - 2025/02/08 13:48:02 WET [2025/02/08 8:48:02 ET]
Table 'Lucifer' 6-max Seat #4 is the button
Seat 1: blistein ($100 in chips) 
Seat 2: Espada Fish ($147.21 in chips) 
Seat 3: treidei3 ($113.50 in chips) 
Seat 4: shootingGRID ($129.86 in chips) 
Seat 5: Pon4uk.ua ($135.18 in chips) 
Seat 6: sourisminii ($41.80 in chips) 
Pon4uk.ua: posts small blind $0.50
sourisminii: posts big blind $1
*** HOLE CARDS ***
blistein: folds 
Espada Fish: folds 
treidei3: folds 
shootingGRID: folds 
Pon4uk.ua: raises $1.75 to $2.75
sourisminii: calls $1.75
*** FLOP *** [Td Jd 7s]
Pon4uk.ua: bets $1.72
sourisminii: calls $1.72
*** TURN *** [Td Jd 7s] [Th]
Pon4uk.ua: checks 
sourisminii: checks 
*** RIVER *** [Td Jd 7s Th] [9d]
Pon4uk.ua: checks 
sourisminii: checks 
*** SHOW DOWN ***
Pon4uk.ua: shows [6h Qh] (a pair of Tens)
sourisminii: shows [As 9c] (two pair, Tens and Nines)
sourisminii collected $8.49 from pot
*** SUMMARY ***
Total pot $8.94 | Rake $0.45 
Board [Td Jd 7s Th 9d]
Seat 1: blistein folded before Flop (didn't bet)
Seat 2: Espada Fish folded before Flop (didn't bet)
Seat 3: treidei3 folded before Flop (didn't bet)
Seat 4: shootingGRID (button) folded before Flop (didn't bet)
Seat 5: Pon4uk.ua (small blind) showed [6h Qh] and lost with a pair of Tens
Seat 6: sourisminii (big blind) showed [As 9c] and won ($8.49) with two pair, Tens and Nines



PokerStars Hand #254765188209:  Hold'em No Limit ($0.50/$1.00 USD) - 2025/02/08 13:48:52 WET [2025/02/08 8:48:52 ET]
Table 'Lucifer' 6-max Seat #5 is the button
Seat 1: blistein ($100 in chips) 
Seat 2: Espada Fish ($147.21 in chips) 
Seat 3: treidei3 ($113.50 in chips) 
Seat 4: shootingGRID ($129.86 in chips) 
Seat 5: Pon4uk.ua ($130.71 in chips) 
Seat 6: sourisminii ($45.82 in chips) 
sourisminii: posts small blind $0.50
blistein: posts big blind $1
*** HOLE CARDS ***
Espada Fish: folds 
treidei3: folds 
shootingGRID: folds 
Pon4uk.ua: raises $1.50 to $2.50
sourisminii: calls $2
blistein: folds 
*** FLOP *** [Qh Qs Th]
sourisminii: checks 
Pon4uk.ua: checks 
*** TURN *** [Qh Qs Th] [Kh]
sourisminii: checks 
Pon4uk.ua: checks 
*** RIVER *** [Qh Qs Th Kh] [2h]
sourisminii: bets $5.70
Pon4uk.ua: folds 
Uncalled bet ($5.70) returned to sourisminii
sourisminii collected $5.70 from pot
*** SUMMARY ***
Total pot $6 | Rake $0.30 
Board [Qh Qs Th Kh 2h]
Seat 1: blistein (big blind) folded before Flop
Seat 2: Espada Fish folded before Flop (didn't bet)
Seat 3: treidei3 folded before Flop (didn't bet)
Seat 4: shootingGRID folded before Flop (didn't bet)
Seat 5: Pon4uk.ua (button) folded on the River
Seat 6: sourisminii (small blind) collected ($5.70)



PokerStars Hand #254765206256:  Hold'em No Limit ($0.50/$1.00 USD) - 2025/02/08 13:50:25 WET [2025/02/08 8:50:25 ET]
Table 'Lucifer' 6-max Seat #6 is the button
Seat 1: blistein ($100 in chips) 
Seat 2: Espada Fish ($147.21 in chips) 
Seat 3: treidei3 ($113.50 in chips) 
Seat 4: shootingGRID ($129.86 in chips) 
Seat 5: Pon4uk.ua ($128.21 in chips) 
Seat 6: sourisminii ($49.02 in chips) 
blistein: posts small blind $0.50
Espada Fish: posts big blind $1
*** HOLE CARDS ***
treidei3: folds 
shootingGRID: folds 
Pon4uk.ua: folds 
sourisminii: folds 
blistein: folds 
Uncalled bet ($0.50) returned to Espada Fish
Espada Fish collected $1 from pot
Espada Fish: doesn't show hand 
*** SUMMARY ***
Total pot $1 | Rake $0 
Seat 1: blistein (small blind) folded before Flop
Seat 2: Espada Fish (big blind) collected ($1)
Seat 3: treidei3 folded before Flop (didn't bet)
Seat 4: shootingGRID folded before Flop (didn't bet)
Seat 5: Pon4uk.ua folded before Flop (didn't bet)
Seat 6: sourisminii (button) folded before Flop (didn't bet)



PokerStars Hand #254765208663:  Hold'em No Limit ($0.50/$1.00 USD) - 2025/02/08 13:50:37 WET [2025/02/08 8:50:37 ET]
Table 'Lucifer' 6-max Seat #1 is the button
Seat 1: blistein ($100 in chips) 
Seat 2: Espada Fish ($147.71 in chips) 
Seat 3: treidei3 ($113.50 in chips) 
Seat 4: shootingGRID ($129.86 in chips) 
Seat 5: Pon4uk.ua ($128.21 in chips) 
Seat 6: sourisminii ($49.02 in chips) 
Espada Fish: posts small blind $0.50
treidei3: posts big blind $1
*** HOLE CARDS ***
shootingGRID: folds 
Pon4uk.ua: folds 
sourisminii: folds 
blistein: folds 
Espada Fish: raises $2 to $3
treidei3: calls $2
*** FLOP *** [7s Kh Kc]
Espada Fish: bets $1.88
treidei3: folds 
Uncalled bet ($1.88) returned to Espada Fish
Espada Fish collected $5.70 from pot
Espada Fish: doesn't show hand 
*** SUMMARY ***
Total pot $6 | Rake $0.30 
Board [7s Kh Kc]
Seat 1: blistein (button) folded before Flop (didn't bet)
Seat 2: Espada Fish (small blind) collected ($5.70)
Seat 3: treidei3 (big blind) folded on the Flop
Seat 4: shootingGRID folded before Flop (didn't bet)
Seat 5: Pon4uk.ua folded before Flop (didn't bet)
Seat 6: sourisminii folded before Flop (didn't bet)



PokerStars Hand #254765213328:  Hold'em No Limit ($0.50/$1.00 USD) - 2025/02/08 13:51:01 WET [2025/02/08 8:51:01 ET]
Table 'Lucifer' 6-max Seat #2 is the button
Seat 1: blistein ($100 in chips) 
Seat 2: Espada Fish ($150.41 in chips) 
Seat 3: treidei3 ($110.50 in chips) 
Seat 4: shootingGRID ($129.86 in chips) 
Seat 5: Pon4uk.ua ($128.21 in chips) 
Seat 6: sourisminii ($49.02 in chips) 
treidei3: posts small blind $0.50
shootingGRID: posts big blind $1
*** HOLE CARDS ***
Pon4uk.ua: folds 
sourisminii: folds 
blistein: raises $1.30 to $2.30
Espada Fish: folds 
treidei3: folds 
shootingGRID: calls $1.30
*** FLOP *** [Ks 8h Ts]
shootingGRID: checks 
blistein: checks 
*** TURN *** [Ks 8h Ts] [Jh]
shootingGRID: bets $3.19
blistein: calls $3.19
*** RIVER *** [Ks 8h Ts Jh] [2h]
shootingGRID: bets $8.50
blistein: calls $8.50
*** SHOW DOWN ***
shootingGRID: shows [9s Ad] (high card Ace)
blistein: shows [Kd 3d] (a pair of Kings)
blistein collected $27.06 from pot
*** SUMMARY ***
Total pot $28.48 | Rake $1.42 
Board [Ks 8h Ts Jh 2h]
Seat 1: blistein showed [Kd 3d] and won ($27.06) with a pair of Kings
Seat 2: Espada Fish (button) folded before Flop (didn't bet)
Seat 3: treidei3 (small blind) folded before Flop
Seat 4: shootingGRID (big blind) showed [9s Ad] and lost with high card Ace
Seat 5: Pon4uk.ua folded before Flop (didn't bet)
Seat 6: sourisminii folded before Flop (didn't bet)



PokerStars Hand #254765225291:  Hold'em No Limit ($0.50/$1.00 USD) - 2025/02/08 13:52:03 WET [2025/02/08 8:52:03 ET]
Table 'Lucifer' 6-max Seat #3 is the button
Seat 1: blistein ($113.07 in chips) 
Seat 2: Espada Fish ($150.41 in chips) 
Seat 3: treidei3 ($110 in chips) 
Seat 4: shootingGRID ($115.87 in chips) 
Seat 5: Pon4uk.ua ($128.21 in chips) 
Seat 6: sourisminii ($49.02 in chips) 
shootingGRID: posts small blind $0.50
Pon4uk.ua: posts big blind $1
*** HOLE CARDS ***
sourisminii: calls $1
blistein: raises $2.50 to $3.50
Espada Fish: folds 
treidei3: folds 
shootingGRID: folds 
Pon4uk.ua: folds 
sourisminii: calls $2.50
*** FLOP *** [6s 4c 2d]
sourisminii: checks 
blistein: bets $2.75
sourisminii: calls $2.75
*** TURN *** [6s 4c 2d] [Js]
sourisminii: checks 
blistein: bets $9.98
sourisminii: folds 
Uncalled bet ($9.98) returned to blistein
blistein collected $13.30 from pot
blistein: doesn't show hand 
*** SUMMARY ***
Total pot $14 | Rake $0.70 
Board [6s 4c 2d Js]
Seat 1: blistein collected ($13.30)
Seat 2: Espada Fish folded before Flop (didn't bet)
Seat 3: treidei3 (button) folded before Flop (didn't bet)
Seat 4: shootingGRID (small blind) folded before Flop
Seat 5: Pon4uk.ua (big blind) folded before Flop
Seat 6: sourisminii folded on the Turn



PokerStars Hand #254765236380:  Hold'em No Limit ($0.50/$1.00 USD) - 2025/02/08 13:53:00 WET [2025/02/08 8:53:00 ET]
Table 'Lucifer' 6-max Seat #4 is the button
Seat 1: blistein ($120.12 in chips) 
Seat 2: Espada Fish ($150.41 in chips) 
Seat 3: treidei3 ($110 in chips) 
Seat 4: shootingGRID ($115.37 in chips) 
Seat 5: Pon4uk.ua ($127.21 in chips) 
Seat 6: sourisminii ($42.77 in chips) 
Pon4uk.ua: posts small blind $0.50
sourisminii: posts big blind $1
*** HOLE CARDS ***
blistein: folds 
Espada Fish: folds 
treidei3: folds 
shootingGRID: folds 
Pon4uk.ua: raises $1.75 to $2.75
sourisminii: raises $40.02 to $42.77 and is all-in
Pon4uk.ua: folds 
Uncalled bet ($40.02) returned to sourisminii
sourisminii collected $5.50 from pot
*** SUMMARY ***
Total pot $5.50 | Rake $0 
Seat 1: blistein folded before Flop (didn't bet)
Seat 2: Espada Fish folded before Flop (didn't bet)
Seat 3: treidei3 folded before Flop (didn't bet)
Seat 4: shootingGRID (button) folded before Flop (didn't bet)
Seat 5: Pon4uk.ua (small blind) folded before Flop
Seat 6: sourisminii (big blind) collected ($5.50)



PokerStars Hand #254765240376:  Hold'em No Limit ($0.50/$1.00 USD) - 2025/02/08 13:53:20 WET [2025/02/08 8:53:20 ET]
Table 'Lucifer' 6-max Seat #5 is the button
Seat 1: blistein ($120.12 in chips) 
Seat 2: Espada Fish ($150.41 in chips) 
Seat 3: treidei3 ($110 in chips) 
Seat 4: shootingGRID ($115.37 in chips) 
Seat 5: Pon4uk.ua ($124.46 in chips) 
Seat 6: sourisminii ($45.52 in chips) 
sourisminii: posts small blind $0.50
blistein: posts big blind $1
*** HOLE CARDS ***
Espada Fish: raises $1.20 to $2.20
treidei3: folds 
shootingGRID: folds 
Pon4uk.ua: folds 
sourisminii: folds 
blistein: folds 
Uncalled bet ($1.20) returned to Espada Fish
Espada Fish collected $2.50 from pot
Espada Fish: doesn't show hand 
*** SUMMARY ***
Total pot $2.50 | Rake $0 
Seat 1: blistein (big blind) folded before Flop
Seat 2: Espada Fish collected ($2.50)
Seat 3: treidei3 folded before Flop (didn't bet)
Seat 4: shootingGRID folded before Flop (didn't bet)
Seat 5: Pon4uk.ua (button) folded before Flop (didn't bet)
Seat 6: sourisminii (small blind) folded before Flop



PokerStars Hand #254765245114:  Hold'em No Limit ($0.50/$1.00 USD) - 2025/02/08 13:53:45 WET [2025/02/08 8:53:45 ET]
Table 'Lucifer' 6-max Seat #6 is the button
Seat 1: blistein ($119.12 in chips) 
Seat 2: Espada Fish ($151.91 in chips) 
Seat 3: treidei3 ($110 in chips) 
Seat 4: shootingGRID ($115.37 in chips) 
Seat 5: Pon4uk.ua ($124.46 in chips) 
Seat 6: sourisminii ($45.02 in chips) 
blistein: posts small blind $0.50
Espada Fish: posts big blind $1
*** HOLE CARDS ***
treidei3: folds 
shootingGRID: raises $1.25 to $2.25
Pon4uk.ua: folds 
sourisminii: folds 
blistein: folds 
Espada Fish: folds 
Uncalled bet ($1.25) returned to shootingGRID
shootingGRID collected $2.50 from pot
*** SUMMARY ***
Total pot $2.50 | Rake $0 
Seat 1: blistein (small blind) folded before Flop
Seat 2: Espada Fish (big blind) folded before Flop
Seat 3: treidei3 folded before Flop (didn't bet)
Seat 4: shootingGRID collected ($2.50)
Seat 5: Pon4uk.ua folded before Flop (didn't bet)
Seat 6: sourisminii (button) folded before Flop (didn't bet)



PokerStars Hand #254765249287:  Hold'em No Limit ($0.50/$1.00 USD) - 2025/02/08 13:54:07 WET [2025/02/08 8:54:07 ET]
Table 'Lucifer' 6-max Seat #1 is the button
Seat 1: blistein ($118.62 in chips) 
Seat 2: Espada Fish ($150.91 in chips) 
Seat 3: treidei3 ($110 in chips) 
Seat 4: shootingGRID ($116.87 in chips) 
Seat 5: Pon4uk.ua ($124.46 in chips) 
Seat 6: sourisminii ($45.02 in chips) 
Espada Fish: posts small blind $0.50
treidei3: posts big blind $1
*** HOLE CARDS ***
shootingGRID: raises $1.25 to $2.25
Pon4uk.ua: folds 
sourisminii: folds 
blistein: folds 
Espada Fish: raises $8.75 to $11
treidei3: folds 
shootingGRID: calls $8.75
*** FLOP *** [8h 2d 4s]
Espada Fish: checks 
shootingGRID: bets $10.93
Espada Fish: calls $10.93
*** TURN *** [8h 2d 4s] [7d]
Espada Fish: checks 
shootingGRID: bets $14.06
Espada Fish: folds 
Uncalled bet ($14.06) returned to shootingGRID
shootingGRID collected $42.62 from pot
*** SUMMARY ***
Total pot $44.86 | Rake $2.24 
Board [8h 2d 4s 7d]
Seat 1: blistein (button) folded before Flop (didn't bet)
Seat 2: Espada Fish (small blind) folded on the Turn
Seat 3: treidei3 (big blind) folded before Flop
Seat 4: shootingGRID collected ($42.62)
Seat 5: Pon4uk.ua folded before Flop (didn't bet)
Seat 6: sourisminii folded before Flop (didn't bet)



PokerStars Hand #254765269302:  Hold'em No Limit ($0.50/$1.00 USD) - 2025/02/08 13:56:05 WET [2025/02/08 8:56:05 ET]
Table 'Lucifer' 6-max Seat #2 is the button
Seat 1: blistein ($118.62 in chips) 
Seat 2: Espada Fish ($128.98 in chips) 
Seat 3: treidei3 ($109 in chips) 
Seat 4: shootingGRID ($137.56 in chips) 
Seat 5: Pon4uk.ua ($124.46 in chips) 
Seat 6: sourisminii ($45.02 in chips) 
treidei3: posts small blind $0.50
shootingGRID: posts big blind $1
*** HOLE CARDS ***
Pon4uk.ua: folds 
sourisminii: raises $2 to $3
blistein: folds 
Espada Fish: folds 
treidei3: folds 
shootingGRID: calls $2
*** FLOP *** [Ac Ah 2c]
shootingGRID: checks 
sourisminii: bets $4.09
shootingGRID: folds 
Uncalled bet ($4.09) returned to sourisminii
sourisminii collected $6.18 from pot
*** SUMMARY ***
Total pot $6.50 | Rake $0.32 
Board [Ac Ah 2c]
Seat 1: blistein folded before Flop (didn't bet)
Seat 2: Espada Fish (button) folded before Flop (didn't bet)
Seat 3: treidei3 (small blind) folded before Flop
Seat 4: shootingGRID (big blind) folded on the Flop
Seat 5: Pon4uk.ua folded before Flop (didn't bet)
Seat 6: sourisminii collected ($6.18)



PokerStars Hand #254765274891:  Hold'em No Limit ($0.50/$1.00 USD) - 2025/02/08 13:56:42 WET [2025/02/08 8:56:42 ET]
Table 'Lucifer' 6-max Seat #3 is the button
Seat 1: blistein ($118.62 in chips) 
Seat 2: Espada Fish ($128.98 in chips) 
Seat 3: treidei3 ($108.50 in chips) 
Seat 4: shootingGRID ($134.56 in chips) 
Seat 5: Pon4uk.ua ($124.46 in chips) 
Seat 6: sourisminii ($48.20 in chips) 
shootingGRID: posts small blind $0.50
Pon4uk.ua: posts big blind $1
*** HOLE CARDS ***
sourisminii: raises $2 to $3
blistein: folds 
Espada Fish: folds 
treidei3: folds 
shootingGRID: folds 
Pon4uk.ua: folds 
Uncalled bet ($2) returned to sourisminii
sourisminii collected $2.50 from pot
*** SUMMARY ***
Total pot $2.50 | Rake $0 
Seat 1: blistein folded before Flop (didn't bet)
Seat 2: Espada Fish folded before Flop (didn't bet)
Seat 3: treidei3 (button) folded before Flop (didn't bet)
Seat 4: shootingGRID (small blind) folded before Flop
Seat 5: Pon4uk.ua (big blind) folded before Flop
Seat 6: sourisminii collected ($2.50)



PokerStars Hand #254765277810:  Hold'em No Limit ($0.50/$1.00 USD) - 2025/02/08 13:57:01 WET [2025/02/08 8:57:01 ET]
Table 'Lucifer' 6-max Seat #4 is the button
Seat 1: blistein ($118.62 in chips) 
Seat 2: Espada Fish ($128.98 in chips) 
Seat 3: treidei3 ($108.50 in chips) 
Seat 4: shootingGRID ($134.06 in chips) 
Seat 5: Pon4uk.ua ($123.46 in chips) 
Seat 6: sourisminii ($49.70 in chips) 
Pon4uk.ua: posts small blind $0.50
sourisminii: posts big blind $1
*** HOLE CARDS ***
blistein: folds 
Espada Fish: folds 
treidei3: folds 
shootingGRID: raises $1.50 to $2.50
Pon4uk.ua: folds 
sourisminii: calls $1.50
*** FLOP *** [Ts Kd 9h]
sourisminii: checks 
shootingGRID: checks 
*** TURN *** [Ts Kd 9h] [5d]
sourisminii: checks 
shootingGRID: checks 
*** RIVER *** [Ts Kd 9h 5d] [4s]
sourisminii: bets $3
shootingGRID: folds 
Uncalled bet ($3) returned to sourisminii
sourisminii collected $5.22 from pot
*** SUMMARY ***
Total pot $5.50 | Rake $0.28 
Board [Ts Kd 9h 5d 4s]
Seat 1: blistein folded before Flop (didn't bet)
Seat 2: Espada Fish folded before Flop (didn't bet)
Seat 3: treidei3 folded before Flop (didn't bet)
Seat 4: shootingGRID (button) folded on the River
Seat 5: Pon4uk.ua (small blind) folded before Flop
Seat 6: sourisminii (big blind) collected ($5.22)



PokerStars Hand #254765286219:  Hold'em No Limit ($0.50/$1.00 USD) - 2025/02/08 13:57:56 WET [2025/02/08 8:57:56 ET]
Table 'Lucifer' 6-max Seat #5 is the button
Seat 1: blistein ($118.62 in chips) 
Seat 2: Espada Fish ($128.98 in chips) 
Seat 3: treidei3 ($108.50 in chips) 
Seat 4: shootingGRID ($131.56 in chips) 
Seat 5: Pon4uk.ua ($122.96 in chips) 
Seat 6: sourisminii ($52.42 in chips) 
sourisminii: posts small blind $0.50
blistein: posts big blind $1
*** HOLE CARDS ***
Espada Fish: folds 
treidei3: raises $1.20 to $2.20
shootingGRID: folds 
Pon4uk.ua: folds 
sourisminii: folds 
blistein: folds 
Uncalled bet ($1.20) returned to treidei3
treidei3 collected $2.50 from pot
treidei3: doesn't show hand 
*** SUMMARY ***
Total pot $2.50 | Rake $0 
Seat 1: blistein (big blind) folded before Flop
Seat 2: Espada Fish folded before Flop (didn't bet)
Seat 3: treidei3 collected ($2.50)
Seat 4: shootingGRID folded before Flop (didn't bet)
Seat 5: Pon4uk.ua (button) folded before Flop (didn't bet)
Seat 6: sourisminii (small blind) folded before Flop



PokerStars Hand #254765290264:  Hold'em No Limit ($0.50/$1.00 USD) - 2025/02/08 13:58:23 WET [2025/02/08 8:58:23 ET]
Table 'Lucifer' 6-max Seat #6 is the button
Seat 1: blistein ($117.62 in chips) 
Seat 2: Espada Fish ($128.98 in chips) 
Seat 3: treidei3 ($110 in chips) 
Seat 4: shootingGRID ($131.56 in chips) 
Seat 5: Pon4uk.ua ($122.96 in chips) 
Seat 6: sourisminii ($51.92 in chips) 
blistein: posts small blind $0.50
Espada Fish: posts big blind $1
*** HOLE CARDS ***
treidei3: raises $1.20 to $2.20
shootingGRID: folds 
Pon4uk.ua: folds 
sourisminii: calls $2.20
blistein: folds 
Espada Fish: folds 
*** FLOP *** [9d Tc 2s]
treidei3: bets $1
sourisminii: calls $1
*** TURN *** [9d Tc 2s] [Ac]
treidei3: bets $5.63
sourisminii: calls $5.63
*** RIVER *** [9d Tc 2s Ac] [7d]
treidei3: checks 
sourisminii: bets $3
treidei3: raises $7.99 to $10.99
sourisminii: calls $7.99
*** SHOW DOWN ***
treidei3: shows [Ad Qs] (a pair of Aces)
sourisminii: shows [As Kc] (a pair of Aces - King kicker)
sourisminii collected $39.08 from pot
*** SUMMARY ***
Total pot $41.14 | Rake $2.06 
Board [9d Tc 2s Ac 7d]
Seat 1: blistein (small blind) folded before Flop
Seat 2: Espada Fish (big blind) folded before Flop
Seat 3: treidei3 showed [Ad Qs] and lost with a pair of Aces
Seat 4: shootingGRID folded before Flop (didn't bet)
Seat 5: Pon4uk.ua folded before Flop (didn't bet)
Seat 6: sourisminii (button) showed [As Kc] and won ($39.08) with a pair of Aces



PokerStars Hand #254765297333:  Hold'em No Limit ($0.50/$1.00 USD) - 2025/02/08 13:59:08 WET [2025/02/08 8:59:08 ET]
Table 'Lucifer' 6-max Seat #1 is the button
Seat 1: blistein ($117.12 in chips) 
Seat 2: Espada Fish ($127.98 in chips) 
Seat 3: treidei3 ($100 in chips) 
Seat 4: shootingGRID ($131.56 in chips) 
Seat 5: Pon4uk.ua ($122.96 in chips) 
Seat 6: sourisminii ($71.18 in chips) 
Espada Fish: posts small blind $0.50
treidei3: posts big blind $1
*** HOLE CARDS ***
shootingGRID: folds 
Pon4uk.ua: folds 
sourisminii: folds 
blistein: raises $1.50 to $2.50
Espada Fish: folds 
treidei3: folds 
Uncalled bet ($1.50) returned to blistein
blistein collected $2.50 from pot
blistein: doesn't show hand 
*** SUMMARY ***
Total pot $2.50 | Rake $0 
Seat 1: blistein (button) collected ($2.50)
Seat 2: Espada Fish (small blind) folded before Flop
Seat 3: treidei3 (big blind) folded before Flop
Seat 4: shootingGRID folded before Flop (didn't bet)
Seat 5: Pon4uk.ua folded before Flop (didn't bet)
Seat 6: sourisminii folded before Flop (didn't bet)



PokerStars Hand #254765299666:  Hold'em No Limit ($0.50/$1.00 USD) - 2025/02/08 13:59:24 WET [2025/02/08 8:59:24 ET]
Table 'Lucifer' 6-max Seat #2 is the button
Seat 1: blistein ($118.62 in chips) 
Seat 2: Espada Fish ($127.48 in chips) 
Seat 3: treidei3 ($100 in chips) 
Seat 4: shootingGRID ($131.56 in chips) 
Seat 5: Pon4uk.ua ($122.96 in chips) 
Seat 6: sourisminii ($71.18 in chips) 
treidei3: posts small blind $0.50
shootingGRID: posts big blind $1
*** HOLE CARDS ***
Pon4uk.ua: folds 
sourisminii: folds 
blistein: raises $1.30 to $2.30
Espada Fish: folds 
treidei3: folds 
shootingGRID: folds 
Uncalled bet ($1.30) returned to blistein
blistein collected $2.50 from pot
blistein: doesn't show hand 
*** SUMMARY ***
Total pot $2.50 | Rake $0 
Seat 1: blistein collected ($2.50)
Seat 2: Espada Fish (button) folded before Flop (didn't bet)
Seat 3: treidei3 (small blind) folded before Flop
Seat 4: shootingGRID (big blind) folded before Flop
Seat 5: Pon4uk.ua folded before Flop (didn't bet)
Seat 6: sourisminii folded before Flop (didn't bet)



PokerStars Hand #254765302115:  Hold'em No Limit ($0.50/$1.00 USD) - 2025/02/08 13:59:39 WET [2025/02/08 8:59:39 ET]
Table 'Lucifer' 6-max Seat #3 is the button
Seat 1: blistein ($120.12 in chips) 
Seat 2: Espada Fish ($127.48 in chips) 
Seat 3: treidei3 ($100 in chips) 
Seat 4: shootingGRID ($130.56 in chips) 
Seat 5: Pon4uk.ua ($122.96 in chips) 
Seat 6: sourisminii ($71.18 in chips) 
shootingGRID: posts small blind $0.50
Pon4uk.ua: posts big blind $1
*** HOLE CARDS ***
sourisminii: folds 
blistein: folds 
Espada Fish: folds 
treidei3: folds 
shootingGRID: folds 
Uncalled bet ($0.50) returned to Pon4uk.ua
Pon4uk.ua collected $1 from pot
Pon4uk.ua: doesn't show hand 
*** SUMMARY ***
Total pot $1 | Rake $0 
Seat 1: blistein folded before Flop (didn't bet)
Seat 2: Espada Fish folded before Flop (didn't bet)
Seat 3: treidei3 (button) folded before Flop (didn't bet)
Seat 4: shootingGRID (small blind) folded before Flop
Seat 5: Pon4uk.ua (big blind) collected ($1)
Seat 6: sourisminii folded before Flop (didn't bet)



PokerStars Hand #254765303525:  Hold'em No Limit ($0.50/$1.00 USD) - 2025/02/08 13:59:48 WET [2025/02/08 8:59:48 ET]
Table 'Lucifer' 6-max Seat #4 is the button
Seat 1: blistein ($120.12 in chips) 
Seat 2: Espada Fish ($127.48 in chips) 
Seat 3: treidei3 ($100 in chips) 
Seat 4: shootingGRID ($130.06 in chips) 
Seat 5: Pon4uk.ua ($123.46 in chips) 
Seat 6: sourisminii ($71.18 in chips) 
Pon4uk.ua: posts small blind $0.50
sourisminii: posts big blind $1
*** HOLE CARDS ***
blistein: folds 
Espada Fish: folds 
treidei3: folds 
shootingGRID: raises $1.50 to $2.50
Pon4uk.ua: folds 
sourisminii: calls $1.50
*** FLOP *** [8h 7c 7s]
sourisminii: checks 
shootingGRID: checks 
*** TURN *** [8h 7c 7s] [Kc]
sourisminii: checks 
shootingGRID: bets $2.61
sourisminii: folds 
Uncalled bet ($2.61) returned to shootingGRID
shootingGRID collected $5.22 from pot
*** SUMMARY ***
Total pot $5.50 | Rake $0.28 
Board [8h 7c 7s Kc]
Seat 1: blistein folded before Flop (didn't bet)
Seat 2: Espada Fish folded before Flop (didn't bet)
Seat 3: treidei3 folded before Flop (didn't bet)
Seat 4: shootingGRID (button) collected ($5.22)
Seat 5: Pon4uk.ua (small blind) folded before Flop
Seat 6: sourisminii (big blind) folded on the Turn



PokerStars Hand #254765311763:  Hold'em No Limit ($0.50/$1.00 USD) - 2025/02/08 14:00:39 WET [2025/02/08 9:00:39 ET]
Table 'Lucifer' 6-max Seat #5 is the button
Seat 1: blistein ($120.12 in chips) 
Seat 2: Espada Fish ($127.48 in chips) 
Seat 3: treidei3 ($100 in chips) 
Seat 4: shootingGRID ($132.78 in chips) 
Seat 5: Pon4uk.ua ($122.96 in chips) 
Seat 6: sourisminii ($68.68 in chips) 
sourisminii: posts small blind $0.50
blistein: posts big blind $1
*** HOLE CARDS ***
Espada Fish: raises $1.20 to $2.20
treidei3: folds 
shootingGRID: folds 
Pon4uk.ua has timed out
Pon4uk.ua: folds 
sourisminii: calls $1.70
blistein: folds 
*** FLOP *** [Ad Js 3s]
sourisminii: checks 
Espada Fish: checks 
*** TURN *** [Ad Js 3s] [7h]
sourisminii: checks 
Espada Fish: bets $3.85
sourisminii: calls $3.85
*** RIVER *** [Ad Js 3s 7h] [Ah]
sourisminii: checks 
Espada Fish: bets $7.46
sourisminii: folds 
Uncalled bet ($7.46) returned to Espada Fish
Espada Fish collected $12.44 from pot
Espada Fish: doesn't show hand 
*** SUMMARY ***
Total pot $13.10 | Rake $0.66 
Board [Ad Js 3s 7h Ah]
Seat 1: blistein (big blind) folded before Flop
Seat 2: Espada Fish collected ($12.44)
Seat 3: treidei3 folded before Flop (didn't bet)
Seat 4: shootingGRID folded before Flop (didn't bet)
Seat 5: Pon4uk.ua (button) folded before Flop (didn't bet)
Seat 6: sourisminii (small blind) folded on the River



PokerStars Hand #254765325913:  Hold'em No Limit ($0.50/$1.00 USD) - 2025/02/08 14:01:55 WET [2025/02/08 9:01:55 ET]
Table 'Lucifer' 6-max Seat #6 is the button
Seat 1: blistein ($119.12 in chips) 
Seat 2: Espada Fish ($133.87 in chips) 
Seat 3: treidei3 ($100 in chips) 
Seat 4: shootingGRID ($132.78 in chips) 
Seat 5: Pon4uk.ua ($122.96 in chips) 
Seat 6: sourisminii ($62.63 in chips) 
blistein: posts small blind $0.50
Espada Fish: posts big blind $1
*** HOLE CARDS ***
treidei3: folds 
shootingGRID: raises $1.25 to $2.25
Pon4uk.ua: folds 
sourisminii: folds 
blistein: folds 
Espada Fish: folds 
Uncalled bet ($1.25) returned to shootingGRID
shootingGRID collected $2.50 from pot
*** SUMMARY ***
Total pot $2.50 | Rake $0 
Seat 1: blistein (small blind) folded before Flop
Seat 2: Espada Fish (big blind) folded before Flop
Seat 3: treidei3 folded before Flop (didn't bet)
Seat 4: shootingGRID collected ($2.50)
Seat 5: Pon4uk.ua folded before Flop (didn't bet)
Seat 6: sourisminii (button) folded before Flop (didn't bet)



PokerStars Hand #254765328964:  Hold'em No Limit ($0.50/$1.00 USD) - 2025/02/08 14:02:10 WET [2025/02/08 9:02:10 ET]
Table 'Lucifer' 6-max Seat #1 is the button
Seat 1: blistein ($118.62 in chips) 
Seat 2: Espada Fish ($132.87 in chips) 
Seat 3: treidei3 ($100 in chips) 
Seat 4: shootingGRID ($134.28 in chips) 
Seat 5: Pon4uk.ua ($122.96 in chips) 
Seat 6: sourisminii ($62.63 in chips) 
Espada Fish: posts small blind $0.50
treidei3: posts big blind $1
*** HOLE CARDS ***
shootingGRID: folds 
Pon4uk.ua: folds 
sourisminii: folds 
blistein: raises $1.50 to $2.50
Espada Fish: folds 
treidei3: folds 
Uncalled bet ($1.50) returned to blistein
blistein collected $2.50 from pot
blistein: doesn't show hand 
*** SUMMARY ***
Total pot $2.50 | Rake $0 
Seat 1: blistein (button) collected ($2.50)
Seat 2: Espada Fish (small blind) folded before Flop
Seat 3: treidei3 (big blind) folded before Flop
Seat 4: shootingGRID folded before Flop (didn't bet)
Seat 5: Pon4uk.ua folded before Flop (didn't bet)
Seat 6: sourisminii folded before Flop (didn't bet)



PokerStars Hand #254765332469:  Hold'em No Limit ($0.50/$1.00 USD) - 2025/02/08 14:02:28 WET [2025/02/08 9:02:28 ET]
Table 'Lucifer' 6-max Seat #2 is the button
Seat 1: blistein ($120.12 in chips) 
Seat 2: Espada Fish ($132.37 in chips) 
Seat 3: treidei3 ($100 in chips) 
Seat 4: shootingGRID ($134.28 in chips) 
Seat 5: Pon4uk.ua ($122.96 in chips) 
Seat 6: sourisminii ($62.63 in chips) 
treidei3: posts small blind $0.50
shootingGRID: posts big blind $1
*** HOLE CARDS ***
Pon4uk.ua: folds 
sourisminii: folds 
blistein: folds 
Espada Fish: raises $1.50 to $2.50
treidei3: folds 
shootingGRID: calls $1.50
*** FLOP *** [6c 7h Qc]
shootingGRID: checks 
Espada Fish: bets $2.61
shootingGRID: folds 
Uncalled bet ($2.61) returned to Espada Fish
Espada Fish collected $5.22 from pot
Espada Fish: doesn't show hand 
*** SUMMARY ***
Total pot $5.50 | Rake $0.28 
Board [6c 7h Qc]
Seat 1: blistein folded before Flop (didn't bet)
Seat 2: Espada Fish (button) collected ($5.22)
Seat 3: treidei3 (small blind) folded before Flop
Seat 4: shootingGRID (big blind) folded on the Flop
Seat 5: Pon4uk.ua folded before Flop (didn't bet)
Seat 6: sourisminii folded before Flop (didn't bet)



PokerStars Hand #254765344788:  Hold'em No Limit ($0.50/$1.00 USD) - 2025/02/08 14:03:31 WET [2025/02/08 9:03:31 ET]
Table 'Lucifer' 6-max Seat #3 is the button
Seat 1: blistein ($120.12 in chips) 
Seat 2: Espada Fish ($135.09 in chips) 
Seat 3: treidei3 ($100 in chips) 
Seat 4: shootingGRID ($131.78 in chips) 
Seat 5: Pon4uk.ua ($122.96 in chips) 
Seat 6: sourisminii ($62.63 in chips) 
shootingGRID: posts small blind $0.50
Pon4uk.ua: posts big blind $1
*** HOLE CARDS ***
sourisminii: folds 
blistein: raises $1.20 to $2.20
Espada Fish: folds 
treidei3: folds 
shootingGRID: folds 
Pon4uk.ua: folds 
Uncalled bet ($1.20) returned to blistein
blistein collected $2.50 from pot
blistein: doesn't show hand 
*** SUMMARY ***
Total pot $2.50 | Rake $0 
Seat 1: blistein collected ($2.50)
Seat 2: Espada Fish folded before Flop (didn't bet)
Seat 3: treidei3 (button) folded before Flop (didn't bet)
Seat 4: shootingGRID (small blind) folded before Flop
Seat 5: Pon4uk.ua (big blind) folded before Flop
Seat 6: sourisminii folded before Flop (didn't bet)



PokerStars Hand #254765349665:  Hold'em No Limit ($0.50/$1.00 USD) - 2025/02/08 14:03:56 WET [2025/02/08 9:03:56 ET]
Table 'Lucifer' 6-max Seat #4 is the button
Seat 1: blistein ($121.62 in chips) 
Seat 2: Espada Fish ($135.09 in chips) 
Seat 3: treidei3 ($100 in chips) 
Seat 4: shootingGRID ($131.28 in chips) 
Seat 5: Pon4uk.ua ($121.96 in chips) 
Seat 6: sourisminii ($62.63 in chips) 
Pon4uk.ua: posts small blind $0.50
sourisminii: posts big blind $1
*** HOLE CARDS ***
blistein: raises $1.20 to $2.20
Espada Fish: folds 
treidei3: raises $5.55 to $7.75
shootingGRID: folds 
Pon4uk.ua: folds 
sourisminii: folds 
blistein: folds 
Uncalled bet ($5.55) returned to treidei3
treidei3 collected $5.90 from pot
treidei3: doesn't show hand 
*** SUMMARY ***
Total pot $5.90 | Rake $0 
Seat 1: blistein folded before Flop
Seat 2: Espada Fish folded before Flop (didn't bet)
Seat 3: treidei3 collected ($5.90)
Seat 4: shootingGRID (button) folded before Flop (didn't bet)
Seat 5: Pon4uk.ua (small blind) folded before Flop
Seat 6: sourisminii (big blind) folded before Flop



PokerStars Hand #254765354818:  Hold'em No Limit ($0.50/$1.00 USD) - 2025/02/08 14:04:23 WET [2025/02/08 9:04:23 ET]
Table 'Lucifer' 6-max Seat #5 is the button
Seat 1: blistein ($119.42 in chips) 
Seat 2: Espada Fish ($135.09 in chips) 
Seat 3: treidei3 ($103.70 in chips) 
Seat 4: shootingGRID ($131.28 in chips) 
Seat 5: Pon4uk.ua ($121.46 in chips) 
Seat 6: sourisminii ($61.63 in chips) 
sourisminii: posts small blind $0.50
blistein: posts big blind $1
*** HOLE CARDS ***
Espada Fish: folds 
treidei3: raises $1.20 to $2.20
shootingGRID: folds 
Pon4uk.ua: folds 
sourisminii: calls $1.70
blistein: folds 
*** FLOP *** [Ts 4d 2s]
sourisminii: checks 
treidei3: bets $4
sourisminii: calls $4
*** TURN *** [Ts 4d 2s] [Th]
sourisminii: checks 
treidei3: bets $10.55
sourisminii: calls $10.55
*** RIVER *** [Ts 4d 2s Th] [9s]
sourisminii: bets $18.39
treidei3: calls $18.39
*** SHOW DOWN ***
sourisminii: shows [Js 8s] (a flush, Jack high)
treidei3: mucks hand 
sourisminii collected $68.78 from pot
*** SUMMARY ***
Total pot $71.28 | Rake $2.50 
Board [Ts 4d 2s Th 9s]
Seat 1: blistein (big blind) folded before Flop
Seat 2: Espada Fish folded before Flop (didn't bet)
Seat 3: treidei3 mucked
Seat 4: shootingGRID folded before Flop (didn't bet)
Seat 5: Pon4uk.ua (button) folded before Flop (didn't bet)
Seat 6: sourisminii (small blind) showed [Js 8s] and won ($68.78) with a flush, Jack high



PokerStars Hand #254765372862:  Hold'em No Limit ($0.50/$1.00 USD) - 2025/02/08 14:05:55 WET [2025/02/08 9:05:55 ET]
Table 'Lucifer' 6-max Seat #6 is the button
Seat 1: blistein ($118.42 in chips) 
Seat 2: Espada Fish ($135.09 in chips) 
Seat 3: treidei3 ($100 in chips) 
Seat 4: shootingGRID ($131.28 in chips) 
Seat 5: Pon4uk.ua ($121.46 in chips) 
Seat 6: sourisminii ($95.27 in chips) 
blistein: posts small blind $0.50
Espada Fish: posts big blind $1
*** HOLE CARDS ***
treidei3: raises $1.20 to $2.20
shootingGRID: folds 
Pon4uk.ua: folds 
sourisminii: folds 
blistein: folds 
Espada Fish: folds 
Uncalled bet ($1.20) returned to treidei3
treidei3 collected $2.50 from pot
treidei3: doesn't show hand 
*** SUMMARY ***
Total pot $2.50 | Rake $0 
Seat 1: blistein (small blind) folded before Flop
Seat 2: Espada Fish (big blind) folded before Flop
Seat 3: treidei3 collected ($2.50)
Seat 4: shootingGRID folded before Flop (didn't bet)
Seat 5: Pon4uk.ua folded before Flop (didn't bet)
Seat 6: sourisminii (button) folded before Flop (didn't bet)



PokerStars Hand #254765376970:  Hold'em No Limit ($0.50/$1.00 USD) - 2025/02/08 14:06:15 WET [2025/02/08 9:06:15 ET]
Table 'Lucifer' 6-max Seat #1 is the button
Seat 1: blistein ($117.92 in chips) 
Seat 2: Espada Fish ($134.09 in chips) 
Seat 3: treidei3 ($101.50 in chips) 
Seat 4: shootingGRID ($131.28 in chips) 
Seat 5: Pon4uk.ua ($121.46 in chips) 
Seat 6: sourisminii ($95.27 in chips) 
Espada Fish: posts small blind $0.50
treidei3: posts big blind $1
*** HOLE CARDS ***
shootingGRID: folds 
Pon4uk.ua: folds 
sourisminii: folds 
blistein: raises $1.50 to $2.50
Espada Fish: folds 
treidei3: calls $1.50
*** FLOP *** [2d 9s Ts]
treidei3: checks 
blistein: bets $3.11
treidei3: folds 
Uncalled bet ($3.11) returned to blistein
blistein collected $5.22 from pot
blistein: doesn't show hand 
*** SUMMARY ***
Total pot $5.50 | Rake $0.28 
Board [2d 9s Ts]
Seat 1: blistein (button) collected ($5.22)
Seat 2: Espada Fish (small blind) folded before Flop
Seat 3: treidei3 (big blind) folded on the Flop
Seat 4: shootingGRID folded before Flop (didn't bet)
Seat 5: Pon4uk.ua folded before Flop (didn't bet)
Seat 6: sourisminii folded before Flop (didn't bet)



PokerStars Hand #254765383188:  Hold'em No Limit ($0.50/$1.00 USD) - 2025/02/08 14:06:46 WET [2025/02/08 9:06:46 ET]
Table 'Lucifer' 6-max Seat #2 is the button
Seat 1: blistein ($120.64 in chips) 
Seat 2: Espada Fish ($133.59 in chips) 
Seat 3: treidei3 ($100 in chips) 
Seat 4: shootingGRID ($131.28 in chips) 
Seat 5: Pon4uk.ua ($121.46 in chips) 
Seat 6: sourisminii ($95.27 in chips) 
treidei3: posts small blind $0.50
shootingGRID: posts big blind $1
*** HOLE CARDS ***
Pon4uk.ua: folds 
sourisminii: folds 
blistein: folds 
Espada Fish: folds 
treidei3: raises $2 to $3
shootingGRID: calls $2
*** FLOP *** [2c 7c 3h]
treidei3: checks 
shootingGRID: bets $2.85
treidei3: folds 
Uncalled bet ($2.85) returned to shootingGRID
shootingGRID collected $5.70 from pot
*** SUMMARY ***
Total pot $6 | Rake $0.30 
Board [2c 7c 3h]
Seat 1: blistein folded before Flop (didn't bet)
Seat 2: Espada Fish (button) folded before Flop (didn't bet)
Seat 3: treidei3 (small blind) folded on the Flop
Seat 4: shootingGRID (big blind) collected ($5.70)
Seat 5: Pon4uk.ua folded before Flop (didn't bet)
Seat 6: sourisminii folded before Flop (didn't bet)



PokerStars Hand #254765388885:  Hold'em No Limit ($0.50/$1.00 USD) - 2025/02/08 14:07:15 WET [2025/02/08 9:07:15 ET]
Table 'Lucifer' 6-max Seat #3 is the button
Seat 1: blistein ($120.64 in chips) 
Seat 2: Espada Fish ($133.59 in chips) 
Seat 3: treidei3 ($100 in chips) 
Seat 4: shootingGRID ($133.98 in chips) 
Seat 5: Pon4uk.ua ($121.46 in chips) 
Seat 6: sourisminii ($95.27 in chips) 
shootingGRID: posts small blind $0.50
Pon4uk.ua: posts big blind $1
*** HOLE CARDS ***
sourisminii: folds 
blistein: folds 
Espada Fish: folds 
treidei3: folds 
shootingGRID: raises $2 to $3
Pon4uk.ua: folds 
Uncalled bet ($2) returned to shootingGRID
shootingGRID collected $2 from pot
*** SUMMARY ***
Total pot $2 | Rake $0 
Seat 1: blistein folded before Flop (didn't bet)
Seat 2: Espada Fish folded before Flop (didn't bet)
Seat 3: treidei3 (button) folded before Flop (didn't bet)
Seat 4: shootingGRID (small blind) collected ($2)
Seat 5: Pon4uk.ua (big blind) folded before Flop
Seat 6: sourisminii folded before Flop (didn't bet)



PokerStars Hand #254765394552:  Hold'em No Limit ($0.50/$1.00 USD) - 2025/02/08 14:07:44 WET [2025/02/08 9:07:44 ET]
Table 'Lucifer' 6-max Seat #4 is the button
Seat 1: blistein ($120.64 in chips) 
Seat 2: Espada Fish ($133.59 in chips) 
Seat 3: treidei3 ($100 in chips) 
Seat 4: shootingGRID ($134.98 in chips) 
Seat 5: Pon4uk.ua ($120.46 in chips) 
Seat 6: sourisminii ($95.27 in chips) 
Pon4uk.ua: posts small blind $0.50
sourisminii: posts big blind $1
*** HOLE CARDS ***
blistein: folds 
Espada Fish: folds 
treidei3: folds 
shootingGRID: raises $1.50 to $2.50
Pon4uk.ua: raises $8.50 to $11
sourisminii: folds 
shootingGRID: folds 
Uncalled bet ($8.50) returned to Pon4uk.ua
Pon4uk.ua collected $6 from pot
Pon4uk.ua: doesn't show hand 
*** SUMMARY ***
Total pot $6 | Rake $0 
Seat 1: blistein folded before Flop (didn't bet)
Seat 2: Espada Fish folded before Flop (didn't bet)
Seat 3: treidei3 folded before Flop (didn't bet)
Seat 4: shootingGRID (button) folded before Flop
Seat 5: Pon4uk.ua (small blind) collected ($6)
Seat 6: sourisminii (big blind) folded before Flop



PokerStars Hand #254765451197:  Hold'em No Limit ($0.50/$1.00 USD) - 2025/02/08 14:12:35 WET [2025/02/08 9:12:35 ET]
Table 'Lucifer' 6-max Seat #2 is the button
Seat 1: blistein ($121.86 in chips) 
Seat 2: Espada Fish ($133.59 in chips) 
Seat 3: treidei3 ($106.54 in chips) 
Seat 4: shootingGRID ($135.68 in chips) 
Seat 5: Pon4uk.ua ($125.96 in chips) 
Seat 6: sourisminii ($79.27 in chips) 
treidei3: posts small blind $0.50
shootingGRID: posts big blind $1
*** HOLE CARDS ***
Pon4uk.ua: folds 
sourisminii: folds 
blistein: raises $1.30 to $2.30
Espada Fish: folds 
treidei3: folds 
shootingGRID: folds 
Uncalled bet ($1.30) returned to blistein
blistein collected $2.50 from pot
blistein: doesn't show hand 
*** SUMMARY ***
Total pot $2.50 | Rake $0 
Seat 1: blistein collected ($2.50)
Seat 2: Espada Fish (button) folded before Flop (didn't bet)
Seat 3: treidei3 (small blind) folded before Flop
Seat 4: shootingGRID (big blind) folded before Flop
Seat 5: Pon4uk.ua folded before Flop (didn't bet)
Seat 6: sourisminii folded before Flop (didn't bet)



PokerStars Hand #254765454388:  Hold'em No Limit ($0.50/$1.00 USD) - 2025/02/08 14:12:51 WET [2025/02/08 9:12:51 ET]
Table 'Lucifer' 6-max Seat #3 is the button
Seat 1: blistein ($123.36 in chips) 
Seat 2: Espada Fish ($133.59 in chips) 
Seat 3: treidei3 ($106.04 in chips) 
Seat 4: shootingGRID ($134.68 in chips) 
Seat 5: Pon4uk.ua ($125.96 in chips) 
Seat 6: sourisminii ($79.27 in chips) 
shootingGRID: posts small blind $0.50
Pon4uk.ua: posts big blind $1
*** HOLE CARDS ***
sourisminii: folds 
blistein: raises $1.20 to $2.20
Espada Fish: folds 
treidei3: raises $5.55 to $7.75
shootingGRID: raises $14.25 to $22
Pon4uk.ua: folds 
blistein: raises $101.36 to $123.36 and is all-in
treidei3: folds 
shootingGRID: calls $101.36
*** FIRST FLOP *** [2c 9h 4s]
*** FIRST TURN *** [2c 9h 4s] [2s]
*** FIRST RIVER *** [2c 9h 4s 2s] [4c]
*** SECOND FLOP *** [7s Jc Qs]
*** SECOND TURN *** [7s Jc Qs] [Jd]
*** SECOND RIVER *** [7s Jc Qs Jd] [3s]
*** FIRST SHOW DOWN ***
shootingGRID: shows [Ah Ks] (two pair, Fours and Deuces)
blistein: shows [Kc Kh] (two pair, Kings and Fours)
blistein collected $126.49 from pot
*** SECOND SHOW DOWN ***
shootingGRID: shows [Ah Ks] (a pair of Jacks)
blistein: shows [Kc Kh] (two pair, Kings and Jacks)
blistein collected $126.48 from pot
*** SUMMARY ***
Total pot $255.47 | Rake $2.50 
Hand was run twice
FIRST Board [2c 9h 4s 2s 4c]
SECOND Board [7s Jc Qs Jd 3s]
Seat 1: blistein showed [Kc Kh] and won ($126.49) with two pair, Kings and Fours, and won ($126.48) with two pair, Kings and Jacks
Seat 2: Espada Fish folded before Flop (didn't bet)
Seat 3: treidei3 (button) folded before Flop
Seat 4: shootingGRID (small blind) showed [Ah Ks] and lost with two pair, Fours and Deuces, and lost with a pair of Jacks
Seat 5: Pon4uk.ua (big blind) folded before Flop
Seat 6: sourisminii folded before Flop (didn't bet)



PokerStars Hand #254765466840:  Hold'em No Limit ($0.50/$1.00 USD) - 2025/02/08 14:13:56 WET [2025/02/08 9:13:56 ET]
Table 'Lucifer' 6-max Seat #4 is the button
Seat 1: blistein ($252.97 in chips) 
Seat 2: Espada Fish ($133.59 in chips) 
Seat 3: treidei3 ($100 in chips) 
Seat 4: shootingGRID ($100 in chips) 
Seat 5: Pon4uk.ua ($124.96 in chips) 
Seat 6: sourisminii ($79.27 in chips) 
Pon4uk.ua: posts small blind $0.50
sourisminii: posts big blind $1
*** HOLE CARDS ***
blistein: folds 
Espada Fish: folds 
treidei3: folds 
shootingGRID: raises $1.50 to $2.50
Pon4uk.ua: raises $8.50 to $11
sourisminii: folds 
shootingGRID: raises $13.20 to $24.20
Pon4uk.ua: raises $100.76 to $124.96 and is all-in
shootingGRID: calls $75.80 and is all-in
Uncalled bet ($24.96) returned to Pon4uk.ua
*** FIRST FLOP *** [Ts Ks 6c]
*** FIRST TURN *** [Ts Ks 6c] [6s]
*** FIRST RIVER *** [Ts Ks 6c 6s] [8c]
*** SECOND FLOP *** [Ac 4c Kc]
*** SECOND TURN *** [Ac 4c Kc] [Qh]
*** SECOND RIVER *** [Ac 4c Kc Qh] [Jh]
*** FIRST SHOW DOWN ***
Pon4uk.ua: shows [Ah Kd] (two pair, Kings and Sixes)
shootingGRID: shows [Qd Qs] (two pair, Queens and Sixes)
Pon4uk.ua collected $99.25 from pot
*** SECOND SHOW DOWN ***
Pon4uk.ua: shows [Ah Kd] (two pair, Aces and Kings)
shootingGRID: shows [Qd Qs] (three of a kind, Queens)
shootingGRID collected $99.25 from pot
*** SUMMARY ***
Total pot $201 | Rake $2.50 
Hand was run twice
FIRST Board [Ts Ks 6c 6s 8c]
SECOND Board [Ac 4c Kc Qh Jh]
Seat 1: blistein folded before Flop (didn't bet)
Seat 2: Espada Fish folded before Flop (didn't bet)
Seat 3: treidei3 folded before Flop (didn't bet)
Seat 4: shootingGRID (button) showed [Qd Qs] and lost with two pair, Queens and Sixes, and won ($99.25) with three of a kind, Queens
Seat 5: Pon4uk.ua (small blind) showed [Ah Kd] and won ($99.25) with two pair, Kings and Sixes, and lost with two pair, Aces and Kings
Seat 6: sourisminii (big blind) folded before Flop



PokerStars Hand #254765475318:  Hold'em No Limit ($0.50/$1.00 USD) - 2025/02/08 14:14:39 WET [2025/02/08 9:14:39 ET]
Table 'Lucifer' 6-max Seat #5 is the button
Seat 1: blistein ($252.97 in chips) 
Seat 2: Espada Fish ($133.59 in chips) 
Seat 3: treidei3 ($100 in chips) 
Seat 4: shootingGRID ($100 in chips) 
Seat 5: Pon4uk.ua ($124.21 in chips) 
Seat 6: sourisminii ($78.27 in chips) 
sourisminii: posts small blind $0.50
blistein: posts big blind $1
*** HOLE CARDS ***
Espada Fish: folds 
treidei3: folds 
shootingGRID: folds 
Pon4uk.ua has timed out
Pon4uk.ua: folds 
sourisminii: calls $0.50
blistein: raises $2.50 to $3.50
sourisminii: calls $2.50
*** FLOP *** [Ts Qh 3h]
sourisminii: checks 
blistein: bets $2.26
sourisminii: calls $2.26
*** TURN *** [Ts Qh 3h] [Jc]
sourisminii: checks 
blistein: checks 
*** RIVER *** [Ts Qh 3h Jc] [Th]
sourisminii: checks 
blistein: bets $9.17
sourisminii: calls $9.17
*** SHOW DOWN ***
blistein: shows [Td Ad] (three of a kind, Tens)
sourisminii: mucks hand 
blistein collected $28.37 from pot
*** SUMMARY ***
Total pot $29.86 | Rake $1.49 
Board [Ts Qh 3h Jc Th]
Seat 1: blistein (big blind) showed [Td Ad] and won ($28.37) with three of a kind, Tens
Seat 2: Espada Fish folded before Flop (didn't bet)
Seat 3: treidei3 folded before Flop (didn't bet)
Seat 4: shootingGRID folded before Flop (didn't bet)
Seat 5: Pon4uk.ua (button) folded before Flop (didn't bet)
Seat 6: sourisminii (small blind) mucked



PokerStars Hand #254765488445:  Hold'em No Limit ($0.50/$1.00 USD) - 2025/02/08 14:15:46 WET [2025/02/08 9:15:46 ET]
Table 'Lucifer' 6-max Seat #6 is the button
Seat 1: blistein ($266.41 in chips) 
Seat 2: Espada Fish ($133.59 in chips) 
Seat 3: treidei3 ($100 in chips) 
Seat 4: shootingGRID ($100 in chips) 
Seat 5: Pon4uk.ua ($124.21 in chips) 
Seat 6: sourisminii ($63.34 in chips) 
blistein: posts small blind $0.50
Espada Fish: posts big blind $1
*** HOLE CARDS ***
treidei3: raises $1.20 to $2.20
shootingGRID: folds 
Pon4uk.ua: folds 
sourisminii: calls $2.20
blistein: folds 
Espada Fish: folds 
*** FLOP *** [6d 5s Td]
treidei3: bets $1
sourisminii: calls $1
*** TURN *** [6d 5s Td] [8h]
treidei3: bets $1
sourisminii: calls $1
*** RIVER *** [6d 5s Td 8h] [2h]
treidei3: checks 
sourisminii: checks 
*** SHOW DOWN ***
treidei3: shows [Kh Qd] (high card King)
sourisminii: shows [9h Ah] (high card Ace)
sourisminii collected $9.40 from pot
*** SUMMARY ***
Total pot $9.90 | Rake $0.50 
Board [6d 5s Td 8h 2h]
Seat 1: blistein (small blind) folded before Flop
Seat 2: Espada Fish (big blind) folded before Flop
Seat 3: treidei3 showed [Kh Qd] and lost with high card King
Seat 4: shootingGRID folded before Flop (didn't bet)
Seat 5: Pon4uk.ua folded before Flop (didn't bet)
Seat 6: sourisminii (button) showed [9h Ah] and won ($9.40) with high card Ace



PokerStars Hand #254765496231:  Hold'em No Limit ($0.50/$1.00 USD) - 2025/02/08 14:16:25 WET [2025/02/08 9:16:25 ET]
Table 'Lucifer' 6-max Seat #1 is the button
Seat 1: blistein ($265.91 in chips) 
Seat 2: Espada Fish ($132.59 in chips) 
Seat 3: treidei3 ($100 in chips) 
Seat 4: shootingGRID ($100 in chips) 
Seat 5: Pon4uk.ua ($124.21 in chips) 
Seat 6: sourisminii ($68.54 in chips) 
Espada Fish: posts small blind $0.50
treidei3: posts big blind $1
*** HOLE CARDS ***
shootingGRID: folds 
Pon4uk.ua: folds 
sourisminii: calls $1
blistein: raises $2.50 to $3.50
Espada Fish: folds 
treidei3: folds 
sourisminii: calls $2.50
*** FLOP *** [4h 7d 8c]
sourisminii: checks 
blistein: bets $4.04
sourisminii: calls $4.04
*** TURN *** [4h 7d 8c] [9h]
sourisminii: checks 
blistein: bets $5.36
sourisminii: calls $5.36
*** RIVER *** [4h 7d 8c 9h] [Th]
sourisminii: bets $12.97
blistein: raises $51.88 to $64.85
sourisminii: calls $42.67 and is all-in
Uncalled bet ($9.21) returned to blistein
*** SHOW DOWN ***
blistein: shows [Kh 8h] (a flush, King high)
sourisminii: shows [9d Td] (two pair, Tens and Nines)
blistein collected $136.08 from pot
*** SUMMARY ***
Total pot $138.58 | Rake $2.50 
Board [4h 7d 8c 9h Th]
Seat 1: blistein (button) showed [Kh 8h] and won ($136.08) with a flush, King high
Seat 2: Espada Fish (small blind) folded before Flop
Seat 3: treidei3 (big blind) folded before Flop
Seat 4: shootingGRID folded before Flop (didn't bet)
Seat 5: Pon4uk.ua folded before Flop (didn't bet)
Seat 6: sourisminii showed [9d Td] and lost with two pair, Tens and Nines



PokerStars Hand #254765516450:  Hold'em No Limit ($0.50/$1.00 USD) - 2025/02/08 14:18:07 WET [2025/02/08 9:18:07 ET]
Table 'Lucifer' 6-max Seat #2 is the button
Seat 6: sourisminii ($0 in chips) is sitting out
Seat 1: blistein ($333.45 in chips) 
Seat 2: Espada Fish ($132.09 in chips) 
Seat 3: treidei3 ($100 in chips) 
Seat 4: shootingGRID ($100 in chips) 
Seat 5: Pon4uk.ua ($124.21 in chips) 
treidei3: posts small blind $0.50
shootingGRID: posts big blind $1
*** HOLE CARDS ***
sourisminii leaves the table
Pon4uk.ua: folds 
blistein: folds 
Espada Fish: folds 
treidei3: raises $2 to $3
shootingGRID: folds 
Uncalled bet ($2) returned to treidei3
treidei3 collected $2 from pot
treidei3: doesn't show hand 
*** SUMMARY ***
Total pot $2 | Rake $0 
Seat 6: sourisminii
Seat 1: blistein folded before Flop (didn't bet)
Seat 2: Espada Fish (button) folded before Flop (didn't bet)
Seat 3: treidei3 (small blind) collected ($2)
Seat 4: shootingGRID (big blind) folded before Flop
Seat 5: Pon4uk.ua folded before Flop (didn't bet)



PokerStars Hand #254765523099:  Hold'em No Limit ($0.50/$1.00 USD) - 2025/02/08 14:18:41 WET [2025/02/08 9:18:41 ET]
Table 'Lucifer' 6-max Seat #4 is the button
Seat 1: blistein ($333.45 in chips) is sitting out
Seat 2: Espada Fish ($132.09 in chips) is sitting out
Seat 5: Pon4uk.ua ($124.21 in chips) is sitting out
Seat 3: treidei3 ($101 in chips) 
Seat 4: shootingGRID ($100 in chips) 
shootingGRID: posts small blind $0.50
Pon4uk.ua: is sitting out 
blistein: is sitting out 
Espada Fish: is sitting out 
treidei3: posts big blind $1
*** HOLE CARDS ***
shootingGRID: raises $1.25 to $2.25
Pon4uk.ua leaves the table
blistein leaves the table
treidei3: folds 
Uncalled bet ($1.25) returned to shootingGRID
shootingGRID collected $2 from pot
*** SUMMARY ***
Total pot $2 | Rake $0 
Seat 1: blistein
Seat 2: Espada Fish
Seat 5: Pon4uk.ua
Seat 3: treidei3 (big blind) folded before Flop
Seat 4: shootingGRID (button) (small blind) collected ($2)



PokerStars Hand #254765525216:  Hold'em No Limit ($0.50/$1.00 USD) - 2025/02/08 14:18:52 WET [2025/02/08 9:18:52 ET]
Table 'Lucifer' 6-max Seat #3 is the button
Seat 2: Espada Fish ($132.09 in chips) is sitting out
Seat 3: treidei3 ($100 in chips) 
Seat 4: shootingGRID ($101 in chips) 
treidei3: posts small blind $0.50
shootingGRID: posts big blind $1
*** HOLE CARDS ***
Espada Fish leaves the table
treidei3: raises $2 to $3
shootingGRID: calls $2
*** FLOP *** [8c 9h Qd]
shootingGRID: checks 
treidei3: bets $1.88
shootingGRID: folds 
Uncalled bet ($1.88) returned to treidei3
treidei3 collected $5.70 from pot
treidei3: doesn't show hand 
*** SUMMARY ***
Total pot $6 | Rake $0.30 
Board [8c 9h Qd]
Seat 2: Espada Fish
Seat 3: treidei3 (button) (small blind) collected ($5.70)
Seat 4: shootingGRID (big blind) folded on the Flop



PokerStars Hand #254765533251:  Hold'em No Limit ($0.50/$1.00 USD) - 2025/02/08 14:19:33 WET [2025/02/08 9:19:33 ET]
Table 'Lucifer' 6-max Seat #4 is the button
Seat 3: treidei3 ($102.70 in chips) 
Seat 4: shootingGRID ($100 in chips) 
shootingGRID: posts small blind $0.50
treidei3: posts big blind $1
*** HOLE CARDS ***
shootingGRID: raises $1.25 to $2.25
treidei3: folds 
Uncalled bet ($1.25) returned to shootingGRID
shootingGRID collected $2 from pot
*** SUMMARY ***
Total pot $2 | Rake $0 
Seat 3: treidei3 (big blind) folded before Flop
Seat 4: shootingGRID (button) (small blind) collected ($2)



PokerStars Hand #254765535223:  Hold'em No Limit ($0.50/$1.00 USD) - 2025/02/08 14:19:42 WET [2025/02/08 9:19:42 ET]
Table 'Lucifer' 6-max Seat #3 is the button
Seat 3: treidei3 ($101.70 in chips) 
Seat 4: shootingGRID ($101 in chips) 
treidei3: posts small blind $0.50
shootingGRID: posts big blind $1
*** HOLE CARDS ***
treidei3: raises $1.20 to $2.20
shootingGRID: folds 
Uncalled bet ($1.20) returned to treidei3
treidei3 collected $2 from pot
treidei3: doesn't show hand 
*** SUMMARY ***
Total pot $2 | Rake $0 
Seat 3: treidei3 (button) (small blind) collected ($2)
Seat 4: shootingGRID (big blind) folded before Flop



PokerStars Hand #254765536995:  Hold'em No Limit ($0.50/$1.00 USD) - 2025/02/08 14:19:51 WET [2025/02/08 9:19:51 ET]
Table 'Lucifer' 6-max Seat #4 is the button
Seat 3: treidei3 ($102.70 in chips) 
Seat 4: shootingGRID ($100 in chips) 
shootingGRID: posts small blind $0.50
treidei3: posts big blind $1
*** HOLE CARDS ***
shootingGRID: raises $1.25 to $2.25
treidei3: folds 
Uncalled bet ($1.25) returned to shootingGRID
shootingGRID collected $2 from pot
*** SUMMARY ***
Total pot $2 | Rake $0 
Seat 3: treidei3 (big blind) folded before Flop
Seat 4: shootingGRID (button) (small blind) collected ($2)



PokerStars Hand #254765540332:  Hold'em No Limit ($0.50/$1.00 USD) - 2025/02/08 14:20:08 WET [2025/02/08 9:20:08 ET]
Table 'Lucifer' 6-max Seat #3 is the button
Seat 3: treidei3 ($101.70 in chips) 
Seat 4: shootingGRID ($101 in chips) 
treidei3: posts small blind $0.50
shootingGRID: posts big blind $1
*** HOLE CARDS ***
treidei3: folds 
Uncalled bet ($0.50) returned to shootingGRID
shootingGRID collected $1 from pot
*** SUMMARY ***
Total pot $1 | Rake $0 
Seat 3: treidei3 (button) (small blind) folded before Flop
Seat 4: shootingGRID (big blind) collected ($1)



PokerStars Hand #254765542735:  Hold'em No Limit ($0.50/$1.00 USD) - 2025/02/08 14:20:20 WET [2025/02/08 9:20:20 ET]
Table 'Lucifer' 6-max Seat #4 is the button
Seat 3: treidei3 ($101.20 in chips) 
Seat 4: shootingGRID ($101.50 in chips) 
shootingGRID: posts small blind $0.50
treidei3: posts big blind $1
*** HOLE CARDS ***
shootingGRID: folds 
Uncalled bet ($0.50) returned to treidei3
treidei3 collected $1 from pot
treidei3: doesn't show hand 
*** SUMMARY ***
Total pot $1 | Rake $0 
Seat 3: treidei3 (big blind) collected ($1)
Seat 4: shootingGRID (button) (small blind) folded before Flop



PokerStars Hand #254765543810:  Hold'em No Limit ($0.50/$1.00 USD) - 2025/02/08 14:20:26 WET [2025/02/08 9:20:26 ET]
Table 'Lucifer' 6-max Seat #3 is the button
Seat 3: treidei3 ($101.70 in chips) 
Seat 4: shootingGRID ($101 in chips) 
treidei3: posts small blind $0.50
shootingGRID: posts big blind $1
*** HOLE CARDS ***
treidei3: raises $1.20 to $2.20
shootingGRID: folds 
Uncalled bet ($1.20) returned to treidei3
treidei3 collected $2 from pot
treidei3: doesn't show hand 
*** SUMMARY ***
Total pot $2 | Rake $0 
Seat 3: treidei3 (button) (small blind) collected ($2)
Seat 4: shootingGRID (big blind) folded before Flop



PokerStars Hand #254765546823:  Hold'em No Limit ($0.50/$1.00 USD) - 2025/02/08 14:20:41 WET [2025/02/08 9:20:41 ET]
Table 'Lucifer' 6-max Seat #4 is the button
Seat 3: treidei3 ($102.70 in chips) 
Seat 4: shootingGRID ($100 in chips) 
shootingGRID: posts small blind $0.50
treidei3: posts big blind $1
*** HOLE CARDS ***
shootingGRID: raises $1.25 to $2.25
Oli3579 joins the table at seat #6 
treidei3: folds 
Uncalled bet ($1.25) returned to shootingGRID
shootingGRID collected $2 from pot
*** SUMMARY ***
Total pot $2 | Rake $0 
Seat 3: treidei3 (big blind) folded before Flop
Seat 4: shootingGRID (button) (small blind) collected ($2)



PokerStars Hand #254765552936:  Hold'em No Limit ($0.50/$1.00 USD) - 2025/02/08 14:21:12 WET [2025/02/08 9:21:12 ET]
Table 'Lucifer' 6-max Seat #3 is the button
Seat 3: treidei3 ($101.70 in chips) 
Seat 4: shootingGRID ($101 in chips) 
Seat 6: Oli3579 ($100 in chips) 
shootingGRID: posts small blind $0.50
Oli3579: posts big blind $1
*** HOLE CARDS ***
treidei3: raises $1.20 to $2.20
shootingGRID: folds 
Oli3579: calls $1.20
*** FLOP *** [9h Ks Jc]
Oli3579: checks 
treidei3: bets $1.54
Oli3579: folds 
Uncalled bet ($1.54) returned to treidei3
treidei3 collected $4.66 from pot
treidei3: doesn't show hand 
*** SUMMARY ***
Total pot $4.90 | Rake $0.24 
Board [9h Ks Jc]
Seat 3: treidei3 (button) collected ($4.66)
Seat 4: shootingGRID (small blind) folded before Flop
Seat 6: Oli3579 (big blind) folded on the Flop



PokerStars Hand #254765558905:  Hold'em No Limit ($0.50/$1.00 USD) - 2025/02/08 14:21:42 WET [2025/02/08 9:21:42 ET]
Table 'Lucifer' 6-max Seat #4 is the button
Seat 3: treidei3 ($104.16 in chips) 
Seat 4: shootingGRID ($100.50 in chips) 
Seat 6: Oli3579 ($100 in chips) 
Oli3579: posts small blind $0.50
treidei3: posts big blind $1
*** HOLE CARDS ***
shootingGRID: folds 
Oli3579: folds 
Uncalled bet ($0.50) returned to treidei3
treidei3 collected $1 from pot
treidei3: doesn't show hand 
*** SUMMARY ***
Total pot $1 | Rake $0 
Seat 3: treidei3 (big blind) collected ($1)
Seat 4: shootingGRID (button) folded before Flop (didn't bet)
Seat 6: Oli3579 (small blind) folded before Flop



PokerStars Hand #254765559979:  Hold'em No Limit ($0.50/$1.00 USD) - 2025/02/08 14:21:47 WET [2025/02/08 9:21:47 ET]
Table 'Lucifer' 6-max Seat #6 is the button
Seat 3: treidei3 ($104.66 in chips) 
Seat 4: shootingGRID ($100.50 in chips) 
Seat 6: Oli3579 ($100 in chips) 
treidei3: posts small blind $0.50
shootingGRID: posts big blind $1
*** HOLE CARDS ***
Oli3579: folds 
treidei3: folds 
Uncalled bet ($0.50) returned to shootingGRID
shootingGRID collected $1 from pot
*** SUMMARY ***
Total pot $1 | Rake $0 
Seat 3: treidei3 (small blind) folded before Flop
Seat 4: shootingGRID (big blind) collected ($1)
Seat 6: Oli3579 (button) folded before Flop (didn't bet)



PokerStars Hand #254765561573:  Hold'em No Limit ($0.50/$1.00 USD) - 2025/02/08 14:21:55 WET [2025/02/08 9:21:55 ET]
Table 'Lucifer' 6-max Seat #3 is the button
Seat 3: treidei3 ($104.16 in chips) 
Seat 4: shootingGRID ($101 in chips) 
Seat 6: Oli3579 ($100 in chips) 
shootingGRID: posts small blind $0.50
Oli3579: posts big blind $1
*** HOLE CARDS ***
treidei3: raises $1.20 to $2.20
shootingGRID: folds 
Oli3579: folds 
Uncalled bet ($1.20) returned to treidei3
treidei3 collected $2.50 from pot
treidei3: doesn't show hand 
*** SUMMARY ***
Total pot $2.50 | Rake $0 
Seat 3: treidei3 (button) collected ($2.50)
Seat 4: shootingGRID (small blind) folded before Flop
Seat 6: Oli3579 (big blind) folded before Flop



PokerStars Hand #254765563582:  Hold'em No Limit ($0.50/$1.00 USD) - 2025/02/08 14:22:05 WET [2025/02/08 9:22:05 ET]
Table 'Lucifer' 6-max Seat #4 is the button
Seat 3: treidei3 ($105.66 in chips) 
Seat 4: shootingGRID ($100.50 in chips) 
Seat 6: Oli3579 ($100 in chips) 
Oli3579: posts small blind $0.50
treidei3: posts big blind $1
*** HOLE CARDS ***
shootingGRID: raises $1.50 to $2.50
Oli3579: folds 
treidei3: folds 
Uncalled bet ($1.50) returned to shootingGRID
shootingGRID collected $2.50 from pot
*** SUMMARY ***
Total pot $2.50 | Rake $0 
Seat 3: treidei3 (big blind) folded before Flop
Seat 4: shootingGRID (button) collected ($2.50)
Seat 6: Oli3579 (small blind) folded before Flop



PokerStars Hand #254765567364:  Hold'em No Limit ($0.50/$1.00 USD) - 2025/02/08 14:22:24 WET [2025/02/08 9:22:24 ET]
Table 'Lucifer' 6-max Seat #6 is the button
Seat 3: treidei3 ($104.66 in chips) 
Seat 4: shootingGRID ($102 in chips) 
Seat 6: Oli3579 ($100 in chips) 
treidei3: posts small blind $0.50
shootingGRID: posts big blind $1
*** HOLE CARDS ***
Oli3579: folds 
treidei3: folds 
Uncalled bet ($0.50) returned to shootingGRID
shootingGRID collected $1 from pot
*** SUMMARY ***
Total pot $1 | Rake $0 
Seat 3: treidei3 (small blind) folded before Flop
Seat 4: shootingGRID (big blind) collected ($1)
Seat 6: Oli3579 (button) folded before Flop (didn't bet)



PokerStars Hand #254765569062:  Hold'em No Limit ($0.50/$1.00 USD) - 2025/02/08 14:22:32 WET [2025/02/08 9:22:32 ET]
Table 'Lucifer' 6-max Seat #3 is the button
Seat 3: treidei3 ($104.16 in chips) 
Seat 4: shootingGRID ($102.50 in chips) 
Seat 6: Oli3579 ($100 in chips) 
shootingGRID: posts small blind $0.50
Oli3579: posts big blind $1
*** HOLE CARDS ***
treidei3: raises $1.20 to $2.20
shootingGRID: folds 
Oli3579: raises $9.30 to $11.50
treidei3: raises $11.50 to $23
Oli3579: calls $11.50
*** FLOP *** [Kc 7d Jd]
Oli3579: checks 
treidei3: bets $15.02
Oli3579: calls $15.02
*** TURN *** [Kc 7d Jd] [Kd]
Oli3579: checks 
treidei3: checks 
*** RIVER *** [Kc 7d Jd Kd] [9d]
Oli3579: bets $61.98 and is all-in
treidei3: folds 
Uncalled bet ($61.98) returned to Oli3579
Oli3579 collected $75.54 from pot
Oli3579: doesn't show hand 
*** SUMMARY ***
Total pot $76.54 | Rake $1 
Board [Kc 7d Jd Kd 9d]
Seat 3: treidei3 (button) folded on the River
Seat 4: shootingGRID (small blind) folded before Flop
Seat 6: Oli3579 (big blind) collected ($75.54)



PokerStars Hand #254765594802:  Hold'em No Limit ($0.50/$1.00 USD) - 2025/02/08 14:24:42 WET [2025/02/08 9:24:42 ET]
Table 'Lucifer' 6-max Seat #4 is the button
Seat 3: treidei3 ($100 in chips) 
Seat 4: shootingGRID ($102 in chips) 
Seat 6: Oli3579 ($137.52 in chips) 
Oli3579: posts small blind $0.50
treidei3: posts big blind $1
*** HOLE CARDS ***
shootingGRID: folds 
Oli3579: raises $2 to $3
treidei3: folds 
Uncalled bet ($2) returned to Oli3579
Oli3579 collected $2 from pot
Oli3579: doesn't show hand 
*** SUMMARY ***
Total pot $2 | Rake $0 
Seat 3: treidei3 (big blind) folded before Flop
Seat 4: shootingGRID (button) folded before Flop (didn't bet)
Seat 6: Oli3579 (small blind) collected ($2)



PokerStars Hand #254765598984:  Hold'em No Limit ($0.50/$1.00 USD) - 2025/02/08 14:25:03 WET [2025/02/08 9:25:03 ET]
Table 'Lucifer' 6-max Seat #6 is the button
Seat 3: treidei3 ($100 in chips) 
Seat 4: shootingGRID ($102 in chips) 
Seat 6: Oli3579 ($138.52 in chips) 
treidei3: posts small blind $0.50
shootingGRID: posts big blind $1
*** HOLE CARDS ***
Oli3579: folds 
treidei3: raises $2 to $3
shootingGRID: raises $6 to $9
treidei3: raises $12 to $21
shootingGRID: raises $81 to $102 and is all-in
sta$igk joins the table at seat #1 
treidei3: folds 
Uncalled bet ($81) returned to shootingGRID
shootingGRID collected $42 from pot
*** SUMMARY ***
Total pot $42 | Rake $0 
Seat 3: treidei3 (small blind) folded before Flop
Seat 4: shootingGRID (big blind) collected ($42)
Seat 6: Oli3579 (button) folded before Flop (didn't bet)



PokerStars Hand #254765607087:  Hold'em No Limit ($0.50/$1.00 USD) - 2025/02/08 14:25:45 WET [2025/02/08 9:25:45 ET]
Table 'Lucifer' 6-max Seat #3 is the button
Seat 1: sta$igk ($100 in chips) is sitting out
Seat 3: treidei3 ($100 in chips) 
Seat 4: shootingGRID ($123 in chips) 
Seat 6: Oli3579 ($138.52 in chips) 
shootingGRID: posts small blind $0.50
Oli3579: posts big blind $1
sta$igk: sits out 
*** HOLE CARDS ***
treidei3: raises $1.20 to $2.20
Rysiff joins the table at seat #2 
shootingGRID: calls $1.70
Oli3579: folds 
*** FLOP *** [2h 7h 8c]
shootingGRID: checks 
treidei3: bets $3.85
shootingGRID: folds 
Uncalled bet ($3.85) returned to treidei3
treidei3 collected $5.13 from pot
treidei3: doesn't show hand 
*** SUMMARY ***
Total pot $5.40 | Rake $0.27 
Board [2h 7h 8c]
Seat 1: sta$igk
Seat 3: treidei3 (button) collected ($5.13)
Seat 4: shootingGRID (small blind) folded on the Flop
Seat 6: Oli3579 (big blind) folded before Flop



PokerStars Hand #254765610521:  Hold'em No Limit ($0.50/$1.00 USD) - 2025/02/08 14:26:02 WET [2025/02/08 9:26:02 ET]
Table 'Lucifer' 6-max Seat #4 is the button
Seat 2: Rysiff ($100 in chips) is sitting out
Seat 1: sta$igk ($100 in chips) 
Seat 3: treidei3 ($102.93 in chips) 
Seat 4: shootingGRID ($120.80 in chips) 
Seat 6: Oli3579 ($137.52 in chips) 
Oli3579: posts small blind $0.50
sta$igk: posts big blind $1
Rysiff: sits out 
*** HOLE CARDS ***
treidei3: folds 
shootingGRID: raises $1.50 to $2.50
Oli3579: folds 
sta$igk: folds 
Uncalled bet ($1.50) returned to shootingGRID
shootingGRID collected $2.50 from pot
*** SUMMARY ***
Total pot $2.50 | Rake $0 
Seat 2: Rysiff
Seat 1: sta$igk (big blind) folded before Flop
Seat 3: treidei3 folded before Flop (didn't bet)
Seat 4: shootingGRID (button) collected ($2.50)
Seat 6: Oli3579 (small blind) folded before Flop



PokerStars Hand #254765612978:  Hold'em No Limit ($0.50/$1.00 USD) - 2025/02/08 14:26:15 WET [2025/02/08 9:26:15 ET]
Table 'Lucifer' 6-max Seat #6 is the button
Seat 1: sta$igk ($100 in chips) 
Seat 2: Rysiff ($100 in chips) 
Seat 3: treidei3 ($102.93 in chips) 
Seat 4: shootingGRID ($122.30 in chips) 
Seat 6: Oli3579 ($137.02 in chips) 
sta$igk: posts small blind $0.50
Rysiff: posts big blind $1
*** HOLE CARDS ***
treidei3: folds 
shootingGRID: folds 
Oli3579: raises $1.25 to $2.25
sta$igk: folds 
Rysiff: folds 
Uncalled bet ($1.25) returned to Oli3579
Oli3579 collected $2.50 from pot
Oli3579: doesn't show hand 
*** SUMMARY ***
Total pot $2.50 | Rake $0 
Seat 1: sta$igk (small blind) folded before Flop
Seat 2: Rysiff (big blind) folded before Flop
Seat 3: treidei3 folded before Flop (didn't bet)
Seat 4: shootingGRID folded before Flop (didn't bet)
Seat 6: Oli3579 (button) collected ($2.50)



PokerStars Hand #254765615390:  Hold'em No Limit ($0.50/$1.00 USD) - 2025/02/08 14:26:27 WET [2025/02/08 9:26:27 ET]
Table 'Lucifer' 6-max Seat #1 is the button
Seat 1: sta$igk ($100 in chips) 
Seat 2: Rysiff ($100 in chips) 
Seat 3: treidei3 ($102.93 in chips) 
Seat 4: shootingGRID ($122.30 in chips) 
Seat 6: Oli3579 ($138.52 in chips) 
Rysiff: posts small blind $0.50
treidei3: posts big blind $1
*** HOLE CARDS ***
shootingGRID: folds 
Oli3579: folds 
sta$igk: folds 
Rysiff: folds 
Uncalled bet ($0.50) returned to treidei3
treidei3 collected $1 from pot
treidei3: doesn't show hand 
*** SUMMARY ***
Total pot $1 | Rake $0 
Seat 1: sta$igk (button) folded before Flop (didn't bet)
Seat 2: Rysiff (small blind) folded before Flop
Seat 3: treidei3 (big blind) collected ($1)
Seat 4: shootingGRID folded before Flop (didn't bet)
Seat 6: Oli3579 folded before Flop (didn't bet)



PokerStars Hand #254765618185:  Hold'em No Limit ($0.50/$1.00 USD) - 2025/02/08 14:26:41 WET [2025/02/08 9:26:41 ET]
Table 'Lucifer' 6-max Seat #2 is the button
Seat 1: sta$igk ($100 in chips) 
Seat 2: Rysiff ($100 in chips) 
Seat 3: treidei3 ($103.43 in chips) 
Seat 4: shootingGRID ($122.30 in chips) 
Seat 6: Oli3579 ($138.52 in chips) 
treidei3: posts small blind $0.50
shootingGRID: posts big blind $1
*** HOLE CARDS ***
Oli3579: folds 
sta$igk: folds 
Rysiff: raises $1.50 to $2.50
treidei3: folds 
shootingGRID: folds 
Uncalled bet ($1.50) returned to Rysiff
Rysiff collected $2.50 from pot
Rysiff: doesn't show hand 
*** SUMMARY ***
Total pot $2.50 | Rake $0 
Seat 1: sta$igk folded before Flop (didn't bet)
Seat 2: Rysiff (button) collected ($2.50)
Seat 3: treidei3 (small blind) folded before Flop
Seat 4: shootingGRID (big blind) folded before Flop
Seat 6: Oli3579 folded before Flop (didn't bet)



PokerStars Hand #254765620645:  Hold'em No Limit ($0.50/$1.00 USD) - 2025/02/08 14:26:53 WET [2025/02/08 9:26:53 ET]
Table 'Lucifer' 6-max Seat #3 is the button
Seat 1: sta$igk ($100 in chips) 
Seat 2: Rysiff ($101.50 in chips) 
Seat 3: treidei3 ($102.93 in chips) 
Seat 4: shootingGRID ($121.30 in chips) 
Seat 6: Oli3579 ($138.52 in chips) 
shootingGRID: posts small blind $0.50
Oli3579: posts big blind $1
*** HOLE CARDS ***
sta$igk: folds 
Rysiff: folds 
treidei3: raises $1.20 to $2.20
shootingGRID: folds 
Oli3579: folds 
Uncalled bet ($1.20) returned to treidei3
treidei3 collected $2.50 from pot
treidei3: doesn't show hand 
*** SUMMARY ***
Total pot $2.50 | Rake $0 
Seat 1: sta$igk folded before Flop (didn't bet)
Seat 2: Rysiff folded before Flop (didn't bet)
Seat 3: treidei3 (button) collected ($2.50)
Seat 4: shootingGRID (small blind) folded before Flop
Seat 6: Oli3579 (big blind) folded before Flop



PokerStars Hand #254765626516:  Hold'em No Limit ($0.50/$1.00 USD) - 2025/02/08 14:27:23 WET [2025/02/08 9:27:23 ET]
Table 'Lucifer' 6-max Seat #4 is the button
Seat 1: sta$igk ($100 in chips) 
Seat 2: Rysiff ($101.50 in chips) 
Seat 4: shootingGRID ($120.80 in chips) 
Seat 6: Oli3579 ($137.52 in chips) 
Oli3579: posts small blind $0.50
sta$igk: posts big blind $1
*** HOLE CARDS ***
Rysiff: folds 
shootingGRID: folds 
Oli3579: folds 
Uncalled bet ($0.50) returned to sta$igk
sta$igk collected $1 from pot
sta$igk: doesn't show hand 
*** SUMMARY ***
Total pot $1 | Rake $0 
Seat 1: sta$igk (big blind) collected ($1)
Seat 2: Rysiff folded before Flop (didn't bet)
Seat 4: shootingGRID (button) folded before Flop (didn't bet)
Seat 6: Oli3579 (small blind) folded before Flop



PokerStars Hand #254765628890:  Hold'em No Limit ($0.50/$1.00 USD) - 2025/02/08 14:27:35 WET [2025/02/08 9:27:35 ET]
Table 'Lucifer' 6-max Seat #6 is the button
Seat 1: sta$igk ($100.50 in chips) 
Seat 2: Rysiff ($101.50 in chips) 
Seat 4: shootingGRID ($120.80 in chips) 
Seat 6: Oli3579 ($137.02 in chips) 
sta$igk: posts small blind $0.50
Rysiff: posts big blind $1
*** HOLE CARDS ***
shootingGRID: raises $1.25 to $2.25
Oli3579: folds 
sta$igk: folds 
Rysiff: folds 
Uncalled bet ($1.25) returned to shootingGRID
shootingGRID collected $2.50 from pot
*** SUMMARY ***
Total pot $2.50 | Rake $0 
Seat 1: sta$igk (small blind) folded before Flop
Seat 2: Rysiff (big blind) folded before Flop
Seat 4: shootingGRID collected ($2.50)
Seat 6: Oli3579 (button) folded before Flop (didn't bet)



PokerStars Hand #254765633271:  Hold'em No Limit ($0.50/$1.00 USD) - 2025/02/08 14:27:57 WET [2025/02/08 9:27:57 ET]
Table 'Lucifer' 6-max Seat #1 is the button
Seat 1: sta$igk ($100 in chips) 
Seat 2: Rysiff ($100.50 in chips) 
Seat 4: shootingGRID ($122.30 in chips) 
Seat 6: Oli3579 ($137.02 in chips) 
Rysiff: posts small blind $0.50
shootingGRID: posts big blind $1
*** HOLE CARDS ***
Oli3579: folds 
sta$igk: raises $1.50 to $2.50
Rysiff: folds 
shootingGRID: raises $10.50 to $13
sta$igk: folds 
Uncalled bet ($10.50) returned to shootingGRID
shootingGRID collected $5.50 from pot
*** SUMMARY ***
Total pot $5.50 | Rake $0 
Seat 1: sta$igk (button) folded before Flop
Seat 2: Rysiff (small blind) folded before Flop
Seat 4: shootingGRID (big blind) collected ($5.50)
Seat 6: Oli3579 folded before Flop (didn't bet)



PokerStars Hand #254765640784:  Hold'em No Limit ($0.50/$1.00 USD) - 2025/02/08 14:28:35 WET [2025/02/08 9:28:35 ET]
Table 'Lucifer' 6-max Seat #2 is the button
Seat 1: sta$igk ($100 in chips) 
Seat 2: Rysiff ($100 in chips) 
Seat 4: shootingGRID ($125.30 in chips) 
Seat 6: Oli3579 ($137.02 in chips) 
shootingGRID: posts small blind $0.50
Oli3579: posts big blind $1
*** HOLE CARDS ***
sta$igk: raises $1.50 to $2.50
Rysiff: folds 
shootingGRID: folds 
Oli3579: folds 
Uncalled bet ($1.50) returned to sta$igk
Rysiff leaves the table
sta$igk collected $2.50 from pot
sta$igk: doesn't show hand 
*** SUMMARY ***
Total pot $2.50 | Rake $0 
Seat 1: sta$igk collected ($2.50)
Seat 2: Rysiff (button) folded before Flop (didn't bet)
Seat 4: shootingGRID (small blind) folded before Flop
Seat 6: Oli3579 (big blind) folded before Flop



PokerStars Hand #254765643448:  Hold'em No Limit ($0.50/$1.00 USD) - 2025/02/08 14:28:48 WET [2025/02/08 9:28:48 ET]
Table 'Lucifer' 6-max Seat #4 is the button
Seat 1: sta$igk ($101.50 in chips) 
Seat 4: shootingGRID ($124.80 in chips) 
Seat 6: Oli3579 ($136.02 in chips) 
Oli3579: posts small blind $0.50
sta$igk: posts big blind $1
*** HOLE CARDS ***
shootingGRID: folds 
Oli3579: raises $2 to $3
sta$igk: folds 
Uncalled bet ($2) returned to Oli3579
Oli3579 collected $2 from pot
Oli3579: doesn't show hand 
*** SUMMARY ***
Total pot $2 | Rake $0 
Seat 1: sta$igk (big blind) folded before Flop
Seat 4: shootingGRID (button) folded before Flop (didn't bet)
Seat 6: Oli3579 (small blind) collected ($2)



PokerStars Hand #254765645625:  Hold'em No Limit ($0.50/$1.00 USD) - 2025/02/08 14:28:59 WET [2025/02/08 9:28:59 ET]
Table 'Lucifer' 6-max Seat #6 is the button
Seat 1: sta$igk ($100.50 in chips) 
Seat 4: shootingGRID ($124.80 in chips) 
Seat 6: Oli3579 ($137.02 in chips) 
sta$igk: posts small blind $0.50
shootingGRID: posts big blind $1
*** HOLE CARDS ***
Oli3579: raises $1.25 to $2.25
sta$igk: folds 
shootingGRID: folds 
Uncalled bet ($1.25) returned to Oli3579
Oli3579 collected $2.50 from pot
Oli3579: doesn't show hand 
*** SUMMARY ***
Total pot $2.50 | Rake $0 
Seat 1: sta$igk (small blind) folded before Flop
Seat 4: shootingGRID (big blind) folded before Flop
Seat 6: Oli3579 (button) collected ($2.50)



