PokerStars Hand #254766414703:  Hold'em No Limit ($0.50/$1.00 USD) - 2025/02/08 15:29:55 WET [2025/02/08 10:29:55 ET]
Table 'Elisa II' 6-max Seat #1 is the button
Seat 5: vitalik_sw ($80 in chips) is sitting out
Seat 1: S1mple088 ($80 in chips) 
Seat 2: MAO_DZEDYN_S ($100 in chips) 
Seat 3: v.sting ($100 in chips) 
Seat 4: Nicedaymybro ($100 in chips) 
MAO_DZEDYN_S: posts small blind $0.50
v.sting: posts big blind $1
*** HOLE CARDS ***
Nicedaymybro: raises $1.50 to $2.50
S1mple088: folds 
MAO_DZEDYN_S: folds 
v.sting: calls $1.50
*** FLOP *** [Th Qd Ac]
v.sting: checks 
Nicedaymybro: bets $2.61
Brookstj500 joins the table at seat #6 
v.sting: calls $2.61
*** TURN *** [Th Qd Ac] [7c]
v.sting: checks 
Nicedaymybro: checks 
*** RIVER *** [Th Qd Ac 7c] [Kd]
v.sting: bets $7.64
Nicedaymybro: raises $7.64 to $15.28
v.sting: folds 
Uncalled bet ($7.64) returned to Nicedaymybro
Nicedaymybro collected $25 from pot
Nicedaymybro: doesn't show hand 
*** SUMMARY ***
Total pot $26 | Rake $1 
Board [Th Qd Ac 7c Kd]
Seat 5: vitalik_sw
Seat 1: S1mple088 (button) folded before Flop (didn't bet)
Seat 2: MAO_DZEDYN_S (small blind) folded before Flop
Seat 3: v.sting (big blind) folded on the River
Seat 4: Nicedaymybro collected ($25)



PokerStars Hand #254766429484:  Hold'em No Limit ($0.50/$1.00 USD) - 2025/02/08 15:30:58 WET [2025/02/08 10:30:58 ET]
Table 'Elisa II' 6-max Seat #2 is the button
Seat 5: vitalik_sw ($100 in chips) is sitting out
Seat 6: Brookstj500 ($40 in chips) is sitting out
Seat 1: S1mple088 ($80 in chips) 
Seat 2: MAO_DZEDYN_S ($100 in chips) 
Seat 3: v.sting ($100 in chips) 
Seat 4: Nicedaymybro ($112.25 in chips) 
v.sting: posts small blind $0.50
Nicedaymybro: posts big blind $1
vitalik_sw: sits out 
Brookstj500: sits out 
*** HOLE CARDS ***
S1mple088: folds 
MAO_DZEDYN_S: folds 
v.sting: raises $2 to $3
Nicedaymybro: folds 
Uncalled bet ($2) returned to v.sting
v.sting collected $2 from pot
v.sting: doesn't show hand 
*** SUMMARY ***
Total pot $2 | Rake $0 
Seat 5: vitalik_sw
Seat 6: Brookstj500
Seat 1: S1mple088 folded before Flop (didn't bet)
Seat 2: MAO_DZEDYN_S (button) folded before Flop (didn't bet)
Seat 3: v.sting (small blind) collected ($2)
Seat 4: Nicedaymybro (big blind) folded before Flop



PokerStars Hand #254766433906:  Hold'em No Limit ($0.50/$1.00 USD) - 2025/02/08 15:31:17 WET [2025/02/08 10:31:17 ET]
Table 'Elisa II' 6-max Seat #3 is the button
Seat 6: Brookstj500 ($40 in chips) is sitting out
Seat 1: S1mple088 ($80 in chips) 
Seat 2: MAO_DZEDYN_S ($100 in chips) 
Seat 3: v.sting ($101 in chips) 
Seat 4: Nicedaymybro ($111.25 in chips) 
Seat 5: vitalik_sw ($100 in chips) 
Nicedaymybro: posts small blind $0.50
vitalik_sw: posts big blind $1
Brookstj500: sits out 
*** HOLE CARDS ***
S1mple088: folds 
MAO_DZEDYN_S: folds 
v.sting: raises $1.10 to $2.10
Nicedaymybro: folds 
vitalik_sw: raises $8.90 to $11
v.sting: folds 
Uncalled bet ($8.90) returned to vitalik_sw
vitalik_sw collected $4.70 from pot
vitalik_sw: doesn't show hand 
*** SUMMARY ***
Total pot $4.70 | Rake $0 
Seat 6: Brookstj500
Seat 1: S1mple088 folded before Flop (didn't bet)
Seat 2: MAO_DZEDYN_S folded before Flop (didn't bet)
Seat 3: v.sting (button) folded before Flop
Seat 4: Nicedaymybro (small blind) folded before Flop
Seat 5: vitalik_sw (big blind) collected ($4.70)



PokerStars Hand #254766448105:  Hold'em No Limit ($0.50/$1.00 USD) - 2025/02/08 15:32:17 WET [2025/02/08 10:32:17 ET]
Table 'Elisa II' 6-max Seat #4 is the button
Seat 1: S1mple088 ($80 in chips) 
Seat 2: MAO_DZEDYN_S ($100 in chips) 
Seat 3: v.sting ($100 in chips) 
Seat 4: Nicedaymybro ($110.75 in chips) 
Seat 5: vitalik_sw ($102.60 in chips) 
Seat 6: Brookstj500 ($40 in chips) 
vitalik_sw: posts small blind $0.50
Brookstj500: posts big blind $1
*** HOLE CARDS ***
S1mple088: folds 
MAO_DZEDYN_S: folds 
v.sting: folds 
Nicedaymybro: raises $1.50 to $2.50
vitalik_sw: raises $8.50 to $11
Brookstj500: folds 
Nicedaymybro: folds 
Uncalled bet ($8.50) returned to vitalik_sw
vitalik_sw collected $6 from pot
vitalik_sw: doesn't show hand 
*** SUMMARY ***
Total pot $6 | Rake $0 
Seat 1: S1mple088 folded before Flop (didn't bet)
Seat 2: MAO_DZEDYN_S folded before Flop (didn't bet)
Seat 3: v.sting folded before Flop (didn't bet)
Seat 4: Nicedaymybro (button) folded before Flop
Seat 5: vitalik_sw (small blind) collected ($6)
Seat 6: Brookstj500 (big blind) folded before Flop



PokerStars Hand #254766452480:  Hold'em No Limit ($0.50/$1.00 USD) - 2025/02/08 15:32:35 WET [2025/02/08 10:32:35 ET]
Table 'Elisa II' 6-max Seat #5 is the button
Seat 1: S1mple088 ($80 in chips) 
Seat 2: MAO_DZEDYN_S ($100 in chips) 
Seat 3: v.sting ($100 in chips) 
Seat 4: Nicedaymybro ($108.25 in chips) 
Seat 5: vitalik_sw ($106.10 in chips) 
Seat 6: Brookstj500 ($39 in chips) 
Brookstj500: posts small blind $0.50
S1mple088: posts big blind $1
*** HOLE CARDS ***
MAO_DZEDYN_S: folds 
v.sting: folds 
Nicedaymybro: folds 
vitalik_sw: raises $1.50 to $2.50
Brookstj500: calls $2
S1mple088: folds 
*** FLOP *** [6c 7d 7s]
Brookstj500: checks 
vitalik_sw: checks 
*** TURN *** [6c 7d 7s] [8h]
Brookstj500: bets $4
vitalik_sw: folds 
Uncalled bet ($4) returned to Brookstj500
Brookstj500 collected $5.70 from pot
Brookstj500: doesn't show hand 
*** SUMMARY ***
Total pot $6 | Rake $0.30 
Board [6c 7d 7s 8h]
Seat 1: S1mple088 (big blind) folded before Flop
Seat 2: MAO_DZEDYN_S folded before Flop (didn't bet)
Seat 3: v.sting folded before Flop (didn't bet)
Seat 4: Nicedaymybro folded before Flop (didn't bet)
Seat 5: vitalik_sw (button) folded on the Turn
Seat 6: Brookstj500 (small blind) collected ($5.70)



PokerStars Hand #254766467570:  Hold'em No Limit ($0.50/$1.00 USD) - 2025/02/08 15:33:41 WET [2025/02/08 10:33:41 ET]
Table 'Elisa II' 6-max Seat #6 is the button
Seat 1: S1mple088 ($79 in chips) 
Seat 2: MAO_DZEDYN_S ($100 in chips) 
Seat 3: v.sting ($100 in chips) 
Seat 4: Nicedaymybro ($108.25 in chips) 
Seat 5: vitalik_sw ($103.60 in chips) 
Seat 6: Brookstj500 ($42.20 in chips) 
S1mple088: posts small blind $0.50
MAO_DZEDYN_S: posts big blind $1
*** HOLE CARDS ***
v.sting: folds 
Nicedaymybro: folds 
vitalik_sw: folds 
Brookstj500: folds 
S1mple088: folds 
Uncalled bet ($0.50) returned to MAO_DZEDYN_S
MAO_DZEDYN_S collected $1 from pot
MAO_DZEDYN_S: doesn't show hand 
*** SUMMARY ***
Total pot $1 | Rake $0 
Seat 1: S1mple088 (small blind) folded before Flop
Seat 2: MAO_DZEDYN_S (big blind) collected ($1)
Seat 3: v.sting folded before Flop (didn't bet)
Seat 4: Nicedaymybro folded before Flop (didn't bet)
Seat 5: vitalik_sw folded before Flop (didn't bet)
Seat 6: Brookstj500 (button) folded before Flop (didn't bet)



PokerStars Hand #254766470814:  Hold'em No Limit ($0.50/$1.00 USD) - 2025/02/08 15:33:55 WET [2025/02/08 10:33:55 ET]
Table 'Elisa II' 6-max Seat #1 is the button
Seat 1: S1mple088 ($78.50 in chips) 
Seat 2: MAO_DZEDYN_S ($100.50 in chips) 
Seat 3: v.sting ($100 in chips) 
Seat 4: Nicedaymybro ($108.25 in chips) 
Seat 5: vitalik_sw ($103.60 in chips) 
Seat 6: Brookstj500 ($42.20 in chips) 
MAO_DZEDYN_S: posts small blind $0.50
v.sting: posts big blind $1
*** HOLE CARDS ***
Nicedaymybro: folds 
vitalik_sw: folds 
Brookstj500: folds 
S1mple088: folds 
MAO_DZEDYN_S: folds 
Uncalled bet ($0.50) returned to v.sting
v.sting collected $1 from pot
v.sting: doesn't show hand 
*** SUMMARY ***
Total pot $1 | Rake $0 
Seat 1: S1mple088 (button) folded before Flop (didn't bet)
Seat 2: MAO_DZEDYN_S (small blind) folded before Flop
Seat 3: v.sting (big blind) collected ($1)
Seat 4: Nicedaymybro folded before Flop (didn't bet)
Seat 5: vitalik_sw folded before Flop (didn't bet)
Seat 6: Brookstj500 folded before Flop (didn't bet)



PokerStars Hand #254766473546:  Hold'em No Limit ($0.50/$1.00 USD) - 2025/02/08 15:34:06 WET [2025/02/08 10:34:06 ET]
Table 'Elisa II' 6-max Seat #2 is the button
Seat 1: S1mple088 ($78.50 in chips) 
Seat 2: MAO_DZEDYN_S ($100 in chips) 
Seat 3: v.sting ($100.50 in chips) 
Seat 4: Nicedaymybro ($108.25 in chips) 
Seat 5: vitalik_sw ($103.60 in chips) 
Seat 6: Brookstj500 ($42.20 in chips) 
v.sting: posts small blind $0.50
Nicedaymybro: posts big blind $1
*** HOLE CARDS ***
vitalik_sw: raises $1.50 to $2.50
Brookstj500: calls $2.50
S1mple088: folds 
MAO_DZEDYN_S: folds 
v.sting: folds 
Nicedaymybro: calls $1.50
*** FLOP *** [7d Kc Js]
Nicedaymybro: checks 
vitalik_sw: bets $3.80
Brookstj500: folds 
Nicedaymybro: folds 
Uncalled bet ($3.80) returned to vitalik_sw
vitalik_sw collected $7.60 from pot
vitalik_sw: doesn't show hand 
*** SUMMARY ***
Total pot $8 | Rake $0.40 
Board [7d Kc Js]
Seat 1: S1mple088 folded before Flop (didn't bet)
Seat 2: MAO_DZEDYN_S (button) folded before Flop (didn't bet)
Seat 3: v.sting (small blind) folded before Flop
Seat 4: Nicedaymybro (big blind) folded on the Flop
Seat 5: vitalik_sw collected ($7.60)
Seat 6: Brookstj500 folded on the Flop



PokerStars Hand #254766483440:  Hold'em No Limit ($0.50/$1.00 USD) - 2025/02/08 15:34:48 WET [2025/02/08 10:34:48 ET]
Table 'Elisa II' 6-max Seat #3 is the button
Seat 1: S1mple088 ($78.50 in chips) 
Seat 2: MAO_DZEDYN_S ($100 in chips) 
Seat 3: v.sting ($100 in chips) 
Seat 4: Nicedaymybro ($105.75 in chips) 
Seat 5: vitalik_sw ($108.70 in chips) 
Seat 6: Brookstj500 ($39.70 in chips) 
Nicedaymybro: posts small blind $0.50
vitalik_sw: posts big blind $1
*** HOLE CARDS ***
Brookstj500: folds 
S1mple088: folds 
MAO_DZEDYN_S: folds 
v.sting: raises $1.10 to $2.10
Nicedaymybro: folds 
vitalik_sw: folds 
Uncalled bet ($1.10) returned to v.sting
v.sting collected $2.50 from pot
v.sting: doesn't show hand 
*** SUMMARY ***
Total pot $2.50 | Rake $0 
Seat 1: S1mple088 folded before Flop (didn't bet)
Seat 2: MAO_DZEDYN_S folded before Flop (didn't bet)
Seat 3: v.sting (button) collected ($2.50)
Seat 4: Nicedaymybro (small blind) folded before Flop
Seat 5: vitalik_sw (big blind) folded before Flop
Seat 6: Brookstj500 folded before Flop (didn't bet)



PokerStars Hand #254766486855:  Hold'em No Limit ($0.50/$1.00 USD) - 2025/02/08 15:35:03 WET [2025/02/08 10:35:03 ET]
Table 'Elisa II' 6-max Seat #4 is the button
Seat 1: S1mple088 ($78.50 in chips) 
Seat 2: MAO_DZEDYN_S ($100 in chips) 
Seat 3: v.sting ($101.50 in chips) 
Seat 4: Nicedaymybro ($105.25 in chips) 
Seat 5: vitalik_sw ($107.70 in chips) 
Seat 6: Brookstj500 ($39.70 in chips) 
vitalik_sw: posts small blind $0.50
Brookstj500: posts big blind $1
*** HOLE CARDS ***
S1mple088: folds 
MAO_DZEDYN_S: folds 
v.sting: folds 
Nicedaymybro: raises $1.50 to $2.50
vitalik_sw: raises $8.50 to $11
Brookstj500: folds 
Nicedaymybro: folds 
Uncalled bet ($8.50) returned to vitalik_sw
vitalik_sw collected $6 from pot
vitalik_sw: doesn't show hand 
*** SUMMARY ***
Total pot $6 | Rake $0 
Seat 1: S1mple088 folded before Flop (didn't bet)
Seat 2: MAO_DZEDYN_S folded before Flop (didn't bet)
Seat 3: v.sting folded before Flop (didn't bet)
Seat 4: Nicedaymybro (button) folded before Flop
Seat 5: vitalik_sw (small blind) collected ($6)
Seat 6: Brookstj500 (big blind) folded before Flop



PokerStars Hand #254766492034:  Hold'em No Limit ($0.50/$1.00 USD) - 2025/02/08 15:35:25 WET [2025/02/08 10:35:25 ET]
Table 'Elisa II' 6-max Seat #5 is the button
Seat 1: S1mple088 ($78.50 in chips) 
Seat 2: MAO_DZEDYN_S ($100 in chips) 
Seat 3: v.sting ($101.50 in chips) 
Seat 4: Nicedaymybro ($102.75 in chips) 
Seat 5: vitalik_sw ($111.20 in chips) 
Seat 6: Brookstj500 ($38.70 in chips) 
Brookstj500: posts small blind $0.50
S1mple088: posts big blind $1
*** HOLE CARDS ***
MAO_DZEDYN_S: folds 
v.sting: folds 
Nicedaymybro: raises $1.50 to $2.50
vitalik_sw: folds 
Brookstj500: calls $2
S1mple088: folds 
*** FLOP *** [5h Ks 5s]
Brookstj500: checks 
Nicedaymybro: bets $2.85
Brookstj500: calls $2.85
*** TURN *** [5h Ks 5s] [7c]
Brookstj500: checks 
Nicedaymybro: checks 
*** RIVER *** [5h Ks 5s 7c] [8h]
Brookstj500: bets $11.12
Nicedaymybro: folds 
Uncalled bet ($11.12) returned to Brookstj500
Brookstj500 collected $11.12 from pot
Brookstj500: doesn't show hand 
*** SUMMARY ***
Total pot $11.70 | Rake $0.58 
Board [5h Ks 5s 7c 8h]
Seat 1: S1mple088 (big blind) folded before Flop
Seat 2: MAO_DZEDYN_S folded before Flop (didn't bet)
Seat 3: v.sting folded before Flop (didn't bet)
Seat 4: Nicedaymybro folded on the River
Seat 5: vitalik_sw (button) folded before Flop (didn't bet)
Seat 6: Brookstj500 (small blind) collected ($11.12)



PokerStars Hand #254766504678:  Hold'em No Limit ($0.50/$1.00 USD) - 2025/02/08 15:36:18 WET [2025/02/08 10:36:18 ET]
Table 'Elisa II' 6-max Seat #6 is the button
Seat 1: S1mple088 ($77.50 in chips) 
Seat 2: MAO_DZEDYN_S ($100 in chips) 
Seat 3: v.sting ($101.50 in chips) 
Seat 4: Nicedaymybro ($100 in chips) 
Seat 5: vitalik_sw ($111.20 in chips) 
Seat 6: Brookstj500 ($44.47 in chips) 
S1mple088: posts small blind $0.50
MAO_DZEDYN_S: posts big blind $1
*** HOLE CARDS ***
v.sting: folds 
Nicedaymybro: folds 
vitalik_sw: folds 
Brookstj500: calls $1
S1mple088: folds 
MAO_DZEDYN_S: checks 
*** FLOP *** [3c 2d 9h]
MAO_DZEDYN_S: checks 
Brookstj500: checks 
*** TURN *** [3c 2d 9h] [Kc]
MAO_DZEDYN_S: checks 
Brookstj500: bets $3
MAO_DZEDYN_S: folds 
Uncalled bet ($3) returned to Brookstj500
Brookstj500 collected $2.38 from pot
Brookstj500: doesn't show hand 
*** SUMMARY ***
Total pot $2.50 | Rake $0.12 
Board [3c 2d 9h Kc]
Seat 1: S1mple088 (small blind) folded before Flop
Seat 2: MAO_DZEDYN_S (big blind) folded on the Turn
Seat 3: v.sting folded before Flop (didn't bet)
Seat 4: Nicedaymybro folded before Flop (didn't bet)
Seat 5: vitalik_sw folded before Flop (didn't bet)
Seat 6: Brookstj500 (button) collected ($2.38)



PokerStars Hand #254766519108:  Hold'em No Limit ($0.50/$1.00 USD) - 2025/02/08 15:37:19 WET [2025/02/08 10:37:19 ET]
Table 'Elisa II' 6-max Seat #1 is the button
Seat 1: S1mple088 ($77 in chips) 
Seat 2: MAO_DZEDYN_S ($100 in chips) 
Seat 3: v.sting ($101.50 in chips) 
Seat 4: Nicedaymybro ($100 in chips) 
Seat 5: vitalik_sw ($111.20 in chips) 
Seat 6: Brookstj500 ($45.85 in chips) 
MAO_DZEDYN_S: posts small blind $0.50
v.sting: posts big blind $1
*** HOLE CARDS ***
Nicedaymybro: folds 
vitalik_sw: folds 
Brookstj500: folds 
S1mple088: raises $1.40 to $2.40
MAO_DZEDYN_S: folds 
v.sting: folds 
Uncalled bet ($1.40) returned to S1mple088
S1mple088 collected $2.50 from pot
S1mple088: doesn't show hand 
Nicedaymybro leaves the table
*** SUMMARY ***
Total pot $2.50 | Rake $0 
Seat 1: S1mple088 (button) collected ($2.50)
Seat 2: MAO_DZEDYN_S (small blind) folded before Flop
Seat 3: v.sting (big blind) folded before Flop
Seat 4: Nicedaymybro folded before Flop (didn't bet)
Seat 5: vitalik_sw folded before Flop (didn't bet)
Seat 6: Brookstj500 folded before Flop (didn't bet)



PokerStars Hand #254766522706:  Hold'em No Limit ($0.50/$1.00 USD) - 2025/02/08 15:37:35 WET [2025/02/08 10:37:35 ET]
Table 'Elisa II' 6-max Seat #2 is the button
Seat 5: vitalik_sw ($111.20 in chips) is sitting out
Seat 1: S1mple088 ($78.50 in chips) 
Seat 2: MAO_DZEDYN_S ($100 in chips) 
Seat 3: v.sting ($100.50 in chips) 
Seat 6: Brookstj500 ($45.85 in chips) 
v.sting: posts small blind $0.50
vitalik_sw: is sitting out 
Brookstj500: posts big blind $1
*** HOLE CARDS ***
S1mple088: folds 
vitalik_sw leaves the table
MAO_DZEDYN_S: folds 
v.sting: raises $2 to $3
Brookstj500: folds 
Uncalled bet ($2) returned to v.sting
v.sting collected $2 from pot
v.sting: doesn't show hand 
tintin641 joins the table at seat #4 
*** SUMMARY ***
Total pot $2 | Rake $0 
Seat 5: vitalik_sw
Seat 1: S1mple088 folded before Flop (didn't bet)
Seat 2: MAO_DZEDYN_S (button) folded before Flop (didn't bet)
Seat 3: v.sting (small blind) collected ($2)
Seat 6: Brookstj500 (big blind) folded before Flop



PokerStars Hand #254766527039:  Hold'em No Limit ($0.50/$1.00 USD) - 2025/02/08 15:37:53 WET [2025/02/08 10:37:53 ET]
Table 'Elisa II' 6-max Seat #3 is the button
Seat 4: tintin641 ($100 in chips) is sitting out
Seat 1: S1mple088 ($78.50 in chips) 
Seat 2: MAO_DZEDYN_S ($100 in chips) 
Seat 3: v.sting ($101.50 in chips) 
Seat 6: Brookstj500 ($44.85 in chips) 
Brookstj500: posts small blind $0.50
S1mple088: posts big blind $1
*** HOLE CARDS ***
MAO_DZEDYN_S: folds 
v.sting: folds 
Brookstj500: raises $2 to $3
S1mple088: folds 
Uncalled bet ($2) returned to Brookstj500
Brookstj500 collected $2 from pot
Brookstj500: doesn't show hand 
*** SUMMARY ***
Total pot $2 | Rake $0 
Seat 4: tintin641
Seat 1: S1mple088 (big blind) folded before Flop
Seat 2: MAO_DZEDYN_S folded before Flop (didn't bet)
Seat 3: v.sting (button) folded before Flop (didn't bet)
Seat 6: Brookstj500 (small blind) collected ($2)



PokerStars Hand #254766530723:  Hold'em No Limit ($0.50/$1.00 USD) - 2025/02/08 15:38:09 WET [2025/02/08 10:38:09 ET]
Table 'Elisa II' 6-max Seat #6 is the button
Seat 4: tintin641 ($100 in chips) is sitting out
Seat 1: S1mple088 ($77.50 in chips) 
Seat 2: MAO_DZEDYN_S ($100 in chips) 
Seat 3: v.sting ($101.50 in chips) 
Seat 6: Brookstj500 ($45.85 in chips) 
S1mple088: posts small blind $0.50
MAO_DZEDYN_S: posts big blind $1
tintin641: sits out 
*** HOLE CARDS ***
v.sting: raises $1.50 to $2.50
Brookstj500: folds 
S1mple088: folds 
Oli3579 joins the table at seat #5 
MAO_DZEDYN_S: folds 
Uncalled bet ($1.50) returned to v.sting
v.sting collected $2.50 from pot
v.sting: doesn't show hand 
*** SUMMARY ***
Total pot $2.50 | Rake $0 
Seat 4: tintin641
Seat 1: S1mple088 (small blind) folded before Flop
Seat 2: MAO_DZEDYN_S (big blind) folded before Flop
Seat 3: v.sting collected ($2.50)
Seat 6: Brookstj500 (button) folded before Flop (didn't bet)



PokerStars Hand #254766537138:  Hold'em No Limit ($0.50/$1.00 USD) - 2025/02/08 15:38:36 WET [2025/02/08 10:38:36 ET]
Table 'Elisa II' 6-max Seat #1 is the button
Seat 3: v.sting ($103 in chips) is sitting out
Seat 5: Oli3579 ($100 in chips) is sitting out
Seat 1: S1mple088 ($77 in chips) 
Seat 2: MAO_DZEDYN_S ($100 in chips) 
Seat 4: tintin641 ($100 in chips) 
Seat 6: Brookstj500 ($45.85 in chips) 
MAO_DZEDYN_S: posts small blind $0.50
v.sting: is sitting out 
tintin641: posts big blind $1
Oli3579: sits out 
*** HOLE CARDS ***
Brookstj500: calls $1
v.sting leaves the table
S1mple088: raises $3 to $4
RasA86 joins the table at seat #3 
MAO_DZEDYN_S: folds 
tintin641: folds 
Brookstj500: calls $3
*** FLOP *** [Kh Qh Ad]
Brookstj500: checks 
S1mple088: bets $2.35
Brookstj500: folds 
Uncalled bet ($2.35) returned to S1mple088
S1mple088 collected $9.02 from pot
S1mple088: doesn't show hand 
*** SUMMARY ***
Total pot $9.50 | Rake $0.48 
Board [Kh Qh Ad]
Seat 3: v.sting
Seat 5: Oli3579
Seat 1: S1mple088 (button) collected ($9.02)
Seat 2: MAO_DZEDYN_S (small blind) folded before Flop
Seat 4: tintin641 (big blind) folded before Flop
Seat 6: Brookstj500 folded on the Flop



PokerStars Hand #254766545715:  Hold'em No Limit ($0.50/$1.00 USD) - 2025/02/08 15:39:12 WET [2025/02/08 10:39:12 ET]
Table 'Elisa II' 6-max Seat #2 is the button
Seat 3: RasA86 ($100 in chips) is sitting out
Seat 1: S1mple088 ($82.02 in chips) 
Seat 2: MAO_DZEDYN_S ($100 in chips) 
Seat 4: tintin641 ($100 in chips) 
Seat 5: Oli3579 ($100 in chips) 
Seat 6: Brookstj500 ($41.85 in chips) 
tintin641: posts small blind $0.50
Oli3579: posts big blind $1
*** HOLE CARDS ***
Brookstj500: folds 
S1mple088: folds 
MAO_DZEDYN_S: raises $1.50 to $2.50
tintin641: folds 
Oli3579: folds 
Uncalled bet ($1.50) returned to MAO_DZEDYN_S
MAO_DZEDYN_S collected $2.50 from pot
MAO_DZEDYN_S: doesn't show hand 
*** SUMMARY ***
Total pot $2.50 | Rake $0 
Seat 3: RasA86
Seat 1: S1mple088 folded before Flop (didn't bet)
Seat 2: MAO_DZEDYN_S (button) collected ($2.50)
Seat 4: tintin641 (small blind) folded before Flop
Seat 5: Oli3579 (big blind) folded before Flop
Seat 6: Brookstj500 folded before Flop (didn't bet)



PokerStars Hand #254766550381:  Hold'em No Limit ($0.50/$1.00 USD) - 2025/02/08 15:39:32 WET [2025/02/08 10:39:32 ET]
Table 'Elisa II' 6-max Seat #4 is the button
Seat 3: RasA86 ($100 in chips) is sitting out
Seat 1: S1mple088 ($82.02 in chips) 
Seat 2: MAO_DZEDYN_S ($101.50 in chips) 
Seat 4: tintin641 ($100 in chips) 
Seat 5: Oli3579 ($100 in chips) 
Seat 6: Brookstj500 ($41.85 in chips) 
Oli3579: posts small blind $0.50
Brookstj500: posts big blind $1
RasA86: sits out 
*** HOLE CARDS ***
S1mple088: raises $1.40 to $2.40
MAO_DZEDYN_S: folds 
tintin641: folds 
Oli3579: folds 
Brookstj500: folds 
Uncalled bet ($1.40) returned to S1mple088
S1mple088 collected $2.50 from pot
S1mple088: doesn't show hand 
*** SUMMARY ***
Total pot $2.50 | Rake $0 
Seat 3: RasA86
Seat 1: S1mple088 collected ($2.50)
Seat 2: MAO_DZEDYN_S folded before Flop (didn't bet)
Seat 4: tintin641 (button) folded before Flop (didn't bet)
Seat 5: Oli3579 (small blind) folded before Flop
Seat 6: Brookstj500 (big blind) folded before Flop



PokerStars Hand #254766554192:  Hold'em No Limit ($0.50/$1.00 USD) - 2025/02/08 15:39:47 WET [2025/02/08 10:39:47 ET]
Table 'Elisa II' 6-max Seat #5 is the button
Seat 3: RasA86 ($100 in chips) is sitting out
Seat 1: S1mple088 ($83.52 in chips) 
Seat 2: MAO_DZEDYN_S ($101.50 in chips) 
Seat 4: tintin641 ($100 in chips) 
Seat 5: Oli3579 ($100 in chips) 
Seat 6: Brookstj500 ($40.85 in chips) 
Brookstj500: posts small blind $0.50
S1mple088: posts big blind $1
RasA86: sits out 
*** HOLE CARDS ***
MAO_DZEDYN_S: folds 
tintin641: folds 
Oli3579: folds 
Brookstj500: raises $2 to $3
S1mple088: calls $2
*** FLOP *** [Jc 2s 5s]
Brookstj500: bets $6
S1mple088: folds 
Uncalled bet ($6) returned to Brookstj500
Brookstj500 collected $5.70 from pot
Brookstj500: doesn't show hand 
*** SUMMARY ***
Total pot $6 | Rake $0.30 
Board [Jc 2s 5s]
Seat 3: RasA86
Seat 1: S1mple088 (big blind) folded on the Flop
Seat 2: MAO_DZEDYN_S folded before Flop (didn't bet)
Seat 4: tintin641 folded before Flop (didn't bet)
Seat 5: Oli3579 (button) folded before Flop (didn't bet)
Seat 6: Brookstj500 (small blind) collected ($5.70)



PokerStars Hand #254766560937:  Hold'em No Limit ($0.50/$1.00 USD) - 2025/02/08 15:40:16 WET [2025/02/08 10:40:16 ET]
Table 'Elisa II' 6-max Seat #6 is the button
Seat 3: RasA86 ($100 in chips) is sitting out
Seat 1: S1mple088 ($80.52 in chips) 
Seat 2: MAO_DZEDYN_S ($101.50 in chips) 
Seat 4: tintin641 ($100 in chips) 
Seat 5: Oli3579 ($100 in chips) 
Seat 6: Brookstj500 ($43.55 in chips) 
S1mple088: posts small blind $0.50
MAO_DZEDYN_S: posts big blind $1
RasA86: sits out 
*** HOLE CARDS ***
tintin641: folds 
Oli3579: raises $1.25 to $2.25
Brookstj500: calls $2.25
S1mple088: folds 
MAO_DZEDYN_S: folds 
*** FLOP *** [7d 2c 6c]
Oli3579: checks 
Brookstj500: bets $5.70
Oli3579: folds 
Uncalled bet ($5.70) returned to Brookstj500
Brookstj500 collected $5.70 from pot
Brookstj500: doesn't show hand 
*** SUMMARY ***
Total pot $6 | Rake $0.30 
Board [7d 2c 6c]
Seat 3: RasA86
Seat 1: S1mple088 (small blind) folded before Flop
Seat 2: MAO_DZEDYN_S (big blind) folded before Flop
Seat 4: tintin641 folded before Flop (didn't bet)
Seat 5: Oli3579 folded on the Flop
Seat 6: Brookstj500 (button) collected ($5.70)



PokerStars Hand #254766570172:  Hold'em No Limit ($0.50/$1.00 USD) - 2025/02/08 15:40:56 WET [2025/02/08 10:40:56 ET]
Table 'Elisa II' 6-max Seat #1 is the button
Seat 1: S1mple088 ($80.02 in chips) 
Seat 2: MAO_DZEDYN_S ($100.50 in chips) 
Seat 3: RasA86 ($100 in chips) 
Seat 4: tintin641 ($100 in chips) 
Seat 5: Oli3579 ($100 in chips) 
Seat 6: Brookstj500 ($47 in chips) 
MAO_DZEDYN_S: posts small blind $0.50
RasA86: posts big blind $1
*** HOLE CARDS ***
tintin641: folds 
Oli3579: folds 
Brookstj500: folds 
S1mple088: folds 
MAO_DZEDYN_S: folds 
Uncalled bet ($0.50) returned to RasA86
RasA86 collected $1 from pot
*** SUMMARY ***
Total pot $1 | Rake $0 
Seat 1: S1mple088 (button) folded before Flop (didn't bet)
Seat 2: MAO_DZEDYN_S (small blind) folded before Flop
Seat 3: RasA86 (big blind) collected ($1)
Seat 4: tintin641 folded before Flop (didn't bet)
Seat 5: Oli3579 folded before Flop (didn't bet)
Seat 6: Brookstj500 folded before Flop (didn't bet)



PokerStars Hand #254766572796:  Hold'em No Limit ($0.50/$1.00 USD) - 2025/02/08 15:41:07 WET [2025/02/08 10:41:07 ET]
Table 'Elisa II' 6-max Seat #2 is the button
Seat 1: S1mple088 ($80.02 in chips) 
Seat 2: MAO_DZEDYN_S ($100 in chips) 
Seat 3: RasA86 ($100.50 in chips) 
Seat 4: tintin641 ($100 in chips) 
Seat 5: Oli3579 ($100 in chips) 
Seat 6: Brookstj500 ($47 in chips) 
RasA86: posts small blind $0.50
tintin641: posts big blind $1
*** HOLE CARDS ***
Oli3579: raises $1.25 to $2.25
Brookstj500: folds 
S1mple088: folds 
MAO_DZEDYN_S: folds 
RasA86: folds 
tintin641: folds 
Uncalled bet ($1.25) returned to Oli3579
Oli3579 collected $2.50 from pot
Oli3579: doesn't show hand 
*** SUMMARY ***
Total pot $2.50 | Rake $0 
Seat 1: S1mple088 folded before Flop (didn't bet)
Seat 2: MAO_DZEDYN_S (button) folded before Flop (didn't bet)
Seat 3: RasA86 (small blind) folded before Flop
Seat 4: tintin641 (big blind) folded before Flop
Seat 5: Oli3579 collected ($2.50)
Seat 6: Brookstj500 folded before Flop (didn't bet)



PokerStars Hand #254766576368:  Hold'em No Limit ($0.50/$1.00 USD) - 2025/02/08 15:41:22 WET [2025/02/08 10:41:22 ET]
Table 'Elisa II' 6-max Seat #3 is the button
Seat 1: S1mple088 ($80.02 in chips) 
Seat 2: MAO_DZEDYN_S ($100 in chips) 
Seat 3: RasA86 ($100 in chips) 
Seat 4: tintin641 ($100 in chips) 
Seat 5: Oli3579 ($101.50 in chips) 
Seat 6: Brookstj500 ($47 in chips) 
tintin641: posts small blind $0.50
Oli3579: posts big blind $1
*** HOLE CARDS ***
Brookstj500: calls $1
S1mple088: folds 
MAO_DZEDYN_S: folds 
RasA86: folds 
tintin641: calls $0.50
Oli3579: checks 
*** FLOP *** [Ks 6c Th]
tintin641: checks 
Oli3579: checks 
Brookstj500: bets $3
tintin641: folds 
Oli3579: folds 
Uncalled bet ($3) returned to Brookstj500
Brookstj500 collected $2.85 from pot
Brookstj500: doesn't show hand 
*** SUMMARY ***
Total pot $3 | Rake $0.15 
Board [Ks 6c Th]
Seat 1: S1mple088 folded before Flop (didn't bet)
Seat 2: MAO_DZEDYN_S folded before Flop (didn't bet)
Seat 3: RasA86 (button) folded before Flop (didn't bet)
Seat 4: tintin641 (small blind) folded on the Flop
Seat 5: Oli3579 (big blind) folded on the Flop
Seat 6: Brookstj500 collected ($2.85)



PokerStars Hand #254766586222:  Hold'em No Limit ($0.50/$1.00 USD) - 2025/02/08 15:42:03 WET [2025/02/08 10:42:03 ET]
Table 'Elisa II' 6-max Seat #4 is the button
Seat 6: Brookstj500 ($48.85 in chips) is sitting out
Seat 1: S1mple088 ($80.02 in chips) 
Seat 2: MAO_DZEDYN_S ($100 in chips) 
Seat 3: RasA86 ($100 in chips) 
Seat 4: tintin641 ($100 in chips) 
Seat 5: Oli3579 ($100.50 in chips) 
Oli3579: posts small blind $0.50
S1mple088: posts big blind $1
*** HOLE CARDS ***
MAO_DZEDYN_S: folds 
RasA86: folds 
tintin641: raises $1.50 to $2.50
Oli3579: folds 
S1mple088: calls $1.50
*** FLOP *** [As 4c 4s]
S1mple088: checks 
tintin641: bets $1.72
S1mple088: calls $1.72
*** TURN *** [As 4c 4s] [Kd]
S1mple088: checks 
tintin641: checks 
*** RIVER *** [As 4c 4s Kd] [9d]
S1mple088: checks 
tintin641: bets $16.98
S1mple088: folds 
Uncalled bet ($16.98) returned to tintin641
tintin641 collected $8.49 from pot
tintin641: doesn't show hand 
*** SUMMARY ***
Total pot $8.94 | Rake $0.45 
Board [As 4c 4s Kd 9d]
Seat 6: Brookstj500
Seat 1: S1mple088 (big blind) folded on the River
Seat 2: MAO_DZEDYN_S folded before Flop (didn't bet)
Seat 3: RasA86 folded before Flop (didn't bet)
Seat 4: tintin641 (button) collected ($8.49)
Seat 5: Oli3579 (small blind) folded before Flop



PokerStars Hand #254766599572:  Hold'em No Limit ($0.50/$1.00 USD) - 2025/02/08 15:43:00 WET [2025/02/08 10:43:00 ET]
Table 'Elisa II' 6-max Seat #5 is the button
Seat 6: Brookstj500 ($48.85 in chips) is sitting out
Seat 1: S1mple088 ($75.80 in chips) 
Seat 2: MAO_DZEDYN_S ($100 in chips) 
Seat 3: RasA86 ($100 in chips) 
Seat 4: tintin641 ($104.27 in chips) 
Seat 5: Oli3579 ($100 in chips) 
S1mple088: posts small blind $0.50
MAO_DZEDYN_S: posts big blind $1
*** HOLE CARDS ***
RasA86: folds 
tintin641: folds 
Oli3579: raises $1.25 to $2.25
S1mple088: folds 
MAO_DZEDYN_S: folds 
Uncalled bet ($1.25) returned to Oli3579
Oli3579 collected $2.50 from pot
Oli3579: doesn't show hand 
*** SUMMARY ***
Total pot $2.50 | Rake $0 
Seat 6: Brookstj500
Seat 1: S1mple088 (small blind) folded before Flop
Seat 2: MAO_DZEDYN_S (big blind) folded before Flop
Seat 3: RasA86 folded before Flop (didn't bet)
Seat 4: tintin641 folded before Flop (didn't bet)
Seat 5: Oli3579 (button) collected ($2.50)



PokerStars Hand #254766606740:  Hold'em No Limit ($0.50/$1.00 USD) - 2025/02/08 15:43:30 WET [2025/02/08 10:43:30 ET]
Table 'Elisa II' 6-max Seat #1 is the button
Seat 6: Brookstj500 ($48.85 in chips) is sitting out
Seat 1: S1mple088 ($75.30 in chips) 
Seat 2: MAO_DZEDYN_S ($100 in chips) 
Seat 3: RasA86 ($100 in chips) 
Seat 4: tintin641 ($104.27 in chips) 
Seat 5: Oli3579 ($101.50 in chips) 
MAO_DZEDYN_S: posts small blind $0.50
RasA86: posts big blind $1
*** HOLE CARDS ***
tintin641: folds 
Oli3579: folds 
S1mple088: raises $1.40 to $2.40
MAO_DZEDYN_S: raises $6.93 to $9.33
RasA86: folds 
S1mple088: folds 
Uncalled bet ($6.93) returned to MAO_DZEDYN_S
MAO_DZEDYN_S collected $5.80 from pot
MAO_DZEDYN_S: doesn't show hand 
*** SUMMARY ***
Total pot $5.80 | Rake $0 
Seat 6: Brookstj500
Seat 1: S1mple088 (button) folded before Flop
Seat 2: MAO_DZEDYN_S (small blind) collected ($5.80)
Seat 3: RasA86 (big blind) folded before Flop
Seat 4: tintin641 folded before Flop (didn't bet)
Seat 5: Oli3579 folded before Flop (didn't bet)



PokerStars Hand #254766613526:  Hold'em No Limit ($0.50/$1.00 USD) - 2025/02/08 15:43:59 WET [2025/02/08 10:43:59 ET]
Table 'Elisa II' 6-max Seat #2 is the button
Seat 6: Brookstj500 ($48.85 in chips) is sitting out
Seat 1: S1mple088 ($72.90 in chips) 
Seat 2: MAO_DZEDYN_S ($103.40 in chips) 
Seat 3: RasA86 ($100 in chips) 
Seat 4: tintin641 ($104.27 in chips) 
Seat 5: Oli3579 ($101.50 in chips) 
RasA86: posts small blind $0.50
tintin641: posts big blind $1
Brookstj500: sits out 
*** HOLE CARDS ***
Oli3579: folds 
S1mple088: folds 
MAO_DZEDYN_S: folds 
RasA86: folds 
Uncalled bet ($0.50) returned to tintin641
tintin641 collected $1 from pot
tintin641: doesn't show hand 
*** SUMMARY ***
Total pot $1 | Rake $0 
Seat 6: Brookstj500
Seat 1: S1mple088 folded before Flop (didn't bet)
Seat 2: MAO_DZEDYN_S (button) folded before Flop (didn't bet)
Seat 3: RasA86 (small blind) folded before Flop
Seat 4: tintin641 (big blind) collected ($1)
Seat 5: Oli3579 folded before Flop (didn't bet)



PokerStars Hand #254766618059:  Hold'em No Limit ($0.50/$1.00 USD) - 2025/02/08 15:44:19 WET [2025/02/08 10:44:19 ET]
Table 'Elisa II' 6-max Seat #3 is the button
Seat 6: Brookstj500 ($48.85 in chips) is sitting out
Seat 1: S1mple088 ($72.90 in chips) 
Seat 2: MAO_DZEDYN_S ($103.40 in chips) 
Seat 3: RasA86 ($100 in chips) 
Seat 4: tintin641 ($104.77 in chips) 
Seat 5: Oli3579 ($101.50 in chips) 
tintin641: posts small blind $0.50
Oli3579: posts big blind $1
Brookstj500: sits out 
*** HOLE CARDS ***
S1mple088: folds 
MAO_DZEDYN_S: folds 
RasA86: folds 
tintin641: folds 
Uncalled bet ($0.50) returned to Oli3579
Oli3579 collected $1 from pot
Oli3579: doesn't show hand 
*** SUMMARY ***
Total pot $1 | Rake $0 
Seat 6: Brookstj500
Seat 1: S1mple088 folded before Flop (didn't bet)
Seat 2: MAO_DZEDYN_S folded before Flop (didn't bet)
Seat 3: RasA86 (button) folded before Flop (didn't bet)
Seat 4: tintin641 (small blind) folded before Flop
Seat 5: Oli3579 (big blind) collected ($1)



PokerStars Hand #254766620975:  Hold'em No Limit ($0.50/$1.00 USD) - 2025/02/08 15:44:31 WET [2025/02/08 10:44:31 ET]
Table 'Elisa II' 6-max Seat #4 is the button
Seat 1: S1mple088 ($72.90 in chips) 
Seat 2: MAO_DZEDYN_S ($103.40 in chips) 
Seat 3: RasA86 ($100 in chips) 
Seat 4: tintin641 ($104.27 in chips) 
Seat 5: Oli3579 ($102 in chips) 
Seat 6: Brookstj500 ($48.85 in chips) 
Oli3579: posts small blind $0.50
Brookstj500: posts big blind $1
*** HOLE CARDS ***
S1mple088: raises $1.40 to $2.40
MAO_DZEDYN_S: folds 
RasA86: folds 
tintin641: folds 
Oli3579: calls $1.90
Brookstj500: raises $10.60 to $13
S1mple088: folds 
Oli3579: folds 
Uncalled bet ($10.60) returned to Brookstj500
Brookstj500 collected $7.20 from pot
Brookstj500: doesn't show hand 
*** SUMMARY ***
Total pot $7.20 | Rake $0 
Seat 1: S1mple088 folded before Flop
Seat 2: MAO_DZEDYN_S folded before Flop (didn't bet)
Seat 3: RasA86 folded before Flop (didn't bet)
Seat 4: tintin641 (button) folded before Flop (didn't bet)
Seat 5: Oli3579 (small blind) folded before Flop
Seat 6: Brookstj500 (big blind) collected ($7.20)



PokerStars Hand #254766628881:  Hold'em No Limit ($0.50/$1.00 USD) - 2025/02/08 15:45:05 WET [2025/02/08 10:45:05 ET]
Table 'Elisa II' 6-max Seat #5 is the button
Seat 1: S1mple088 ($70.50 in chips) 
Seat 2: MAO_DZEDYN_S ($103.40 in chips) 
Seat 3: RasA86 ($100 in chips) 
Seat 4: tintin641 ($104.27 in chips) 
Seat 5: Oli3579 ($100 in chips) 
Seat 6: Brookstj500 ($53.65 in chips) 
Brookstj500: posts small blind $0.50
S1mple088: posts big blind $1
*** HOLE CARDS ***
MAO_DZEDYN_S: folds 
RasA86: folds 
tintin641: folds 
Oli3579: folds 
Brookstj500: calls $0.50
S1mple088: checks 
*** FLOP *** [Ks 5c Qc]
Brookstj500: bets $3
S1mple088: folds 
Uncalled bet ($3) returned to Brookstj500
Brookstj500 collected $1.90 from pot
Brookstj500: doesn't show hand 
*** SUMMARY ***
Total pot $2 | Rake $0.10 
Board [Ks 5c Qc]
Seat 1: S1mple088 (big blind) folded on the Flop
Seat 2: MAO_DZEDYN_S folded before Flop (didn't bet)
Seat 3: RasA86 folded before Flop (didn't bet)
Seat 4: tintin641 folded before Flop (didn't bet)
Seat 5: Oli3579 (button) folded before Flop (didn't bet)
Seat 6: Brookstj500 (small blind) collected ($1.90)



PokerStars Hand #254766633832:  Hold'em No Limit ($0.50/$1.00 USD) - 2025/02/08 15:45:26 WET [2025/02/08 10:45:26 ET]
Table 'Elisa II' 6-max Seat #6 is the button
Seat 1: S1mple088 ($69.50 in chips) 
Seat 2: MAO_DZEDYN_S ($103.40 in chips) 
Seat 3: RasA86 ($100 in chips) 
Seat 4: tintin641 ($104.27 in chips) 
Seat 5: Oli3579 ($100 in chips) 
Seat 6: Brookstj500 ($54.55 in chips) 
S1mple088: posts small blind $0.50
MAO_DZEDYN_S: posts big blind $1
*** HOLE CARDS ***
RasA86: folds 
tintin641: folds 
Oli3579: raises $1.25 to $2.25
Brookstj500: folds 
S1mple088: raises $4.75 to $7
MAO_DZEDYN_S: folds 
Oli3579: calls $4.75
*** FLOP *** [Jc 7c 5d]
S1mple088: bets $5.34
Oli3579: calls $5.34
*** TURN *** [Jc 7c 5d] [8c]
S1mple088: bets $57.16 and is all-in
Oli3579: calls $57.16
*** RIVER *** [Jc 7c 5d 8c] [Ts]
*** SHOW DOWN ***
S1mple088: shows [Qc 8s] (a pair of Eights)
Oli3579: shows [Tc Td] (three of a kind, Tens)
Oli3579 collected $137.50 from pot
*** SUMMARY ***
Total pot $140 | Rake $2.50 
Board [Jc 7c 5d 8c Ts]
Seat 1: S1mple088 (small blind) showed [Qc 8s] and lost with a pair of Eights
Seat 2: MAO_DZEDYN_S (big blind) folded before Flop
Seat 3: RasA86 folded before Flop (didn't bet)
Seat 4: tintin641 folded before Flop (didn't bet)
Seat 5: Oli3579 showed [Tc Td] and won ($137.50) with three of a kind, Tens
Seat 6: Brookstj500 (button) folded before Flop (didn't bet)



PokerStars Hand #254766657077:  Hold'em No Limit ($0.50/$1.00 USD) - 2025/02/08 15:47:04 WET [2025/02/08 10:47:04 ET]
Table 'Elisa II' 6-max Seat #2 is the button
Seat 1: S1mple088 ($0 in chips) is sitting out
Seat 2: MAO_DZEDYN_S ($102.40 in chips) 
Seat 3: RasA86 ($100 in chips) 
Seat 4: tintin641 ($104.27 in chips) 
Seat 5: Oli3579 ($168 in chips) 
Seat 6: Brookstj500 ($54.55 in chips) 
RasA86: posts small blind $0.50
tintin641: posts big blind $1
*** HOLE CARDS ***
Oli3579: raises $1.25 to $2.25
S1mple088 leaves the table
Brookstj500: folds 
BGS013 joins the table at seat #1 
MAO_DZEDYN_S: raises $5 to $7.25
RasA86: folds 
tintin641: folds 
Oli3579: folds 
Uncalled bet ($5) returned to MAO_DZEDYN_S
MAO_DZEDYN_S collected $6 from pot
MAO_DZEDYN_S: doesn't show hand 
*** SUMMARY ***
Total pot $6 | Rake $0 
Seat 1: S1mple088
Seat 2: MAO_DZEDYN_S (button) collected ($6)
Seat 3: RasA86 (small blind) folded before Flop
Seat 4: tintin641 (big blind) folded before Flop
Seat 5: Oli3579 folded before Flop
Seat 6: Brookstj500 folded before Flop (didn't bet)



PokerStars Hand #254766667047:  Hold'em No Limit ($0.50/$1.00 USD) - 2025/02/08 15:47:46 WET [2025/02/08 10:47:46 ET]
Table 'Elisa II' 6-max Seat #3 is the button
Seat 1: BGS013 ($100 in chips) is sitting out
Seat 2: MAO_DZEDYN_S ($106.15 in chips) 
Seat 3: RasA86 ($100 in chips) 
Seat 4: tintin641 ($103.27 in chips) 
Seat 5: Oli3579 ($165.75 in chips) 
Seat 6: Brookstj500 ($54.55 in chips) 
tintin641: posts small blind $0.50
Oli3579: posts big blind $1
BGS013: sits out 
*** HOLE CARDS ***
Brookstj500: folds 
MAO_DZEDYN_S: raises $1.25 to $2.25
RasA86: folds 
tintin641: folds 
Oli3579: folds 
Uncalled bet ($1.25) returned to MAO_DZEDYN_S
MAO_DZEDYN_S collected $2.50 from pot
MAO_DZEDYN_S: doesn't show hand 
*** SUMMARY ***
Total pot $2.50 | Rake $0 
Seat 1: BGS013
Seat 2: MAO_DZEDYN_S collected ($2.50)
Seat 3: RasA86 (button) folded before Flop (didn't bet)
Seat 4: tintin641 (small blind) folded before Flop
Seat 5: Oli3579 (big blind) folded before Flop
Seat 6: Brookstj500 folded before Flop (didn't bet)



PokerStars Hand #254766670870:  Hold'em No Limit ($0.50/$1.00 USD) - 2025/02/08 15:48:02 WET [2025/02/08 10:48:02 ET]
Table 'Elisa II' 6-max Seat #4 is the button
Seat 1: BGS013 ($100 in chips) is sitting out
Seat 2: MAO_DZEDYN_S ($107.65 in chips) 
Seat 3: RasA86 ($100 in chips) 
Seat 4: tintin641 ($102.77 in chips) 
Seat 5: Oli3579 ($164.75 in chips) 
Seat 6: Brookstj500 ($54.55 in chips) 
Oli3579: posts small blind $0.50
Brookstj500: posts big blind $1
BGS013: sits out 
*** HOLE CARDS ***
MAO_DZEDYN_S: folds 
RasA86: folds 
tintin641: raises $1.50 to $2.50
Oli3579: folds 
Brookstj500: calls $1.50
*** FLOP *** [6h 4c 6c]
Brookstj500: checks 
tintin641: bets $1.72
Brookstj500: calls $1.72
*** TURN *** [6h 4c 6c] [5h]
Brookstj500: bets $1
tintin641: calls $1
*** RIVER *** [6h 4c 6c 5h] [8c]
Brookstj500: checks 
tintin641: bets $12
Brookstj500: folds 
Uncalled bet ($12) returned to tintin641
tintin641 collected $10.39 from pot
tintin641: doesn't show hand 
*** SUMMARY ***
Total pot $10.94 | Rake $0.55 
Board [6h 4c 6c 5h 8c]
Seat 1: BGS013
Seat 2: MAO_DZEDYN_S folded before Flop (didn't bet)
Seat 3: RasA86 folded before Flop (didn't bet)
Seat 4: tintin641 (button) collected ($10.39)
Seat 5: Oli3579 (small blind) folded before Flop
Seat 6: Brookstj500 (big blind) folded on the River



PokerStars Hand #254766702413:  Hold'em No Limit ($0.50/$1.00 USD) - 2025/02/08 15:50:15 WET [2025/02/08 10:50:15 ET]
Table 'Elisa II' 6-max Seat #5 is the button
Seat 1: BGS013 ($100 in chips) 
Seat 2: MAO_DZEDYN_S ($107.65 in chips) 
Seat 3: RasA86 ($100 in chips) 
Seat 4: tintin641 ($107.94 in chips) 
Seat 5: Oli3579 ($164.25 in chips) 
Seat 6: Brookstj500 ($49.33 in chips) 
Brookstj500: posts small blind $0.50
BGS013: posts big blind $1
*** HOLE CARDS ***
MAO_DZEDYN_S: folds 
MAO_DZEDYN_S leaves the table
RasA86: folds 
tintin641: folds 
Oli3579: folds 
Brookstj500: folds 
Uncalled bet ($0.50) returned to BGS013
BGS013 collected $1 from pot
BGS013: doesn't show hand 
IrukandjiLi joins the table at seat #2 
*** SUMMARY ***
Total pot $1 | Rake $0 
Seat 1: BGS013 (big blind) collected ($1)
Seat 2: MAO_DZEDYN_S folded before Flop (didn't bet)
Seat 3: RasA86 folded before Flop (didn't bet)
Seat 4: tintin641 folded before Flop (didn't bet)
Seat 5: Oli3579 (button) folded before Flop (didn't bet)
Seat 6: Brookstj500 (small blind) folded before Flop



PokerStars Hand #254766705707:  Hold'em No Limit ($0.50/$1.00 USD) - 2025/02/08 15:50:28 WET [2025/02/08 10:50:28 ET]
Table 'Elisa II' 6-max Seat #6 is the button
Seat 1: BGS013 ($100.50 in chips) 
Seat 2: IrukandjiLi ($100 in chips) 
Seat 3: RasA86 ($100 in chips) 
Seat 4: tintin641 ($107.94 in chips) 
Seat 5: Oli3579 ($164.25 in chips) 
Seat 6: Brookstj500 ($48.83 in chips) 
BGS013: posts small blind $0.50
IrukandjiLi: posts big blind $1
*** HOLE CARDS ***
RasA86: folds 
tintin641: folds 
Oli3579: folds 
Brookstj500: folds 
BGS013: folds 
Uncalled bet ($0.50) returned to IrukandjiLi
IrukandjiLi collected $1 from pot
IrukandjiLi: doesn't show hand 
*** SUMMARY ***
Total pot $1 | Rake $0 
Seat 1: BGS013 (small blind) folded before Flop
Seat 2: IrukandjiLi (big blind) collected ($1)
Seat 3: RasA86 folded before Flop (didn't bet)
Seat 4: tintin641 folded before Flop (didn't bet)
Seat 5: Oli3579 folded before Flop (didn't bet)
Seat 6: Brookstj500 (button) folded before Flop (didn't bet)



PokerStars Hand #254766708672:  Hold'em No Limit ($0.50/$1.00 USD) - 2025/02/08 15:50:41 WET [2025/02/08 10:50:41 ET]
Table 'Elisa II' 6-max Seat #1 is the button
Seat 6: Brookstj500 ($48.83 in chips) is sitting out
Seat 1: BGS013 ($100 in chips) 
Seat 2: IrukandjiLi ($100.50 in chips) 
Seat 3: RasA86 ($100 in chips) 
Seat 4: tintin641 ($107.94 in chips) 
Seat 5: Oli3579 ($164.25 in chips) 
IrukandjiLi: posts small blind $0.50
RasA86: posts big blind $1
*** HOLE CARDS ***
tintin641: raises $1.50 to $2.50
Oli3579: raises $5.25 to $7.75
BGS013: folds 
IrukandjiLi: folds 
RasA86: folds 
tintin641: calls $5.25
*** FLOP *** [2c 6c 2d]
tintin641: checks 
Oli3579: bets $16.20
tintin641: folds 
Uncalled bet ($16.20) returned to Oli3579
Oli3579 collected $16.15 from pot
Oli3579: doesn't show hand 
*** SUMMARY ***
Total pot $17 | Rake $0.85 
Board [2c 6c 2d]
Seat 6: Brookstj500
Seat 1: BGS013 (button) folded before Flop (didn't bet)
Seat 2: IrukandjiLi (small blind) folded before Flop
Seat 3: RasA86 (big blind) folded before Flop
Seat 4: tintin641 folded on the Flop
Seat 5: Oli3579 collected ($16.15)



PokerStars Hand #254766724663:  Hold'em No Limit ($0.50/$1.00 USD) - 2025/02/08 15:51:47 WET [2025/02/08 10:51:47 ET]
Table 'Elisa II' 6-max Seat #2 is the button
Seat 6: Brookstj500 ($48.83 in chips) is sitting out
Seat 1: BGS013 ($100 in chips) 
Seat 2: IrukandjiLi ($100 in chips) 
Seat 3: RasA86 ($100 in chips) 
Seat 4: tintin641 ($100.19 in chips) 
Seat 5: Oli3579 ($172.65 in chips) 
RasA86: posts small blind $0.50
tintin641: posts big blind $1
*** HOLE CARDS ***
Oli3579: raises $1.25 to $2.25
BGS013: folds 
IrukandjiLi: raises $5.25 to $7.50
RasA86: folds 
tintin641: folds 
Oli3579: raises $15 to $22.50
IrukandjiLi: folds 
Uncalled bet ($15) returned to Oli3579
Oli3579 collected $16.50 from pot
Oli3579: doesn't show hand 
*** SUMMARY ***
Total pot $16.50 | Rake $0 
Seat 6: Brookstj500
Seat 1: BGS013 folded before Flop (didn't bet)
Seat 2: IrukandjiLi (button) folded before Flop
Seat 3: RasA86 (small blind) folded before Flop
Seat 4: tintin641 (big blind) folded before Flop
Seat 5: Oli3579 collected ($16.50)



PokerStars Hand #254766795917:  Hold'em No Limit ($0.50/$1.00 USD) - 2025/02/08 15:57:28 WET [2025/02/08 10:57:28 ET]
Table 'Elisa II' 6-max Seat #3 is the button
Seat 2: IrukandjiLi ($100 in chips) is sitting out
Seat 1: BGS013 ($105.82 in chips) 
Seat 3: RasA86 ($120.09 in chips) 
Seat 4: William_Gull ($100 in chips) 
Seat 5: Rdalonso ($100 in chips) 
Seat 6: Brookstj500 ($52.51 in chips) 
William_Gull: posts small blind $0.50
Rdalonso: posts big blind $1
*** HOLE CARDS ***
Brookstj500: folds 
BGS013: folds 
RasA86: folds 
William_Gull: folds 
Uncalled bet ($0.50) returned to Rdalonso
Rdalonso collected $1 from pot
Rdalonso: doesn't show hand 
*** SUMMARY ***
Total pot $1 | Rake $0 
Seat 2: IrukandjiLi
Seat 1: BGS013 folded before Flop (didn't bet)
Seat 3: RasA86 (button) folded before Flop (didn't bet)
Seat 4: William_Gull (small blind) folded before Flop
Seat 5: Rdalonso (big blind) collected ($1)
Seat 6: Brookstj500 folded before Flop (didn't bet)



PokerStars Hand #254766798594:  Hold'em No Limit ($0.50/$1.00 USD) - 2025/02/08 15:57:44 WET [2025/02/08 10:57:44 ET]
Table 'Elisa II' 6-max Seat #4 is the button
Seat 2: IrukandjiLi ($100 in chips) is sitting out
Seat 1: BGS013 ($105.82 in chips) 
Seat 3: RasA86 ($120.09 in chips) 
Seat 4: William_Gull ($100 in chips) 
Seat 5: Rdalonso ($100.50 in chips) 
Seat 6: Brookstj500 ($52.51 in chips) 
Rdalonso: posts small blind $0.50
Brookstj500: posts big blind $1
*** HOLE CARDS ***
BGS013: folds 
RasA86: raises $1.30 to $2.30
William_Gull: folds 
Rdalonso: folds 
Brookstj500: calls $1.30
*** FLOP *** [7s 7c Qd]
Brookstj500: checks 
RasA86: checks 
*** TURN *** [7s 7c Qd] [6s]
Brookstj500: checks 
RasA86: bets $1.60
Brookstj500: folds 
Uncalled bet ($1.60) returned to RasA86
RasA86 collected $4.84 from pot
*** SUMMARY ***
Total pot $5.10 | Rake $0.26 
Board [7s 7c Qd 6s]
Seat 2: IrukandjiLi
Seat 1: BGS013 folded before Flop (didn't bet)
Seat 3: RasA86 collected ($4.84)
Seat 4: William_Gull (button) folded before Flop (didn't bet)
Seat 5: Rdalonso (small blind) folded before Flop
Seat 6: Brookstj500 (big blind) folded on the Turn



PokerStars Hand #254766807807:  Hold'em No Limit ($0.50/$1.00 USD) - 2025/02/08 15:58:36 WET [2025/02/08 10:58:36 ET]
Table 'Elisa II' 6-max Seat #5 is the button
Seat 2: IrukandjiLi ($100 in chips) is sitting out
Seat 1: BGS013 ($105.82 in chips) 
Seat 3: RasA86 ($122.63 in chips) 
Seat 4: William_Gull ($100 in chips) 
Seat 5: Rdalonso ($100 in chips) 
Seat 6: Brookstj500 ($50.21 in chips) 
Brookstj500: posts small blind $0.50
BGS013: posts big blind $1
*** HOLE CARDS ***
RasA86: folds 
William_Gull: folds 
Rdalonso: folds 
Brookstj500: calls $0.50
BGS013: checks 
*** FLOP *** [2s 4h Jh]
Brookstj500: checks 
BGS013: bets $1
Brookstj500: folds 
Uncalled bet ($1) returned to BGS013
BGS013 collected $1.90 from pot
BGS013: doesn't show hand 
*** SUMMARY ***
Total pot $2 | Rake $0.10 
Board [2s 4h Jh]
Seat 2: IrukandjiLi
Seat 1: BGS013 (big blind) collected ($1.90)
Seat 3: RasA86 folded before Flop (didn't bet)
Seat 4: William_Gull folded before Flop (didn't bet)
Seat 5: Rdalonso (button) folded before Flop (didn't bet)
Seat 6: Brookstj500 (small blind) folded on the Flop



PokerStars Hand #254766815954:  Hold'em No Limit ($0.50/$1.00 USD) - 2025/02/08 15:59:23 WET [2025/02/08 10:59:23 ET]
Table 'Elisa II' 6-max Seat #6 is the button
Seat 2: IrukandjiLi ($100 in chips) is sitting out
Seat 1: BGS013 ($106.72 in chips) 
Seat 3: RasA86 ($122.63 in chips) 
Seat 4: William_Gull ($100 in chips) 
Seat 5: Rdalonso ($100 in chips) 
Seat 6: Brookstj500 ($49.21 in chips) 
BGS013: posts small blind $0.50
RasA86: posts big blind $1
*** HOLE CARDS ***
William_Gull: folds 
Rdalonso: raises $1.50 to $2.50
Brookstj500: folds 
BGS013: raises $8.50 to $11
RasA86: folds 
Rdalonso: folds 
Uncalled bet ($8.50) returned to BGS013
BGS013 collected $6 from pot
BGS013: doesn't show hand 
*** SUMMARY ***
Total pot $6 | Rake $0 
Seat 2: IrukandjiLi
Seat 1: BGS013 (small blind) collected ($6)
Seat 3: RasA86 (big blind) folded before Flop
Seat 4: William_Gull folded before Flop (didn't bet)
Seat 5: Rdalonso folded before Flop
Seat 6: Brookstj500 (button) folded before Flop (didn't bet)



PokerStars Hand #254766820393:  Hold'em No Limit ($0.50/$1.00 USD) - 2025/02/08 15:59:48 WET [2025/02/08 10:59:48 ET]
Table 'Elisa II' 6-max Seat #1 is the button
Seat 2: IrukandjiLi ($100 in chips) is sitting out
Seat 1: BGS013 ($110.22 in chips) 
Seat 3: RasA86 ($121.63 in chips) 
Seat 4: William_Gull ($100 in chips) 
Seat 5: Rdalonso ($100 in chips) 
Seat 6: Brookstj500 ($49.21 in chips) 
RasA86: posts small blind $0.50
William_Gull: posts big blind $1
*** HOLE CARDS ***
Rdalonso: folds 
Brookstj500: folds 
BGS013: folds 
RasA86: raises $2 to $3
William_Gull: folds 
Uncalled bet ($2) returned to RasA86
RasA86 collected $2 from pot
*** SUMMARY ***
Total pot $2 | Rake $0 
Seat 2: IrukandjiLi
Seat 1: BGS013 (button) folded before Flop (didn't bet)
Seat 3: RasA86 (small blind) collected ($2)
Seat 4: William_Gull (big blind) folded before Flop
Seat 5: Rdalonso folded before Flop (didn't bet)
Seat 6: Brookstj500 folded before Flop (didn't bet)



PokerStars Hand #254766823615:  Hold'em No Limit ($0.50/$1.00 USD) - 2025/02/08 16:00:06 WET [2025/02/08 11:00:06 ET]
Table 'Elisa II' 6-max Seat #3 is the button
Seat 2: IrukandjiLi ($100 in chips) is sitting out
Seat 1: BGS013 ($110.22 in chips) 
Seat 3: RasA86 ($122.63 in chips) 
Seat 4: William_Gull ($100 in chips) 
Seat 5: Rdalonso ($100 in chips) 
Seat 6: Brookstj500 ($49.21 in chips) 
William_Gull: posts small blind $0.50
Rdalonso: posts big blind $1
*** HOLE CARDS ***
Brookstj500: calls $1
BGS013: folds 
RasA86: folds 
William_Gull: raises $4 to $5
Rdalonso: folds 
Brookstj500: folds 
Uncalled bet ($4) returned to William_Gull
William_Gull collected $3 from pot
William_Gull: doesn't show hand 
*** SUMMARY ***
Total pot $3 | Rake $0 
Seat 2: IrukandjiLi
Seat 1: BGS013 folded before Flop (didn't bet)
Seat 3: RasA86 (button) folded before Flop (didn't bet)
Seat 4: William_Gull (small blind) collected ($3)
Seat 5: Rdalonso (big blind) folded before Flop
Seat 6: Brookstj500 folded before Flop



PokerStars Hand #254766828379:  Hold'em No Limit ($0.50/$1.00 USD) - 2025/02/08 16:00:32 WET [2025/02/08 11:00:32 ET]
Table 'Elisa II' 6-max Seat #4 is the button
Seat 2: IrukandjiLi ($100 in chips) is sitting out
Seat 1: BGS013 ($110.22 in chips) 
Seat 3: RasA86 ($122.63 in chips) 
Seat 4: William_Gull ($102 in chips) 
Seat 5: Rdalonso ($100 in chips) 
Seat 6: Brookstj500 ($48.21 in chips) 
Rdalonso: posts small blind $0.50
Brookstj500: posts big blind $1
*** HOLE CARDS ***
BGS013: folds 
RasA86: folds 
William_Gull: raises $1.20 to $2.20
Rdalonso: folds 
Brookstj500: folds 
Uncalled bet ($1.20) returned to William_Gull
William_Gull collected $2.50 from pot
William_Gull: doesn't show hand 
*** SUMMARY ***
Total pot $2.50 | Rake $0 
Seat 2: IrukandjiLi
Seat 1: BGS013 folded before Flop (didn't bet)
Seat 3: RasA86 folded before Flop (didn't bet)
Seat 4: William_Gull (button) collected ($2.50)
Seat 5: Rdalonso (small blind) folded before Flop
Seat 6: Brookstj500 (big blind) folded before Flop



PokerStars Hand #254766831772:  Hold'em No Limit ($0.50/$1.00 USD) - 2025/02/08 16:00:49 WET [2025/02/08 11:00:49 ET]
Table 'Elisa II' 6-max Seat #5 is the button
Seat 2: IrukandjiLi ($100 in chips) is sitting out
Seat 1: BGS013 ($110.22 in chips) 
Seat 3: RasA86 ($122.63 in chips) 
Seat 4: William_Gull ($103.50 in chips) 
Seat 5: Rdalonso ($100 in chips) 
Seat 6: Brookstj500 ($47.21 in chips) 
Brookstj500: posts small blind $0.50
BGS013: posts big blind $1
*** HOLE CARDS ***
RasA86: folds 
William_Gull: folds 
Rdalonso: raises $1.50 to $2.50
Brookstj500: folds 
BGS013: raises $9.50 to $12
Rdalonso: calls $9.50
*** FLOP *** [Ac Td Qd]
BGS013: bets $5.05
Rdalonso: calls $5.05
*** TURN *** [Ac Td Qd] [2s]
BGS013: checks 
Rdalonso: checks 
*** RIVER *** [Ac Td Qd 2s] [Kh]
BGS013: bets $6.05
Rdalonso: folds 
Uncalled bet ($6.05) returned to BGS013
BGS013 collected $32.87 from pot
BGS013: doesn't show hand 
*** SUMMARY ***
Total pot $34.60 | Rake $1.73 
Board [Ac Td Qd 2s Kh]
Seat 2: IrukandjiLi
Seat 1: BGS013 (big blind) collected ($32.87)
Seat 3: RasA86 folded before Flop (didn't bet)
Seat 4: William_Gull folded before Flop (didn't bet)
Seat 5: Rdalonso (button) folded on the River
Seat 6: Brookstj500 (small blind) folded before Flop



PokerStars Hand #254766850118:  Hold'em No Limit ($0.50/$1.00 USD) - 2025/02/08 16:02:09 WET [2025/02/08 11:02:09 ET]
Table 'Elisa II' 6-max Seat #6 is the button
Seat 2: IrukandjiLi ($100 in chips) is sitting out
Seat 1: BGS013 ($126.04 in chips) 
Seat 3: RasA86 ($122.63 in chips) 
Seat 4: William_Gull ($103.50 in chips) 
Seat 5: Rdalonso ($100 in chips) 
Seat 6: Brookstj500 ($46.71 in chips) 
BGS013: posts small blind $0.50
RasA86: posts big blind $1
*** HOLE CARDS ***
William_Gull: folds 
Rdalonso: raises $1.50 to $2.50
Brookstj500: folds 
BGS013: folds 
RasA86: calls $1.50
*** FLOP *** [4c Qd 6s]
RasA86: checks 
Rdalonso: bets $1.72
RasA86 has timed out
RasA86: folds 
Uncalled bet ($1.72) returned to Rdalonso
Rdalonso collected $5.22 from pot
IrukandjiLi leaves the table
Rdalonso: doesn't show hand 
*** SUMMARY ***
Total pot $5.50 | Rake $0.28 
Board [4c Qd 6s]
Seat 2: IrukandjiLi
Seat 1: BGS013 (small blind) folded before Flop
Seat 3: RasA86 (big blind) folded on the Flop
Seat 4: William_Gull folded before Flop (didn't bet)
Seat 5: Rdalonso collected ($5.22)
Seat 6: Brookstj500 (button) folded before Flop (didn't bet)



PokerStars Hand #254766869880:  Hold'em No Limit ($0.50/$1.00 USD) - 2025/02/08 16:03:32 WET [2025/02/08 11:03:32 ET]
Table 'Elisa II' 6-max Seat #1 is the button
Seat 3: RasA86 ($120.13 in chips) is sitting out
Seat 1: BGS013 ($125.54 in chips) 
Seat 4: William_Gull ($103.50 in chips) 
Seat 5: Rdalonso ($102.72 in chips) 
Seat 6: Brookstj500 ($46.71 in chips) 
William_Gull: posts small blind $0.50
Rdalonso: posts big blind $1
*** HOLE CARDS ***
Brookstj500: folds 
BGS013: raises $1.50 to $2.50
William_Gull: raises $7.50 to $10
Rdalonso: folds 
BGS013: folds 
Uncalled bet ($7.50) returned to William_Gull
William_Gull collected $6 from pot
William_Gull: doesn't show hand 
*** SUMMARY ***
Total pot $6 | Rake $0 
Seat 3: RasA86
Seat 1: BGS013 (button) folded before Flop
Seat 4: William_Gull (small blind) collected ($6)
Seat 5: Rdalonso (big blind) folded before Flop
Seat 6: Brookstj500 folded before Flop (didn't bet)



PokerStars Hand #254766877325:  Hold'em No Limit ($0.50/$1.00 USD) - 2025/02/08 16:04:03 WET [2025/02/08 11:04:03 ET]
Table 'Elisa II' 6-max Seat #4 is the button
Seat 3: RasA86 ($120.13 in chips) is sitting out
Seat 1: BGS013 ($123.04 in chips) 
Seat 4: William_Gull ($107 in chips) 
Seat 5: Rdalonso ($101.72 in chips) 
Seat 6: Brookstj500 ($46.71 in chips) 
Rdalonso: posts small blind $0.50
Brookstj500: posts big blind $1
RasA86: sits out 
*** HOLE CARDS ***
BGS013: folds 
William_Gull: raises $1.20 to $2.20
Rdalonso: folds 
Brookstj500: calls $1.20
*** FLOP *** [7c 7s 5c]
Brookstj500: checks 
William_Gull: checks 
*** TURN *** [7c 7s 5c] [Jc]
Brookstj500: checks 
William_Gull: bets $3.82
Brookstj500: calls $3.82
*** RIVER *** [7c 7s 5c Jc] [3h]
Brookstj500: checks 
William_Gull: bets $7
Brookstj500: folds 
Uncalled bet ($7) returned to William_Gull
William_Gull collected $11.91 from pot
William_Gull: doesn't show hand 
*** SUMMARY ***
Total pot $12.54 | Rake $0.63 
Board [7c 7s 5c Jc 3h]
Seat 3: RasA86
Seat 1: BGS013 folded before Flop (didn't bet)
Seat 4: William_Gull (button) collected ($11.91)
Seat 5: Rdalonso (small blind) folded before Flop
Seat 6: Brookstj500 (big blind) folded on the River



PokerStars Hand #254766892251:  Hold'em No Limit ($0.50/$1.00 USD) - 2025/02/08 16:05:05 WET [2025/02/08 11:05:05 ET]
Table 'Elisa II' 6-max Seat #5 is the button
Seat 3: RasA86 ($120.13 in chips) is sitting out
Seat 1: BGS013 ($123.04 in chips) 
Seat 4: William_Gull ($112.89 in chips) 
Seat 5: Rdalonso ($101.22 in chips) 
Seat 6: Brookstj500 ($40.69 in chips) 
Brookstj500: posts small blind $0.50
BGS013: posts big blind $1
RasA86: sits out 
*** HOLE CARDS ***
William_Gull: folds 
Dante21b joins the table at seat #2 
Rdalonso: folds 
Brookstj500: raises $3 to $4
BGS013: calls $3
*** FLOP *** [Kc Ks 7h]
Brookstj500: bets $7.60
BGS013: folds 
Uncalled bet ($7.60) returned to Brookstj500
Brookstj500 collected $7.60 from pot
Brookstj500: doesn't show hand 
*** SUMMARY ***
Total pot $8 | Rake $0.40 
Board [Kc Ks 7h]
Seat 3: RasA86
Seat 1: BGS013 (big blind) folded on the Flop
Seat 4: William_Gull folded before Flop (didn't bet)
Seat 5: Rdalonso (button) folded before Flop (didn't bet)
Seat 6: Brookstj500 (small blind) collected ($7.60)



PokerStars Hand #254766899210:  Hold'em No Limit ($0.50/$1.00 USD) - 2025/02/08 16:05:33 WET [2025/02/08 11:05:33 ET]
Table 'Elisa II' 6-max Seat #6 is the button
Seat 3: RasA86 ($120.13 in chips) is sitting out
Seat 1: BGS013 ($119.04 in chips) 
Seat 2: Dante21b ($100 in chips) 
Seat 4: William_Gull ($112.89 in chips) 
Seat 5: Rdalonso ($101.22 in chips) 
Seat 6: Brookstj500 ($44.29 in chips) 
BGS013: posts small blind $0.50
Dante21b: posts big blind $1
RasA86: sits out 
*** HOLE CARDS ***
William_Gull: folds 
Rdalonso: folds 
Brookstj500: raises $2.50 to $3.50
BGS013: folds 
Dante21b: calls $2.50
*** FLOP *** [Th Jc 6h]
Dante21b: checks 
Brookstj500: bets $7.12
Dante21b: folds 
Uncalled bet ($7.12) returned to Brookstj500
Brookstj500 collected $7.12 from pot
Brookstj500: doesn't show hand 
*** SUMMARY ***
Total pot $7.50 | Rake $0.38 
Board [Th Jc 6h]
Seat 3: RasA86
Seat 1: BGS013 (small blind) folded before Flop
Seat 2: Dante21b (big blind) folded on the Flop
Seat 4: William_Gull folded before Flop (didn't bet)
Seat 5: Rdalonso folded before Flop (didn't bet)
Seat 6: Brookstj500 (button) collected ($7.12)



PokerStars Hand #254766906692:  Hold'em No Limit ($0.50/$1.00 USD) - 2025/02/08 16:06:04 WET [2025/02/08 11:06:04 ET]
Table 'Elisa II' 6-max Seat #1 is the button
Seat 3: RasA86 ($120.13 in chips) is sitting out
Seat 1: BGS013 ($118.54 in chips) 
Seat 2: Dante21b ($96.50 in chips) 
Seat 4: William_Gull ($112.89 in chips) 
Seat 5: Rdalonso ($101.22 in chips) 
Seat 6: Brookstj500 ($47.91 in chips) 
Dante21b: posts small blind $0.50
RasA86: is sitting out 
William_Gull: posts big blind $1
*** HOLE CARDS ***
Rdalonso: folds 
Brookstj500: folds 
BGS013: raises $1.50 to $2.50
Dante21b: folds 
William_Gull: calls $1.50
*** FLOP *** [Ks Ad 5d]
William_Gull: checks 
BGS013: bets $1.36
William_Gull: calls $1.36
*** TURN *** [Ks Ad 5d] [4c]
William_Gull: checks 
BGS013: checks 
*** RIVER *** [Ks Ad 5d 4c] [Jd]
William_Gull: checks 
BGS013: bets $9.92
William_Gull: folds 
Uncalled bet ($9.92) returned to BGS013
BGS013 collected $7.81 from pot
BGS013: doesn't show hand 
*** SUMMARY ***
Total pot $8.22 | Rake $0.41 
Board [Ks Ad 5d 4c Jd]
Seat 3: RasA86
Seat 1: BGS013 (button) collected ($7.81)
Seat 2: Dante21b (small blind) folded before Flop
Seat 4: William_Gull (big blind) folded on the River
Seat 5: Rdalonso folded before Flop (didn't bet)
Seat 6: Brookstj500 folded before Flop (didn't bet)



PokerStars Hand #254766917235:  Hold'em No Limit ($0.50/$1.00 USD) - 2025/02/08 16:06:47 WET [2025/02/08 11:06:47 ET]
Table 'Elisa II' 6-max Seat #2 is the button
Seat 3: RasA86 ($120.13 in chips) is sitting out
Seat 1: BGS013 ($122.49 in chips) 
Seat 2: Dante21b ($96 in chips) 
Seat 4: William_Gull ($109.03 in chips) 
Seat 5: Rdalonso ($101.22 in chips) 
Seat 6: Brookstj500 ($47.91 in chips) 
William_Gull: posts small blind $0.50
Rdalonso: posts big blind $1
*** HOLE CARDS ***
Brookstj500: calls $1
BGS013: folds 
Dante21b: folds 
William_Gull: raises $3 to $4
Rdalonso: folds 
Brookstj500: calls $3
*** FLOP *** [6s 5s Qc]
William_Gull: bets $5
Brookstj500: folds 
Uncalled bet ($5) returned to William_Gull
William_Gull collected $8.55 from pot
William_Gull: doesn't show hand 
*** SUMMARY ***
Total pot $9 | Rake $0.45 
Board [6s 5s Qc]
Seat 3: RasA86
Seat 1: BGS013 folded before Flop (didn't bet)
Seat 2: Dante21b (button) folded before Flop (didn't bet)
Seat 4: William_Gull (small blind) collected ($8.55)
Seat 5: Rdalonso (big blind) folded before Flop
Seat 6: Brookstj500 folded on the Flop



PokerStars Hand #254766923873:  Hold'em No Limit ($0.50/$1.00 USD) - 2025/02/08 16:07:16 WET [2025/02/08 11:07:16 ET]
Table 'Elisa II' 6-max Seat #4 is the button
Seat 3: RasA86 ($120.13 in chips) is sitting out
Seat 1: BGS013 ($122.49 in chips) 
Seat 2: Dante21b ($96 in chips) 
Seat 4: William_Gull ($113.58 in chips) 
Seat 5: Rdalonso ($100.22 in chips) 
Seat 6: Brookstj500 ($43.91 in chips) 
Rdalonso: posts small blind $0.50
Brookstj500: posts big blind $1
*** HOLE CARDS ***
BGS013: folds 
Dante21b: folds 
William_Gull: folds 
Rdalonso: raises $2 to $3
Brookstj500: folds 
Uncalled bet ($2) returned to Rdalonso
Rdalonso collected $2 from pot
Rdalonso: doesn't show hand 
*** SUMMARY ***
Total pot $2 | Rake $0 
Seat 3: RasA86
Seat 1: BGS013 folded before Flop (didn't bet)
Seat 2: Dante21b folded before Flop (didn't bet)
Seat 4: William_Gull (button) folded before Flop (didn't bet)
Seat 5: Rdalonso (small blind) collected ($2)
Seat 6: Brookstj500 (big blind) folded before Flop



PokerStars Hand #254766929688:  Hold'em No Limit ($0.50/$1.00 USD) - 2025/02/08 16:07:40 WET [2025/02/08 11:07:40 ET]
Table 'Elisa II' 6-max Seat #5 is the button
Seat 3: RasA86 ($120.13 in chips) is sitting out
Seat 1: BGS013 ($122.49 in chips) 
Seat 2: Dante21b ($96 in chips) 
Seat 4: William_Gull ($113.58 in chips) 
Seat 5: Rdalonso ($101.22 in chips) 
Seat 6: Brookstj500 ($42.91 in chips) 
Brookstj500: posts small blind $0.50
BGS013: posts big blind $1
*** HOLE CARDS ***
Dante21b: raises $1.50 to $2.50
William_Gull: folds 
Rdalonso: folds 
Brookstj500: folds 
BGS013: folds 
Uncalled bet ($1.50) returned to Dante21b
Dante21b collected $2.50 from pot
Dante21b: doesn't show hand 
*** SUMMARY ***
Total pot $2.50 | Rake $0 
Seat 3: RasA86
Seat 1: BGS013 (big blind) folded before Flop
Seat 2: Dante21b collected ($2.50)
Seat 4: William_Gull folded before Flop (didn't bet)
Seat 5: Rdalonso (button) folded before Flop (didn't bet)
Seat 6: Brookstj500 (small blind) folded before Flop



PokerStars Hand #254766933875:  Hold'em No Limit ($0.50/$1.00 USD) - 2025/02/08 16:07:57 WET [2025/02/08 11:07:57 ET]
Table 'Elisa II' 6-max Seat #6 is the button
Seat 3: RasA86 ($120.13 in chips) is sitting out
Seat 1: BGS013 ($121.49 in chips) 
Seat 2: Dante21b ($97.50 in chips) 
Seat 4: William_Gull ($113.58 in chips) 
Seat 5: Rdalonso ($101.22 in chips) 
Seat 6: Brookstj500 ($42.41 in chips) 
BGS013: posts small blind $0.50
Dante21b: posts big blind $1
*** HOLE CARDS ***
William_Gull: folds 
Rdalonso: folds 
Brookstj500: calls $1
BGS013: folds 
Dante21b: raises $5 to $6
Brookstj500: folds 
Uncalled bet ($5) returned to Dante21b
Dante21b collected $2.50 from pot
Dante21b: doesn't show hand 
*** SUMMARY ***
Total pot $2.50 | Rake $0 
Seat 3: RasA86
Seat 1: BGS013 (small blind) folded before Flop
Seat 2: Dante21b (big blind) collected ($2.50)
Seat 4: William_Gull folded before Flop (didn't bet)
Seat 5: Rdalonso folded before Flop (didn't bet)
Seat 6: Brookstj500 (button) folded before Flop



PokerStars Hand #254766939571:  Hold'em No Limit ($0.50/$1.00 USD) - 2025/02/08 16:08:21 WET [2025/02/08 11:08:21 ET]
Table 'Elisa II' 6-max Seat #1 is the button
Seat 3: RasA86 ($120.13 in chips) is sitting out
Seat 1: BGS013 ($120.99 in chips) 
Seat 2: Dante21b ($99 in chips) 
Seat 4: William_Gull ($113.58 in chips) 
Seat 5: Rdalonso ($101.22 in chips) 
Seat 6: Brookstj500 ($41.41 in chips) 
Dante21b: posts small blind $0.50
William_Gull: posts big blind $1
*** HOLE CARDS ***
Rdalonso: folds 
Brookstj500: calls $1
BGS013: folds 
Dante21b: raises $3 to $4
William_Gull: folds 
Brookstj500: calls $3
*** FLOP *** [7s Kh 9s]
Dante21b: bets $4.28
Brookstj500: folds 
Uncalled bet ($4.28) returned to Dante21b
Dante21b collected $8.55 from pot
Dante21b: doesn't show hand 
*** SUMMARY ***
Total pot $9 | Rake $0.45 
Board [7s Kh 9s]
Seat 3: RasA86
Seat 1: BGS013 (button) folded before Flop (didn't bet)
Seat 2: Dante21b (small blind) collected ($8.55)
Seat 4: William_Gull (big blind) folded before Flop
Seat 5: Rdalonso folded before Flop (didn't bet)
Seat 6: Brookstj500 folded on the Flop



PokerStars Hand #254766953291:  Hold'em No Limit ($0.50/$1.00 USD) - 2025/02/08 16:09:18 WET [2025/02/08 11:09:18 ET]
Table 'Elisa II' 6-max Seat #2 is the button
Seat 3: RasA86 ($120.13 in chips) is sitting out
Seat 1: BGS013 ($120.99 in chips) 
Seat 2: Dante21b ($103.55 in chips) 
Seat 4: William_Gull ($112.58 in chips) 
Seat 5: Rdalonso ($101.22 in chips) 
Seat 6: Brookstj500 ($37.41 in chips) 
William_Gull: posts small blind $0.50
Rdalonso: posts big blind $1
*** HOLE CARDS ***
Brookstj500: folds 
BGS013: folds 
Dante21b: folds 
William_Gull: raises $2.20 to $3.20
Rdalonso: raises $6.80 to $10
William_Gull: folds 
Uncalled bet ($6.80) returned to Rdalonso
Rdalonso collected $6.40 from pot
Rdalonso: doesn't show hand 
*** SUMMARY ***
Total pot $6.40 | Rake $0 
Seat 3: RasA86
Seat 1: BGS013 folded before Flop (didn't bet)
Seat 2: Dante21b (button) folded before Flop (didn't bet)
Seat 4: William_Gull (small blind) folded before Flop
Seat 5: Rdalonso (big blind) collected ($6.40)
Seat 6: Brookstj500 folded before Flop (didn't bet)



PokerStars Hand #254766959641:  Hold'em No Limit ($0.50/$1.00 USD) - 2025/02/08 16:09:45 WET [2025/02/08 11:09:45 ET]
Table 'Elisa II' 6-max Seat #4 is the button
Seat 3: RasA86 ($120.13 in chips) is sitting out
Seat 1: BGS013 ($120.99 in chips) 
Seat 2: Dante21b ($103.55 in chips) 
Seat 4: William_Gull ($109.38 in chips) 
Seat 5: Rdalonso ($104.42 in chips) 
Seat 6: Brookstj500 ($37.41 in chips) 
Rdalonso: posts small blind $0.50
Brookstj500: posts big blind $1
*** HOLE CARDS ***
BGS013: folds 
Dante21b: folds 
William_Gull: folds 
Rdalonso: raises $2 to $3
Brookstj500: folds 
Uncalled bet ($2) returned to Rdalonso
Rdalonso collected $2 from pot
Rdalonso: doesn't show hand 
*** SUMMARY ***
Total pot $2 | Rake $0 
Seat 3: RasA86
Seat 1: BGS013 folded before Flop (didn't bet)
Seat 2: Dante21b folded before Flop (didn't bet)
Seat 4: William_Gull (button) folded before Flop (didn't bet)
Seat 5: Rdalonso (small blind) collected ($2)
Seat 6: Brookstj500 (big blind) folded before Flop



PokerStars Hand #254766963893:  Hold'em No Limit ($0.50/$1.00 USD) - 2025/02/08 16:10:02 WET [2025/02/08 11:10:02 ET]
Table 'Elisa II' 6-max Seat #5 is the button
Seat 3: RasA86 ($120.13 in chips) is sitting out
Seat 1: BGS013 ($120.99 in chips) 
Seat 2: Dante21b ($103.55 in chips) 
Seat 4: William_Gull ($109.38 in chips) 
Seat 5: Rdalonso ($105.42 in chips) 
Seat 6: Brookstj500 ($36.41 in chips) 
Brookstj500: posts small blind $0.50
BGS013: posts big blind $1
*** HOLE CARDS ***
Dante21b: raises $1.50 to $2.50
William_Gull: raises $6.50 to $9
Rdalonso: folds 
Brookstj500: folds 
BGS013: folds 
Dante21b: folds 
Uncalled bet ($6.50) returned to William_Gull
William_Gull collected $6.50 from pot
William_Gull: doesn't show hand 
*** SUMMARY ***
Total pot $6.50 | Rake $0 
Seat 3: RasA86
Seat 1: BGS013 (big blind) folded before Flop
Seat 2: Dante21b folded before Flop
Seat 4: William_Gull collected ($6.50)
Seat 5: Rdalonso (button) folded before Flop (didn't bet)
Seat 6: Brookstj500 (small blind) folded before Flop



PokerStars Hand #254766968373:  Hold'em No Limit ($0.50/$1.00 USD) - 2025/02/08 16:10:20 WET [2025/02/08 11:10:20 ET]
Table 'Elisa II' 6-max Seat #6 is the button
Seat 3: RasA86 ($120.13 in chips) is sitting out
Seat 1: BGS013 ($119.99 in chips) 
Seat 2: Dante21b ($101.05 in chips) 
Seat 4: William_Gull ($113.38 in chips) 
Seat 5: Rdalonso ($105.42 in chips) 
Seat 6: Brookstj500 ($35.91 in chips) 
BGS013: posts small blind $0.50
Dante21b: posts big blind $1
*** HOLE CARDS ***
William_Gull: folds 
Rdalonso: folds 
Brookstj500: calls $1
BGS013: folds 
Dante21b: checks 
*** FLOP *** [3s Qs Ac]
Dante21b: checks 
Brookstj500: bets $3
Dante21b: folds 
Uncalled bet ($3) returned to Brookstj500
Brookstj500 collected $2.38 from pot
Brookstj500: doesn't show hand 
*** SUMMARY ***
Total pot $2.50 | Rake $0.12 
Board [3s Qs Ac]
Seat 3: RasA86
Seat 1: BGS013 (small blind) folded before Flop
Seat 2: Dante21b (big blind) folded on the Flop
Seat 4: William_Gull folded before Flop (didn't bet)
Seat 5: Rdalonso folded before Flop (didn't bet)
Seat 6: Brookstj500 (button) collected ($2.38)



PokerStars Hand #254766976812:  Hold'em No Limit ($0.50/$1.00 USD) - 2025/02/08 16:10:55 WET [2025/02/08 11:10:55 ET]
Table 'Elisa II' 6-max Seat #1 is the button
Seat 1: BGS013 ($119.49 in chips) 
Seat 2: Dante21b ($100.05 in chips) 
Seat 3: RasA86 ($120.13 in chips) 
Seat 4: William_Gull ($113.38 in chips) 
Seat 5: Rdalonso ($105.42 in chips) 
Seat 6: Brookstj500 ($37.29 in chips) 
Dante21b: posts small blind $0.50
RasA86: posts big blind $1
*** HOLE CARDS ***
William_Gull: folds 
Rdalonso: folds 
Brookstj500: raises $3 to $4
Dante21b is disconnected 
BGS013: raises $8.50 to $12.50
Dante21b is connected 
Dante21b: folds 
RasA86: folds 
Brookstj500: calls $8.50
*** FLOP *** [Kd Kc Ts]
Brookstj500: checks 
BGS013: checks 
*** TURN *** [Kd Kc Ts] [Qh]
Brookstj500: bets $6
BGS013: calls $6
*** RIVER *** [Kd Kc Ts Qh] [9d]
Brookstj500: bets $18.79 and is all-in
BGS013: calls $18.79
*** SHOW DOWN ***
Brookstj500: shows [Th Td] (a full house, Tens full of Kings)
BGS013: shows [Qc Qd] (a full house, Queens full of Kings)
BGS013 collected $73.58 from pot
*** SUMMARY ***
Total pot $76.08 | Rake $2.50 
Board [Kd Kc Ts Qh 9d]
Seat 1: BGS013 (button) showed [Qc Qd] and won ($73.58) with a full house, Queens full of Kings
Seat 2: Dante21b (small blind) folded before Flop
Seat 3: RasA86 (big blind) folded before Flop
Seat 4: William_Gull folded before Flop (didn't bet)
Seat 5: Rdalonso folded before Flop (didn't bet)
Seat 6: Brookstj500 showed [Th Td] and lost with a full house, Tens full of Kings



PokerStars Hand #254766995572:  Hold'em No Limit ($0.50/$1.00 USD) - 2025/02/08 16:12:12 WET [2025/02/08 11:12:12 ET]
Table 'Elisa II' 6-max Seat #2 is the button
Seat 6: Brookstj500 ($0 in chips) is sitting out
Seat 1: BGS013 ($155.78 in chips) 
Seat 2: Dante21b ($99.55 in chips) 
Seat 3: RasA86 ($119.13 in chips) 
Seat 4: William_Gull ($113.38 in chips) 
Seat 5: Rdalonso ($105.42 in chips) 
RasA86: posts small blind $0.50
William_Gull: posts big blind $1
*** HOLE CARDS ***
Rdalonso: raises $1.50 to $2.50
BGS013: folds 
Brookstj500 leaves the table
Dante21b: folds 
RasA86: folds 
William_Gull: folds 
Uncalled bet ($1.50) returned to Rdalonso
Rdalonso collected $2.50 from pot
Rdalonso: doesn't show hand 
*** SUMMARY ***
Total pot $2.50 | Rake $0 
Seat 6: Brookstj500
Seat 1: BGS013 folded before Flop (didn't bet)
Seat 2: Dante21b (button) folded before Flop (didn't bet)
Seat 3: RasA86 (small blind) folded before Flop
Seat 4: William_Gull (big blind) folded before Flop
Seat 5: Rdalonso collected ($2.50)



PokerStars Hand #254767002098:  Hold'em No Limit ($0.50/$1.00 USD) - 2025/02/08 16:12:38 WET [2025/02/08 11:12:38 ET]
Table 'Elisa II' 6-max Seat #3 is the button
Seat 5: Rdalonso ($106.92 in chips) is sitting out
Seat 1: BGS013 ($155.78 in chips) 
Seat 2: Dante21b ($99.55 in chips) 
Seat 3: RasA86 ($118.63 in chips) 
Seat 4: William_Gull ($112.38 in chips) 
William_Gull: posts small blind $0.50
Rdalonso: is sitting out 
BGS013: posts big blind $1
*** HOLE CARDS ***
Dante21b: folds 
Dante21b leaves the table
Rdalonso leaves the table
RasA86: folds 
William_Gull: raises $2.20 to $3.20
BGS013: folds 
Uncalled bet ($2.20) returned to William_Gull
William_Gull collected $2 from pot
William_Gull: doesn't show hand 
*** SUMMARY ***
Total pot $2 | Rake $0 
Seat 5: Rdalonso
Seat 1: BGS013 (big blind) folded before Flop
Seat 2: Dante21b folded before Flop (didn't bet)
Seat 3: RasA86 (button) folded before Flop (didn't bet)
Seat 4: William_Gull (small blind) collected ($2)



PokerStars Hand #254767007533:  Hold'em No Limit ($0.50/$1.00 USD) - 2025/02/08 16:13:01 WET [2025/02/08 11:13:01 ET]
Table 'Elisa II' 6-max Seat #4 is the button
Seat 1: BGS013 ($154.78 in chips) 
Seat 3: RasA86 ($118.63 in chips) 
Seat 4: William_Gull ($113.38 in chips) 
BGS013: posts small blind $0.50
RasA86: posts big blind $1
*** HOLE CARDS ***
William_Gull: folds 
BGS013: folds 
Uncalled bet ($0.50) returned to RasA86
RasA86 collected $1 from pot
*** SUMMARY ***
Total pot $1 | Rake $0 
Seat 1: BGS013 (small blind) folded before Flop
Seat 3: RasA86 (big blind) collected ($1)
Seat 4: William_Gull (button) folded before Flop (didn't bet)



