PokerStars Hand #254774454569:  Hold'em No Limit ($0.50/$1.00 USD) - 2025/02/08 23:13:19 WET [2025/02/08 18:13:19 ET]
Table 'Kuma II' 6-max Seat #2 is the button
Seat 5: ReVeu710 ($100 in chips) is sitting out
Seat 6: Nikarta34 ($100 in chips) is sitting out
Seat 1: m0nTTu ($100 in chips) 
Seat 2: vadera69 ($51.28 in chips) 
Seat 3: SorinS28 ($100 in chips) 
Seat 4: LuckyShikari ($100 in chips) 
SorinS28: posts small blind $0.50
LuckyShikari: posts big blind $1
ReVeu710: sits out 
Nikarta34: sits out 
*** HOLE CARDS ***
m0nTTu: folds 
vadera69: folds 
SorinS28: raises $2 to $3
LuckyShikari: calls $2
*** FLOP *** [As 8s Ts]
SorinS28: bets $1.60
LuckyShikari: calls $1.60
*** TURN *** [As 8s Ts] [Ac]
SorinS28: checks 
LuckyShikari: bets $1.70
SorinS28: calls $1.70
*** RIVER *** [As 8s Ts Ac] [Td]
SorinS28: checks 
LuckyShikari: checks 
*** SHOW DOWN ***
SorinS28: shows [Qc Ks] (two pair, Aces and Tens)
LuckyShikari: shows [Tc 7c] (a full house, Tens full of Aces)
LuckyShikari collected $11.97 from pot
*** SUMMARY ***
Total pot $12.60 | Rake $0.63 
Board [As 8s Ts Ac Td]
Seat 5: ReVeu710
Seat 6: Nikarta34
Seat 1: m0nTTu folded before Flop (didn't bet)
Seat 2: vadera69 (button) folded before Flop (didn't bet)
Seat 3: SorinS28 (small blind) showed [Qc Ks] and lost with two pair, Aces and Tens
Seat 4: LuckyShikari (big blind) showed [Tc 7c] and won ($11.97) with a full house, Tens full of Aces



PokerStars Hand #254774475261:  Hold'em No Limit ($0.50/$1.00 USD) - 2025/02/08 23:14:36 WET [2025/02/08 18:14:36 ET]
Table 'Kuma II' 6-max Seat #3 is the button
Seat 6: Nikarta34 ($100 in chips) is sitting out
Seat 1: m0nTTu ($100 in chips) 
Seat 2: vadera69 ($51.28 in chips) 
Seat 3: SorinS28 ($100 in chips) 
Seat 4: LuckyShikari ($105.67 in chips) 
Seat 5: ReVeu710 ($100 in chips) 
LuckyShikari: posts small blind $0.50
ReVeu710: posts big blind $1
Nikarta34: sits out 
*** HOLE CARDS ***
m0nTTu: folds 
vadera69: folds 
SorinS28: folds 
LuckyShikari: folds 
Uncalled bet ($0.50) returned to ReVeu710
ReVeu710 collected $1 from pot
ReVeu710: doesn't show hand 
*** SUMMARY ***
Total pot $1 | Rake $0 
Seat 6: Nikarta34
Seat 1: m0nTTu folded before Flop (didn't bet)
Seat 2: vadera69 folded before Flop (didn't bet)
Seat 3: SorinS28 (button) folded before Flop (didn't bet)
Seat 4: LuckyShikari (small blind) folded before Flop
Seat 5: ReVeu710 (big blind) collected ($1)



PokerStars Hand #254774480463:  Hold'em No Limit ($0.50/$1.00 USD) - 2025/02/08 23:14:55 WET [2025/02/08 18:14:55 ET]
Table 'Kuma II' 6-max Seat #4 is the button
Seat 1: m0nTTu ($100 in chips) 
Seat 2: vadera69 ($51.28 in chips) 
Seat 3: SorinS28 ($100 in chips) 
Seat 4: LuckyShikari ($105.17 in chips) 
Seat 5: ReVeu710 ($100.50 in chips) 
Seat 6: Nikarta34 ($100 in chips) 
ReVeu710: posts small blind $0.50
Nikarta34: posts big blind $1
*** HOLE CARDS ***
m0nTTu: folds 
vadera69: raises $1 to $2
SorinS28: raises $6 to $8
LuckyShikari: folds 
ReVeu710: folds 
Nikarta34: folds 
vadera69: folds 
Uncalled bet ($6) returned to SorinS28
SorinS28 collected $5.50 from pot
SorinS28: doesn't show hand 
*** SUMMARY ***
Total pot $5.50 | Rake $0 
Seat 1: m0nTTu folded before Flop (didn't bet)
Seat 2: vadera69 folded before Flop
Seat 3: SorinS28 collected ($5.50)
Seat 4: LuckyShikari (button) folded before Flop (didn't bet)
Seat 5: ReVeu710 (small blind) folded before Flop
Seat 6: Nikarta34 (big blind) folded before Flop



PokerStars Hand #254774486943:  Hold'em No Limit ($0.50/$1.00 USD) - 2025/02/08 23:15:19 WET [2025/02/08 18:15:19 ET]
Table 'Kuma II' 6-max Seat #5 is the button
Seat 1: m0nTTu ($100 in chips) 
Seat 2: vadera69 ($49.28 in chips) 
Seat 3: SorinS28 ($103.50 in chips) 
Seat 4: LuckyShikari ($105.17 in chips) 
Seat 5: ReVeu710 ($100 in chips) 
Seat 6: Nikarta34 ($100 in chips) 
Nikarta34: posts small blind $0.50
m0nTTu: posts big blind $1
*** HOLE CARDS ***
vadera69: calls $1
SorinS28: folds 
LuckyShikari: folds 
ReVeu710: folds 
Nikarta34: raises $4 to $5
m0nTTu: folds 
vadera69: folds 
Uncalled bet ($4) returned to Nikarta34
Nikarta34 collected $3 from pot
Nikarta34: doesn't show hand 
*** SUMMARY ***
Total pot $3 | Rake $0 
Seat 1: m0nTTu (big blind) folded before Flop
Seat 2: vadera69 folded before Flop
Seat 3: SorinS28 folded before Flop (didn't bet)
Seat 4: LuckyShikari folded before Flop (didn't bet)
Seat 5: ReVeu710 (button) folded before Flop (didn't bet)
Seat 6: Nikarta34 (small blind) collected ($3)



PokerStars Hand #254774492866:  Hold'em No Limit ($0.50/$1.00 USD) - 2025/02/08 23:15:41 WET [2025/02/08 18:15:41 ET]
Table 'Kuma II' 6-max Seat #6 is the button
Seat 1: m0nTTu ($99 in chips) 
Seat 2: vadera69 ($48.28 in chips) 
Seat 3: SorinS28 ($103.50 in chips) 
Seat 4: LuckyShikari ($105.17 in chips) 
Seat 5: ReVeu710 ($100 in chips) 
Seat 6: Nikarta34 ($102 in chips) 
m0nTTu: posts small blind $0.50
vadera69: posts big blind $1
*** HOLE CARDS ***
SorinS28: folds 
LuckyShikari: raises $1.50 to $2.50
ReVeu710: folds 
Nikarta34: folds 
m0nTTu: folds 
vadera69: calls $1.50
*** FLOP *** [2d 3s 6s]
vadera69: checks 
LuckyShikari: checks 
*** TURN *** [2d 3s 6s] [Ad]
vadera69: bets $5.22
LuckyShikari: calls $5.22
*** RIVER *** [2d 3s 6s Ad] [3c]
vadera69: checks 
LuckyShikari: bets $9
vadera69: folds 
Uncalled bet ($9) returned to LuckyShikari
LuckyShikari collected $15.14 from pot
LuckyShikari: doesn't show hand 
*** SUMMARY ***
Total pot $15.94 | Rake $0.80 
Board [2d 3s 6s Ad 3c]
Seat 1: m0nTTu (small blind) folded before Flop
Seat 2: vadera69 (big blind) folded on the River
Seat 3: SorinS28 folded before Flop (didn't bet)
Seat 4: LuckyShikari collected ($15.14)
Seat 5: ReVeu710 folded before Flop (didn't bet)
Seat 6: Nikarta34 (button) folded before Flop (didn't bet)



PokerStars Hand #254774505633:  Hold'em No Limit ($0.50/$1.00 USD) - 2025/02/08 23:16:29 WET [2025/02/08 18:16:29 ET]
Table 'Kuma II' 6-max Seat #1 is the button
Seat 1: m0nTTu ($100 in chips) 
Seat 2: vadera69 ($40.56 in chips) 
Seat 3: SorinS28 ($103.50 in chips) 
Seat 4: LuckyShikari ($112.59 in chips) 
Seat 5: ReVeu710 ($100 in chips) 
Seat 6: Nikarta34 ($102 in chips) 
vadera69: posts small blind $0.50
SorinS28: posts big blind $1
*** HOLE CARDS ***
LuckyShikari: folds 
ReVeu710: folds 
Nikarta34: folds 
m0nTTu: folds 
vadera69: raises $2 to $3
SorinS28: calls $2
*** FLOP *** [Jh 8s 9s]
vadera69: checks 
SorinS28: bets $2.85
vadera69: calls $2.85
*** TURN *** [Jh 8s 9s] [3s]
vadera69: checks 
SorinS28: bets $5.56
vadera69: folds 
Uncalled bet ($5.56) returned to SorinS28
SorinS28 collected $11.12 from pot
SorinS28: doesn't show hand 
*** SUMMARY ***
Total pot $11.70 | Rake $0.58 
Board [Jh 8s 9s 3s]
Seat 1: m0nTTu (button) folded before Flop (didn't bet)
Seat 2: vadera69 (small blind) folded on the Turn
Seat 3: SorinS28 (big blind) collected ($11.12)
Seat 4: LuckyShikari folded before Flop (didn't bet)
Seat 5: ReVeu710 folded before Flop (didn't bet)
Seat 6: Nikarta34 folded before Flop (didn't bet)



PokerStars Hand #254774517565:  Hold'em No Limit ($0.50/$1.00 USD) - 2025/02/08 23:17:14 WET [2025/02/08 18:17:14 ET]
Table 'Kuma II' 6-max Seat #2 is the button
Seat 1: m0nTTu ($100 in chips) 
Seat 2: vadera69 ($34.71 in chips) 
Seat 3: SorinS28 ($108.77 in chips) 
Seat 4: LuckyShikari ($112.59 in chips) 
Seat 5: ReVeu710 ($100 in chips) 
Seat 6: Nikarta34 ($102 in chips) 
SorinS28: posts small blind $0.50
LuckyShikari: posts big blind $1
*** HOLE CARDS ***
ReVeu710: folds 
Nikarta34: raises $1.25 to $2.25
m0nTTu: folds 
vadera69: folds 
SorinS28: folds 
LuckyShikari: folds 
Uncalled bet ($1.25) returned to Nikarta34
Nikarta34 collected $2.50 from pot
Nikarta34: doesn't show hand 
*** SUMMARY ***
Total pot $2.50 | Rake $0 
Seat 1: m0nTTu folded before Flop (didn't bet)
Seat 2: vadera69 (button) folded before Flop (didn't bet)
Seat 3: SorinS28 (small blind) folded before Flop
Seat 4: LuckyShikari (big blind) folded before Flop
Seat 5: ReVeu710 folded before Flop (didn't bet)
Seat 6: Nikarta34 collected ($2.50)



PokerStars Hand #254774522480:  Hold'em No Limit ($0.50/$1.00 USD) - 2025/02/08 23:17:33 WET [2025/02/08 18:17:33 ET]
Table 'Kuma II' 6-max Seat #3 is the button
Seat 1: m0nTTu ($100 in chips) 
Seat 2: vadera69 ($34.71 in chips) 
Seat 3: SorinS28 ($108.27 in chips) 
Seat 4: LuckyShikari ($111.59 in chips) 
Seat 5: ReVeu710 ($100 in chips) 
Seat 6: Nikarta34 ($103.50 in chips) 
LuckyShikari: posts small blind $0.50
ReVeu710: posts big blind $1
*** HOLE CARDS ***
Nikarta34: folds 
m0nTTu: folds 
vadera69: folds 
SorinS28: raises $1.50 to $2.50
LuckyShikari: folds 
ReVeu710: folds 
Uncalled bet ($1.50) returned to SorinS28
SorinS28 collected $2.50 from pot
SorinS28: doesn't show hand 
vadera69 leaves the table
*** SUMMARY ***
Total pot $2.50 | Rake $0 
Seat 1: m0nTTu folded before Flop (didn't bet)
Seat 2: vadera69 folded before Flop (didn't bet)
Seat 3: SorinS28 (button) collected ($2.50)
Seat 4: LuckyShikari (small blind) folded before Flop
Seat 5: ReVeu710 (big blind) folded before Flop
Seat 6: Nikarta34 folded before Flop (didn't bet)



PokerStars Hand #254774528038:  Hold'em No Limit ($0.50/$1.00 USD) - 2025/02/08 23:17:53 WET [2025/02/08 18:17:53 ET]
Table 'Kuma II' 6-max Seat #4 is the button
Seat 1: m0nTTu ($100 in chips) 
Seat 3: SorinS28 ($109.77 in chips) 
Seat 4: LuckyShikari ($111.09 in chips) 
Seat 5: ReVeu710 ($100 in chips) 
Seat 6: Nikarta34 ($103.50 in chips) 
ReVeu710: posts small blind $0.50
Nikarta34: posts big blind $1
*** HOLE CARDS ***
m0nTTu: folds 
SorinS28: raises $1.30 to $2.30
LuckyShikari: folds 
ReVeu710: folds 
Nikarta34: raises $9.70 to $12
SorinS28: folds 
Uncalled bet ($9.70) returned to Nikarta34
Nikarta34 collected $5.10 from pot
Nikarta34: doesn't show hand 
Seavus10 joins the table at seat #2 
*** SUMMARY ***
Total pot $5.10 | Rake $0 
Seat 1: m0nTTu folded before Flop (didn't bet)
Seat 3: SorinS28 folded before Flop
Seat 4: LuckyShikari (button) folded before Flop (didn't bet)
Seat 5: ReVeu710 (small blind) folded before Flop
Seat 6: Nikarta34 (big blind) collected ($5.10)



PokerStars Hand #254774535888:  Hold'em No Limit ($0.50/$1.00 USD) - 2025/02/08 23:18:23 WET [2025/02/08 18:18:23 ET]
Table 'Kuma II' 6-max Seat #5 is the button
Seat 1: m0nTTu ($100 in chips) is sitting out
Seat 2: Seavus10 ($100 in chips) 
Seat 3: SorinS28 ($107.47 in chips) 
Seat 4: LuckyShikari ($111.09 in chips) 
Seat 5: ReVeu710 ($100 in chips) 
Seat 6: Nikarta34 ($106.30 in chips) 
Nikarta34: posts small blind $0.50
m0nTTu: is sitting out 
Seavus10: posts big blind $1
*** HOLE CARDS ***
SorinS28: folds 
LuckyShikari: folds 
m0nTTu leaves the table
ReVeu710: raises $1.50 to $2.50
Nikarta34: folds 
SorinS28 leaves the table
Seavus10: folds 
Uncalled bet ($1.50) returned to ReVeu710
ReVeu710 collected $2.50 from pot
ReVeu710: doesn't show hand 
*** SUMMARY ***
Total pot $2.50 | Rake $0 
Seat 1: m0nTTu
Seat 2: Seavus10 (big blind) folded before Flop
Seat 3: SorinS28 folded before Flop (didn't bet)
Seat 4: LuckyShikari folded before Flop (didn't bet)
Seat 5: ReVeu710 (button) collected ($2.50)
Seat 6: Nikarta34 (small blind) folded before Flop



PokerStars Hand #254774541885:  Hold'em No Limit ($0.50/$1.00 USD) - 2025/02/08 23:18:45 WET [2025/02/08 18:18:45 ET]
Table 'Kuma II' 6-max Seat #2 is the button
Seat 4: LuckyShikari ($111.09 in chips) is sitting out
Seat 5: ReVeu710 ($101.50 in chips) is sitting out
Seat 2: Seavus10 ($100 in chips) 
Seat 6: Nikarta34 ($105.80 in chips) 
Seavus10: posts small blind $0.50
LuckyShikari: is sitting out 
ReVeu710: is sitting out 
Nikarta34: posts big blind $1
*** HOLE CARDS ***
ReVeu710 leaves the table
Seavus10: folds 
Uncalled bet ($0.50) returned to Nikarta34
Nikarta34 collected $1 from pot
Nikarta34: doesn't show hand 
*** SUMMARY ***
Total pot $1 | Rake $0 
Seat 4: LuckyShikari
Seat 5: ReVeu710
Seat 2: Seavus10 (button) (small blind) folded before Flop
Seat 6: Nikarta34 (big blind) collected ($1)



PokerStars Hand #254774544270:  Hold'em No Limit ($0.50/$1.00 USD) - 2025/02/08 23:18:54 WET [2025/02/08 18:18:54 ET]
Table 'Kuma II' 6-max Seat #6 is the button
Seat 4: LuckyShikari ($111.09 in chips) is sitting out
Seat 2: Seavus10 ($100 in chips) 
Seat 6: Nikarta34 ($106.30 in chips) 
Nikarta34: posts small blind $0.50
Seavus10: posts big blind $1
*** HOLE CARDS ***
Nikarta34: raises $1.50 to $2.50
Seavus10: folds 
Uncalled bet ($1.50) returned to Nikarta34
Nikarta34 collected $2 from pot
Nikarta34: doesn't show hand 
*** SUMMARY ***
Total pot $2 | Rake $0 
Seat 4: LuckyShikari
Seat 2: Seavus10 (big blind) folded before Flop
Seat 6: Nikarta34 (button) (small blind) collected ($2)



PokerStars Hand #254774546918:  Hold'em No Limit ($0.50/$1.00 USD) - 2025/02/08 23:19:04 WET [2025/02/08 18:19:04 ET]
Table 'Kuma II' 6-max Seat #2 is the button
Seat 4: LuckyShikari ($111.09 in chips) is sitting out
Seat 2: Seavus10 ($100 in chips) 
Seat 6: Nikarta34 ($107.30 in chips) 
Seavus10: posts small blind $0.50
Nikarta34: posts big blind $1
*** HOLE CARDS ***
Seavus10: folds 
Uncalled bet ($0.50) returned to Nikarta34
Nikarta34 collected $1 from pot
Nikarta34: doesn't show hand 
*** SUMMARY ***
Total pot $1 | Rake $0 
Seat 4: LuckyShikari
Seat 2: Seavus10 (button) (small blind) folded before Flop
Seat 6: Nikarta34 (big blind) collected ($1)



PokerStars Hand #254774548740:  Hold'em No Limit ($0.50/$1.00 USD) - 2025/02/08 23:19:11 WET [2025/02/08 18:19:11 ET]
Table 'Kuma II' 6-max Seat #6 is the button
Seat 4: LuckyShikari ($111.09 in chips) is sitting out
Seat 2: Seavus10 ($100 in chips) 
Seat 6: Nikarta34 ($107.80 in chips) 
Nikarta34: posts small blind $0.50
Seavus10: posts big blind $1
*** HOLE CARDS ***
Nikarta34: raises $1.50 to $2.50
Seavus10: calls $1.50
*** FLOP *** [As Kd 7h]
LuckyShikari leaves the table
Seavus10: checks 
Nikarta34: bets $5
Seavus10: folds 
Uncalled bet ($5) returned to Nikarta34
Nikarta34 collected $4.75 from pot
Nikarta34: doesn't show hand 
*** SUMMARY ***
Total pot $5 | Rake $0.25 
Board [As Kd 7h]
Seat 4: LuckyShikari
Seat 2: Seavus10 (big blind) folded on the Flop
Seat 6: Nikarta34 (button) (small blind) collected ($4.75)



PokerStars Hand #254774558188:  Hold'em No Limit ($0.50/$1.00 USD) - 2025/02/08 23:19:47 WET [2025/02/08 18:19:47 ET]
Table 'Kuma II' 6-max Seat #2 is the button
Seat 2: Seavus10 ($100 in chips) 
Seat 6: Nikarta34 ($110.05 in chips) 
Seavus10: posts small blind $0.50
Nikarta34: posts big blind $1
*** HOLE CARDS ***
Seavus10: folds 
Uncalled bet ($0.50) returned to Nikarta34
Nikarta34 collected $1 from pot
Nikarta34: doesn't show hand 
Seavus10 leaves the table
*** SUMMARY ***
Total pot $1 | Rake $0 
Seat 2: Seavus10 (button) (small blind) folded before Flop
Seat 6: Nikarta34 (big blind) collected ($1)



