PokerStars Hand #254773425707:  Hold'em No Limit ($0.50/$1.00 USD) - 2025/02/08 22:10:54 WET [2025/02/08 17:10:54 ET]
Table 'Caubeta II' 6-max Seat #1 is the button
Seat 1: michasia ($100 in chips) 
Seat 3: iulian_rob ($115.24 in chips) 
Seat 5: aoish30 ($100 in chips) 
Seat 6: Manifestorr ($100 in chips) 
iulian_rob: posts small blind $0.50
aoish30: posts big blind $1
*** HOLE CARDS ***
Manifestorr: folds 
michasia: raises $1.80 to $2.80
iulian_rob: calls $2.30
aoish30: folds 
*** FLOP *** [8h 3s 7h]
Parabelum911 joins the table at seat #4 
iulian_rob: bets $6.27
michasia: folds 
Uncalled bet ($6.27) returned to iulian_rob
iulian_rob collected $6.27 from pot
iulian_rob: doesn't show hand 
*** SUMMARY ***
Total pot $6.60 | Rake $0.33 
Board [8h 3s 7h]
Seat 1: michasia (button) folded on the Flop
Seat 3: iulian_rob (small blind) collected ($6.27)
Seat 5: aoish30 (big blind) folded before Flop
Seat 6: Manifestorr folded before Flop (didn't bet)



PokerStars Hand #254773434977:  Hold'em No Limit ($0.50/$1.00 USD) - 2025/02/08 22:11:26 WET [2025/02/08 17:11:26 ET]
Table 'Caubeta II' 6-max Seat #3 is the button
Seat 4: Parabelum911 ($100 in chips) is sitting out
Seat 1: michasia ($100 in chips) 
Seat 3: iulian_rob ($118.71 in chips) 
Seat 5: aoish30 ($100 in chips) 
Seat 6: Manifestorr ($100 in chips) 
aoish30: posts small blind $0.50
Manifestorr: posts big blind $1
*** HOLE CARDS ***
michasia: folds 
iulian_rob: folds 
aoish30: folds 
Uncalled bet ($0.50) returned to Manifestorr
Manifestorr collected $1 from pot
*** SUMMARY ***
Total pot $1 | Rake $0 
Seat 4: Parabelum911
Seat 1: michasia folded before Flop (didn't bet)
Seat 3: iulian_rob (button) folded before Flop (didn't bet)
Seat 5: aoish30 (small blind) folded before Flop
Seat 6: Manifestorr (big blind) collected ($1)



PokerStars Hand #254773442958:  Hold'em No Limit ($0.50/$1.00 USD) - 2025/02/08 22:11:53 WET [2025/02/08 17:11:53 ET]
Table 'Caubeta II' 6-max Seat #5 is the button
Seat 4: Parabelum911 ($100 in chips) is sitting out
Seat 1: michasia ($100 in chips) 
Seat 3: iulian_rob ($118.71 in chips) 
Seat 5: aoish30 ($100 in chips) 
Seat 6: Manifestorr ($100.50 in chips) 
Manifestorr: posts small blind $0.50
michasia: posts big blind $1
Parabelum911: sits out 
*** HOLE CARDS ***
iulian_rob: folds 
aoish30: folds 
Manifestorr: folds 
Uncalled bet ($0.50) returned to michasia
michasia collected $1 from pot
michasia: doesn't show hand 
*** SUMMARY ***
Total pot $1 | Rake $0 
Seat 4: Parabelum911
Seat 1: michasia (big blind) collected ($1)
Seat 3: iulian_rob folded before Flop (didn't bet)
Seat 5: aoish30 (button) folded before Flop (didn't bet)
Seat 6: Manifestorr (small blind) folded before Flop



PokerStars Hand #254773446417:  Hold'em No Limit ($0.50/$1.00 USD) - 2025/02/08 22:12:05 WET [2025/02/08 17:12:05 ET]
Table 'Caubeta II' 6-max Seat #6 is the button
Seat 4: Parabelum911 ($100 in chips) is sitting out
Seat 1: michasia ($100.50 in chips) 
Seat 3: iulian_rob ($118.71 in chips) 
Seat 5: aoish30 ($100 in chips) 
Seat 6: Manifestorr ($100 in chips) 
michasia: posts small blind $0.50
iulian_rob: posts big blind $1
Parabelum911: sits out 
*** HOLE CARDS ***
aoish30: folds 
Manifestorr: raises $1.20 to $2.20
michasia: folds 
iulian_rob: calls $1.20
*** FLOP *** [Kc Th Td]
iulian_rob: checks 
Manifestorr: checks 
*** TURN *** [Kc Th Td] [Jc]
iulian_rob: bets $2
Manifestorr: calls $2
*** RIVER *** [Kc Th Td Jc] [5h]
iulian_rob: bets $4.23
Manifestorr: calls $4.23
*** SHOW DOWN ***
iulian_rob: shows [2h As] (a pair of Tens)
Manifestorr: shows [Jh Kh] (two pair, Kings and Jacks)
Manifestorr collected $16.49 from pot
*** SUMMARY ***
Total pot $17.36 | Rake $0.87 
Board [Kc Th Td Jc 5h]
Seat 4: Parabelum911
Seat 1: michasia (small blind) folded before Flop
Seat 3: iulian_rob (big blind) showed [2h As] and lost with a pair of Tens
Seat 5: aoish30 folded before Flop (didn't bet)
Seat 6: Manifestorr (button) showed [Jh Kh] and won ($16.49) with two pair, Kings and Jacks



PokerStars Hand #254773455799:  Hold'em No Limit ($0.50/$1.00 USD) - 2025/02/08 22:12:37 WET [2025/02/08 17:12:37 ET]
Table 'Caubeta II' 6-max Seat #1 is the button
Seat 1: michasia ($100 in chips) 
Seat 3: iulian_rob ($110.28 in chips) 
Seat 4: Parabelum911 ($100 in chips) 
Seat 5: aoish30 ($100 in chips) 
Seat 6: Manifestorr ($108.06 in chips) 
iulian_rob: posts small blind $0.50
Parabelum911: posts big blind $1
*** HOLE CARDS ***
aoish30: raises $1.10 to $2.10
Manifestorr: folds 
michasia: folds 
iulian_rob: calls $1.60
Parabelum911: calls $1.10
*** FLOP *** [Qc 6d Ac]
iulian_rob: checks 
Parabelum911: checks 
aoish30: bets $1.97
iulian_rob: calls $1.97
Parabelum911: folds 
*** TURN *** [Qc 6d Ac] [9s]
iulian_rob: checks 
aoish30: bets $7.30
iulian_rob: calls $7.30
*** RIVER *** [Qc 6d Ac 9s] [As]
iulian_rob: checks 
aoish30: checks 
*** SHOW DOWN ***
iulian_rob: shows [Ah 2s] (three of a kind, Aces)
aoish30: mucks hand 
iulian_rob collected $23.60 from pot
*** SUMMARY ***
Total pot $24.84 | Rake $1.24 
Board [Qc 6d Ac 9s As]
Seat 1: michasia (button) folded before Flop (didn't bet)
Seat 3: iulian_rob (small blind) showed [Ah 2s] and won ($23.60) with three of a kind, Aces
Seat 4: Parabelum911 (big blind) folded on the Flop
Seat 5: aoish30 mucked
Seat 6: Manifestorr folded before Flop (didn't bet)



PokerStars Hand #254773480890:  Hold'em No Limit ($0.50/$1.00 USD) - 2025/02/08 22:14:02 WET [2025/02/08 17:14:02 ET]
Table 'Caubeta II' 6-max Seat #3 is the button
Seat 1: michasia ($100 in chips) 
Seat 3: iulian_rob ($122.51 in chips) 
Seat 4: Parabelum911 ($100 in chips) 
Seat 5: aoish30 ($100 in chips) 
Seat 6: Manifestorr ($108.06 in chips) 
Parabelum911: posts small blind $0.50
aoish30: posts big blind $1
*** HOLE CARDS ***
roadsss joins the table at seat #2 
Manifestorr: folds 
michasia: folds 
iulian_rob has timed out
iulian_rob: folds 
Parabelum911: folds 
Uncalled bet ($0.50) returned to aoish30
aoish30 collected $1 from pot
aoish30: doesn't show hand 
*** SUMMARY ***
Total pot $1 | Rake $0 
Seat 1: michasia folded before Flop (didn't bet)
Seat 3: iulian_rob (button) folded before Flop (didn't bet)
Seat 4: Parabelum911 (small blind) folded before Flop
Seat 5: aoish30 (big blind) collected ($1)
Seat 6: Manifestorr folded before Flop (didn't bet)



PokerStars Hand #254773486958:  Hold'em No Limit ($0.50/$1.00 USD) - 2025/02/08 22:14:23 WET [2025/02/08 17:14:23 ET]
Table 'Caubeta II' 6-max Seat #4 is the button
Seat 2: roadsss ($99 in chips) is sitting out
Seat 1: michasia ($100 in chips) 
Seat 3: iulian_rob ($122.51 in chips) 
Seat 4: Parabelum911 ($100 in chips) 
Seat 5: aoish30 ($100.50 in chips) 
Seat 6: Manifestorr ($108.06 in chips) 
aoish30: posts small blind $0.50
Manifestorr: posts big blind $1
roadsss: sits out 
*** HOLE CARDS ***
michasia: folds 
iulian_rob: folds 
Parabelum911: folds 
aoish30: folds 
Uncalled bet ($0.50) returned to Manifestorr
Manifestorr collected $1 from pot
*** SUMMARY ***
Total pot $1 | Rake $0 
Seat 2: roadsss
Seat 1: michasia folded before Flop (didn't bet)
Seat 3: iulian_rob folded before Flop (didn't bet)
Seat 4: Parabelum911 (button) folded before Flop (didn't bet)
Seat 5: aoish30 (small blind) folded before Flop
Seat 6: Manifestorr (big blind) collected ($1)



PokerStars Hand #254773491820:  Hold'em No Limit ($0.50/$1.00 USD) - 2025/02/08 22:14:40 WET [2025/02/08 17:14:40 ET]
Table 'Caubeta II' 6-max Seat #5 is the button
Seat 2: roadsss ($99 in chips) is sitting out
Seat 1: michasia ($100 in chips) 
Seat 3: iulian_rob ($122.51 in chips) 
Seat 4: Parabelum911 ($100 in chips) 
Seat 5: aoish30 ($100 in chips) 
Seat 6: Manifestorr ($108.56 in chips) 
Manifestorr: posts small blind $0.50
michasia: posts big blind $1
roadsss: sits out 
*** HOLE CARDS ***
iulian_rob: raises $1 to $2
Parabelum911: folds 
aoish30: folds 
Manifestorr: raises $8 to $10
michasia: folds 
iulian_rob: calls $8
*** FLOP *** [7s 9h Qc]
Manifestorr: bets $6.58
iulian_rob: calls $6.58
*** TURN *** [7s 9h Qc] [Ks]
Manifestorr: bets $25.34
iulian_rob: folds 
Uncalled bet ($25.34) returned to Manifestorr
Manifestorr collected $32.45 from pot
*** SUMMARY ***
Total pot $34.16 | Rake $1.71 
Board [7s 9h Qc Ks]
Seat 2: roadsss
Seat 1: michasia (big blind) folded before Flop
Seat 3: iulian_rob folded on the Turn
Seat 4: Parabelum911 folded before Flop (didn't bet)
Seat 5: aoish30 (button) folded before Flop (didn't bet)
Seat 6: Manifestorr (small blind) collected ($32.45)



PokerStars Hand #254773507203:  Hold'em No Limit ($0.50/$1.00 USD) - 2025/02/08 22:15:32 WET [2025/02/08 17:15:32 ET]
Table 'Caubeta II' 6-max Seat #6 is the button
Seat 3: iulian_rob ($105.93 in chips) is sitting out
Seat 1: michasia ($100 in chips) 
Seat 2: roadsss ($99 in chips) 
Seat 4: Parabelum911 ($100 in chips) 
Seat 5: aoish30 ($100 in chips) 
Seat 6: Manifestorr ($124.43 in chips) 
michasia: posts small blind $0.50
roadsss: posts big blind $1
*** HOLE CARDS ***
iulian_rob leaves the table
Parabelum911: folds 
aoish30: folds 
Manifestorr: raises $1.20 to $2.20
reiyser joins the table at seat #3 
michasia: folds 
roadsss: calls $1.20
*** FLOP *** [Ac Ah Kh]
roadsss: checks 
Manifestorr: bets $1.54
Parabelum911 leaves the table
roadsss: folds 
Uncalled bet ($1.54) returned to Manifestorr
Manifestorr collected $4.66 from pot
*** SUMMARY ***
Total pot $4.90 | Rake $0.24 
Board [Ac Ah Kh]
Seat 3: iulian_rob
Seat 1: michasia (small blind) folded before Flop
Seat 2: roadsss (big blind) folded on the Flop
Seat 4: Parabelum911 folded before Flop (didn't bet)
Seat 5: aoish30 folded before Flop (didn't bet)
Seat 6: Manifestorr (button) collected ($4.66)



PokerStars Hand #254773516365:  Hold'em No Limit ($0.50/$1.00 USD) - 2025/02/08 22:16:04 WET [2025/02/08 17:16:04 ET]
Table 'Caubeta II' 6-max Seat #1 is the button
Seat 1: michasia ($100 in chips) 
Seat 2: roadsss ($96.80 in chips) 
Seat 3: reiyser ($100 in chips) 
Seat 5: aoish30 ($100 in chips) 
Seat 6: Manifestorr ($126.89 in chips) 
roadsss: posts small blind $0.50
reiyser: posts big blind $1
*** HOLE CARDS ***
aoish30: folds 
Manifestorr: folds 
michasia: folds 
roadsss: calls $0.50
reiyser: checks 
*** FLOP *** [Td 6s 5s]
roadsss: checks 
reiyser: bets $1
roadsss: calls $1
*** TURN *** [Td 6s 5s] [4s]
roadsss: bets $1
Unipoker11 joins the table at seat #4 
reiyser: raises $4.41 to $5.41
roadsss: folds 
Uncalled bet ($4.41) returned to reiyser
reiyser collected $5.70 from pot
reiyser: doesn't show hand 
*** SUMMARY ***
Total pot $6 | Rake $0.30 
Board [Td 6s 5s 4s]
Seat 1: michasia (button) folded before Flop (didn't bet)
Seat 2: roadsss (small blind) folded on the Turn
Seat 3: reiyser (big blind) collected ($5.70)
Seat 5: aoish30 folded before Flop (didn't bet)
Seat 6: Manifestorr folded before Flop (didn't bet)



PokerStars Hand #254773531136:  Hold'em No Limit ($0.50/$1.00 USD) - 2025/02/08 22:16:55 WET [2025/02/08 17:16:55 ET]
Table 'Caubeta II' 6-max Seat #2 is the button
Seat 1: michasia ($100 in chips) 
Seat 2: roadsss ($93.80 in chips) 
Seat 3: reiyser ($102.70 in chips) 
Seat 4: Unipoker11 ($100 in chips) 
Seat 5: aoish30 ($100 in chips) 
Seat 6: Manifestorr ($126.89 in chips) 
reiyser: posts small blind $0.50
Unipoker11: posts big blind $1
*** HOLE CARDS ***
aoish30: folds 
Manifestorr: raises $1.20 to $2.20
michasia: folds 
roadsss: folds 
reiyser: folds 
Unipoker11: calls $1.20
*** FLOP *** [4s Ad Ah]
Unipoker11: checks 
Manifestorr: bets $1.54
Unipoker11: calls $1.54
*** TURN *** [4s Ad Ah] [6c]
Unipoker11: checks 
Manifestorr: bets $5.69
Unipoker11: calls $5.69
*** RIVER *** [4s Ad Ah 6c] [2s]
Unipoker11: checks 
Manifestorr: checks 
*** SHOW DOWN ***
Unipoker11: shows [9d 9s] (two pair, Aces and Nines)
Manifestorr: mucks hand 
Unipoker11 collected $18.39 from pot
*** SUMMARY ***
Total pot $19.36 | Rake $0.97 
Board [4s Ad Ah 6c 2s]
Seat 1: michasia folded before Flop (didn't bet)
Seat 2: roadsss (button) folded before Flop (didn't bet)
Seat 3: reiyser (small blind) folded before Flop
Seat 4: Unipoker11 (big blind) showed [9d 9s] and won ($18.39) with two pair, Aces and Nines
Seat 5: aoish30 folded before Flop (didn't bet)
Seat 6: Manifestorr mucked



PokerStars Hand #254773544344:  Hold'em No Limit ($0.50/$1.00 USD) - 2025/02/08 22:17:39 WET [2025/02/08 17:17:39 ET]
Table 'Caubeta II' 6-max Seat #3 is the button
Seat 1: michasia ($100 in chips) 
Seat 2: roadsss ($93.80 in chips) 
Seat 3: reiyser ($102.20 in chips) 
Seat 4: Unipoker11 ($108.96 in chips) 
Seat 5: aoish30 ($100 in chips) 
Seat 6: Manifestorr ($117.46 in chips) 
Unipoker11: posts small blind $0.50
aoish30: posts big blind $1
*** HOLE CARDS ***
Manifestorr: folds 
michasia: folds 
roadsss: folds 
reiyser: raises $1.23 to $2.23
Unipoker11: folds 
aoish30: folds 
Uncalled bet ($1.23) returned to reiyser
reiyser collected $2.50 from pot
reiyser: doesn't show hand 
*** SUMMARY ***
Total pot $2.50 | Rake $0 
Seat 1: michasia folded before Flop (didn't bet)
Seat 2: roadsss folded before Flop (didn't bet)
Seat 3: reiyser (button) collected ($2.50)
Seat 4: Unipoker11 (small blind) folded before Flop
Seat 5: aoish30 (big blind) folded before Flop
Seat 6: Manifestorr folded before Flop (didn't bet)



PokerStars Hand #254773548934:  Hold'em No Limit ($0.50/$1.00 USD) - 2025/02/08 22:17:55 WET [2025/02/08 17:17:55 ET]
Table 'Caubeta II' 6-max Seat #4 is the button
Seat 1: michasia ($100 in chips) is sitting out
Seat 6: Manifestorr ($117.46 in chips) is sitting out
Seat 2: roadsss ($93.80 in chips) 
Seat 3: reiyser ($103.70 in chips) 
Seat 4: Unipoker11 ($108.46 in chips) 
Seat 5: aoish30 ($100 in chips) 
aoish30: posts small blind $0.50
Manifestorr: is sitting out 
michasia: is sitting out 
roadsss: posts big blind $1
*** HOLE CARDS ***
reiyser: folds 
Manifestorr leaves the table
michasia leaves the table
Unipoker11: folds 
BoyLoc0 joins the table at seat #6 
aoish30: folds 
Uncalled bet ($0.50) returned to roadsss
roadsss collected $1 from pot
roadsss: doesn't show hand 
*** SUMMARY ***
Total pot $1 | Rake $0 
Seat 1: michasia
Seat 6: Manifestorr
Seat 2: roadsss (big blind) collected ($1)
Seat 3: reiyser folded before Flop (didn't bet)
Seat 4: Unipoker11 (button) folded before Flop (didn't bet)
Seat 5: aoish30 (small blind) folded before Flop



PokerStars Hand #254773554727:  Hold'em No Limit ($0.50/$1.00 USD) - 2025/02/08 22:18:15 WET [2025/02/08 17:18:15 ET]
Table 'Caubeta II' 6-max Seat #5 is the button
Seat 6: BoyLoc0 ($100 in chips) is sitting out
Seat 2: roadsss ($94.30 in chips) 
Seat 3: reiyser ($103.70 in chips) 
Seat 4: Unipoker11 ($108.46 in chips) 
Seat 5: aoish30 ($100 in chips) 
roadsss: posts small blind $0.50
reiyser: posts big blind $1
*** HOLE CARDS ***
Unipoker11: folds 
aoish30: folds 
roadsss: calls $0.50
reiyser: checks 
*** FLOP *** [Jd Td 8d]
roadsss: bets $1.90
reiyser: folds 
Uncalled bet ($1.90) returned to roadsss
roadsss collected $1.90 from pot
roadsss: doesn't show hand 
*** SUMMARY ***
Total pot $2 | Rake $0.10 
Board [Jd Td 8d]
Seat 6: BoyLoc0
Seat 2: roadsss (small blind) collected ($1.90)
Seat 3: reiyser (big blind) folded on the Flop
Seat 4: Unipoker11 folded before Flop (didn't bet)
Seat 5: aoish30 (button) folded before Flop (didn't bet)



PokerStars Hand #254773561260:  Hold'em No Limit ($0.50/$1.00 USD) - 2025/02/08 22:18:38 WET [2025/02/08 17:18:38 ET]
Table 'Caubeta II' 6-max Seat #2 is the button
Seat 6: BoyLoc0 ($100 in chips) is sitting out
Seat 2: roadsss ($95.20 in chips) 
Seat 3: reiyser ($102.70 in chips) 
Seat 4: Unipoker11 ($108.46 in chips) 
Seat 5: aoish30 ($100 in chips) 
reiyser: posts small blind $0.50
Unipoker11: posts big blind $1
BoyLoc0: sits out 
*** HOLE CARDS ***
aoish30: folds 
roadsss: folds 
reiyser: raises $1.80 to $2.80
Unipoker11: raises $6.20 to $9
reiyser: calls $6.20
*** FLOP *** [Ad Js 8h]
reiyser: checks 
Unipoker11: bets $4.28
reiyser: calls $4.28
*** TURN *** [Ad Js 8h] [2d]
reiyser: checks 
Unipoker11: checks 
*** RIVER *** [Ad Js 8h 2d] [Jh]
reiyser: bets $7.41
Unipoker11: calls $7.41
*** SHOW DOWN ***
reiyser: shows [Jd Ks] (three of a kind, Jacks)
Unipoker11: mucks hand 
reiyser collected $40.38 from pot
*** SUMMARY ***
Total pot $41.38 | Rake $1 
Board [Ad Js 8h 2d Jh]
Seat 6: BoyLoc0
Seat 2: roadsss (button) folded before Flop (didn't bet)
Seat 3: reiyser (small blind) showed [Jd Ks] and won ($40.38) with three of a kind, Jacks
Seat 4: Unipoker11 (big blind) mucked
Seat 5: aoish30 folded before Flop (didn't bet)



PokerStars Hand #254773581499:  Hold'em No Limit ($0.50/$1.00 USD) - 2025/02/08 22:19:47 WET [2025/02/08 17:19:47 ET]
Table 'Caubeta II' 6-max Seat #3 is the button
Seat 5: aoish30 ($100 in chips) is sitting out
Seat 2: roadsss ($95.20 in chips) 
Seat 3: reiyser ($122.39 in chips) 
Seat 4: Unipoker11 ($100 in chips) 
Seat 6: BoyLoc0 ($100 in chips) 
Unipoker11: posts small blind $0.50
aoish30: is sitting out 
BoyLoc0: posts big blind $1
*** HOLE CARDS ***
roadsss: folds 
reiyser: folds 
Unipoker11: folds 
Uncalled bet ($0.50) returned to BoyLoc0
BoyLoc0 collected $1 from pot
BoyLoc0: doesn't show hand 
aoish30 leaves the table
*** SUMMARY ***
Total pot $1 | Rake $0 
Seat 5: aoish30
Seat 2: roadsss folded before Flop (didn't bet)
Seat 3: reiyser (button) folded before Flop (didn't bet)
Seat 4: Unipoker11 (small blind) folded before Flop
Seat 6: BoyLoc0 (big blind) collected ($1)



PokerStars Hand #254773584962:  Hold'em No Limit ($0.50/$1.00 USD) - 2025/02/08 22:19:59 WET [2025/02/08 17:19:59 ET]
Table 'Caubeta II' 6-max Seat #4 is the button
Seat 2: roadsss ($95.20 in chips) is sitting out
Seat 3: reiyser ($122.39 in chips) 
Seat 4: Unipoker11 ($100 in chips) 
Seat 6: BoyLoc0 ($100.50 in chips) 
BoyLoc0: posts small blind $0.50
roadsss: is sitting out 
reiyser: posts big blind $1
*** HOLE CARDS ***
Unipoker11: folds 
roadsss leaves the table
BoyLoc0: folds 
Uncalled bet ($0.50) returned to reiyser
reiyser collected $1 from pot
reiyser: doesn't show hand 
*** SUMMARY ***
Total pot $1 | Rake $0 
Seat 2: roadsss
Seat 3: reiyser (big blind) collected ($1)
Seat 4: Unipoker11 (button) folded before Flop (didn't bet)
Seat 6: BoyLoc0 (small blind) folded before Flop



PokerStars Hand #254773588404:  Hold'em No Limit ($0.50/$1.00 USD) - 2025/02/08 22:20:11 WET [2025/02/08 17:20:11 ET]
Table 'Caubeta II' 6-max Seat #6 is the button
Seat 3: reiyser ($122.89 in chips) 
Seat 4: Unipoker11 ($100 in chips) 
Seat 6: BoyLoc0 ($100 in chips) 
reiyser: posts small blind $0.50
Unipoker11: posts big blind $1
*** HOLE CARDS ***
BoyLoc0: folds 
BoyLoc0 leaves the table
reiyser: raises $1.80 to $2.80
Unipoker11: calls $1.80
*** FLOP *** [6c 5d 7c]
reiyser: checks 
Unipoker11: checks 
*** TURN *** [6c 5d 7c] [3h]
reiyser: bets $1.54
Unipoker11: folds 
Uncalled bet ($1.54) returned to reiyser
reiyser collected $5.32 from pot
reiyser: doesn't show hand 
*** SUMMARY ***
Total pot $5.60 | Rake $0.28 
Board [6c 5d 7c 3h]
Seat 3: reiyser (small blind) collected ($5.32)
Seat 4: Unipoker11 (big blind) folded on the Turn
Seat 6: BoyLoc0 (button) folded before Flop (didn't bet)



