PokerStars Hand #254768667890:  Hold'em No Limit ($0.50/$1.00 USD) - 2025/02/08 17:30:51 WET [2025/02/08 12:30:51 ET]
Table 'Aura II' 6-max Seat #1 is the button
Seat 6: AngelovAlexMKD ($100 in chips) is sitting out
Seat 1: BenCampbel10 ($141.04 in chips) 
Seat 2: rao999 ($114.94 in chips) 
Seat 3: Ysiven ($100 in chips) 
Seat 4: xcinaz ($100 in chips) 
Seat 5: PistonBaroqe ($98 in chips) 
rao999: posts small blind $0.50
Ysiven: posts big blind $1
AngelovAlexMKD: sits out 
*** HOLE CARDS ***
xcinaz: folds 
PistonBaroqe: folds 
BenCampbel10: raises $1 to $2
rao999: folds 
Ysiven: raises $9 to $11
BenCampbel10: folds 
Uncalled bet ($9) returned to Ysiven
Ysiven collected $4.50 from pot
Ysiven: doesn't show hand 
*** SUMMARY ***
Total pot $4.50 | Rake $0 
Seat 6: AngelovAlexMKD
Seat 1: BenCampbel10 (button) folded before Flop
Seat 2: rao999 (small blind) folded before Flop
Seat 3: Ysiven (big blind) collected ($4.50)
Seat 4: xcinaz folded before Flop (didn't bet)
Seat 5: PistonBaroqe folded before Flop (didn't bet)



PokerStars Hand #254768676831:  Hold'em No Limit ($0.50/$1.00 USD) - 2025/02/08 17:31:24 WET [2025/02/08 12:31:24 ET]
Table 'Aura II' 6-max Seat #2 is the button
Seat 6: AngelovAlexMKD ($100 in chips) is sitting out
Seat 1: BenCampbel10 ($139.04 in chips) 
Seat 2: rao999 ($114.44 in chips) 
Seat 3: Ysiven ($102.50 in chips) 
Seat 4: xcinaz ($100 in chips) 
Seat 5: PistonBaroqe ($98 in chips) 
Ysiven: posts small blind $0.50
xcinaz: posts big blind $1
AngelovAlexMKD: sits out 
*** HOLE CARDS ***
PistonBaroqe: folds 
BenCampbel10: folds 
rao999: folds 
Ysiven: folds 
Uncalled bet ($0.50) returned to xcinaz
xcinaz collected $1 from pot
xcinaz: doesn't show hand 
*** SUMMARY ***
Total pot $1 | Rake $0 
Seat 6: AngelovAlexMKD
Seat 1: BenCampbel10 folded before Flop (didn't bet)
Seat 2: rao999 (button) folded before Flop (didn't bet)
Seat 3: Ysiven (small blind) folded before Flop
Seat 4: xcinaz (big blind) collected ($1)
Seat 5: PistonBaroqe folded before Flop (didn't bet)



PokerStars Hand #254768680976:  Hold'em No Limit ($0.50/$1.00 USD) - 2025/02/08 17:31:39 WET [2025/02/08 12:31:39 ET]
Table 'Aura II' 6-max Seat #3 is the button
Seat 6: AngelovAlexMKD ($100 in chips) is sitting out
Seat 1: BenCampbel10 ($139.04 in chips) 
Seat 2: rao999 ($114.44 in chips) 
Seat 3: Ysiven ($102 in chips) 
Seat 4: xcinaz ($100.50 in chips) 
Seat 5: PistonBaroqe ($98 in chips) 
xcinaz: posts small blind $0.50
PistonBaroqe: posts big blind $1
AngelovAlexMKD: sits out 
*** HOLE CARDS ***
BenCampbel10: folds 
rao999: folds 
Ysiven: raises $1.50 to $2.50
xcinaz: folds 
PistonBaroqe: folds 
Uncalled bet ($1.50) returned to Ysiven
Ysiven collected $2.50 from pot
Ysiven: doesn't show hand 
*** SUMMARY ***
Total pot $2.50 | Rake $0 
Seat 6: AngelovAlexMKD
Seat 1: BenCampbel10 folded before Flop (didn't bet)
Seat 2: rao999 folded before Flop (didn't bet)
Seat 3: Ysiven (button) collected ($2.50)
Seat 4: xcinaz (small blind) folded before Flop
Seat 5: PistonBaroqe (big blind) folded before Flop



PokerStars Hand #254768686629:  Hold'em No Limit ($0.50/$1.00 USD) - 2025/02/08 17:32:00 WET [2025/02/08 12:32:00 ET]
Table 'Aura II' 6-max Seat #4 is the button
Seat 1: BenCampbel10 ($139.04 in chips) 
Seat 2: rao999 ($114.44 in chips) 
Seat 3: Ysiven ($103.50 in chips) 
Seat 4: xcinaz ($100 in chips) 
Seat 5: PistonBaroqe ($97 in chips) 
Seat 6: AngelovAlexMKD ($100 in chips) 
PistonBaroqe: posts small blind $0.50
AngelovAlexMKD: posts big blind $1
*** HOLE CARDS ***
BenCampbel10: folds 
rao999: folds 
Ysiven: raises $1.30 to $2.30
xcinaz: raises $5.70 to $8
PistonBaroqe: folds 
AngelovAlexMKD: raises $15.50 to $23.50
Ysiven: folds 
xcinaz: raises $76.50 to $100 and is all-in
AngelovAlexMKD: calls $76.50 and is all-in
*** FLOP *** [6h 4s 8d]
*** TURN *** [6h 4s 8d] [5d]
*** RIVER *** [6h 4s 8d 5d] [2s]
*** SHOW DOWN ***
AngelovAlexMKD: shows [Kd Ah] (high card Ace)
xcinaz: shows [Kh Kc] (a pair of Kings)
xcinaz collected $200.30 from pot
*** SUMMARY ***
Total pot $202.80 | Rake $2.50 
Board [6h 4s 8d 5d 2s]
Seat 1: BenCampbel10 folded before Flop (didn't bet)
Seat 2: rao999 folded before Flop (didn't bet)
Seat 3: Ysiven folded before Flop
Seat 4: xcinaz (button) showed [Kh Kc] and won ($200.30) with a pair of Kings
Seat 5: PistonBaroqe (small blind) folded before Flop
Seat 6: AngelovAlexMKD (big blind) showed [Kd Ah] and lost with high card Ace



PokerStars Hand #254768700814:  Hold'em No Limit ($0.50/$1.00 USD) - 2025/02/08 17:32:52 WET [2025/02/08 12:32:52 ET]
Table 'Aura II' 6-max Seat #5 is the button
Seat 1: BenCampbel10 ($139.04 in chips) is sitting out
Seat 2: rao999 ($114.44 in chips) 
Seat 3: Ysiven ($101.20 in chips) 
Seat 4: xcinaz ($200.30 in chips) 
Seat 5: PistonBaroqe ($96.50 in chips) 
Seat 6: AngelovAlexMKD ($100 in chips) 
AngelovAlexMKD: posts small blind $0.50
BenCampbel10: is sitting out 
rao999: posts big blind $1
*** HOLE CARDS ***
Ysiven: folds 
xcinaz: folds 
BenCampbel10 leaves the table
PistonBaroqe: raises $2.50 to $3.50
AngelovAlexMKD: folds 
rao999: calls $2.50
*** FLOP *** [5c Ts Th]
rao999: checks 
PistonBaroqe: bets $3.56
rao999: calls $3.56
*** TURN *** [5c Ts Th] [Ac]
rao999: checks 
PistonBaroqe: bets $6.95
rao999: calls $6.95
*** RIVER *** [5c Ts Th Ac] [8d]
rao999: checks 
PistonBaroqe: checks 
*** SHOW DOWN ***
rao999: shows [Kd Jh] (a pair of Tens)
PistonBaroqe: shows [As Qs] (two pair, Aces and Tens)
PistonBaroqe collected $27.09 from pot
*** SUMMARY ***
Total pot $28.52 | Rake $1.43 
Board [5c Ts Th Ac 8d]
Seat 1: BenCampbel10
Seat 2: rao999 (big blind) showed [Kd Jh] and lost with a pair of Tens
Seat 3: Ysiven folded before Flop (didn't bet)
Seat 4: xcinaz folded before Flop (didn't bet)
Seat 5: PistonBaroqe (button) showed [As Qs] and won ($27.09) with two pair, Aces and Tens
Seat 6: AngelovAlexMKD (small blind) folded before Flop



PokerStars Hand #254768722880:  Hold'em No Limit ($0.50/$1.00 USD) - 2025/02/08 17:34:13 WET [2025/02/08 12:34:13 ET]
Table 'Aura II' 6-max Seat #6 is the button
Seat 2: rao999 ($100.43 in chips) 
Seat 3: Ysiven ($101.20 in chips) 
Seat 4: xcinaz ($200.30 in chips) 
Seat 5: PistonBaroqe ($109.58 in chips) 
Seat 6: AngelovAlexMKD ($100 in chips) 
rao999: posts small blind $0.50
Ysiven: posts big blind $1
*** HOLE CARDS ***
xcinaz: raises $1 to $2
PistonBaroqe: folds 
AngelovAlexMKD: folds 
rao999: folds 
Ysiven: calls $1
*** FLOP *** [Jh 7s 4h]
Ysiven: checks 
xcinaz: bets $3.64
Ysiven: folds 
Uncalled bet ($3.64) returned to xcinaz
xcinaz collected $4.28 from pot
xcinaz: doesn't show hand 
*** SUMMARY ***
Total pot $4.50 | Rake $0.22 
Board [Jh 7s 4h]
Seat 2: rao999 (small blind) folded before Flop
Seat 3: Ysiven (big blind) folded on the Flop
Seat 4: xcinaz collected ($4.28)
Seat 5: PistonBaroqe folded before Flop (didn't bet)
Seat 6: AngelovAlexMKD (button) folded before Flop (didn't bet)



PokerStars Hand #254768737223:  Hold'em No Limit ($0.50/$1.00 USD) - 2025/02/08 17:35:05 WET [2025/02/08 12:35:05 ET]
Table 'Aura II' 6-max Seat #2 is the button
Seat 2: rao999 ($100 in chips) 
Seat 3: Ysiven ($100 in chips) 
Seat 4: xcinaz ($202.58 in chips) 
Seat 5: PistonBaroqe ($109.58 in chips) 
Seat 6: AngelovAlexMKD ($100 in chips) 
Ysiven: posts small blind $0.50
xcinaz: posts big blind $1
*** HOLE CARDS ***
PistonBaroqe: raises $2.50 to $3.50
AngelovAlexMKD: folds 
rao999: folds 
Ysiven: folds 
xcinaz: folds 
Uncalled bet ($2.50) returned to PistonBaroqe
PistonBaroqe collected $2.50 from pot
*** SUMMARY ***
Total pot $2.50 | Rake $0 
Seat 2: rao999 (button) folded before Flop (didn't bet)
Seat 3: Ysiven (small blind) folded before Flop
Seat 4: xcinaz (big blind) folded before Flop
Seat 5: PistonBaroqe collected ($2.50)
Seat 6: AngelovAlexMKD folded before Flop (didn't bet)



PokerStars Hand #254768743603:  Hold'em No Limit ($0.50/$1.00 USD) - 2025/02/08 17:35:28 WET [2025/02/08 12:35:28 ET]
Table 'Aura II' 6-max Seat #3 is the button
Seat 2: rao999 ($100 in chips) 
Seat 3: Ysiven ($100 in chips) 
Seat 4: xcinaz ($201.58 in chips) 
Seat 5: PistonBaroqe ($111.08 in chips) 
Seat 6: AngelovAlexMKD ($100 in chips) 
xcinaz: posts small blind $0.50
PistonBaroqe: posts big blind $1
*** HOLE CARDS ***
AngelovAlexMKD: folds 
rao999: folds 
Ysiven: raises $1.50 to $2.50
xcinaz: folds 
PistonBaroqe: raises $5.50 to $8
Ysiven: calls $5.50
*** FLOP *** [6c 8s 9s]
PistonBaroqe: checks 
Ysiven: bets $5.17
PistonBaroqe: folds 
Uncalled bet ($5.17) returned to Ysiven
Ysiven collected $15.68 from pot
Ysiven: doesn't show hand 
*** SUMMARY ***
Total pot $16.50 | Rake $0.82 
Board [6c 8s 9s]
Seat 2: rao999 folded before Flop (didn't bet)
Seat 3: Ysiven (button) collected ($15.68)
Seat 4: xcinaz (small blind) folded before Flop
Seat 5: PistonBaroqe (big blind) folded on the Flop
Seat 6: AngelovAlexMKD folded before Flop (didn't bet)



PokerStars Hand #254768759252:  Hold'em No Limit ($0.50/$1.00 USD) - 2025/02/08 17:36:26 WET [2025/02/08 12:36:26 ET]
Table 'Aura II' 6-max Seat #4 is the button
Seat 2: rao999 ($100 in chips) 
Seat 3: Ysiven ($107.68 in chips) 
Seat 4: xcinaz ($201.08 in chips) 
Seat 5: PistonBaroqe ($103.08 in chips) 
Seat 6: AngelovAlexMKD ($100 in chips) 
PistonBaroqe: posts small blind $0.50
AngelovAlexMKD: posts big blind $1
*** HOLE CARDS ***
rao999: folds 
Ysiven: folds 
xcinaz: raises $1.50 to $2.50
PistonBaroqe: folds 
AngelovAlexMKD: folds 
Uncalled bet ($1.50) returned to xcinaz
xcinaz collected $2.50 from pot
xcinaz: doesn't show hand 
*** SUMMARY ***
Total pot $2.50 | Rake $0 
Seat 2: rao999 folded before Flop (didn't bet)
Seat 3: Ysiven folded before Flop (didn't bet)
Seat 4: xcinaz (button) collected ($2.50)
Seat 5: PistonBaroqe (small blind) folded before Flop
Seat 6: AngelovAlexMKD (big blind) folded before Flop



PokerStars Hand #254768764258:  Hold'em No Limit ($0.50/$1.00 USD) - 2025/02/08 17:36:44 WET [2025/02/08 12:36:44 ET]
Table 'Aura II' 6-max Seat #5 is the button
Seat 2: rao999 ($100 in chips) 
Seat 3: Ysiven ($107.68 in chips) 
Seat 4: xcinaz ($202.58 in chips) 
Seat 5: PistonBaroqe ($102.58 in chips) 
Seat 6: AngelovAlexMKD ($100 in chips) 
AngelovAlexMKD: posts small blind $0.50
rao999: posts big blind $1
*** HOLE CARDS ***
Ysiven: folds 
xcinaz: folds 
imhungarian8 joins the table at seat #1 
PistonBaroqe: folds 
AngelovAlexMKD: raises $2 to $3
rao999: folds 
Uncalled bet ($2) returned to AngelovAlexMKD
AngelovAlexMKD collected $2 from pot
AngelovAlexMKD: doesn't show hand 
*** SUMMARY ***
Total pot $2 | Rake $0 
Seat 2: rao999 (big blind) folded before Flop
Seat 3: Ysiven folded before Flop (didn't bet)
Seat 4: xcinaz folded before Flop (didn't bet)
Seat 5: PistonBaroqe (button) folded before Flop (didn't bet)
Seat 6: AngelovAlexMKD (small blind) collected ($2)



PokerStars Hand #254768769467:  Hold'em No Limit ($0.50/$1.00 USD) - 2025/02/08 17:37:03 WET [2025/02/08 12:37:03 ET]
Table 'Aura II' 6-max Seat #6 is the button
Seat 1: imhungarian8 ($100 in chips) is sitting out
Seat 2: rao999 ($100 in chips) 
Seat 3: Ysiven ($107.68 in chips) 
Seat 4: xcinaz ($202.58 in chips) 
Seat 5: PistonBaroqe ($102.58 in chips) 
Seat 6: AngelovAlexMKD ($101 in chips) 
rao999: posts small blind $0.50
Ysiven: posts big blind $1
*** HOLE CARDS ***
xcinaz: folds 
PistonBaroqe: folds 
AngelovAlexMKD: folds 
rao999: raises $2 to $3
Ysiven: calls $2
*** FLOP *** [Ad 7d Kh]
rao999: bets $1.88
Ysiven: calls $1.88
*** TURN *** [Ad 7d Kh] [4c]
rao999: checks 
Ysiven: checks 
*** RIVER *** [Ad 7d Kh 4c] [Kd]
rao999: checks 
Ysiven: bets $4.60
rao999: folds 
Uncalled bet ($4.60) returned to Ysiven
Ysiven collected $9.27 from pot
Ysiven: doesn't show hand 
*** SUMMARY ***
Total pot $9.76 | Rake $0.49 
Board [Ad 7d Kh 4c Kd]
Seat 1: imhungarian8
Seat 2: rao999 (small blind) folded on the River
Seat 3: Ysiven (big blind) collected ($9.27)
Seat 4: xcinaz folded before Flop (didn't bet)
Seat 5: PistonBaroqe folded before Flop (didn't bet)
Seat 6: AngelovAlexMKD (button) folded before Flop (didn't bet)



PokerStars Hand #254768828405:  Hold'em No Limit ($0.50/$1.00 USD) - 2025/02/08 17:40:39 WET [2025/02/08 12:40:39 ET]
Table 'Aura II' 6-max Seat #6 is the button
Seat 1: imhungarian8 ($100 in chips) is sitting out
Seat 5: PistonBaroqe ($0 in chips) is sitting out
Seat 2: rao999 ($133.36 in chips) 
Seat 3: Ysiven ($111.57 in chips) 
Seat 4: xcinaz ($197.08 in chips) 
Seat 6: AngelovAlexMKD ($110.60 in chips) 
rao999: posts small blind $0.50
Ysiven: posts big blind $1
*** HOLE CARDS ***
xcinaz: raises $1.20 to $2.20
AngelovAlexMKD: raises $4.80 to $7
PistonBaroqe leaves the table
rao999: folds 
Ysiven: folds 
xcinaz: folds 
Uncalled bet ($4.80) returned to AngelovAlexMKD
reiyser joins the table at seat #5 
AngelovAlexMKD collected $5.90 from pot
AngelovAlexMKD: doesn't show hand 
*** SUMMARY ***
Total pot $5.90 | Rake $0 
Seat 1: imhungarian8
Seat 5: PistonBaroqe
Seat 2: rao999 (small blind) folded before Flop
Seat 3: Ysiven (big blind) folded before Flop
Seat 4: xcinaz folded before Flop
Seat 6: AngelovAlexMKD (button) collected ($5.90)



PokerStars Hand #254768835699:  Hold'em No Limit ($0.50/$1.00 USD) - 2025/02/08 17:41:05 WET [2025/02/08 12:41:05 ET]
Table 'Aura II' 6-max Seat #2 is the button
Seat 1: imhungarian8 ($100 in chips) is sitting out
Seat 5: reiyser ($100 in chips) is sitting out
Seat 2: rao999 ($132.86 in chips) 
Seat 3: Ysiven ($110.57 in chips) 
Seat 4: xcinaz ($194.88 in chips) 
Seat 6: AngelovAlexMKD ($114.30 in chips) 
Ysiven: posts small blind $0.50
xcinaz: posts big blind $1
reiyser: sits out 
imhungarian8: sits out 
*** HOLE CARDS ***
AngelovAlexMKD: folds 
rao999: folds 
Ysiven: raises $2 to $3
xcinaz: folds 
Uncalled bet ($2) returned to Ysiven
Ysiven collected $2 from pot
Ysiven: doesn't show hand 
*** SUMMARY ***
Total pot $2 | Rake $0 
Seat 1: imhungarian8
Seat 5: reiyser
Seat 2: rao999 (button) folded before Flop (didn't bet)
Seat 3: Ysiven (small blind) collected ($2)
Seat 4: xcinaz (big blind) folded before Flop
Seat 6: AngelovAlexMKD folded before Flop (didn't bet)



PokerStars Hand #254768838970:  Hold'em No Limit ($0.50/$1.00 USD) - 2025/02/08 17:41:17 WET [2025/02/08 12:41:17 ET]
Table 'Aura II' 6-max Seat #3 is the button
Seat 1: imhungarian8 ($100 in chips) is sitting out
Seat 2: rao999 ($132.86 in chips) 
Seat 3: Ysiven ($111.57 in chips) 
Seat 4: xcinaz ($193.88 in chips) 
Seat 5: reiyser ($100 in chips) 
Seat 6: AngelovAlexMKD ($114.30 in chips) 
xcinaz: posts small blind $0.50
reiyser: posts big blind $1
imhungarian8: sits out 
*** HOLE CARDS ***
AngelovAlexMKD: folds 
rao999: raises $1.50 to $2.50
Ysiven: folds 
xcinaz: folds 
reiyser: folds 
Uncalled bet ($1.50) returned to rao999
rao999 collected $2.50 from pot
rao999: doesn't show hand 
*** SUMMARY ***
Total pot $2.50 | Rake $0 
Seat 1: imhungarian8
Seat 2: rao999 collected ($2.50)
Seat 3: Ysiven (button) folded before Flop (didn't bet)
Seat 4: xcinaz (small blind) folded before Flop
Seat 5: reiyser (big blind) folded before Flop
Seat 6: AngelovAlexMKD folded before Flop (didn't bet)



PokerStars Hand #254768844481:  Hold'em No Limit ($0.50/$1.00 USD) - 2025/02/08 17:41:37 WET [2025/02/08 12:41:37 ET]
Table 'Aura II' 6-max Seat #4 is the button
Seat 1: imhungarian8 ($100 in chips) is sitting out
Seat 2: rao999 ($134.36 in chips) 
Seat 3: Ysiven ($111.57 in chips) 
Seat 4: xcinaz ($193.38 in chips) 
Seat 5: reiyser ($100 in chips) 
Seat 6: AngelovAlexMKD ($114.30 in chips) 
reiyser: posts small blind $0.50
AngelovAlexMKD: posts big blind $1
imhungarian8: sits out 
*** HOLE CARDS ***
rao999: folds 
Ysiven: raises $1.30 to $2.30
xcinaz: folds 
reiyser: raises $9.20 to $11.50
AngelovAlexMKD: folds 
Ysiven: folds 
Uncalled bet ($9.20) returned to reiyser
reiyser collected $5.60 from pot
reiyser: doesn't show hand 
*** SUMMARY ***
Total pot $5.60 | Rake $0 
Seat 1: imhungarian8
Seat 2: rao999 folded before Flop (didn't bet)
Seat 3: Ysiven folded before Flop
Seat 4: xcinaz (button) folded before Flop (didn't bet)
Seat 5: reiyser (small blind) collected ($5.60)
Seat 6: AngelovAlexMKD (big blind) folded before Flop



PokerStars Hand #254768851442:  Hold'em No Limit ($0.50/$1.00 USD) - 2025/02/08 17:42:02 WET [2025/02/08 12:42:02 ET]
Table 'Aura II' 6-max Seat #5 is the button
Seat 1: imhungarian8 ($100 in chips) 
Seat 2: rao999 ($134.36 in chips) 
Seat 3: Ysiven ($109.27 in chips) 
Seat 4: xcinaz ($193.38 in chips) 
Seat 5: reiyser ($103.30 in chips) 
Seat 6: AngelovAlexMKD ($113.30 in chips) 
AngelovAlexMKD: posts small blind $0.50
imhungarian8: posts big blind $1
*** HOLE CARDS ***
rao999: folds 
Ysiven: folds 
xcinaz: folds 
reiyser: folds 
AngelovAlexMKD: folds 
Uncalled bet ($0.50) returned to imhungarian8
imhungarian8 collected $1 from pot
imhungarian8: doesn't show hand 
*** SUMMARY ***
Total pot $1 | Rake $0 
Seat 1: imhungarian8 (big blind) collected ($1)
Seat 2: rao999 folded before Flop (didn't bet)
Seat 3: Ysiven folded before Flop (didn't bet)
Seat 4: xcinaz folded before Flop (didn't bet)
Seat 5: reiyser (button) folded before Flop (didn't bet)
Seat 6: AngelovAlexMKD (small blind) folded before Flop



PokerStars Hand #254768855186:  Hold'em No Limit ($0.50/$1.00 USD) - 2025/02/08 17:42:16 WET [2025/02/08 12:42:16 ET]
Table 'Aura II' 6-max Seat #6 is the button
Seat 2: rao999 ($134.36 in chips) is sitting out
Seat 1: imhungarian8 ($100.50 in chips) 
Seat 3: Ysiven ($109.27 in chips) 
Seat 4: xcinaz ($193.38 in chips) 
Seat 5: reiyser ($103.30 in chips) 
Seat 6: AngelovAlexMKD ($112.80 in chips) 
imhungarian8: posts small blind $0.50
rao999: is sitting out 
Ysiven: posts big blind $1
*** HOLE CARDS ***
xcinaz: raises $1 to $2
reiyser: folds 
AngelovAlexMKD: folds 
imhungarian8: folds 
Ysiven: folds 
Uncalled bet ($1) returned to xcinaz
xcinaz collected $2.50 from pot
xcinaz: doesn't show hand 
*** SUMMARY ***
Total pot $2.50 | Rake $0 
Seat 2: rao999
Seat 1: imhungarian8 (small blind) folded before Flop
Seat 3: Ysiven (big blind) folded before Flop
Seat 4: xcinaz collected ($2.50)
Seat 5: reiyser folded before Flop (didn't bet)
Seat 6: AngelovAlexMKD (button) folded before Flop (didn't bet)



PokerStars Hand #254768862832:  Hold'em No Limit ($0.50/$1.00 USD) - 2025/02/08 17:42:43 WET [2025/02/08 12:42:43 ET]
Table 'Aura II' 6-max Seat #1 is the button
Seat 2: rao999 ($134.36 in chips) is sitting out
Seat 1: imhungarian8 ($100 in chips) 
Seat 3: Ysiven ($108.27 in chips) 
Seat 4: xcinaz ($194.88 in chips) 
Seat 5: reiyser ($103.30 in chips) 
Seat 6: AngelovAlexMKD ($112.80 in chips) 
Ysiven: posts small blind $0.50
xcinaz: posts big blind $1
*** HOLE CARDS ***
reiyser: folds 
AngelovAlexMKD: folds 
imhungarian8: folds 
Ysiven: raises $2 to $3
xcinaz: raises $6 to $9
Ysiven: raises $11 to $20
xcinaz: calls $11
*** FLOP *** [2d 5d 6d]
Ysiven: bets $19
xcinaz: folds 
Uncalled bet ($19) returned to Ysiven
Ysiven collected $38 from pot
Ysiven: doesn't show hand 
*** SUMMARY ***
Total pot $40 | Rake $2 
Board [2d 5d 6d]
Seat 2: rao999
Seat 1: imhungarian8 (button) folded before Flop (didn't bet)
Seat 3: Ysiven (small blind) collected ($38)
Seat 4: xcinaz (big blind) folded on the Flop
Seat 5: reiyser folded before Flop (didn't bet)
Seat 6: AngelovAlexMKD folded before Flop (didn't bet)



PokerStars Hand #254768888262:  Hold'em No Limit ($0.50/$1.00 USD) - 2025/02/08 17:44:15 WET [2025/02/08 12:44:15 ET]
Table 'Aura II' 6-max Seat #3 is the button
Seat 2: rao999 ($134.36 in chips) is sitting out
Seat 1: imhungarian8 ($100 in chips) 
Seat 3: Ysiven ($126.27 in chips) 
Seat 4: xcinaz ($174.88 in chips) 
Seat 5: reiyser ($103.30 in chips) 
Seat 6: AngelovAlexMKD ($112.80 in chips) 
xcinaz: posts small blind $0.50
reiyser: posts big blind $1
*** HOLE CARDS ***
AngelovAlexMKD: folds 
imhungarian8: folds 
Ysiven: raises $1.50 to $2.50
xcinaz: raises $9 to $11.50
reiyser: folds 
Ysiven: folds 
Uncalled bet ($9) returned to xcinaz
xcinaz collected $6 from pot
xcinaz: doesn't show hand 
*** SUMMARY ***
Total pot $6 | Rake $0 
Seat 2: rao999
Seat 1: imhungarian8 folded before Flop (didn't bet)
Seat 3: Ysiven (button) folded before Flop
Seat 4: xcinaz (small blind) collected ($6)
Seat 5: reiyser (big blind) folded before Flop
Seat 6: AngelovAlexMKD folded before Flop (didn't bet)



PokerStars Hand #254768894177:  Hold'em No Limit ($0.50/$1.00 USD) - 2025/02/08 17:44:36 WET [2025/02/08 12:44:36 ET]
Table 'Aura II' 6-max Seat #4 is the button
Seat 2: rao999 ($134.36 in chips) is sitting out
Seat 1: imhungarian8 ($100 in chips) 
Seat 3: Ysiven ($123.77 in chips) 
Seat 4: xcinaz ($178.38 in chips) 
Seat 5: reiyser ($102.30 in chips) 
Seat 6: AngelovAlexMKD ($112.80 in chips) 
reiyser: posts small blind $0.50
AngelovAlexMKD: posts big blind $1
*** HOLE CARDS ***
imhungarian8: folds 
Ysiven: folds 
xcinaz: folds 
reiyser: folds 
Uncalled bet ($0.50) returned to AngelovAlexMKD
AngelovAlexMKD collected $1 from pot
AngelovAlexMKD: doesn't show hand 
*** SUMMARY ***
Total pot $1 | Rake $0 
Seat 2: rao999
Seat 1: imhungarian8 folded before Flop (didn't bet)
Seat 3: Ysiven folded before Flop (didn't bet)
Seat 4: xcinaz (button) folded before Flop (didn't bet)
Seat 5: reiyser (small blind) folded before Flop
Seat 6: AngelovAlexMKD (big blind) collected ($1)



PokerStars Hand #254768897486:  Hold'em No Limit ($0.50/$1.00 USD) - 2025/02/08 17:44:48 WET [2025/02/08 12:44:48 ET]
Table 'Aura II' 6-max Seat #5 is the button
Seat 2: rao999 ($134.36 in chips) is sitting out
Seat 1: imhungarian8 ($100 in chips) 
Seat 3: Ysiven ($123.77 in chips) 
Seat 4: xcinaz ($178.38 in chips) 
Seat 5: reiyser ($101.80 in chips) 
Seat 6: AngelovAlexMKD ($113.30 in chips) 
AngelovAlexMKD: posts small blind $0.50
imhungarian8: posts big blind $1
*** HOLE CARDS ***
Ysiven: folds 
rao999 leaves the table
xcinaz: folds 
reiyser: folds 
canibal27 joins the table at seat #2 
AngelovAlexMKD: folds 
Uncalled bet ($0.50) returned to imhungarian8
imhungarian8 collected $1 from pot
imhungarian8: doesn't show hand 
*** SUMMARY ***
Total pot $1 | Rake $0 
Seat 2: rao999
Seat 1: imhungarian8 (big blind) collected ($1)
Seat 3: Ysiven folded before Flop (didn't bet)
Seat 4: xcinaz folded before Flop (didn't bet)
Seat 5: reiyser (button) folded before Flop (didn't bet)
Seat 6: AngelovAlexMKD (small blind) folded before Flop



PokerStars Hand #254768901166:  Hold'em No Limit ($0.50/$1.00 USD) - 2025/02/08 17:45:01 WET [2025/02/08 12:45:01 ET]
Table 'Aura II' 6-max Seat #6 is the button
Seat 1: imhungarian8 ($100.50 in chips) 
Seat 2: canibal27 ($100 in chips) 
Seat 3: Ysiven ($123.77 in chips) 
Seat 4: xcinaz ($178.38 in chips) 
Seat 5: reiyser ($101.80 in chips) 
Seat 6: AngelovAlexMKD ($112.80 in chips) 
imhungarian8: posts small blind $0.50
canibal27: posts big blind $1
*** HOLE CARDS ***
Ysiven: folds 
xcinaz: folds 
reiyser: folds 
AngelovAlexMKD: folds 
imhungarian8: folds 
Uncalled bet ($0.50) returned to canibal27
canibal27 collected $1 from pot
canibal27: doesn't show hand 
*** SUMMARY ***
Total pot $1 | Rake $0 
Seat 1: imhungarian8 (small blind) folded before Flop
Seat 2: canibal27 (big blind) collected ($1)
Seat 3: Ysiven folded before Flop (didn't bet)
Seat 4: xcinaz folded before Flop (didn't bet)
Seat 5: reiyser folded before Flop (didn't bet)
Seat 6: AngelovAlexMKD (button) folded before Flop (didn't bet)



PokerStars Hand #254768904662:  Hold'em No Limit ($0.50/$1.00 USD) - 2025/02/08 17:45:14 WET [2025/02/08 12:45:14 ET]
Table 'Aura II' 6-max Seat #1 is the button
Seat 1: imhungarian8 ($100 in chips) 
Seat 2: canibal27 ($100.50 in chips) 
Seat 3: Ysiven ($123.77 in chips) 
Seat 4: xcinaz ($178.38 in chips) 
Seat 5: reiyser ($101.80 in chips) 
Seat 6: AngelovAlexMKD ($112.80 in chips) 
canibal27: posts small blind $0.50
Ysiven: posts big blind $1
*** HOLE CARDS ***
xcinaz: folds 
reiyser: folds 
AngelovAlexMKD: folds 
imhungarian8: raises $1.50 to $2.50
canibal27: raises $8.50 to $11
Ysiven: folds 
imhungarian8: folds 
Uncalled bet ($8.50) returned to canibal27
canibal27 collected $6 from pot
canibal27: doesn't show hand 
*** SUMMARY ***
Total pot $6 | Rake $0 
Seat 1: imhungarian8 (button) folded before Flop
Seat 2: canibal27 (small blind) collected ($6)
Seat 3: Ysiven (big blind) folded before Flop
Seat 4: xcinaz folded before Flop (didn't bet)
Seat 5: reiyser folded before Flop (didn't bet)
Seat 6: AngelovAlexMKD folded before Flop (didn't bet)



PokerStars Hand #254768909351:  Hold'em No Limit ($0.50/$1.00 USD) - 2025/02/08 17:45:31 WET [2025/02/08 12:45:31 ET]
Table 'Aura II' 6-max Seat #2 is the button
Seat 1: imhungarian8 ($100 in chips) 
Seat 2: canibal27 ($104 in chips) 
Seat 3: Ysiven ($122.77 in chips) 
Seat 4: xcinaz ($178.38 in chips) 
Seat 5: reiyser ($101.80 in chips) 
Seat 6: AngelovAlexMKD ($112.80 in chips) 
Ysiven: posts small blind $0.50
xcinaz: posts big blind $1
*** HOLE CARDS ***
reiyser: folds 
AngelovAlexMKD: folds 
imhungarian8: folds 
canibal27: raises $1.50 to $2.50
Ysiven: folds 
xcinaz: folds 
Uncalled bet ($1.50) returned to canibal27
canibal27 collected $2.50 from pot
canibal27: doesn't show hand 
*** SUMMARY ***
Total pot $2.50 | Rake $0 
Seat 1: imhungarian8 folded before Flop (didn't bet)
Seat 2: canibal27 (button) collected ($2.50)
Seat 3: Ysiven (small blind) folded before Flop
Seat 4: xcinaz (big blind) folded before Flop
Seat 5: reiyser folded before Flop (didn't bet)
Seat 6: AngelovAlexMKD folded before Flop (didn't bet)



PokerStars Hand #254768914359:  Hold'em No Limit ($0.50/$1.00 USD) - 2025/02/08 17:45:49 WET [2025/02/08 12:45:49 ET]
Table 'Aura II' 6-max Seat #3 is the button
Seat 1: imhungarian8 ($100 in chips) 
Seat 2: canibal27 ($105.50 in chips) 
Seat 3: Ysiven ($122.27 in chips) 
Seat 4: xcinaz ($177.38 in chips) 
Seat 5: reiyser ($101.80 in chips) 
Seat 6: AngelovAlexMKD ($112.80 in chips) 
xcinaz: posts small blind $0.50
reiyser: posts big blind $1
*** HOLE CARDS ***
AngelovAlexMKD: raises $1.25 to $2.25
imhungarian8: folds 
canibal27: folds 
Ysiven: folds 
xcinaz: folds 
reiyser: calls $1.25
*** FLOP *** [7s 8c Kc]
reiyser: checks 
AngelovAlexMKD: bets $1.57
reiyser: calls $1.57
*** TURN *** [7s 8c Kc] [2c]
reiyser: checks 
AngelovAlexMKD: bets $5.10
reiyser: folds 
Uncalled bet ($5.10) returned to AngelovAlexMKD
AngelovAlexMKD collected $7.63 from pot
AngelovAlexMKD: doesn't show hand 
*** SUMMARY ***
Total pot $8.14 | Rake $0.51 
Board [7s 8c Kc 2c]
Seat 1: imhungarian8 folded before Flop (didn't bet)
Seat 2: canibal27 folded before Flop (didn't bet)
Seat 3: Ysiven (button) folded before Flop (didn't bet)
Seat 4: xcinaz (small blind) folded before Flop
Seat 5: reiyser (big blind) folded on the Turn
Seat 6: AngelovAlexMKD collected ($7.63)



PokerStars Hand #254768930870:  Hold'em No Limit ($0.50/$1.00 USD) - 2025/02/08 17:46:48 WET [2025/02/08 12:46:48 ET]
Table 'Aura II' 6-max Seat #4 is the button
Seat 1: imhungarian8 ($100 in chips) 
Seat 2: canibal27 ($105.50 in chips) 
Seat 3: Ysiven ($122.27 in chips) 
Seat 4: xcinaz ($176.88 in chips) 
Seat 5: reiyser ($100 in chips) 
Seat 6: AngelovAlexMKD ($116.61 in chips) 
reiyser: posts small blind $0.50
AngelovAlexMKD: posts big blind $1
*** HOLE CARDS ***
imhungarian8: folds 
canibal27: folds 
Ysiven: folds 
xcinaz: folds 
reiyser: folds 
Uncalled bet ($0.50) returned to AngelovAlexMKD
AngelovAlexMKD collected $1 from pot
AngelovAlexMKD: doesn't show hand 
*** SUMMARY ***
Total pot $1 | Rake $0 
Seat 1: imhungarian8 folded before Flop (didn't bet)
Seat 2: canibal27 folded before Flop (didn't bet)
Seat 3: Ysiven folded before Flop (didn't bet)
Seat 4: xcinaz (button) folded before Flop (didn't bet)
Seat 5: reiyser (small blind) folded before Flop
Seat 6: AngelovAlexMKD (big blind) collected ($1)



PokerStars Hand #254768934870:  Hold'em No Limit ($0.50/$1.00 USD) - 2025/02/08 17:47:02 WET [2025/02/08 12:47:02 ET]
Table 'Aura II' 6-max Seat #5 is the button
Seat 1: imhungarian8 ($100 in chips) 
Seat 2: canibal27 ($105.50 in chips) 
Seat 3: Ysiven ($122.27 in chips) 
Seat 4: xcinaz ($176.88 in chips) 
Seat 5: reiyser ($100 in chips) 
Seat 6: AngelovAlexMKD ($117.11 in chips) 
AngelovAlexMKD: posts small blind $0.50
imhungarian8: posts big blind $1
*** HOLE CARDS ***
canibal27: folds 
Ysiven: raises $1 to $2
xcinaz: folds 
reiyser: folds 
AngelovAlexMKD: folds 
imhungarian8: folds 
Uncalled bet ($1) returned to Ysiven
Ysiven collected $2.50 from pot
Ysiven: doesn't show hand 
*** SUMMARY ***
Total pot $2.50 | Rake $0 
Seat 1: imhungarian8 (big blind) folded before Flop
Seat 2: canibal27 folded before Flop (didn't bet)
Seat 3: Ysiven collected ($2.50)
Seat 4: xcinaz folded before Flop (didn't bet)
Seat 5: reiyser (button) folded before Flop (didn't bet)
Seat 6: AngelovAlexMKD (small blind) folded before Flop



PokerStars Hand #254768944956:  Hold'em No Limit ($0.50/$1.00 USD) - 2025/02/08 17:47:39 WET [2025/02/08 12:47:39 ET]
Table 'Aura II' 6-max Seat #6 is the button
Seat 1: imhungarian8 ($100 in chips) 
Seat 2: canibal27 ($105.50 in chips) 
Seat 3: Ysiven ($123.77 in chips) 
Seat 4: xcinaz ($176.88 in chips) 
Seat 5: reiyser ($100 in chips) 
Seat 6: AngelovAlexMKD ($116.61 in chips) 
imhungarian8: posts small blind $0.50
canibal27: posts big blind $1
*** HOLE CARDS ***
Ysiven: folds 
xcinaz: folds 
reiyser: folds 
AngelovAlexMKD: folds 
imhungarian8: raises $2 to $3
canibal27: folds 
Uncalled bet ($2) returned to imhungarian8
imhungarian8 collected $2 from pot
imhungarian8: doesn't show hand 
*** SUMMARY ***
Total pot $2 | Rake $0 
Seat 1: imhungarian8 (small blind) collected ($2)
Seat 2: canibal27 (big blind) folded before Flop
Seat 3: Ysiven folded before Flop (didn't bet)
Seat 4: xcinaz folded before Flop (didn't bet)
Seat 5: reiyser folded before Flop (didn't bet)
Seat 6: AngelovAlexMKD (button) folded before Flop (didn't bet)



PokerStars Hand #254768952692:  Hold'em No Limit ($0.50/$1.00 USD) - 2025/02/08 17:48:07 WET [2025/02/08 12:48:07 ET]
Table 'Aura II' 6-max Seat #1 is the button
Seat 1: imhungarian8 ($101 in chips) 
Seat 2: canibal27 ($104.50 in chips) 
Seat 3: Ysiven ($123.77 in chips) 
Seat 4: xcinaz ($176.88 in chips) 
Seat 5: reiyser ($100 in chips) 
Seat 6: AngelovAlexMKD ($116.61 in chips) 
canibal27: posts small blind $0.50
Ysiven: posts big blind $1
*** HOLE CARDS ***
xcinaz: raises $1 to $2
reiyser: folds 
AngelovAlexMKD: folds 
imhungarian8: folds 
canibal27: folds 
Ysiven: calls $1
*** FLOP *** [Kh 7c 9c]
Ysiven: checks 
xcinaz: checks 
*** TURN *** [Kh 7c 9c] [4c]
Ysiven: checks 
xcinaz: checks 
*** RIVER *** [Kh 7c 9c 4c] [5d]
Ysiven: checks 
xcinaz: bets $1.41
Ysiven: folds 
Uncalled bet ($1.41) returned to xcinaz
xcinaz collected $4.28 from pot
xcinaz: doesn't show hand 
*** SUMMARY ***
Total pot $4.50 | Rake $0.22 
Board [Kh 7c 9c 4c 5d]
Seat 1: imhungarian8 (button) folded before Flop (didn't bet)
Seat 2: canibal27 (small blind) folded before Flop
Seat 3: Ysiven (big blind) folded on the River
Seat 4: xcinaz collected ($4.28)
Seat 5: reiyser folded before Flop (didn't bet)
Seat 6: AngelovAlexMKD folded before Flop (didn't bet)



PokerStars Hand #254768979946:  Hold'em No Limit ($0.50/$1.00 USD) - 2025/02/08 17:49:45 WET [2025/02/08 12:49:45 ET]
Table 'Aura II' 6-max Seat #2 is the button
Seat 1: imhungarian8 ($101 in chips) 
Seat 2: canibal27 ($104 in chips) 
Seat 3: Ysiven ($121.77 in chips) 
Seat 4: xcinaz ($179.16 in chips) 
Seat 5: reiyser ($100 in chips) 
Seat 6: AngelovAlexMKD ($116.61 in chips) 
Ysiven: posts small blind $0.50
xcinaz: posts big blind $1
*** HOLE CARDS ***
reiyser: folds 
AngelovAlexMKD: folds 
imhungarian8: folds 
canibal27: raises $1.50 to $2.50
Ysiven: folds 
xcinaz: folds 
Uncalled bet ($1.50) returned to canibal27
canibal27 collected $2.50 from pot
canibal27: doesn't show hand 
*** SUMMARY ***
Total pot $2.50 | Rake $0 
Seat 1: imhungarian8 folded before Flop (didn't bet)
Seat 2: canibal27 (button) collected ($2.50)
Seat 3: Ysiven (small blind) folded before Flop
Seat 4: xcinaz (big blind) folded before Flop
Seat 5: reiyser folded before Flop (didn't bet)
Seat 6: AngelovAlexMKD folded before Flop (didn't bet)



PokerStars Hand #254768988285:  Hold'em No Limit ($0.50/$1.00 USD) - 2025/02/08 17:50:15 WET [2025/02/08 12:50:15 ET]
Table 'Aura II' 6-max Seat #3 is the button
Seat 1: imhungarian8 ($101 in chips) 
Seat 2: canibal27 ($105.50 in chips) 
Seat 3: Ysiven ($121.27 in chips) 
Seat 4: xcinaz ($178.16 in chips) 
Seat 5: reiyser ($100 in chips) 
Seat 6: AngelovAlexMKD ($116.61 in chips) 
xcinaz: posts small blind $0.50
reiyser: posts big blind $1
*** HOLE CARDS ***
AngelovAlexMKD: raises $1.25 to $2.25
imhungarian8: folds 
canibal27: folds 
Ysiven: folds 
xcinaz: folds 
reiyser: folds 
Uncalled bet ($1.25) returned to AngelovAlexMKD
AngelovAlexMKD collected $2.50 from pot
AngelovAlexMKD: doesn't show hand 
*** SUMMARY ***
Total pot $2.50 | Rake $0 
Seat 1: imhungarian8 folded before Flop (didn't bet)
Seat 2: canibal27 folded before Flop (didn't bet)
Seat 3: Ysiven (button) folded before Flop (didn't bet)
Seat 4: xcinaz (small blind) folded before Flop
Seat 5: reiyser (big blind) folded before Flop
Seat 6: AngelovAlexMKD collected ($2.50)



PokerStars Hand #254768992663:  Hold'em No Limit ($0.50/$1.00 USD) - 2025/02/08 17:50:31 WET [2025/02/08 12:50:31 ET]
Table 'Aura II' 6-max Seat #4 is the button
Seat 1: imhungarian8 ($101 in chips) 
Seat 2: canibal27 ($105.50 in chips) 
Seat 3: Ysiven ($121.27 in chips) 
Seat 4: xcinaz ($177.66 in chips) 
Seat 5: reiyser ($100 in chips) 
Seat 6: AngelovAlexMKD ($118.11 in chips) 
reiyser: posts small blind $0.50
AngelovAlexMKD: posts big blind $1
*** HOLE CARDS ***
imhungarian8: folds 
canibal27: folds 
Ysiven: folds 
xcinaz: folds 
reiyser: folds 
Uncalled bet ($0.50) returned to AngelovAlexMKD
AngelovAlexMKD collected $1 from pot
AngelovAlexMKD: doesn't show hand 
*** SUMMARY ***
Total pot $1 | Rake $0 
Seat 1: imhungarian8 folded before Flop (didn't bet)
Seat 2: canibal27 folded before Flop (didn't bet)
Seat 3: Ysiven folded before Flop (didn't bet)
Seat 4: xcinaz (button) folded before Flop (didn't bet)
Seat 5: reiyser (small blind) folded before Flop
Seat 6: AngelovAlexMKD (big blind) collected ($1)



PokerStars Hand #254768997721:  Hold'em No Limit ($0.50/$1.00 USD) - 2025/02/08 17:50:50 WET [2025/02/08 12:50:50 ET]
Table 'Aura II' 6-max Seat #5 is the button
Seat 1: imhungarian8 ($101 in chips) 
Seat 2: canibal27 ($105.50 in chips) 
Seat 3: Ysiven ($121.27 in chips) 
Seat 4: xcinaz ($177.66 in chips) 
Seat 5: reiyser ($100 in chips) 
Seat 6: AngelovAlexMKD ($118.61 in chips) 
AngelovAlexMKD: posts small blind $0.50
imhungarian8: posts big blind $1
*** HOLE CARDS ***
canibal27: folds 
Ysiven: folds 
xcinaz: folds 
reiyser: folds 
AngelovAlexMKD: folds 
Uncalled bet ($0.50) returned to imhungarian8
imhungarian8 collected $1 from pot
imhungarian8: doesn't show hand 
*** SUMMARY ***
Total pot $1 | Rake $0 
Seat 1: imhungarian8 (big blind) collected ($1)
Seat 2: canibal27 folded before Flop (didn't bet)
Seat 3: Ysiven folded before Flop (didn't bet)
Seat 4: xcinaz folded before Flop (didn't bet)
Seat 5: reiyser (button) folded before Flop (didn't bet)
Seat 6: AngelovAlexMKD (small blind) folded before Flop



PokerStars Hand #254769001972:  Hold'em No Limit ($0.50/$1.00 USD) - 2025/02/08 17:51:05 WET [2025/02/08 12:51:05 ET]
Table 'Aura II' 6-max Seat #6 is the button
Seat 1: imhungarian8 ($101.50 in chips) 
Seat 2: canibal27 ($105.50 in chips) 
Seat 3: Ysiven ($121.27 in chips) 
Seat 4: xcinaz ($177.66 in chips) 
Seat 5: reiyser ($100 in chips) 
Seat 6: AngelovAlexMKD ($118.11 in chips) 
imhungarian8: posts small blind $0.50
canibal27: posts big blind $1
*** HOLE CARDS ***
Ysiven: folds 
xcinaz: folds 
reiyser: folds 
AngelovAlexMKD: raises $1.50 to $2.50
imhungarian8: folds 
canibal27: calls $1.50
*** FLOP *** [Kh 8h 5h]
canibal27: checks 
AngelovAlexMKD: checks 
*** TURN *** [Kh 8h 5h] [7d]
canibal27: checks 
AngelovAlexMKD: bets $3.45
canibal27: folds 
Uncalled bet ($3.45) returned to AngelovAlexMKD
AngelovAlexMKD collected $5.15 from pot
AngelovAlexMKD: doesn't show hand 
*** SUMMARY ***
Total pot $5.50 | Rake $0.35 
Board [Kh 8h 5h 7d]
Seat 1: imhungarian8 (small blind) folded before Flop
Seat 2: canibal27 (big blind) folded on the Turn
Seat 3: Ysiven folded before Flop (didn't bet)
Seat 4: xcinaz folded before Flop (didn't bet)
Seat 5: reiyser folded before Flop (didn't bet)
Seat 6: AngelovAlexMKD (button) collected ($5.15)



PokerStars Hand #254769017824:  Hold'em No Limit ($0.50/$1.00 USD) - 2025/02/08 17:52:03 WET [2025/02/08 12:52:03 ET]
Table 'Aura II' 6-max Seat #1 is the button
Seat 1: imhungarian8 ($101 in chips) 
Seat 2: canibal27 ($103 in chips) 
Seat 3: Ysiven ($121.27 in chips) 
Seat 4: xcinaz ($177.66 in chips) 
Seat 5: reiyser ($100 in chips) 
Seat 6: AngelovAlexMKD ($120.76 in chips) 
canibal27: posts small blind $0.50
Ysiven: posts big blind $1
*** HOLE CARDS ***
xcinaz: folds 
reiyser: raises $1.23 to $2.23
AngelovAlexMKD: folds 
imhungarian8: folds 
canibal27: folds 
Ysiven: calls $1.23
*** FLOP *** [Ts Tc 4h]
Ysiven: checks 
reiyser: checks 
*** TURN *** [Ts Tc 4h] [2s]
Ysiven: bets $1.55
reiyser: calls $1.55
*** RIVER *** [Ts Tc 4h 2s] [3d]
Ysiven: bets $2.53
reiyser: folds 
Uncalled bet ($2.53) returned to Ysiven
Ysiven collected $7.66 from pot
Ysiven: doesn't show hand 
*** SUMMARY ***
Total pot $8.06 | Rake $0.40 
Board [Ts Tc 4h 2s 3d]
Seat 1: imhungarian8 (button) folded before Flop (didn't bet)
Seat 2: canibal27 (small blind) folded before Flop
Seat 3: Ysiven (big blind) collected ($7.66)
Seat 4: xcinaz folded before Flop (didn't bet)
Seat 5: reiyser folded on the River
Seat 6: AngelovAlexMKD folded before Flop (didn't bet)



PokerStars Hand #254769038545:  Hold'em No Limit ($0.50/$1.00 USD) - 2025/02/08 17:53:19 WET [2025/02/08 12:53:19 ET]
Table 'Aura II' 6-max Seat #2 is the button
Seat 1: imhungarian8 ($101 in chips) 
Seat 2: canibal27 ($102.50 in chips) 
Seat 3: Ysiven ($125.15 in chips) 
Seat 4: xcinaz ($177.66 in chips) 
Seat 5: reiyser ($100 in chips) 
Seat 6: AngelovAlexMKD ($120.76 in chips) 
Ysiven: posts small blind $0.50
xcinaz: posts big blind $1
*** HOLE CARDS ***
reiyser: folds 
AngelovAlexMKD: raises $1.25 to $2.25
imhungarian8: folds 
canibal27: folds 
Ysiven: folds 
xcinaz: folds 
Uncalled bet ($1.25) returned to AngelovAlexMKD
AngelovAlexMKD collected $2.50 from pot
AngelovAlexMKD: doesn't show hand 
*** SUMMARY ***
Total pot $2.50 | Rake $0 
Seat 1: imhungarian8 folded before Flop (didn't bet)
Seat 2: canibal27 (button) folded before Flop (didn't bet)
Seat 3: Ysiven (small blind) folded before Flop
Seat 4: xcinaz (big blind) folded before Flop
Seat 5: reiyser folded before Flop (didn't bet)
Seat 6: AngelovAlexMKD collected ($2.50)



PokerStars Hand #254769047521:  Hold'em No Limit ($0.50/$1.00 USD) - 2025/02/08 17:53:52 WET [2025/02/08 12:53:52 ET]
Table 'Aura II' 6-max Seat #3 is the button
Seat 1: imhungarian8 ($101 in chips) 
Seat 2: canibal27 ($102.50 in chips) 
Seat 3: Ysiven ($124.65 in chips) 
Seat 4: xcinaz ($176.66 in chips) 
Seat 5: reiyser ($100 in chips) 
Seat 6: AngelovAlexMKD ($122.26 in chips) 
xcinaz: posts small blind $0.50
reiyser: posts big blind $1
*** HOLE CARDS ***
AngelovAlexMKD: folds 
imhungarian8: folds 
canibal27: raises $1.30 to $2.30
Ysiven: folds 
xcinaz: folds 
reiyser: calls $1.30
*** FLOP *** [8h 9h 8c]
reiyser: checks 
canibal27: bets $1.60
reiyser: calls $1.60
*** TURN *** [8h 9h 8c] [5h]
reiyser: checks 
canibal27: checks 
*** RIVER *** [8h 9h 8c 5h] [5c]
reiyser: checks 
canibal27: bets $5.28
reiyser: folds 
Uncalled bet ($5.28) returned to canibal27
canibal27 collected $7.88 from pot
canibal27: doesn't show hand 
*** SUMMARY ***
Total pot $8.30 | Rake $0.42 
Board [8h 9h 8c 5h 5c]
Seat 1: imhungarian8 folded before Flop (didn't bet)
Seat 2: canibal27 collected ($7.88)
Seat 3: Ysiven (button) folded before Flop (didn't bet)
Seat 4: xcinaz (small blind) folded before Flop
Seat 5: reiyser (big blind) folded on the River
Seat 6: AngelovAlexMKD folded before Flop (didn't bet)



PokerStars Hand #254769065286:  Hold'em No Limit ($0.50/$1.00 USD) - 2025/02/08 17:54:57 WET [2025/02/08 12:54:57 ET]
Table 'Aura II' 6-max Seat #4 is the button
Seat 1: imhungarian8 ($101 in chips) 
Seat 2: canibal27 ($106.48 in chips) 
Seat 3: Ysiven ($124.65 in chips) 
Seat 4: xcinaz ($176.16 in chips) 
Seat 5: reiyser ($100 in chips) 
Seat 6: AngelovAlexMKD ($122.26 in chips) 
reiyser: posts small blind $0.50
AngelovAlexMKD: posts big blind $1
*** HOLE CARDS ***
imhungarian8: raises $1 to $2
canibal27: folds 
Ysiven: folds 
xcinaz: raises $6 to $8
reiyser: folds 
AngelovAlexMKD: folds 
imhungarian8: folds 
Uncalled bet ($6) returned to xcinaz
xcinaz collected $5.50 from pot
xcinaz: doesn't show hand 
*** SUMMARY ***
Total pot $5.50 | Rake $0 
Seat 1: imhungarian8 folded before Flop
Seat 2: canibal27 folded before Flop (didn't bet)
Seat 3: Ysiven folded before Flop (didn't bet)
Seat 4: xcinaz (button) collected ($5.50)
Seat 5: reiyser (small blind) folded before Flop
Seat 6: AngelovAlexMKD (big blind) folded before Flop



PokerStars Hand #254769070579:  Hold'em No Limit ($0.50/$1.00 USD) - 2025/02/08 17:55:22 WET [2025/02/08 12:55:22 ET]
Table 'Aura II' 6-max Seat #5 is the button
Seat 1: imhungarian8 ($100 in chips) 
Seat 2: canibal27 ($106.48 in chips) 
Seat 3: Ysiven ($124.65 in chips) 
Seat 4: xcinaz ($179.66 in chips) 
Seat 5: reiyser ($100 in chips) 
Seat 6: AngelovAlexMKD ($121.26 in chips) 
AngelovAlexMKD: posts small blind $0.50
imhungarian8: posts big blind $1
*** HOLE CARDS ***
canibal27: folds 
Ysiven: folds 
xcinaz: folds 
reiyser: folds 
AngelovAlexMKD: raises $2 to $3
imhungarian8: folds 
Uncalled bet ($2) returned to AngelovAlexMKD
AngelovAlexMKD collected $2 from pot
AngelovAlexMKD: doesn't show hand 
*** SUMMARY ***
Total pot $2 | Rake $0 
Seat 1: imhungarian8 (big blind) folded before Flop
Seat 2: canibal27 folded before Flop (didn't bet)
Seat 3: Ysiven folded before Flop (didn't bet)
Seat 4: xcinaz folded before Flop (didn't bet)
Seat 5: reiyser (button) folded before Flop (didn't bet)
Seat 6: AngelovAlexMKD (small blind) collected ($2)



PokerStars Hand #254769074477:  Hold'em No Limit ($0.50/$1.00 USD) - 2025/02/08 17:55:43 WET [2025/02/08 12:55:43 ET]
Table 'Aura II' 6-max Seat #6 is the button
Seat 1: imhungarian8 ($100 in chips) 
Seat 2: canibal27 ($106.48 in chips) 
Seat 3: Ysiven ($124.65 in chips) 
Seat 4: xcinaz ($179.66 in chips) 
Seat 5: reiyser ($100 in chips) 
Seat 6: AngelovAlexMKD ($122.26 in chips) 
imhungarian8: posts small blind $0.50
canibal27: posts big blind $1
*** HOLE CARDS ***
Ysiven: raises $1 to $2
xcinaz: folds 
reiyser: folds 
AngelovAlexMKD: folds 
imhungarian8: folds 
canibal27: folds 
Uncalled bet ($1) returned to Ysiven
Ysiven collected $2.50 from pot
Ysiven: doesn't show hand 
*** SUMMARY ***
Total pot $2.50 | Rake $0 
Seat 1: imhungarian8 (small blind) folded before Flop
Seat 2: canibal27 (big blind) folded before Flop
Seat 3: Ysiven collected ($2.50)
Seat 4: xcinaz folded before Flop (didn't bet)
Seat 5: reiyser folded before Flop (didn't bet)
Seat 6: AngelovAlexMKD (button) folded before Flop (didn't bet)



PokerStars Hand #254769077564:  Hold'em No Limit ($0.50/$1.00 USD) - 2025/02/08 17:55:59 WET [2025/02/08 12:55:59 ET]
Table 'Aura II' 6-max Seat #1 is the button
Seat 1: imhungarian8 ($100 in chips) 
Seat 2: canibal27 ($105.48 in chips) 
Seat 3: Ysiven ($126.15 in chips) 
Seat 4: xcinaz ($179.66 in chips) 
Seat 5: reiyser ($100 in chips) 
Seat 6: AngelovAlexMKD ($122.26 in chips) 
canibal27: posts small blind $0.50
Ysiven: posts big blind $1
*** HOLE CARDS ***
xcinaz: raises $1 to $2
reiyser: folds 
AngelovAlexMKD: folds 
imhungarian8: folds 
canibal27: folds 
Ysiven: calls $1
*** FLOP *** [Td Qd 2s]
Ysiven: checks 
xcinaz: bets $3.64
Ysiven: folds 
Uncalled bet ($3.64) returned to xcinaz
xcinaz collected $4.28 from pot
xcinaz: doesn't show hand 
*** SUMMARY ***
Total pot $4.50 | Rake $0.22 
Board [Td Qd 2s]
Seat 1: imhungarian8 (button) folded before Flop (didn't bet)
Seat 2: canibal27 (small blind) folded before Flop
Seat 3: Ysiven (big blind) folded on the Flop
Seat 4: xcinaz collected ($4.28)
Seat 5: reiyser folded before Flop (didn't bet)
Seat 6: AngelovAlexMKD folded before Flop (didn't bet)



PokerStars Hand #254769084229:  Hold'em No Limit ($0.50/$1.00 USD) - 2025/02/08 17:56:33 WET [2025/02/08 12:56:33 ET]
Table 'Aura II' 6-max Seat #2 is the button
Seat 1: imhungarian8 ($100 in chips) 
Seat 2: canibal27 ($104.98 in chips) 
Seat 3: Ysiven ($124.15 in chips) 
Seat 4: xcinaz ($181.94 in chips) 
Seat 5: reiyser ($100 in chips) 
Seat 6: AngelovAlexMKD ($122.26 in chips) 
Ysiven: posts small blind $0.50
xcinaz: posts big blind $1
*** HOLE CARDS ***
reiyser: raises $1.23 to $2.23
AngelovAlexMKD: folds 
imhungarian8: folds 
canibal27: folds 
Ysiven: folds 
xcinaz: calls $1.23
*** FLOP *** [2c Js 2h]
xcinaz: checks 
reiyser: bets $1.37
xcinaz: raises $3.73 to $5.10
reiyser: calls $3.73
*** TURN *** [2c Js 2h] [Jd]
xcinaz: bets $4.75
reiyser: calls $4.75
*** RIVER *** [2c Js 2h Jd] [3s]
xcinaz: bets $19.92
reiyser: folds 
Uncalled bet ($19.92) returned to xcinaz
xcinaz collected $23.43 from pot
xcinaz: doesn't show hand 
*** SUMMARY ***
Total pot $24.66 | Rake $1.23 
Board [2c Js 2h Jd 3s]
Seat 1: imhungarian8 folded before Flop (didn't bet)
Seat 2: canibal27 (button) folded before Flop (didn't bet)
Seat 3: Ysiven (small blind) folded before Flop
Seat 4: xcinaz (big blind) collected ($23.43)
Seat 5: reiyser folded on the River
Seat 6: AngelovAlexMKD folded before Flop (didn't bet)



PokerStars Hand #254769106650:  Hold'em No Limit ($0.50/$1.00 USD) - 2025/02/08 17:58:29 WET [2025/02/08 12:58:29 ET]
Table 'Aura II' 6-max Seat #3 is the button
Seat 1: imhungarian8 ($100 in chips) 
Seat 2: canibal27 ($104.98 in chips) 
Seat 3: Ysiven ($123.65 in chips) 
Seat 4: xcinaz ($193.29 in chips) 
Seat 5: reiyser ($100 in chips) 
Seat 6: AngelovAlexMKD ($122.26 in chips) 
xcinaz: posts small blind $0.50
reiyser: posts big blind $1
*** HOLE CARDS ***
AngelovAlexMKD: folds 
imhungarian8: folds 
canibal27: folds 
Ysiven: folds 
xcinaz: raises $2 to $3
reiyser: calls $2
*** FLOP *** [3h Ad 7d]
xcinaz: checks 
reiyser: checks 
*** TURN *** [3h Ad 7d] [4d]
xcinaz: bets $1.88
reiyser: calls $1.88
*** RIVER *** [3h Ad 7d 4d] [6d]
xcinaz: checks 
reiyser: checks 
*** SHOW DOWN ***
xcinaz: shows [Qc 5c] (a straight, Three to Seven)
reiyser: shows [7h 5h] (a straight, Three to Seven)
xcinaz collected $4.64 from pot
reiyser collected $4.63 from pot
*** SUMMARY ***
Total pot $9.76 | Rake $0.49 
Board [3h Ad 7d 4d 6d]
Seat 1: imhungarian8 folded before Flop (didn't bet)
Seat 2: canibal27 folded before Flop (didn't bet)
Seat 3: Ysiven (button) folded before Flop (didn't bet)
Seat 4: xcinaz (small blind) showed [Qc 5c] and won ($4.64) with a straight, Three to Seven
Seat 5: reiyser (big blind) showed [7h 5h] and won ($4.63) with a straight, Three to Seven
Seat 6: AngelovAlexMKD folded before Flop (didn't bet)



PokerStars Hand #254769123957:  Hold'em No Limit ($0.50/$1.00 USD) - 2025/02/08 17:59:58 WET [2025/02/08 12:59:58 ET]
Table 'Aura II' 6-max Seat #4 is the button
Seat 1: imhungarian8 ($100 in chips) 
Seat 2: canibal27 ($104.98 in chips) 
Seat 3: Ysiven ($123.65 in chips) 
Seat 4: xcinaz ($193.05 in chips) 
Seat 5: reiyser ($100 in chips) 
Seat 6: AngelovAlexMKD ($122.26 in chips) 
reiyser: posts small blind $0.50
AngelovAlexMKD: posts big blind $1
*** HOLE CARDS ***
imhungarian8: raises $1 to $2
canibal27: folds 
Ysiven: folds 
xcinaz: folds 
reiyser: folds 
AngelovAlexMKD: calls $1
*** FLOP *** [Th Qs 5h]
AngelovAlexMKD: checks 
imhungarian8: bets $2.14
AngelovAlexMKD: raises $5.65 to $7.79
imhungarian8: calls $5.65
*** TURN *** [Th Qs 5h] [7h]
AngelovAlexMKD: bets $19.10
imhungarian8: raises $71.11 to $90.21 and is all-in
AngelovAlexMKD: calls $71.11
*** RIVER *** [Th Qs 5h 7h] [3s]
*** SHOW DOWN ***
AngelovAlexMKD: shows [2h Ah] (a flush, Ace high)
imhungarian8: shows [Kh Jd] (high card King)
AngelovAlexMKD collected $197.38 from pot
*** SUMMARY ***
Total pot $200.50 | Rake $3.12 
Board [Th Qs 5h 7h 3s]
Seat 1: imhungarian8 showed [Kh Jd] and lost with high card King
Seat 2: canibal27 folded before Flop (didn't bet)
Seat 3: Ysiven folded before Flop (didn't bet)
Seat 4: xcinaz (button) folded before Flop (didn't bet)
Seat 5: reiyser (small blind) folded before Flop
Seat 6: AngelovAlexMKD (big blind) showed [2h Ah] and won ($197.38) with a flush, Ace high



PokerStars Hand #254769138613:  Hold'em No Limit ($0.50/$1.00 USD) - 2025/02/08 18:01:08 WET [2025/02/08 13:01:08 ET]
Table 'Aura II' 6-max Seat #5 is the button
Seat 1: imhungarian8 ($100 in chips) 
Seat 2: canibal27 ($104.98 in chips) 
Seat 3: Ysiven ($123.65 in chips) 
Seat 4: xcinaz ($193.05 in chips) 
Seat 5: reiyser ($100 in chips) 
Seat 6: AngelovAlexMKD ($219.64 in chips) 
AngelovAlexMKD: posts small blind $0.50
imhungarian8: posts big blind $1
*** HOLE CARDS ***
canibal27: folds 
Ysiven: folds 
xcinaz: raises $1.20 to $2.20
reiyser: folds 
AngelovAlexMKD: folds 
imhungarian8: calls $1.20
*** FLOP *** [5h 9d 7d]
imhungarian8: checks 
xcinaz: checks 
*** TURN *** [5h 9d 7d] [7h]
imhungarian8: checks 
xcinaz: bets $1.17
imhungarian8: folds 
Uncalled bet ($1.17) returned to xcinaz
xcinaz collected $4.66 from pot
xcinaz: doesn't show hand 
*** SUMMARY ***
Total pot $4.90 | Rake $0.24 
Board [5h 9d 7d 7h]
Seat 1: imhungarian8 (big blind) folded on the Turn
Seat 2: canibal27 folded before Flop (didn't bet)
Seat 3: Ysiven folded before Flop (didn't bet)
Seat 4: xcinaz collected ($4.66)
Seat 5: reiyser (button) folded before Flop (didn't bet)
Seat 6: AngelovAlexMKD (small blind) folded before Flop



PokerStars Hand #254769153966:  Hold'em No Limit ($0.50/$1.00 USD) - 2025/02/08 18:02:11 WET [2025/02/08 13:02:11 ET]
Table 'Aura II' 6-max Seat #6 is the button
Seat 2: canibal27 ($104.98 in chips) is sitting out
Seat 1: imhungarian8 ($100 in chips) 
Seat 3: Ysiven ($123.65 in chips) 
Seat 4: xcinaz ($195.51 in chips) 
Seat 5: reiyser ($100 in chips) 
Seat 6: AngelovAlexMKD ($219.14 in chips) 
imhungarian8: posts small blind $0.50
canibal27: is sitting out 
Ysiven: posts big blind $1
*** HOLE CARDS ***
xcinaz: folds 
reiyser: folds 
AngelovAlexMKD: folds 
imhungarian8: folds 
Uncalled bet ($0.50) returned to Ysiven
Ysiven collected $1 from pot
Ysiven: doesn't show hand 
*** SUMMARY ***
Total pot $1 | Rake $0 
Seat 2: canibal27
Seat 1: imhungarian8 (small blind) folded before Flop
Seat 3: Ysiven (big blind) collected ($1)
Seat 4: xcinaz folded before Flop (didn't bet)
Seat 5: reiyser folded before Flop (didn't bet)
Seat 6: AngelovAlexMKD (button) folded before Flop (didn't bet)



PokerStars Hand #254769158637:  Hold'em No Limit ($0.50/$1.00 USD) - 2025/02/08 18:02:28 WET [2025/02/08 13:02:28 ET]
Table 'Aura II' 6-max Seat #1 is the button
Seat 2: canibal27 ($104.98 in chips) is sitting out
Seat 4: xcinaz ($195.51 in chips) is sitting out
Seat 1: imhungarian8 ($100 in chips) 
Seat 3: Ysiven ($124.15 in chips) 
Seat 5: reiyser ($100 in chips) 
Seat 6: AngelovAlexMKD ($219.14 in chips) 
Ysiven: posts small blind $0.50
xcinaz: is sitting out 
reiyser: posts big blind $1
*** HOLE CARDS ***
xcinaz leaves the table
AngelovAlexMKD: folds 
imhungarian8: folds 
Ysiven: folds 
Uncalled bet ($0.50) returned to reiyser
reiyser collected $1 from pot
reiyser: doesn't show hand 
*** SUMMARY ***
Total pot $1 | Rake $0 
Seat 2: canibal27
Seat 4: xcinaz
Seat 1: imhungarian8 (button) folded before Flop (didn't bet)
Seat 3: Ysiven (small blind) folded before Flop
Seat 5: reiyser (big blind) collected ($1)
Seat 6: AngelovAlexMKD folded before Flop (didn't bet)



PokerStars Hand #254769161922:  Hold'em No Limit ($0.50/$1.00 USD) - 2025/02/08 18:02:39 WET [2025/02/08 13:02:39 ET]
Table 'Aura II' 6-max Seat #3 is the button
Seat 2: canibal27 ($104.98 in chips) is sitting out
Seat 1: imhungarian8 ($100 in chips) 
Seat 3: Ysiven ($123.65 in chips) 
Seat 5: reiyser ($100.50 in chips) 
Seat 6: AngelovAlexMKD ($219.14 in chips) 
reiyser: posts small blind $0.50
AngelovAlexMKD: posts big blind $1
*** HOLE CARDS ***
imhungarian8: raises $1.30 to $2.30
Ysiven: folds 
reiyser: raises $9.20 to $11.50
AngelovAlexMKD: folds 
imhungarian8: calls $9.20
*** FLOP *** [7c 3h 4c]
Unipoker11 joins the table at seat #4 
reiyser: checks 
imhungarian8: bets $6.90
reiyser: calls $6.90
*** TURN *** [7c 3h 4c] [Jd]
reiyser: checks 
imhungarian8: checks 
*** RIVER *** [7c 3h 4c Jd] [6d]
reiyser: checks 
imhungarian8: checks 
*** SHOW DOWN ***
reiyser: shows [Ah Ks] (high card Ace)
imhungarian8: shows [8d 8h] (a pair of Eights)
imhungarian8 collected $36.80 from pot
*** SUMMARY ***
Total pot $37.80 | Rake $1 
Board [7c 3h 4c Jd 6d]
Seat 2: canibal27
Seat 1: imhungarian8 showed [8d 8h] and won ($36.80) with a pair of Eights
Seat 3: Ysiven (button) folded before Flop (didn't bet)
Seat 5: reiyser (small blind) showed [Ah Ks] and lost with high card Ace
Seat 6: AngelovAlexMKD (big blind) folded before Flop



PokerStars Hand #254769178070:  Hold'em No Limit ($0.50/$1.00 USD) - 2025/02/08 18:03:38 WET [2025/02/08 13:03:38 ET]
Table 'Aura II' 6-max Seat #5 is the button
Seat 2: canibal27 ($104.98 in chips) is sitting out
Seat 4: Unipoker11 ($100 in chips) is sitting out
Seat 1: imhungarian8 ($118.40 in chips) 
Seat 3: Ysiven ($123.65 in chips) 
Seat 5: reiyser ($100 in chips) 
Seat 6: AngelovAlexMKD ($218.14 in chips) 
AngelovAlexMKD: posts small blind $0.50
imhungarian8: posts big blind $1
Unipoker11: sits out 
*** HOLE CARDS ***
Ysiven: folds 
reiyser: raises $1.23 to $2.23
AngelovAlexMKD: folds 
imhungarian8: calls $1.23
*** FLOP *** [3s 3h 6s]
imhungarian8: checks 
reiyser: checks 
*** TURN *** [3s 3h 6s] [Jh]
imhungarian8: checks 
reiyser: checks 
*** RIVER *** [3s 3h 6s Jh] [9d]
imhungarian8: bets $3.53
reiyser: folds 
Uncalled bet ($3.53) returned to imhungarian8
imhungarian8 collected $4.71 from pot
imhungarian8: doesn't show hand 
*** SUMMARY ***
Total pot $4.96 | Rake $0.25 
Board [3s 3h 6s Jh 9d]
Seat 2: canibal27
Seat 4: Unipoker11
Seat 1: imhungarian8 (big blind) collected ($4.71)
Seat 3: Ysiven folded before Flop (didn't bet)
Seat 5: reiyser (button) folded on the River
Seat 6: AngelovAlexMKD (small blind) folded before Flop



PokerStars Hand #254769189870:  Hold'em No Limit ($0.50/$1.00 USD) - 2025/02/08 18:04:21 WET [2025/02/08 13:04:21 ET]
Table 'Aura II' 6-max Seat #6 is the button
Seat 2: canibal27 ($104.98 in chips) is sitting out
Seat 4: Unipoker11 ($100 in chips) is sitting out
Seat 1: imhungarian8 ($120.88 in chips) 
Seat 3: Ysiven ($123.65 in chips) 
Seat 5: reiyser ($100 in chips) 
Seat 6: AngelovAlexMKD ($217.64 in chips) 
imhungarian8: posts small blind $0.50
Ysiven: posts big blind $1
Unipoker11: sits out 
*** HOLE CARDS ***
reiyser: folds 
AngelovAlexMKD: raises $1.50 to $2.50
imhungarian8: folds 
Ysiven: folds 
Uncalled bet ($1.50) returned to AngelovAlexMKD
AngelovAlexMKD collected $2.50 from pot
AngelovAlexMKD: doesn't show hand 
*** SUMMARY ***
Total pot $2.50 | Rake $0 
Seat 2: canibal27
Seat 4: Unipoker11
Seat 1: imhungarian8 (small blind) folded before Flop
Seat 3: Ysiven (big blind) folded before Flop
Seat 5: reiyser folded before Flop (didn't bet)
Seat 6: AngelovAlexMKD (button) collected ($2.50)



PokerStars Hand #254769193258:  Hold'em No Limit ($0.50/$1.00 USD) - 2025/02/08 18:04:34 WET [2025/02/08 13:04:34 ET]
Table 'Aura II' 6-max Seat #1 is the button
Seat 2: canibal27 ($104.98 in chips) is sitting out
Seat 1: imhungarian8 ($120.38 in chips) 
Seat 3: Ysiven ($122.65 in chips) 
Seat 4: Unipoker11 ($100 in chips) 
Seat 5: reiyser ($100 in chips) 
Seat 6: AngelovAlexMKD ($219.14 in chips) 
Ysiven: posts small blind $0.50
Unipoker11: posts big blind $1
*** HOLE CARDS ***
reiyser: folds 
AngelovAlexMKD: raises $1.50 to $2.50
imhungarian8: folds 
Ysiven: folds 
Unipoker11: folds 
Uncalled bet ($1.50) returned to AngelovAlexMKD
AngelovAlexMKD collected $2.50 from pot
AngelovAlexMKD: doesn't show hand 
*** SUMMARY ***
Total pot $2.50 | Rake $0 
Seat 2: canibal27
Seat 1: imhungarian8 (button) folded before Flop (didn't bet)
Seat 3: Ysiven (small blind) folded before Flop
Seat 4: Unipoker11 (big blind) folded before Flop
Seat 5: reiyser folded before Flop (didn't bet)
Seat 6: AngelovAlexMKD collected ($2.50)



PokerStars Hand #254769196865:  Hold'em No Limit ($0.50/$1.00 USD) - 2025/02/08 18:04:46 WET [2025/02/08 13:04:46 ET]
Table 'Aura II' 6-max Seat #3 is the button
Seat 2: canibal27 ($104.98 in chips) is sitting out
Seat 1: imhungarian8 ($120.38 in chips) 
Seat 3: Ysiven ($122.15 in chips) 
Seat 4: Unipoker11 ($100 in chips) 
Seat 5: reiyser ($100 in chips) 
Seat 6: AngelovAlexMKD ($220.64 in chips) 
Unipoker11: posts small blind $0.50
reiyser: posts big blind $1
*** HOLE CARDS ***
AngelovAlexMKD: folds 
imhungarian8: folds 
Ysiven: raises $1.50 to $2.50
Unipoker11: folds 
reiyser: calls $1.50
*** FLOP *** [6c 5h Jh]
reiyser: checks 
Ysiven: bets $2
reiyser: calls $2
*** TURN *** [6c 5h Jh] [9s]
reiyser: checks 
Ysiven: bets $5.41
reiyser: raises $15.99 to $21.40
Ysiven: calls $15.99
*** RIVER *** [6c 5h Jh 9s] [5s]
reiyser: checks 
Ysiven: checks 
*** SHOW DOWN ***
reiyser: shows [Th Ks] (a pair of Fives)
Ysiven: shows [Js Qh] (two pair, Jacks and Fives)
Ysiven collected $49.80 from pot
*** SUMMARY ***
Total pot $52.30 | Rake $2.50 
Board [6c 5h Jh 9s 5s]
Seat 2: canibal27
Seat 1: imhungarian8 folded before Flop (didn't bet)
Seat 3: Ysiven (button) showed [Js Qh] and won ($49.80) with two pair, Jacks and Fives
Seat 4: Unipoker11 (small blind) folded before Flop
Seat 5: reiyser (big blind) showed [Th Ks] and lost with a pair of Fives
Seat 6: AngelovAlexMKD folded before Flop (didn't bet)



PokerStars Hand #254769220346:  Hold'em No Limit ($0.50/$1.00 USD) - 2025/02/08 18:06:10 WET [2025/02/08 13:06:10 ET]
Table 'Aura II' 6-max Seat #4 is the button
Seat 2: canibal27 ($104.98 in chips) is sitting out
Seat 1: imhungarian8 ($120.38 in chips) 
Seat 3: Ysiven ($146.05 in chips) 
Seat 4: Unipoker11 ($100 in chips) 
Seat 5: reiyser ($100 in chips) 
Seat 6: AngelovAlexMKD ($220.64 in chips) 
reiyser: posts small blind $0.50
AngelovAlexMKD: posts big blind $1
*** HOLE CARDS ***
imhungarian8: raises $1 to $2
Ysiven: folds 
Unipoker11: folds 
reiyser: folds 
AngelovAlexMKD: folds 
Uncalled bet ($1) returned to imhungarian8
imhungarian8 collected $2.50 from pot
imhungarian8: doesn't show hand 
*** SUMMARY ***
Total pot $2.50 | Rake $0 
Seat 2: canibal27
Seat 1: imhungarian8 collected ($2.50)
Seat 3: Ysiven folded before Flop (didn't bet)
Seat 4: Unipoker11 (button) folded before Flop (didn't bet)
Seat 5: reiyser (small blind) folded before Flop
Seat 6: AngelovAlexMKD (big blind) folded before Flop



PokerStars Hand #254769225548:  Hold'em No Limit ($0.50/$1.00 USD) - 2025/02/08 18:06:29 WET [2025/02/08 13:06:29 ET]
Table 'Aura II' 6-max Seat #5 is the button
Seat 2: canibal27 ($104.98 in chips) is sitting out
Seat 1: imhungarian8 ($121.88 in chips) 
Seat 3: Ysiven ($146.05 in chips) 
Seat 4: Unipoker11 ($100 in chips) 
Seat 5: reiyser ($100 in chips) 
Seat 6: AngelovAlexMKD ($219.64 in chips) 
AngelovAlexMKD: posts small blind $0.50
imhungarian8: posts big blind $1
*** HOLE CARDS ***
Ysiven: folds 
Unipoker11: raises $1.30 to $2.30
reiyser: folds 
AngelovAlexMKD: folds 
imhungarian8: folds 
Uncalled bet ($1.30) returned to Unipoker11
Unipoker11 collected $2.50 from pot
Unipoker11: doesn't show hand 
*** SUMMARY ***
Total pot $2.50 | Rake $0 
Seat 2: canibal27
Seat 1: imhungarian8 (big blind) folded before Flop
Seat 3: Ysiven folded before Flop (didn't bet)
Seat 4: Unipoker11 collected ($2.50)
Seat 5: reiyser (button) folded before Flop (didn't bet)
Seat 6: AngelovAlexMKD (small blind) folded before Flop



PokerStars Hand #254769230266:  Hold'em No Limit ($0.50/$1.00 USD) - 2025/02/08 18:06:46 WET [2025/02/08 13:06:46 ET]
Table 'Aura II' 6-max Seat #6 is the button
Seat 2: canibal27 ($104.98 in chips) is sitting out
Seat 1: imhungarian8 ($120.88 in chips) 
Seat 3: Ysiven ($146.05 in chips) 
Seat 4: Unipoker11 ($101.50 in chips) 
Seat 5: reiyser ($100 in chips) 
Seat 6: AngelovAlexMKD ($219.14 in chips) 
imhungarian8: posts small blind $0.50
Ysiven: posts big blind $1
*** HOLE CARDS ***
Unipoker11: raises $1 to $2
reiyser: folds 
AngelovAlexMKD: calls $2
imhungarian8: folds 
canibal27 leaves the table
Ysiven: folds 
*** FLOP *** [4d 5d 2d]
Unipoker11: checks 
AngelovAlexMKD: checks 
*** TURN *** [4d 5d 2d] [3c]
Unipoker11: checks 
z00mba joins the table at seat #2 
AngelovAlexMKD: bets $3.45
Unipoker11: calls $3.45
*** RIVER *** [4d 5d 2d 3c] [Js]
Unipoker11: checks 
AngelovAlexMKD: bets $17.67
Unipoker11: folds 
Uncalled bet ($17.67) returned to AngelovAlexMKD
AngelovAlexMKD collected $11.62 from pot
AngelovAlexMKD: doesn't show hand 
*** SUMMARY ***
Total pot $12.40 | Rake $0.78 
Board [4d 5d 2d 3c Js]
Seat 2: canibal27
Seat 1: imhungarian8 (small blind) folded before Flop
Seat 3: Ysiven (big blind) folded before Flop
Seat 4: Unipoker11 folded on the River
Seat 5: reiyser folded before Flop (didn't bet)
Seat 6: AngelovAlexMKD (button) collected ($11.62)



PokerStars Hand #254769253704:  Hold'em No Limit ($0.50/$1.00 USD) - 2025/02/08 18:08:10 WET [2025/02/08 13:08:10 ET]
Table 'Aura II' 6-max Seat #1 is the button
Seat 2: z00mba ($100 in chips) is sitting out
Seat 1: imhungarian8 ($120.38 in chips) 
Seat 3: Ysiven ($145.05 in chips) 
Seat 4: Unipoker11 ($100 in chips) 
Seat 5: reiyser ($100 in chips) 
Seat 6: AngelovAlexMKD ($225.31 in chips) 
Ysiven: posts small blind $0.50
Unipoker11: posts big blind $1
*** HOLE CARDS ***
reiyser: folds 
AngelovAlexMKD: folds 
imhungarian8: raises $1.50 to $2.50
Ysiven: folds 
Unipoker11: calls $1.50
*** FLOP *** [6h Jd Js]
Unipoker11: checks 
imhungarian8: bets $1.57
Unipoker11: folds 
Uncalled bet ($1.57) returned to imhungarian8
imhungarian8 collected $5.22 from pot
imhungarian8: doesn't show hand 
*** SUMMARY ***
Total pot $5.50 | Rake $0.28 
Board [6h Jd Js]
Seat 2: z00mba
Seat 1: imhungarian8 (button) collected ($5.22)
Seat 3: Ysiven (small blind) folded before Flop
Seat 4: Unipoker11 (big blind) folded on the Flop
Seat 5: reiyser folded before Flop (didn't bet)
Seat 6: AngelovAlexMKD folded before Flop (didn't bet)



PokerStars Hand #254769264380:  Hold'em No Limit ($0.50/$1.00 USD) - 2025/02/08 18:08:49 WET [2025/02/08 13:08:49 ET]
Table 'Aura II' 6-max Seat #3 is the button
Seat 2: z00mba ($100 in chips) is sitting out
Seat 1: imhungarian8 ($123.10 in chips) 
Seat 3: Ysiven ($144.55 in chips) 
Seat 4: Unipoker11 ($100 in chips) 
Seat 5: reiyser ($100 in chips) 
Seat 6: AngelovAlexMKD ($225.31 in chips) 
Unipoker11: posts small blind $0.50
reiyser: posts big blind $1
z00mba: sits out 
*** HOLE CARDS ***
AngelovAlexMKD: folds 
imhungarian8: folds 
Ysiven: folds 
Unipoker11: folds 
Uncalled bet ($0.50) returned to reiyser
reiyser collected $1 from pot
reiyser: doesn't show hand 
*** SUMMARY ***
Total pot $1 | Rake $0 
Seat 2: z00mba
Seat 1: imhungarian8 folded before Flop (didn't bet)
Seat 3: Ysiven (button) folded before Flop (didn't bet)
Seat 4: Unipoker11 (small blind) folded before Flop
Seat 5: reiyser (big blind) collected ($1)
Seat 6: AngelovAlexMKD folded before Flop (didn't bet)



PokerStars Hand #254769268792:  Hold'em No Limit ($0.50/$1.00 USD) - 2025/02/08 18:09:05 WET [2025/02/08 13:09:05 ET]
Table 'Aura II' 6-max Seat #4 is the button
Seat 2: z00mba ($100 in chips) is sitting out
Seat 1: imhungarian8 ($123.10 in chips) 
Seat 3: Ysiven ($144.55 in chips) 
Seat 4: Unipoker11 ($100 in chips) 
Seat 5: reiyser ($100.50 in chips) 
Seat 6: AngelovAlexMKD ($225.31 in chips) 
reiyser: posts small blind $0.50
AngelovAlexMKD: posts big blind $1
z00mba: sits out 
*** HOLE CARDS ***
imhungarian8: folds 
Ysiven: folds 
Unipoker11: folds 
reiyser: folds 
Uncalled bet ($0.50) returned to AngelovAlexMKD
AngelovAlexMKD collected $1 from pot
AngelovAlexMKD: doesn't show hand 
*** SUMMARY ***
Total pot $1 | Rake $0 
Seat 2: z00mba
Seat 1: imhungarian8 folded before Flop (didn't bet)
Seat 3: Ysiven folded before Flop (didn't bet)
Seat 4: Unipoker11 (button) folded before Flop (didn't bet)
Seat 5: reiyser (small blind) folded before Flop
Seat 6: AngelovAlexMKD (big blind) collected ($1)



PokerStars Hand #254769272245:  Hold'em No Limit ($0.50/$1.00 USD) - 2025/02/08 18:09:18 WET [2025/02/08 13:09:18 ET]
Table 'Aura II' 6-max Seat #5 is the button
Seat 2: z00mba ($100 in chips) is sitting out
Seat 1: imhungarian8 ($123.10 in chips) 
Seat 3: Ysiven ($144.55 in chips) 
Seat 4: Unipoker11 ($100 in chips) 
Seat 5: reiyser ($100 in chips) 
Seat 6: AngelovAlexMKD ($225.81 in chips) 
AngelovAlexMKD: posts small blind $0.50
imhungarian8: posts big blind $1
z00mba: sits out 
*** HOLE CARDS ***
Ysiven: folds 
Unipoker11: folds 
reiyser: raises $1.23 to $2.23
AngelovAlexMKD: folds 
imhungarian8: calls $1.23
*** FLOP *** [5h 2c 4s]
imhungarian8: checks 
reiyser: bets $2.45
imhungarian8: folds 
Uncalled bet ($2.45) returned to reiyser
reiyser collected $4.71 from pot
reiyser: doesn't show hand 
*** SUMMARY ***
Total pot $4.96 | Rake $0.25 
Board [5h 2c 4s]
Seat 2: z00mba
Seat 1: imhungarian8 (big blind) folded on the Flop
Seat 3: Ysiven folded before Flop (didn't bet)
Seat 4: Unipoker11 folded before Flop (didn't bet)
Seat 5: reiyser (button) collected ($4.71)
Seat 6: AngelovAlexMKD (small blind) folded before Flop



PokerStars Hand #254769282737:  Hold'em No Limit ($0.50/$1.00 USD) - 2025/02/08 18:09:55 WET [2025/02/08 13:09:55 ET]
Table 'Aura II' 6-max Seat #6 is the button
Seat 1: imhungarian8 ($120.87 in chips) 
Seat 2: z00mba ($100 in chips) 
Seat 3: Ysiven ($144.55 in chips) 
Seat 4: Unipoker11 ($100 in chips) 
Seat 5: reiyser ($102.48 in chips) 
Seat 6: AngelovAlexMKD ($225.31 in chips) 
imhungarian8: posts small blind $0.50
z00mba: posts big blind $1
*** HOLE CARDS ***
Ysiven: raises $1 to $2
Unipoker11: folds 
reiyser: folds 
AngelovAlexMKD: folds 
imhungarian8: folds 
z00mba: folds 
Uncalled bet ($1) returned to Ysiven
Ysiven collected $2.50 from pot
Ysiven: doesn't show hand 
*** SUMMARY ***
Total pot $2.50 | Rake $0 
Seat 1: imhungarian8 (small blind) folded before Flop
Seat 2: z00mba (big blind) folded before Flop
Seat 3: Ysiven collected ($2.50)
Seat 4: Unipoker11 folded before Flop (didn't bet)
Seat 5: reiyser folded before Flop (didn't bet)
Seat 6: AngelovAlexMKD (button) folded before Flop (didn't bet)



PokerStars Hand #254769287210:  Hold'em No Limit ($0.50/$1.00 USD) - 2025/02/08 18:10:11 WET [2025/02/08 13:10:11 ET]
Table 'Aura II' 6-max Seat #1 is the button
Seat 1: imhungarian8 ($120.37 in chips) 
Seat 2: z00mba ($100 in chips) 
Seat 3: Ysiven ($146.05 in chips) 
Seat 4: Unipoker11 ($100 in chips) 
Seat 5: reiyser ($102.48 in chips) 
Seat 6: AngelovAlexMKD ($225.31 in chips) 
z00mba: posts small blind $0.50
Ysiven: posts big blind $1
*** HOLE CARDS ***
Unipoker11: folds 
reiyser: raises $1.23 to $2.23
AngelovAlexMKD: folds 
imhungarian8: raises $4.46 to $6.69
z00mba: folds 
Ysiven: folds 
reiyser: calls $4.46
*** FLOP *** [2d 4h Ad]
reiyser: checks 
imhungarian8: bets $4.24
reiyser: folds 
Uncalled bet ($4.24) returned to imhungarian8
imhungarian8 collected $14.14 from pot
imhungarian8: doesn't show hand 
*** SUMMARY ***
Total pot $14.88 | Rake $0.74 
Board [2d 4h Ad]
Seat 1: imhungarian8 (button) collected ($14.14)
Seat 2: z00mba (small blind) folded before Flop
Seat 3: Ysiven (big blind) folded before Flop
Seat 4: Unipoker11 folded before Flop (didn't bet)
Seat 5: reiyser folded on the Flop
Seat 6: AngelovAlexMKD folded before Flop (didn't bet)



PokerStars Hand #254769297951:  Hold'em No Limit ($0.50/$1.00 USD) - 2025/02/08 18:10:49 WET [2025/02/08 13:10:49 ET]
Table 'Aura II' 6-max Seat #2 is the button
Seat 1: imhungarian8 ($127.82 in chips) 
Seat 2: z00mba ($100 in chips) 
Seat 3: Ysiven ($145.05 in chips) 
Seat 4: Unipoker11 ($100 in chips) 
Seat 5: reiyser ($100 in chips) 
Seat 6: AngelovAlexMKD ($225.31 in chips) 
Ysiven: posts small blind $0.50
Unipoker11: posts big blind $1
*** HOLE CARDS ***
reiyser: folds 
AngelovAlexMKD: folds 
imhungarian8: folds 
z00mba: folds 
Ysiven: folds 
Uncalled bet ($0.50) returned to Unipoker11
Unipoker11 collected $1 from pot
Unipoker11: doesn't show hand 
*** SUMMARY ***
Total pot $1 | Rake $0 
Seat 1: imhungarian8 folded before Flop (didn't bet)
Seat 2: z00mba (button) folded before Flop (didn't bet)
Seat 3: Ysiven (small blind) folded before Flop
Seat 4: Unipoker11 (big blind) collected ($1)
Seat 5: reiyser folded before Flop (didn't bet)
Seat 6: AngelovAlexMKD folded before Flop (didn't bet)



PokerStars Hand #254769300834:  Hold'em No Limit ($0.50/$1.00 USD) - 2025/02/08 18:11:00 WET [2025/02/08 13:11:00 ET]
Table 'Aura II' 6-max Seat #3 is the button
Seat 5: reiyser ($100 in chips) is sitting out
Seat 1: imhungarian8 ($127.82 in chips) 
Seat 2: z00mba ($100 in chips) 
Seat 3: Ysiven ($144.55 in chips) 
Seat 4: Unipoker11 ($100.50 in chips) 
Seat 6: AngelovAlexMKD ($225.31 in chips) 
Unipoker11: posts small blind $0.50
reiyser: is sitting out 
AngelovAlexMKD: posts big blind $1
*** HOLE CARDS ***
reiyser leaves the table
imhungarian8: folds 
z00mba: folds 
Ysiven: raises $1.50 to $2.50
Gaita_toien joins the table at seat #5 
Unipoker11: folds 
AngelovAlexMKD: calls $1.50
*** FLOP *** [Qs Qc 9c]
AngelovAlexMKD: checks 
Ysiven: bets $1.72
z00mba leaves the table
AngelovAlexMKD: folds 
Uncalled bet ($1.72) returned to Ysiven
Ysiven collected $5.22 from pot
Ysiven: doesn't show hand 
*** SUMMARY ***
Total pot $5.50 | Rake $0.28 
Board [Qs Qc 9c]
Seat 5: reiyser
Seat 1: imhungarian8 folded before Flop (didn't bet)
Seat 2: z00mba folded before Flop (didn't bet)
Seat 3: Ysiven (button) collected ($5.22)
Seat 4: Unipoker11 (small blind) folded before Flop
Seat 6: AngelovAlexMKD (big blind) folded on the Flop



PokerStars Hand #254769315046:  Hold'em No Limit ($0.50/$1.00 USD) - 2025/02/08 18:11:51 WET [2025/02/08 13:11:51 ET]
Table 'Aura II' 6-max Seat #4 is the button
Seat 5: Gaita_toien ($100 in chips) is sitting out
Seat 1: imhungarian8 ($127.82 in chips) 
Seat 3: Ysiven ($147.27 in chips) 
Seat 4: Unipoker11 ($100 in chips) 
Seat 6: AngelovAlexMKD ($222.81 in chips) 
AngelovAlexMKD: posts small blind $0.50
imhungarian8: posts big blind $1
*** HOLE CARDS ***
Ysiven: raises $1.30 to $2.30
Unipoker11: folds 
AngelovAlexMKD: folds 
imhungarian8: calls $1.30
*** FLOP *** [Tc 4c 5d]
imhungarian8: checks 
Gaita_toien leaves the table
Ysiven: checks 
*** TURN *** [Tc 4c 5d] [7d]
imhungarian8: bets $7.26
Ysiven: folds 
Uncalled bet ($7.26) returned to imhungarian8
imhungarian8 collected $4.84 from pot
imhungarian8: doesn't show hand 
*** SUMMARY ***
Total pot $5.10 | Rake $0.26 
Board [Tc 4c 5d 7d]
Seat 5: Gaita_toien
Seat 1: imhungarian8 (big blind) collected ($4.84)
Seat 3: Ysiven folded on the Turn
Seat 4: Unipoker11 (button) folded before Flop (didn't bet)
Seat 6: AngelovAlexMKD (small blind) folded before Flop



PokerStars Hand #254769327119:  Hold'em No Limit ($0.50/$1.00 USD) - 2025/02/08 18:12:35 WET [2025/02/08 13:12:35 ET]
Table 'Aura II' 6-max Seat #6 is the button
Seat 1: imhungarian8 ($130.36 in chips) 
Seat 3: Ysiven ($144.97 in chips) 
Seat 4: Unipoker11 ($100 in chips) 
Seat 6: AngelovAlexMKD ($222.31 in chips) 
imhungarian8: posts small blind $0.50
Ysiven: posts big blind $1
*** HOLE CARDS ***
Unipoker11: raises $1.30 to $2.30
AngelovAlexMKD: folds 
imhungarian8: raises $8.40 to $10.70
Ysiven: folds 
Unipoker11: raises $12.80 to $23.50
imhungarian8: calls $12.80
*** FLOP *** [4h 6d Ks]
imhungarian8: checks 
Unipoker11: bets $9.40
imhungarian8: calls $9.40
*** TURN *** [4h 6d Ks] [4d]
imhungarian8: checks 
Unipoker11: checks 
*** RIVER *** [4h 6d Ks 4d] [5s]
imhungarian8: checks 
Unipoker11: checks 
*** SHOW DOWN ***
imhungarian8: shows [9d 9c] (two pair, Nines and Fours)
Unipoker11: shows [Qd Qc] (two pair, Queens and Fours)
Unipoker11 collected $65.80 from pot
*** SUMMARY ***
Total pot $66.80 | Rake $1 
Board [4h 6d Ks 4d 5s]
Seat 1: imhungarian8 (small blind) showed [9d 9c] and lost with two pair, Nines and Fours
Seat 3: Ysiven (big blind) folded before Flop
Seat 4: Unipoker11 showed [Qd Qc] and won ($65.80) with two pair, Queens and Fours
Seat 6: AngelovAlexMKD (button) folded before Flop (didn't bet)



PokerStars Hand #254769353680:  Hold'em No Limit ($0.50/$1.00 USD) - 2025/02/08 18:14:12 WET [2025/02/08 13:14:12 ET]
Table 'Aura II' 6-max Seat #1 is the button
Seat 1: imhungarian8 ($100 in chips) 
Seat 3: Ysiven ($143.97 in chips) 
Seat 4: Unipoker11 ($132.90 in chips) 
Seat 6: AngelovAlexMKD ($222.31 in chips) 
Ysiven: posts small blind $0.50
Unipoker11: posts big blind $1
*** HOLE CARDS ***
AngelovAlexMKD: raises $1.50 to $2.50
imhungarian8: folds 
Ysiven: folds 
Unipoker11: folds 
Uncalled bet ($1.50) returned to AngelovAlexMKD
AngelovAlexMKD collected $2.50 from pot
AngelovAlexMKD: doesn't show hand 
*** SUMMARY ***
Total pot $2.50 | Rake $0 
Seat 1: imhungarian8 (button) folded before Flop (didn't bet)
Seat 3: Ysiven (small blind) folded before Flop
Seat 4: Unipoker11 (big blind) folded before Flop
Seat 6: AngelovAlexMKD collected ($2.50)



PokerStars Hand #254769358389:  Hold'em No Limit ($0.50/$1.00 USD) - 2025/02/08 18:14:29 WET [2025/02/08 13:14:29 ET]
Table 'Aura II' 6-max Seat #3 is the button
Seat 1: imhungarian8 ($100 in chips) 
Seat 3: Ysiven ($143.47 in chips) 
Seat 4: Unipoker11 ($131.90 in chips) 
Seat 6: AngelovAlexMKD ($223.81 in chips) 
Unipoker11: posts small blind $0.50
AngelovAlexMKD: posts big blind $1
*** HOLE CARDS ***
imhungarian8: folds 
Ysiven: raises $1.50 to $2.50
Unipoker11: folds 
AngelovAlexMKD: folds 
Uncalled bet ($1.50) returned to Ysiven
Ysiven collected $2.50 from pot
Ysiven: doesn't show hand 
*** SUMMARY ***
Total pot $2.50 | Rake $0 
Seat 1: imhungarian8 folded before Flop (didn't bet)
Seat 3: Ysiven (button) collected ($2.50)
Seat 4: Unipoker11 (small blind) folded before Flop
Seat 6: AngelovAlexMKD (big blind) folded before Flop



PokerStars Hand #254769361952:  Hold'em No Limit ($0.50/$1.00 USD) - 2025/02/08 18:14:41 WET [2025/02/08 13:14:41 ET]
Table 'Aura II' 6-max Seat #6 is the button
Seat 4: Unipoker11 ($131.40 in chips) is sitting out
Seat 1: imhungarian8 ($100 in chips) 
Seat 3: Ysiven ($144.97 in chips) 
Seat 6: AngelovAlexMKD ($222.81 in chips) 
imhungarian8: posts small blind $0.50
Ysiven: posts big blind $1
*** HOLE CARDS ***
Unipoker11 leaves the table
AngelovAlexMKD: folds 
imhungarian8: folds 
Uncalled bet ($0.50) returned to Ysiven
Ysiven collected $1 from pot
Ysiven: doesn't show hand 
*** SUMMARY ***
Total pot $1 | Rake $0 
Seat 4: Unipoker11
Seat 1: imhungarian8 (small blind) folded before Flop
Seat 3: Ysiven (big blind) collected ($1)
Seat 6: AngelovAlexMKD (button) folded before Flop (didn't bet)



PokerStars Hand #254769365960:  Hold'em No Limit ($0.50/$1.00 USD) - 2025/02/08 18:14:56 WET [2025/02/08 13:14:56 ET]
Table 'Aura II' 6-max Seat #1 is the button
Seat 1: imhungarian8 ($100 in chips) 
Seat 3: Ysiven ($145.47 in chips) 
Seat 6: AngelovAlexMKD ($222.81 in chips) 
Ysiven: posts small blind $0.50
AngelovAlexMKD: posts big blind $1
*** HOLE CARDS ***
imhungarian8: raises $1.50 to $2.50
Ysiven: folds 
AngelovAlexMKD: folds 
Uncalled bet ($1.50) returned to imhungarian8
imhungarian8 collected $2.50 from pot
imhungarian8: doesn't show hand 
*** SUMMARY ***
Total pot $2.50 | Rake $0 
Seat 1: imhungarian8 (button) collected ($2.50)
Seat 3: Ysiven (small blind) folded before Flop
Seat 6: AngelovAlexMKD (big blind) folded before Flop



PokerStars Hand #254769371214:  Hold'em No Limit ($0.50/$1.00 USD) - 2025/02/08 18:15:14 WET [2025/02/08 13:15:14 ET]
Table 'Aura II' 6-max Seat #6 is the button
Seat 1: imhungarian8 ($101.50 in chips) is sitting out
Seat 3: Ysiven ($144.97 in chips) 
Seat 6: AngelovAlexMKD ($221.81 in chips) 
AngelovAlexMKD: posts small blind $0.50
imhungarian8: is sitting out 
Ysiven: posts big blind $1
*** HOLE CARDS ***
imhungarian8 leaves the table
AngelovAlexMKD: raises $1.50 to $2.50
Ysiven: calls $1.50
*** FLOP *** [5s 7d 7h]
Ysiven: checks 
AngelovAlexMKD: bets $1.57
Ysiven: calls $1.57
*** TURN *** [5s 7d 7h] [Jh]
Ysiven: checks 
AngelovAlexMKD: bets $5.10
Ysiven: folds 
Uncalled bet ($5.10) returned to AngelovAlexMKD
AngelovAlexMKD collected $7.63 from pot
AngelovAlexMKD: doesn't show hand 
*** SUMMARY ***
Total pot $8.14 | Rake $0.51 
Board [5s 7d 7h Jh]
Seat 1: imhungarian8
Seat 3: Ysiven (big blind) folded on the Turn
Seat 6: AngelovAlexMKD (button) (small blind) collected ($7.63)



