PokerStars Hand #254774585367:  Hold'em No Limit ($0.50/$1.00 USD) - 2025/02/08 23:21:29 WET [2025/02/08 18:21:29 ET]
Table 'Thyra II' 6-max Seat #1 is the button
Seat 3: nikalas22 ($100 in chips) is sitting out
Seat 1: XneferX ($100 in chips) 
Seat 4: ddyyjj ($100 in chips) 
XneferX: posts small blind $0.50
ddyyjj: posts big blind $1
*** HOLE CARDS ***
XneferX: raises $2 to $3
ddyyjj: folds 
Uncalled bet ($2) returned to XneferX
XneferX collected $2 from pot
XneferX: doesn't show hand 
*** SUMMARY ***
Total pot $2 | Rake $0 
Seat 3: nikalas22
Seat 1: XneferX (button) (small blind) collected ($2)
Seat 4: ddyyjj (big blind) folded before Flop



PokerStars Hand #254774587893:  Hold'em No Limit ($0.50/$1.00 USD) - 2025/02/08 23:21:38 WET [2025/02/08 18:21:38 ET]
Table 'Thyra II' 6-max Seat #4 is the button
Seat 3: nikalas22 ($100 in chips) is sitting out
Seat 1: XneferX ($101 in chips) 
Seat 4: ddyyjj ($99 in chips) 
ddyyjj: posts small blind $0.50
XneferX: posts big blind $1
*** HOLE CARDS ***
ddyyjj: raises $2 to $3
XneferX: folds 
Uncalled bet ($2) returned to ddyyjj
ddyyjj collected $2 from pot
ddyyjj: doesn't show hand 
*** SUMMARY ***
Total pot $2 | Rake $0 
Seat 3: nikalas22
Seat 1: XneferX (big blind) folded before Flop
Seat 4: ddyyjj (button) (small blind) collected ($2)



PokerStars Hand #254774591777:  Hold'em No Limit ($0.50/$1.00 USD) - 2025/02/08 23:21:53 WET [2025/02/08 18:21:53 ET]
Table 'Thyra II' 6-max Seat #4 is the button
Seat 1: XneferX ($100 in chips) 
Seat 3: nikalas22 ($100 in chips) 
Seat 4: ddyyjj ($100 in chips) 
XneferX: posts small blind $0.50
nikalas22: posts big blind $1
*** HOLE CARDS ***
ddyyjj: raises $1.50 to $2.50
XneferX: raises $9.50 to $12
nikalas22: folds 
ddyyjj: folds 
Uncalled bet ($9.50) returned to XneferX
XneferX collected $6 from pot
XneferX: doesn't show hand 
*** SUMMARY ***
Total pot $6 | Rake $0 
Seat 1: XneferX (small blind) collected ($6)
Seat 3: nikalas22 (big blind) folded before Flop
Seat 4: ddyyjj (button) folded before Flop



PokerStars Hand #254774597094:  Hold'em No Limit ($0.50/$1.00 USD) - 2025/02/08 23:22:13 WET [2025/02/08 18:22:13 ET]
Table 'Thyra II' 6-max Seat #1 is the button
Seat 1: XneferX ($103.50 in chips) 
Seat 3: nikalas22 ($100 in chips) 
Seat 4: ddyyjj ($97.50 in chips) 
nikalas22: posts small blind $0.50
ddyyjj: posts big blind $1
*** HOLE CARDS ***
XneferX: folds 
nikalas22: folds 
Uncalled bet ($0.50) returned to ddyyjj
ddyyjj collected $1 from pot
ddyyjj: doesn't show hand 
*** SUMMARY ***
Total pot $1 | Rake $0 
Seat 1: XneferX (button) folded before Flop (didn't bet)
Seat 3: nikalas22 (small blind) folded before Flop
Seat 4: ddyyjj (big blind) collected ($1)



PokerStars Hand #254774600860:  Hold'em No Limit ($0.50/$1.00 USD) - 2025/02/08 23:22:27 WET [2025/02/08 18:22:27 ET]
Table 'Thyra II' 6-max Seat #3 is the button
Seat 1: XneferX ($103.50 in chips) 
Seat 3: nikalas22 ($100 in chips) 
Seat 4: ddyyjj ($98 in chips) 
ddyyjj: posts small blind $0.50
XneferX: posts big blind $1
*** HOLE CARDS ***
nikalas22: raises $1.20 to $2.20
ddyyjj: folds 
XneferX: folds 
Uncalled bet ($1.20) returned to nikalas22
nikalas22 collected $2.50 from pot
nikalas22: doesn't show hand 
*** SUMMARY ***
Total pot $2.50 | Rake $0 
Seat 1: XneferX (big blind) folded before Flop
Seat 3: nikalas22 (button) collected ($2.50)
Seat 4: ddyyjj (small blind) folded before Flop



PokerStars Hand #254774605175:  Hold'em No Limit ($0.50/$1.00 USD) - 2025/02/08 23:22:43 WET [2025/02/08 18:22:43 ET]
Table 'Thyra II' 6-max Seat #4 is the button
Seat 1: XneferX ($102.50 in chips) 
Seat 3: nikalas22 ($101.50 in chips) 
Seat 4: ddyyjj ($97.50 in chips) 
XneferX: posts small blind $0.50
nikalas22: posts big blind $1
*** HOLE CARDS ***
ddyyjj: folds 
XneferX: raises $2 to $3
nikalas22: folds 
Uncalled bet ($2) returned to XneferX
XneferX collected $2 from pot
XneferX: doesn't show hand 
*** SUMMARY ***
Total pot $2 | Rake $0 
Seat 1: XneferX (small blind) collected ($2)
Seat 3: nikalas22 (big blind) folded before Flop
Seat 4: ddyyjj (button) folded before Flop (didn't bet)



PokerStars Hand #254774611398:  Hold'em No Limit ($0.50/$1.00 USD) - 2025/02/08 23:23:06 WET [2025/02/08 18:23:06 ET]
Table 'Thyra II' 6-max Seat #1 is the button
Seat 1: XneferX ($103.50 in chips) 
Seat 3: nikalas22 ($100.50 in chips) 
Seat 4: ddyyjj ($97.50 in chips) 
nikalas22: posts small blind $0.50
ddyyjj: posts big blind $1
*** HOLE CARDS ***
XneferX: folds 
nikalas22: raises $2 to $3
ddyyjj: folds 
Uncalled bet ($2) returned to nikalas22
nikalas22 collected $2 from pot
nikalas22: doesn't show hand 
XneferX leaves the table
*** SUMMARY ***
Total pot $2 | Rake $0 
Seat 1: XneferX (button) folded before Flop (didn't bet)
Seat 3: nikalas22 (small blind) collected ($2)
Seat 4: ddyyjj (big blind) folded before Flop



PokerStars Hand #254774618639:  Hold'em No Limit ($0.50/$1.00 USD) - 2025/02/08 23:23:33 WET [2025/02/08 18:23:33 ET]
Table 'Thyra II' 6-max Seat #4 is the button
Seat 3: nikalas22 ($101.50 in chips) 
Seat 4: ddyyjj ($96.50 in chips) 
ddyyjj: posts small blind $0.50
nikalas22: posts big blind $1
*** HOLE CARDS ***
ddyyjj: raises $2 to $3
nikalas22: calls $2
*** FLOP *** [9h 4s 6h]
nikalas22: checks 
ddyyjj: checks 
*** TURN *** [9h 4s 6h] [7c]
nikalas22: checks 
ddyyjj: checks 
*** RIVER *** [9h 4s 6h 7c] [2h]
nikalas22: checks 
ddyyjj: checks 
*** SHOW DOWN ***
nikalas22: shows [Kc 2c] (a pair of Deuces)
ddyyjj: mucks hand 
nikalas22 collected $5.70 from pot
*** SUMMARY ***
Total pot $6 | Rake $0.30 
Board [9h 4s 6h 7c 2h]
Seat 3: nikalas22 (big blind) showed [Kc 2c] and won ($5.70) with a pair of Deuces
Seat 4: ddyyjj (button) (small blind) mucked



PokerStars Hand #254774626381:  Hold'em No Limit ($0.50/$1.00 USD) - 2025/02/08 23:24:02 WET [2025/02/08 18:24:02 ET]
Table 'Thyra II' 6-max Seat #3 is the button
Seat 3: nikalas22 ($104.20 in chips) 
Seat 4: ddyyjj ($93.50 in chips) 
nikalas22: posts small blind $0.50
ddyyjj: posts big blind $1
*** HOLE CARDS ***
nikalas22: raises $1.20 to $2.20
ddyyjj: folds 
Uncalled bet ($1.20) returned to nikalas22
nikalas22 collected $2 from pot
nikalas22: doesn't show hand 
*** SUMMARY ***
Total pot $2 | Rake $0 
Seat 3: nikalas22 (button) (small blind) collected ($2)
Seat 4: ddyyjj (big blind) folded before Flop



PokerStars Hand #254774672501:  Hold'em No Limit ($0.50/$1.00 USD) - 2025/02/08 23:26:56 WET [2025/02/08 18:26:56 ET]
Table 'Thyra II' 6-max Seat #2 is the button
Seat 2: meyera15 ($99.32 in chips) 
Seat 3: nikalas22 ($105.20 in chips) 
meyera15: posts small blind $0.50
nikalas22: posts big blind $1
*** HOLE CARDS ***
meyera15: raises $1.70 to $2.70
nikalas22: calls $1.70
*** FLOP *** [Th Qc 8c]
nikalas22: checks 
meyera15: bets $3.70
nikalas22: calls $3.70
*** TURN *** [Th Qc 8c] [7d]
nikalas22: checks 
meyera15: bets $11
nikalas22: calls $11
*** RIVER *** [Th Qc 8c 7d] [Ac]
nikalas22: checks 
meyera15: checks 
*** SHOW DOWN ***
nikalas22: shows [7s Qs] (two pair, Queens and Sevens)
meyera15: shows [8s 8d] (three of a kind, Eights)
meyera15 collected $33.80 from pot
*** SUMMARY ***
Total pot $34.80 | Rake $1 
Board [Th Qc 8c 7d Ac]
Seat 2: meyera15 (button) (small blind) showed [8s 8d] and won ($33.80) with three of a kind, Eights
Seat 3: nikalas22 (big blind) showed [7s Qs] and lost with two pair, Queens and Sevens



PokerStars Hand #254774681819:  Hold'em No Limit ($0.50/$1.00 USD) - 2025/02/08 23:27:31 WET [2025/02/08 18:27:31 ET]
Table 'Thyra II' 6-max Seat #3 is the button
Seat 2: meyera15 ($115.72 in chips) 
Seat 3: nikalas22 ($100 in chips) 
nikalas22: posts small blind $0.50
meyera15: posts big blind $1
*** HOLE CARDS ***
nikalas22: raises $1.20 to $2.20
meyera15: folds 
Uncalled bet ($1.20) returned to nikalas22
nikalas22 collected $2 from pot
nikalas22: doesn't show hand 
*** SUMMARY ***
Total pot $2 | Rake $0 
Seat 2: meyera15 (big blind) folded before Flop
Seat 3: nikalas22 (button) (small blind) collected ($2)



PokerStars Hand #254774692624:  Hold'em No Limit ($0.50/$1.00 USD) - 2025/02/08 23:28:13 WET [2025/02/08 18:28:13 ET]
Table 'Thyra II' 6-max Seat #5 is the button
Seat 2: meyera15 ($114.72 in chips) 
Seat 3: nikalas22 ($101 in chips) 
Seat 5: pr0tecto ($100 in chips) 
meyera15: posts small blind $0.50
nikalas22: posts big blind $1
*** HOLE CARDS ***
pr0tecto: folds 
meyera15: folds 
Uncalled bet ($0.50) returned to nikalas22
nikalas22 collected $1 from pot
nikalas22: doesn't show hand 
*** SUMMARY ***
Total pot $1 | Rake $0 
Seat 2: meyera15 (small blind) folded before Flop
Seat 3: nikalas22 (big blind) collected ($1)
Seat 5: pr0tecto (button) folded before Flop (didn't bet)



PokerStars Hand #254774695015:  Hold'em No Limit ($0.50/$1.00 USD) - 2025/02/08 23:28:22 WET [2025/02/08 18:28:22 ET]
Table 'Thyra II' 6-max Seat #2 is the button
Seat 2: meyera15 ($114.22 in chips) 
Seat 3: nikalas22 ($101.50 in chips) 
Seat 5: pr0tecto ($100 in chips) 
nikalas22: posts small blind $0.50
pr0tecto: posts big blind $1
*** HOLE CARDS ***
meyera15: folds 
nikalas22: folds 
Uncalled bet ($0.50) returned to pr0tecto
pr0tecto collected $1 from pot
pr0tecto: doesn't show hand 
*** SUMMARY ***
Total pot $1 | Rake $0 
Seat 2: meyera15 (button) folded before Flop (didn't bet)
Seat 3: nikalas22 (small blind) folded before Flop
Seat 5: pr0tecto (big blind) collected ($1)



PokerStars Hand #254774697196:  Hold'em No Limit ($0.50/$1.00 USD) - 2025/02/08 23:28:29 WET [2025/02/08 18:28:29 ET]
Table 'Thyra II' 6-max Seat #3 is the button
Seat 2: meyera15 ($114.22 in chips) 
Seat 3: nikalas22 ($101 in chips) 
Seat 5: pr0tecto ($100.50 in chips) 
pr0tecto: posts small blind $0.50
meyera15: posts big blind $1
*** HOLE CARDS ***
nikalas22: raises $1.20 to $2.20
pr0tecto: raises $8.80 to $11
meyera15: folds 
nikalas22: raises $90 to $101 and is all-in
pr0tecto: folds 
Uncalled bet ($90) returned to nikalas22
nikalas22 collected $23 from pot
nikalas22: doesn't show hand 
*** SUMMARY ***
Total pot $23 | Rake $0 
Seat 2: meyera15 (big blind) folded before Flop
Seat 3: nikalas22 (button) collected ($23)
Seat 5: pr0tecto (small blind) folded before Flop



PokerStars Hand #254774704354:  Hold'em No Limit ($0.50/$1.00 USD) - 2025/02/08 23:28:57 WET [2025/02/08 18:28:57 ET]
Table 'Thyra II' 6-max Seat #5 is the button
Seat 2: meyera15 ($113.22 in chips) 
Seat 3: nikalas22 ($113 in chips) 
Seat 5: pr0tecto ($100 in chips) 
meyera15: posts small blind $0.50
nikalas22: posts big blind $1
*** HOLE CARDS ***
pr0tecto: folds 
meyera15: folds 
Uncalled bet ($0.50) returned to nikalas22
nikalas22 collected $1 from pot
nikalas22: doesn't show hand 
kvcsszblcs joins the table at seat #4 
*** SUMMARY ***
Total pot $1 | Rake $0 
Seat 2: meyera15 (small blind) folded before Flop
Seat 3: nikalas22 (big blind) collected ($1)
Seat 5: pr0tecto (button) folded before Flop (didn't bet)



PokerStars Hand #254774706972:  Hold'em No Limit ($0.50/$1.00 USD) - 2025/02/08 23:29:07 WET [2025/02/08 18:29:07 ET]
Table 'Thyra II' 6-max Seat #2 is the button
Seat 2: meyera15 ($112.72 in chips) 
Seat 3: nikalas22 ($113.50 in chips) 
Seat 4: kvcsszblcs ($100 in chips) 
Seat 5: pr0tecto ($100 in chips) 
nikalas22: posts small blind $0.50
kvcsszblcs: posts big blind $1
*** HOLE CARDS ***
pr0tecto: folds 
meyera15: folds 
nikalas22: folds 
Uncalled bet ($0.50) returned to kvcsszblcs
kvcsszblcs collected $1 from pot
kvcsszblcs: doesn't show hand 
*** SUMMARY ***
Total pot $1 | Rake $0 
Seat 2: meyera15 (button) folded before Flop (didn't bet)
Seat 3: nikalas22 (small blind) folded before Flop
Seat 4: kvcsszblcs (big blind) collected ($1)
Seat 5: pr0tecto folded before Flop (didn't bet)



PokerStars Hand #254774709715:  Hold'em No Limit ($0.50/$1.00 USD) - 2025/02/08 23:29:17 WET [2025/02/08 18:29:17 ET]
Table 'Thyra II' 6-max Seat #3 is the button
Seat 2: meyera15 ($112.72 in chips) 
Seat 3: nikalas22 ($113 in chips) 
Seat 4: kvcsszblcs ($100.50 in chips) 
Seat 5: pr0tecto ($100 in chips) 
kvcsszblcs: posts small blind $0.50
pr0tecto: posts big blind $1
*** HOLE CARDS ***
meyera15: folds 
nikalas22: raises $1.20 to $2.20
kvcsszblcs: folds 
pr0tecto: calls $1.20
*** FLOP *** [5h 3h Qh]
pr0tecto: checks 
nikalas22: bets $1.40
pr0tecto: folds 
Uncalled bet ($1.40) returned to nikalas22
nikalas22 collected $4.66 from pot
nikalas22: doesn't show hand 
*** SUMMARY ***
Total pot $4.90 | Rake $0.24 
Board [5h 3h Qh]
Seat 2: meyera15 folded before Flop (didn't bet)
Seat 3: nikalas22 (button) collected ($4.66)
Seat 4: kvcsszblcs (small blind) folded before Flop
Seat 5: pr0tecto (big blind) folded on the Flop



PokerStars Hand #254774719571:  Hold'em No Limit ($0.50/$1.00 USD) - 2025/02/08 23:29:54 WET [2025/02/08 18:29:54 ET]
Table 'Thyra II' 6-max Seat #4 is the button
Seat 2: meyera15 ($112.72 in chips) 
Seat 3: nikalas22 ($115.46 in chips) 
Seat 4: kvcsszblcs ($100 in chips) 
Seat 5: pr0tecto ($100 in chips) 
pr0tecto: posts small blind $0.50
meyera15: posts big blind $1
*** HOLE CARDS ***
nikalas22: folds 
kvcsszblcs: folds 
pr0tecto: folds 
Uncalled bet ($0.50) returned to meyera15
meyera15 collected $1 from pot
*** SUMMARY ***
Total pot $1 | Rake $0 
Seat 2: meyera15 (big blind) collected ($1)
Seat 3: nikalas22 folded before Flop (didn't bet)
Seat 4: kvcsszblcs (button) folded before Flop (didn't bet)
Seat 5: pr0tecto (small blind) folded before Flop



PokerStars Hand #254774722649:  Hold'em No Limit ($0.50/$1.00 USD) - 2025/02/08 23:30:05 WET [2025/02/08 18:30:05 ET]
Table 'Thyra II' 6-max Seat #5 is the button
Seat 2: meyera15 ($113.22 in chips) 
Seat 3: nikalas22 ($115.46 in chips) 
Seat 4: kvcsszblcs ($100 in chips) 
Seat 5: pr0tecto ($99.50 in chips) 
meyera15: posts small blind $0.50
nikalas22: posts big blind $1
*** HOLE CARDS ***
kvcsszblcs: folds 
pr0tecto: folds 
meyera15: folds 
Uncalled bet ($0.50) returned to nikalas22
nikalas22 collected $1 from pot
nikalas22: doesn't show hand 
*** SUMMARY ***
Total pot $1 | Rake $0 
Seat 2: meyera15 (small blind) folded before Flop
Seat 3: nikalas22 (big blind) collected ($1)
Seat 4: kvcsszblcs folded before Flop (didn't bet)
Seat 5: pr0tecto (button) folded before Flop (didn't bet)



PokerStars Hand #254774725989:  Hold'em No Limit ($0.50/$1.00 USD) - 2025/02/08 23:30:18 WET [2025/02/08 18:30:18 ET]
Table 'Thyra II' 6-max Seat #2 is the button
Seat 2: meyera15 ($112.72 in chips) 
Seat 3: nikalas22 ($115.96 in chips) 
Seat 4: kvcsszblcs ($100 in chips) 
Seat 5: pr0tecto ($99.50 in chips) 
nikalas22: posts small blind $0.50
kvcsszblcs: posts big blind $1
*** HOLE CARDS ***
pr0tecto: raises $1.20 to $2.20
meyera15: calls $2.20
nikalas22: folds 
kvcsszblcs: calls $1.20
*** FLOP *** [Qs 8s Ad]
kvcsszblcs: checks 
pr0tecto: checks 
meyera15: checks 
*** TURN *** [Qs 8s Ad] [5h]
kvcsszblcs: bets $10.11
pr0tecto: calls $10.11
meyera15: folds 
*** RIVER *** [Qs 8s Ad 5h] [3c]
kvcsszblcs: checks 
pr0tecto: checks 
*** SHOW DOWN ***
kvcsszblcs: shows [Js Td] (high card Ace)
pr0tecto: shows [9h Ac] (a pair of Aces)
pr0tecto collected $26.32 from pot
*** SUMMARY ***
Total pot $27.32 | Rake $1 
Board [Qs 8s Ad 5h 3c]
Seat 2: meyera15 (button) folded on the Turn
Seat 3: nikalas22 (small blind) folded before Flop
Seat 4: kvcsszblcs (big blind) showed [Js Td] and lost with high card Ace
Seat 5: pr0tecto showed [9h Ac] and won ($26.32) with a pair of Aces



PokerStars Hand #254774746167:  Hold'em No Limit ($0.50/$1.00 USD) - 2025/02/08 23:31:35 WET [2025/02/08 18:31:35 ET]
Table 'Thyra II' 6-max Seat #3 is the button
Seat 2: meyera15 ($110.52 in chips) 
Seat 3: nikalas22 ($115.46 in chips) 
Seat 4: kvcsszblcs ($100 in chips) 
Seat 5: pr0tecto ($113.51 in chips) 
kvcsszblcs: posts small blind $0.50
pr0tecto: posts big blind $1
*** HOLE CARDS ***
meyera15: folds 
nikalas22: folds 
kvcsszblcs: folds 
Uncalled bet ($0.50) returned to pr0tecto
pr0tecto collected $1 from pot
pr0tecto: doesn't show hand 
*** SUMMARY ***
Total pot $1 | Rake $0 
Seat 2: meyera15 folded before Flop (didn't bet)
Seat 3: nikalas22 (button) folded before Flop (didn't bet)
Seat 4: kvcsszblcs (small blind) folded before Flop
Seat 5: pr0tecto (big blind) collected ($1)



PokerStars Hand #254774749913:  Hold'em No Limit ($0.50/$1.00 USD) - 2025/02/08 23:31:49 WET [2025/02/08 18:31:49 ET]
Table 'Thyra II' 6-max Seat #4 is the button
Seat 2: meyera15 ($110.52 in chips) 
Seat 3: nikalas22 ($115.46 in chips) 
Seat 4: kvcsszblcs ($100 in chips) 
Seat 5: pr0tecto ($114.01 in chips) 
pr0tecto: posts small blind $0.50
meyera15: posts big blind $1
*** HOLE CARDS ***
nikalas22: folds 
kvcsszblcs: raises $1.25 to $2.25
pr0tecto: raises $7.75 to $10
meyera15: folds 
kvcsszblcs: calls $7.75
*** FLOP *** [Ks 4s 8s]
pr0tecto: checks 
Vibe8428 joins the table at seat #6 
iTrustU21 joins the table at seat #1 
kvcsszblcs: checks 
*** TURN *** [Ks 4s 8s] [9d]
pr0tecto: bets $10.20
kvcsszblcs: calls $10.20
*** RIVER *** [Ks 4s 8s 9d] [As]
pr0tecto: checks 
kvcsszblcs: checks 
*** SHOW DOWN ***
pr0tecto: shows [Kh Th] (a pair of Kings)
kvcsszblcs: shows [7h 7s] (a flush, Ace high)
kvcsszblcs collected $40.40 from pot
*** SUMMARY ***
Total pot $41.40 | Rake $1 
Board [Ks 4s 8s 9d As]
Seat 2: meyera15 (big blind) folded before Flop
Seat 3: nikalas22 folded before Flop (didn't bet)
Seat 4: kvcsszblcs (button) showed [7h 7s] and won ($40.40) with a flush, Ace high
Seat 5: pr0tecto (small blind) showed [Kh Th] and lost with a pair of Kings



PokerStars Hand #254774766729:  Hold'em No Limit ($0.50/$1.00 USD) - 2025/02/08 23:32:54 WET [2025/02/08 18:32:54 ET]
Table 'Thyra II' 6-max Seat #5 is the button
Seat 1: iTrustU21 ($100 in chips) is sitting out
Seat 6: Vibe8428 ($80 in chips) is sitting out
Seat 2: meyera15 ($109.52 in chips) 
Seat 3: nikalas22 ($115.46 in chips) 
Seat 4: kvcsszblcs ($120.20 in chips) 
Seat 5: pr0tecto ($100 in chips) 
meyera15: posts small blind $0.50
nikalas22: posts big blind $1
*** HOLE CARDS ***
kvcsszblcs: raises $1 to $2
pr0tecto: folds 
meyera15: folds 
nikalas22: calls $1
*** FLOP *** [3d Kc 6s]
nikalas22: checks 
kvcsszblcs: bets $1.07
nikalas22: calls $1.07
*** TURN *** [3d Kc 6s] [Js]
nikalas22: checks 
kvcsszblcs: bets $9.47
nikalas22: folds 
Uncalled bet ($9.47) returned to kvcsszblcs
kvcsszblcs collected $6.31 from pot
kvcsszblcs: doesn't show hand 
*** SUMMARY ***
Total pot $6.64 | Rake $0.33 
Board [3d Kc 6s Js]
Seat 1: iTrustU21
Seat 6: Vibe8428
Seat 2: meyera15 (small blind) folded before Flop
Seat 3: nikalas22 (big blind) folded on the Turn
Seat 4: kvcsszblcs collected ($6.31)
Seat 5: pr0tecto (button) folded before Flop (didn't bet)



PokerStars Hand #254774774857:  Hold'em No Limit ($0.50/$1.00 USD) - 2025/02/08 23:33:25 WET [2025/02/08 18:33:25 ET]
Table 'Thyra II' 6-max Seat #2 is the button
Seat 1: iTrustU21 ($100 in chips) is sitting out
Seat 2: meyera15 ($109.02 in chips) 
Seat 3: nikalas22 ($112.39 in chips) 
Seat 4: kvcsszblcs ($123.44 in chips) 
Seat 5: pr0tecto ($100 in chips) 
Seat 6: Vibe8428 ($80 in chips) 
nikalas22: posts small blind $0.50
kvcsszblcs: posts big blind $1
Vibe8428: posts big blind $1
iTrustU21: sits out 
*** HOLE CARDS ***
pr0tecto: folds 
Vibe8428: checks 
meyera15: raises $2.71 to $3.71
nikalas22: folds 
pr0tecto leaves the table
kvcsszblcs: calls $2.71
Vibe8428: folds 
*** FLOP *** [2h Js Th]
kvcsszblcs: checks 
meyera15: bets $2.96
kvcsszblcs: folds 
Uncalled bet ($2.96) returned to meyera15
meyera15 collected $8.47 from pot
*** SUMMARY ***
Total pot $8.92 | Rake $0.45 
Board [2h Js Th]
Seat 1: iTrustU21
Seat 2: meyera15 (button) collected ($8.47)
Seat 3: nikalas22 (small blind) folded before Flop
Seat 4: kvcsszblcs (big blind) folded on the Flop
Seat 5: pr0tecto folded before Flop (didn't bet)
Seat 6: Vibe8428 folded before Flop (didn't bet)



PokerStars Hand #254774786142:  Hold'em No Limit ($0.50/$1.00 USD) - 2025/02/08 23:34:09 WET [2025/02/08 18:34:09 ET]
Table 'Thyra II' 6-max Seat #3 is the button
Seat 1: iTrustU21 ($100 in chips) is sitting out
Seat 2: meyera15 ($113.78 in chips) 
Seat 3: nikalas22 ($111.89 in chips) 
Seat 4: kvcsszblcs ($119.73 in chips) 
Seat 6: Vibe8428 ($79 in chips) 
kvcsszblcs: posts small blind $0.50
Vibe8428: posts big blind $1
iTrustU21: sits out 
*** HOLE CARDS ***
meyera15: folds 
XneferX joins the table at seat #5 
nikalas22: folds 
kvcsszblcs: folds 
Uncalled bet ($0.50) returned to Vibe8428
Vibe8428 collected $1 from pot
Vibe8428: doesn't show hand 
*** SUMMARY ***
Total pot $1 | Rake $0 
Seat 1: iTrustU21
Seat 2: meyera15 folded before Flop (didn't bet)
Seat 3: nikalas22 (button) folded before Flop (didn't bet)
Seat 4: kvcsszblcs (small blind) folded before Flop
Seat 6: Vibe8428 (big blind) collected ($1)



PokerStars Hand #254774790085:  Hold'em No Limit ($0.50/$1.00 USD) - 2025/02/08 23:34:25 WET [2025/02/08 18:34:25 ET]
Table 'Thyra II' 6-max Seat #4 is the button
Seat 5: XneferX ($103.50 in chips) is sitting out
Seat 1: iTrustU21 ($100 in chips) 
Seat 2: meyera15 ($113.78 in chips) 
Seat 3: nikalas22 ($111.89 in chips) 
Seat 4: kvcsszblcs ($119.23 in chips) 
Seat 6: Vibe8428 ($79.50 in chips) 
Vibe8428: posts small blind $0.50
iTrustU21: posts big blind $1
*** HOLE CARDS ***
meyera15: raises $1.40 to $2.40
nikalas22: folds 
XneferX leaves the table
kvcsszblcs: raises $5.60 to $8
Vibe8428: folds 
iTrustU21: folds 
meyera15: folds 
Uncalled bet ($5.60) returned to kvcsszblcs
kvcsszblcs collected $6.30 from pot
kvcsszblcs: doesn't show hand 
*** SUMMARY ***
Total pot $6.30 | Rake $0 
Seat 5: XneferX
Seat 1: iTrustU21 (big blind) folded before Flop
Seat 2: meyera15 folded before Flop
Seat 3: nikalas22 folded before Flop (didn't bet)
Seat 4: kvcsszblcs (button) collected ($6.30)
Seat 6: Vibe8428 (small blind) folded before Flop



PokerStars Hand #254774799805:  Hold'em No Limit ($0.50/$1.00 USD) - 2025/02/08 23:35:02 WET [2025/02/08 18:35:02 ET]
Table 'Thyra II' 6-max Seat #6 is the button
Seat 1: iTrustU21 ($100 in chips) 
Seat 2: meyera15 ($111.38 in chips) 
Seat 3: nikalas22 ($111.89 in chips) 
Seat 4: kvcsszblcs ($123.13 in chips) 
Seat 6: Vibe8428 ($79 in chips) 
iTrustU21: posts small blind $0.50
meyera15: posts big blind $1
*** HOLE CARDS ***
henri789 joins the table at seat #5 
nikalas22: folds 
kvcsszblcs: raises $1 to $2
nikalas22 leaves the table
Vibe8428: folds 
iTrustU21: folds 
meyera15: folds 
Uncalled bet ($1) returned to kvcsszblcs
kvcsszblcs collected $2.50 from pot
kvcsszblcs: doesn't show hand 
*** SUMMARY ***
Total pot $2.50 | Rake $0 
Seat 1: iTrustU21 (small blind) folded before Flop
Seat 2: meyera15 (big blind) folded before Flop
Seat 3: nikalas22 folded before Flop (didn't bet)
Seat 4: kvcsszblcs collected ($2.50)
Seat 6: Vibe8428 (button) folded before Flop (didn't bet)



PokerStars Hand #254774804940:  Hold'em No Limit ($0.50/$1.00 USD) - 2025/02/08 23:35:22 WET [2025/02/08 18:35:22 ET]
Table 'Thyra II' 6-max Seat #1 is the button
Seat 5: henri789 ($100 in chips) is sitting out
Seat 1: iTrustU21 ($100 in chips) 
Seat 2: meyera15 ($110.38 in chips) 
Seat 4: kvcsszblcs ($124.63 in chips) 
Seat 6: Vibe8428 ($79 in chips) 
meyera15: posts small blind $0.50
kvcsszblcs: posts big blind $1
henri789: sits out 
*** HOLE CARDS ***
Vibe8428: raises $2 to $3
iTrustU21: folds 
meyera15: folds 
LuckyShikari joins the table at seat #3 
kvcsszblcs: folds 
Uncalled bet ($2) returned to Vibe8428
Vibe8428 collected $2.50 from pot
Vibe8428: doesn't show hand 
*** SUMMARY ***
Total pot $2.50 | Rake $0 
Seat 5: henri789
Seat 1: iTrustU21 (button) folded before Flop (didn't bet)
Seat 2: meyera15 (small blind) folded before Flop
Seat 4: kvcsszblcs (big blind) folded before Flop
Seat 6: Vibe8428 collected ($2.50)



PokerStars Hand #254774809773:  Hold'em No Limit ($0.50/$1.00 USD) - 2025/02/08 23:35:41 WET [2025/02/08 18:35:41 ET]
Table 'Thyra II' 6-max Seat #2 is the button
Seat 3: LuckyShikari ($100 in chips) is sitting out
Seat 1: iTrustU21 ($100 in chips) 
Seat 2: meyera15 ($109.88 in chips) 
Seat 4: kvcsszblcs ($123.63 in chips) 
Seat 5: henri789 ($100 in chips) 
Seat 6: Vibe8428 ($80.50 in chips) 
kvcsszblcs: posts small blind $0.50
henri789: posts big blind $1
*** HOLE CARDS ***
Vibe8428: raises $2 to $3
iTrustU21: folds 
meyera15: folds 
kvcsszblcs: folds 
henri789: folds 
Uncalled bet ($2) returned to Vibe8428
Vibe8428 collected $2.50 from pot
Vibe8428: doesn't show hand 
*** SUMMARY ***
Total pot $2.50 | Rake $0 
Seat 3: LuckyShikari
Seat 1: iTrustU21 folded before Flop (didn't bet)
Seat 2: meyera15 (button) folded before Flop (didn't bet)
Seat 4: kvcsszblcs (small blind) folded before Flop
Seat 5: henri789 (big blind) folded before Flop
Seat 6: Vibe8428 collected ($2.50)



PokerStars Hand #254774813764:  Hold'em No Limit ($0.50/$1.00 USD) - 2025/02/08 23:35:57 WET [2025/02/08 18:35:57 ET]
Table 'Thyra II' 6-max Seat #4 is the button
Seat 3: LuckyShikari ($100 in chips) is sitting out
Seat 1: iTrustU21 ($100 in chips) 
Seat 2: meyera15 ($109.88 in chips) 
Seat 4: kvcsszblcs ($123.13 in chips) 
Seat 5: henri789 ($100 in chips) 
Seat 6: Vibe8428 ($82 in chips) 
henri789: posts small blind $0.50
Vibe8428: posts big blind $1
LuckyShikari: sits out 
*** HOLE CARDS ***
iTrustU21: folds 
meyera15: folds 
kvcsszblcs: raises $1.25 to $2.25
henri789: raises $8.25 to $10.50
Vibe8428: folds 
kvcsszblcs: folds 
Uncalled bet ($8.25) returned to henri789
henri789 collected $5.50 from pot
henri789: doesn't show hand 
*** SUMMARY ***
Total pot $5.50 | Rake $0 
Seat 3: LuckyShikari
Seat 1: iTrustU21 folded before Flop (didn't bet)
Seat 2: meyera15 folded before Flop (didn't bet)
Seat 4: kvcsszblcs (button) folded before Flop
Seat 5: henri789 (small blind) collected ($5.50)
Seat 6: Vibe8428 (big blind) folded before Flop



PokerStars Hand #254774820785:  Hold'em No Limit ($0.50/$1.00 USD) - 2025/02/08 23:36:24 WET [2025/02/08 18:36:24 ET]
Table 'Thyra II' 6-max Seat #5 is the button
Seat 3: LuckyShikari ($100 in chips) is sitting out
Seat 1: iTrustU21 ($100 in chips) 
Seat 2: meyera15 ($109.88 in chips) 
Seat 4: kvcsszblcs ($120.88 in chips) 
Seat 5: henri789 ($103.25 in chips) 
Seat 6: Vibe8428 ($81 in chips) 
Vibe8428: posts small blind $0.50
iTrustU21: posts big blind $1
LuckyShikari: sits out 
*** HOLE CARDS ***
meyera15: folds 
kvcsszblcs: folds 
henri789: folds 
Vibe8428: raises $2 to $3
iTrustU21: folds 
Uncalled bet ($2) returned to Vibe8428
Vibe8428 collected $2 from pot
Vibe8428: doesn't show hand 
*** SUMMARY ***
Total pot $2 | Rake $0 
Seat 3: LuckyShikari
Seat 1: iTrustU21 (big blind) folded before Flop
Seat 2: meyera15 folded before Flop (didn't bet)
Seat 4: kvcsszblcs folded before Flop (didn't bet)
Seat 5: henri789 (button) folded before Flop (didn't bet)
Seat 6: Vibe8428 (small blind) collected ($2)



PokerStars Hand #254774825610:  Hold'em No Limit ($0.50/$1.00 USD) - 2025/02/08 23:36:43 WET [2025/02/08 18:36:43 ET]
Table 'Thyra II' 6-max Seat #6 is the button
Seat 3: LuckyShikari ($100 in chips) is sitting out
Seat 1: iTrustU21 ($100 in chips) 
Seat 2: meyera15 ($109.88 in chips) 
Seat 4: kvcsszblcs ($120.88 in chips) 
Seat 5: henri789 ($103.25 in chips) 
Seat 6: Vibe8428 ($82 in chips) 
iTrustU21: posts small blind $0.50
meyera15: posts big blind $1
LuckyShikari: sits out 
*** HOLE CARDS ***
kvcsszblcs: folds 
henri789: folds 
Vibe8428: folds 
iTrustU21: folds 
Uncalled bet ($0.50) returned to meyera15
meyera15 collected $1 from pot
*** SUMMARY ***
Total pot $1 | Rake $0 
Seat 3: LuckyShikari
Seat 1: iTrustU21 (small blind) folded before Flop
Seat 2: meyera15 (big blind) collected ($1)
Seat 4: kvcsszblcs folded before Flop (didn't bet)
Seat 5: henri789 folded before Flop (didn't bet)
Seat 6: Vibe8428 (button) folded before Flop (didn't bet)



PokerStars Hand #254774831955:  Hold'em No Limit ($0.50/$1.00 USD) - 2025/02/08 23:37:08 WET [2025/02/08 18:37:08 ET]
Table 'Thyra II' 6-max Seat #1 is the button
Seat 1: iTrustU21 ($100 in chips) 
Seat 2: meyera15 ($110.38 in chips) 
Seat 3: LuckyShikari ($100 in chips) 
Seat 4: kvcsszblcs ($120.88 in chips) 
Seat 5: henri789 ($103.25 in chips) 
Seat 6: Vibe8428 ($82 in chips) 
meyera15: posts small blind $0.50
LuckyShikari: posts big blind $1
*** HOLE CARDS ***
kvcsszblcs: folds 
henri789: folds 
Vibe8428: folds 
iTrustU21: folds 
meyera15: raises $1.60 to $2.60
LuckyShikari: folds 
Uncalled bet ($1.60) returned to meyera15
meyera15 collected $2 from pot
*** SUMMARY ***
Total pot $2 | Rake $0 
Seat 1: iTrustU21 (button) folded before Flop (didn't bet)
Seat 2: meyera15 (small blind) collected ($2)
Seat 3: LuckyShikari (big blind) folded before Flop
Seat 4: kvcsszblcs folded before Flop (didn't bet)
Seat 5: henri789 folded before Flop (didn't bet)
Seat 6: Vibe8428 folded before Flop (didn't bet)



PokerStars Hand #254774837970:  Hold'em No Limit ($0.50/$1.00 USD) - 2025/02/08 23:37:31 WET [2025/02/08 18:37:31 ET]
Table 'Thyra II' 6-max Seat #2 is the button
Seat 1: iTrustU21 ($100 in chips) 
Seat 2: meyera15 ($111.38 in chips) 
Seat 3: LuckyShikari ($100 in chips) 
Seat 4: kvcsszblcs ($120.88 in chips) 
Seat 5: henri789 ($103.25 in chips) 
Seat 6: Vibe8428 ($82 in chips) 
LuckyShikari: posts small blind $0.50
kvcsszblcs: posts big blind $1
*** HOLE CARDS ***
henri789: folds 
Vibe8428: folds 
iTrustU21 has timed out
iTrustU21: folds 
meyera15: raises $2 to $3
LuckyShikari: folds 
kvcsszblcs: folds 
Uncalled bet ($2) returned to meyera15
meyera15 collected $2.50 from pot
*** SUMMARY ***
Total pot $2.50 | Rake $0 
Seat 1: iTrustU21 folded before Flop (didn't bet)
Seat 2: meyera15 (button) collected ($2.50)
Seat 3: LuckyShikari (small blind) folded before Flop
Seat 4: kvcsszblcs (big blind) folded before Flop
Seat 5: henri789 folded before Flop (didn't bet)
Seat 6: Vibe8428 folded before Flop (didn't bet)



PokerStars Hand #254774846330:  Hold'em No Limit ($0.50/$1.00 USD) - 2025/02/08 23:38:04 WET [2025/02/08 18:38:04 ET]
Table 'Thyra II' 6-max Seat #3 is the button
Seat 1: iTrustU21 ($100 in chips) 
Seat 2: meyera15 ($112.88 in chips) 
Seat 3: LuckyShikari ($100 in chips) 
Seat 4: kvcsszblcs ($119.88 in chips) 
Seat 5: henri789 ($103.25 in chips) 
Seat 6: Vibe8428 ($82 in chips) 
kvcsszblcs: posts small blind $0.50
henri789: posts big blind $1
*** HOLE CARDS ***
Vibe8428: folds 
iTrustU21: folds 
meyera15: folds 
LuckyShikari: raises $1.25 to $2.25
kvcsszblcs: folds 
henri789: calls $1.25
*** FLOP *** [7s 3s 4d]
henri789: checks 
LuckyShikari: bets $3.50
henri789: folds 
Uncalled bet ($3.50) returned to LuckyShikari
LuckyShikari collected $4.75 from pot
LuckyShikari: doesn't show hand 
*** SUMMARY ***
Total pot $5 | Rake $0.25 
Board [7s 3s 4d]
Seat 1: iTrustU21 folded before Flop (didn't bet)
Seat 2: meyera15 folded before Flop (didn't bet)
Seat 3: LuckyShikari (button) collected ($4.75)
Seat 4: kvcsszblcs (small blind) folded before Flop
Seat 5: henri789 (big blind) folded on the Flop
Seat 6: Vibe8428 folded before Flop (didn't bet)



PokerStars Hand #254774854349:  Hold'em No Limit ($0.50/$1.00 USD) - 2025/02/08 23:38:36 WET [2025/02/08 18:38:36 ET]
Table 'Thyra II' 6-max Seat #4 is the button
Seat 1: iTrustU21 ($100 in chips) 
Seat 2: meyera15 ($112.88 in chips) 
Seat 3: LuckyShikari ($102.50 in chips) 
Seat 4: kvcsszblcs ($119.38 in chips) 
Seat 5: henri789 ($101 in chips) 
Seat 6: Vibe8428 ($82 in chips) 
henri789: posts small blind $0.50
Vibe8428: posts big blind $1
*** HOLE CARDS ***
iTrustU21: folds 
meyera15: folds 
LuckyShikari: folds 
kvcsszblcs: raises $1.25 to $2.25
henri789: folds 
Vibe8428: calls $1.25
*** FLOP *** [Td 5c 9d]
Vibe8428: checks 
kvcsszblcs: checks 
*** TURN *** [Td 5c 9d] [4h]
Vibe8428: checks 
kvcsszblcs: checks 
*** RIVER *** [Td 5c 9d 4h] [Kh]
Vibe8428: checks 
kvcsszblcs: checks 
*** SHOW DOWN ***
Vibe8428: shows [8s 7c] (high card King)
kvcsszblcs: shows [4d 6d] (a pair of Fours)
kvcsszblcs collected $4.75 from pot
*** SUMMARY ***
Total pot $5 | Rake $0.25 
Board [Td 5c 9d 4h Kh]
Seat 1: iTrustU21 folded before Flop (didn't bet)
Seat 2: meyera15 folded before Flop (didn't bet)
Seat 3: LuckyShikari folded before Flop (didn't bet)
Seat 4: kvcsszblcs (button) showed [4d 6d] and won ($4.75) with a pair of Fours
Seat 5: henri789 (small blind) folded before Flop
Seat 6: Vibe8428 (big blind) showed [8s 7c] and lost with high card King



PokerStars Hand #254774867246:  Hold'em No Limit ($0.50/$1.00 USD) - 2025/02/08 23:39:27 WET [2025/02/08 18:39:27 ET]
Table 'Thyra II' 6-max Seat #5 is the button
Seat 1: iTrustU21 ($100 in chips) 
Seat 2: meyera15 ($112.88 in chips) 
Seat 3: LuckyShikari ($102.50 in chips) 
Seat 4: kvcsszblcs ($121.88 in chips) 
Seat 5: henri789 ($100.50 in chips) 
Seat 6: Vibe8428 ($79.75 in chips) 
Vibe8428: posts small blind $0.50
iTrustU21: posts big blind $1
*** HOLE CARDS ***
meyera15: folds 
LuckyShikari: folds 
kvcsszblcs: folds 
henri789: folds 
Vibe8428: folds 
Uncalled bet ($0.50) returned to iTrustU21
iTrustU21 collected $1 from pot
iTrustU21: doesn't show hand 
*** SUMMARY ***
Total pot $1 | Rake $0 
Seat 1: iTrustU21 (big blind) collected ($1)
Seat 2: meyera15 folded before Flop (didn't bet)
Seat 3: LuckyShikari folded before Flop (didn't bet)
Seat 4: kvcsszblcs folded before Flop (didn't bet)
Seat 5: henri789 (button) folded before Flop (didn't bet)
Seat 6: Vibe8428 (small blind) folded before Flop



PokerStars Hand #254774870646:  Hold'em No Limit ($0.50/$1.00 USD) - 2025/02/08 23:39:40 WET [2025/02/08 18:39:40 ET]
Table 'Thyra II' 6-max Seat #6 is the button
Seat 1: iTrustU21 ($100.50 in chips) 
Seat 2: meyera15 ($112.88 in chips) 
Seat 3: LuckyShikari ($102.50 in chips) 
Seat 4: kvcsszblcs ($121.88 in chips) 
Seat 5: henri789 ($100.50 in chips) 
Seat 6: Vibe8428 ($79.25 in chips) 
iTrustU21: posts small blind $0.50
meyera15: posts big blind $1
*** HOLE CARDS ***
LuckyShikari: folds 
kvcsszblcs: folds 
henri789: folds 
Vibe8428: folds 
iTrustU21: raises $1.70 to $2.70
meyera15: calls $1.70
*** FLOP *** [5d Qc 9h]
iTrustU21: checks 
meyera15: bets $2
iTrustU21: calls $2
*** TURN *** [5d Qc 9h] [Jh]
iTrustU21: checks 
meyera15: checks 
*** RIVER *** [5d Qc 9h Jh] [Js]
iTrustU21: bets $2.95
meyera15: raises $9.05 to $12
iTrustU21: folds 
Uncalled bet ($9.05) returned to meyera15
meyera15 collected $14.54 from pot
*** SUMMARY ***
Total pot $15.30 | Rake $0.76 
Board [5d Qc 9h Jh Js]
Seat 1: iTrustU21 (small blind) folded on the River
Seat 2: meyera15 (big blind) collected ($14.54)
Seat 3: LuckyShikari folded before Flop (didn't bet)
Seat 4: kvcsszblcs folded before Flop (didn't bet)
Seat 5: henri789 folded before Flop (didn't bet)
Seat 6: Vibe8428 (button) folded before Flop (didn't bet)



PokerStars Hand #254774892993:  Hold'em No Limit ($0.50/$1.00 USD) - 2025/02/08 23:41:09 WET [2025/02/08 18:41:09 ET]
Table 'Thyra II' 6-max Seat #1 is the button
Seat 1: iTrustU21 ($100 in chips) 
Seat 2: meyera15 ($119.77 in chips) 
Seat 3: LuckyShikari ($102.50 in chips) 
Seat 4: kvcsszblcs ($121.88 in chips) 
Seat 5: henri789 ($100.50 in chips) 
Seat 6: Vibe8428 ($79.25 in chips) 
meyera15: posts small blind $0.50
LuckyShikari: posts big blind $1
*** HOLE CARDS ***
kvcsszblcs: folds 
henri789: folds 
Vibe8428: folds 
iTrustU21: folds 
meyera15: raises $2 to $3
LuckyShikari: raises $6 to $9
meyera15: folds 
Uncalled bet ($6) returned to LuckyShikari
LuckyShikari collected $6 from pot
LuckyShikari: doesn't show hand 
*** SUMMARY ***
Total pot $6 | Rake $0 
Seat 1: iTrustU21 (button) folded before Flop (didn't bet)
Seat 2: meyera15 (small blind) folded before Flop
Seat 3: LuckyShikari (big blind) collected ($6)
Seat 4: kvcsszblcs folded before Flop (didn't bet)
Seat 5: henri789 folded before Flop (didn't bet)
Seat 6: Vibe8428 folded before Flop (didn't bet)



PokerStars Hand #254774900052:  Hold'em No Limit ($0.50/$1.00 USD) - 2025/02/08 23:41:37 WET [2025/02/08 18:41:37 ET]
Table 'Thyra II' 6-max Seat #2 is the button
Seat 1: iTrustU21 ($100 in chips) 
Seat 2: meyera15 ($116.77 in chips) 
Seat 3: LuckyShikari ($105.50 in chips) 
Seat 4: kvcsszblcs ($121.88 in chips) 
Seat 5: henri789 ($100.50 in chips) 
Seat 6: Vibe8428 ($79.25 in chips) 
LuckyShikari: posts small blind $0.50
kvcsszblcs: posts big blind $1
*** HOLE CARDS ***
henri789: folds 
Vibe8428: folds 
iTrustU21: folds 
meyera15: folds 
LuckyShikari: raises $2 to $3
kvcsszblcs: calls $2
*** FLOP *** [Js Jc Ks]
LuckyShikari: bets $4.50
kvcsszblcs: folds 
Uncalled bet ($4.50) returned to LuckyShikari
LuckyShikari collected $5.70 from pot
LuckyShikari: doesn't show hand 
*** SUMMARY ***
Total pot $6 | Rake $0.30 
Board [Js Jc Ks]
Seat 1: iTrustU21 folded before Flop (didn't bet)
Seat 2: meyera15 (button) folded before Flop (didn't bet)
Seat 3: LuckyShikari (small blind) collected ($5.70)
Seat 4: kvcsszblcs (big blind) folded on the Flop
Seat 5: henri789 folded before Flop (didn't bet)
Seat 6: Vibe8428 folded before Flop (didn't bet)



PokerStars Hand #254774906707:  Hold'em No Limit ($0.50/$1.00 USD) - 2025/02/08 23:42:04 WET [2025/02/08 18:42:04 ET]
Table 'Thyra II' 6-max Seat #3 is the button
Seat 1: iTrustU21 ($100 in chips) 
Seat 2: meyera15 ($116.77 in chips) 
Seat 3: LuckyShikari ($108.20 in chips) 
Seat 4: kvcsszblcs ($118.88 in chips) 
Seat 5: henri789 ($100.50 in chips) 
Seat 6: Vibe8428 ($79.25 in chips) 
kvcsszblcs: posts small blind $0.50
henri789: posts big blind $1
*** HOLE CARDS ***
Vibe8428: raises $2 to $3
iTrustU21: folds 
meyera15: folds 
LuckyShikari: folds 
kvcsszblcs: folds 
henri789: calls $2
*** FLOP *** [Ad As 4s]
henri789: checks 
Vibe8428: checks 
*** TURN *** [Ad As 4s] [9h]
henri789: checks 
Vibe8428: checks 
*** RIVER *** [Ad As 4s 9h] [6s]
henri789: bets $2.04
Vibe8428: folds 
Uncalled bet ($2.04) returned to henri789
henri789 collected $6.18 from pot
henri789: doesn't show hand 
*** SUMMARY ***
Total pot $6.50 | Rake $0.32 
Board [Ad As 4s 9h 6s]
Seat 1: iTrustU21 folded before Flop (didn't bet)
Seat 2: meyera15 folded before Flop (didn't bet)
Seat 3: LuckyShikari (button) folded before Flop (didn't bet)
Seat 4: kvcsszblcs (small blind) folded before Flop
Seat 5: henri789 (big blind) collected ($6.18)
Seat 6: Vibe8428 folded on the River



PokerStars Hand #254774927701:  Hold'em No Limit ($0.50/$1.00 USD) - 2025/02/08 23:43:29 WET [2025/02/08 18:43:29 ET]
Table 'Thyra II' 6-max Seat #4 is the button
Seat 1: iTrustU21 ($100 in chips) 
Seat 2: meyera15 ($116.77 in chips) 
Seat 3: LuckyShikari ($108.20 in chips) 
Seat 4: kvcsszblcs ($118.38 in chips) 
Seat 5: henri789 ($103.68 in chips) 
Seat 6: Vibe8428 ($76.25 in chips) 
henri789: posts small blind $0.50
Vibe8428: posts big blind $1
*** HOLE CARDS ***
iTrustU21: folds 
meyera15: folds 
LuckyShikari: folds 
kvcsszblcs: folds 
henri789: raises $2 to $3
Vibe8428: folds 
Uncalled bet ($2) returned to henri789
henri789 collected $2 from pot
henri789: doesn't show hand 
*** SUMMARY ***
Total pot $2 | Rake $0 
Seat 1: iTrustU21 folded before Flop (didn't bet)
Seat 2: meyera15 folded before Flop (didn't bet)
Seat 3: LuckyShikari folded before Flop (didn't bet)
Seat 4: kvcsszblcs (button) folded before Flop (didn't bet)
Seat 5: henri789 (small blind) collected ($2)
Seat 6: Vibe8428 (big blind) folded before Flop



PokerStars Hand #254774932292:  Hold'em No Limit ($0.50/$1.00 USD) - 2025/02/08 23:43:47 WET [2025/02/08 18:43:47 ET]
Table 'Thyra II' 6-max Seat #5 is the button
Seat 1: iTrustU21 ($100 in chips) is sitting out
Seat 2: meyera15 ($116.77 in chips) 
Seat 3: LuckyShikari ($108.20 in chips) 
Seat 4: kvcsszblcs ($118.38 in chips) 
Seat 5: henri789 ($104.68 in chips) 
Seat 6: Vibe8428 ($75.25 in chips) 
Vibe8428: posts small blind $0.50
iTrustU21: is sitting out 
meyera15: posts big blind $1
*** HOLE CARDS ***
LuckyShikari: folds 
kvcsszblcs: folds 
iTrustU21 leaves the table
henri789: folds 
Vibe8428: raises $2 to $3
Nikarta34 joins the table at seat #1 
meyera15: calls $2
*** FLOP *** [Td 2c 8d]
Vibe8428: bets $5.70
meyera15: folds 
Uncalled bet ($5.70) returned to Vibe8428
Vibe8428 collected $5.70 from pot
Vibe8428: doesn't show hand 
*** SUMMARY ***
Total pot $6 | Rake $0.30 
Board [Td 2c 8d]
Seat 1: iTrustU21
Seat 2: meyera15 (big blind) folded on the Flop
Seat 3: LuckyShikari folded before Flop (didn't bet)
Seat 4: kvcsszblcs folded before Flop (didn't bet)
Seat 5: henri789 (button) folded before Flop (didn't bet)
Seat 6: Vibe8428 (small blind) collected ($5.70)



PokerStars Hand #254774940819:  Hold'em No Limit ($0.50/$1.00 USD) - 2025/02/08 23:44:22 WET [2025/02/08 18:44:22 ET]
Table 'Thyra II' 6-max Seat #6 is the button
Seat 1: Nikarta34 ($100 in chips) is sitting out
Seat 2: meyera15 ($113.77 in chips) 
Seat 3: LuckyShikari ($108.20 in chips) 
Seat 4: kvcsszblcs ($118.38 in chips) 
Seat 5: henri789 ($104.68 in chips) 
Seat 6: Vibe8428 ($77.95 in chips) 
meyera15: posts small blind $0.50
LuckyShikari: posts big blind $1
*** HOLE CARDS ***
kvcsszblcs: folds 
henri789: raises $1.50 to $2.50
Vibe8428: folds 
meyera15: folds 
LuckyShikari: folds 
Uncalled bet ($1.50) returned to henri789
henri789 collected $2.50 from pot
henri789: doesn't show hand 
*** SUMMARY ***
Total pot $2.50 | Rake $0 
Seat 1: Nikarta34
Seat 2: meyera15 (small blind) folded before Flop
Seat 3: LuckyShikari (big blind) folded before Flop
Seat 4: kvcsszblcs folded before Flop (didn't bet)
Seat 5: henri789 collected ($2.50)
Seat 6: Vibe8428 (button) folded before Flop (didn't bet)



PokerStars Hand #254774944730:  Hold'em No Limit ($0.50/$1.00 USD) - 2025/02/08 23:44:38 WET [2025/02/08 18:44:38 ET]
Table 'Thyra II' 6-max Seat #2 is the button
Seat 1: Nikarta34 ($100 in chips) is sitting out
Seat 2: meyera15 ($113.27 in chips) 
Seat 3: LuckyShikari ($107.20 in chips) 
Seat 4: kvcsszblcs ($118.38 in chips) 
Seat 5: henri789 ($106.18 in chips) 
Seat 6: Vibe8428 ($77.95 in chips) 
LuckyShikari: posts small blind $0.50
kvcsszblcs: posts big blind $1
Nikarta34: sits out 
*** HOLE CARDS ***
henri789: raises $1.50 to $2.50
Vibe8428: folds 
meyera15: raises $6.50 to $9
LuckyShikari: folds 
kvcsszblcs: folds 
henri789: folds 
Uncalled bet ($6.50) returned to meyera15
meyera15 collected $6.50 from pot
*** SUMMARY ***
Total pot $6.50 | Rake $0 
Seat 1: Nikarta34
Seat 2: meyera15 (button) collected ($6.50)
Seat 3: LuckyShikari (small blind) folded before Flop
Seat 4: kvcsszblcs (big blind) folded before Flop
Seat 5: henri789 folded before Flop
Seat 6: Vibe8428 folded before Flop (didn't bet)



PokerStars Hand #254774951501:  Hold'em No Limit ($0.50/$1.00 USD) - 2025/02/08 23:45:05 WET [2025/02/08 18:45:05 ET]
Table 'Thyra II' 6-max Seat #3 is the button
Seat 1: Nikarta34 ($100 in chips) is sitting out
Seat 2: meyera15 ($117.27 in chips) 
Seat 3: LuckyShikari ($106.70 in chips) 
Seat 4: kvcsszblcs ($117.38 in chips) 
Seat 5: henri789 ($103.68 in chips) 
Seat 6: Vibe8428 ($77.95 in chips) 
kvcsszblcs: posts small blind $0.50
henri789: posts big blind $1
Nikarta34: sits out 
*** HOLE CARDS ***
Vibe8428: folds 
meyera15: folds 
LuckyShikari: raises $1.50 to $2.50
kvcsszblcs: folds 
henri789: raises $9.50 to $12
LuckyShikari: folds 
Uncalled bet ($9.50) returned to henri789
henri789 collected $5.50 from pot
henri789: doesn't show hand 
*** SUMMARY ***
Total pot $5.50 | Rake $0 
Seat 1: Nikarta34
Seat 2: meyera15 folded before Flop (didn't bet)
Seat 3: LuckyShikari (button) folded before Flop
Seat 4: kvcsszblcs (small blind) folded before Flop
Seat 5: henri789 (big blind) collected ($5.50)
Seat 6: Vibe8428 folded before Flop (didn't bet)



PokerStars Hand #254774959077:  Hold'em No Limit ($0.50/$1.00 USD) - 2025/02/08 23:45:35 WET [2025/02/08 18:45:35 ET]
Table 'Thyra II' 6-max Seat #4 is the button
Seat 1: Nikarta34 ($100 in chips) is sitting out
Seat 2: meyera15 ($117.27 in chips) 
Seat 3: LuckyShikari ($104.20 in chips) 
Seat 4: kvcsszblcs ($116.88 in chips) 
Seat 5: henri789 ($106.68 in chips) 
Seat 6: Vibe8428 ($77.95 in chips) 
henri789: posts small blind $0.50
Vibe8428: posts big blind $1
Nikarta34: sits out 
*** HOLE CARDS ***
meyera15: raises $1.30 to $2.30
LuckyShikari: raises $6.70 to $9
kvcsszblcs: folds 
henri789: folds 
Vibe8428: folds 
meyera15: raises $13 to $22
LuckyShikari: calls $13
*** FLOP *** [Kd 5c Ac]
meyera15: checks 
LuckyShikari: checks 
*** TURN *** [Kd 5c Ac] [Ah]
meyera15: checks 
LuckyShikari: checks 
*** RIVER *** [Kd 5c Ac Ah] [Ks]
meyera15: checks 
LuckyShikari: bets $10
meyera15: calls $10
*** SHOW DOWN ***
LuckyShikari: shows [9d 8d] (two pair, Aces and Kings)
meyera15: shows [Kh Jh] (a full house, Kings full of Aces)
meyera15 collected $63 from pot
*** SUMMARY ***
Total pot $65.50 | Rake $2.50 
Board [Kd 5c Ac Ah Ks]
Seat 1: Nikarta34
Seat 2: meyera15 showed [Kh Jh] and won ($63) with a full house, Kings full of Aces
Seat 3: LuckyShikari showed [9d 8d] and lost with two pair, Aces and Kings
Seat 4: kvcsszblcs (button) folded before Flop (didn't bet)
Seat 5: henri789 (small blind) folded before Flop
Seat 6: Vibe8428 (big blind) folded before Flop



PokerStars Hand #254774975445:  Hold'em No Limit ($0.50/$1.00 USD) - 2025/02/08 23:46:42 WET [2025/02/08 18:46:42 ET]
Table 'Thyra II' 6-max Seat #5 is the button
Seat 1: Nikarta34 ($100 in chips) 
Seat 2: meyera15 ($148.27 in chips) 
Seat 3: LuckyShikari ($100 in chips) 
Seat 4: kvcsszblcs ($116.88 in chips) 
Seat 5: henri789 ($106.18 in chips) 
Seat 6: Vibe8428 ($76.95 in chips) 
Vibe8428: posts small blind $0.50
Nikarta34: posts big blind $1
*** HOLE CARDS ***
meyera15: raises $2 to $3
LuckyShikari: calls $3
kvcsszblcs: folds 
henri789: folds 
Vibe8428: folds 
Nikarta34: calls $2
*** FLOP *** [6h 8h 2d]
Nikarta34: bets $2.98
meyera15: calls $2.98
LuckyShikari: folds 
*** TURN *** [6h 8h 2d] [Ac]
Nikarta34: bets $3.50
meyera15: raises $7.20 to $10.70
Nikarta34: calls $7.20
*** RIVER *** [6h 8h 2d Ac] [Ts]
Nikarta34: checks 
meyera15: bets $14
Nikarta34: raises $69.32 to $83.32 and is all-in
meyera15: folds 
Uncalled bet ($69.32) returned to Nikarta34
Nikarta34 collected $62.36 from pot
Nikarta34: doesn't show hand 
*** SUMMARY ***
Total pot $64.86 | Rake $2.50 
Board [6h 8h 2d Ac Ts]
Seat 1: Nikarta34 (big blind) collected ($62.36)
Seat 2: meyera15 folded on the River
Seat 3: LuckyShikari folded on the Flop
Seat 4: kvcsszblcs folded before Flop (didn't bet)
Seat 5: henri789 (button) folded before Flop (didn't bet)
Seat 6: Vibe8428 (small blind) folded before Flop



PokerStars Hand #254774998796:  Hold'em No Limit ($0.50/$1.00 USD) - 2025/02/08 23:48:17 WET [2025/02/08 18:48:17 ET]
Table 'Thyra II' 6-max Seat #6 is the button
Seat 1: Nikarta34 ($131.68 in chips) 
Seat 2: meyera15 ($117.59 in chips) 
Seat 3: LuckyShikari ($100 in chips) 
Seat 4: kvcsszblcs ($116.88 in chips) 
Seat 5: henri789 ($106.18 in chips) 
Seat 6: Vibe8428 ($76.45 in chips) 
Nikarta34: posts small blind $0.50
meyera15: posts big blind $1
*** HOLE CARDS ***
LuckyShikari: folds 
kvcsszblcs: raises $1 to $2
henri789: folds 
Vibe8428: folds 
Nikarta34: folds 
meyera15: calls $1
*** FLOP *** [7c 8h 2h]
meyera15: checks 
kvcsszblcs: checks 
*** TURN *** [7c 8h 2h] [8d]
meyera15: checks 
kvcsszblcs: checks 
*** RIVER *** [7c 8h 2h 8d] [8c]
meyera15: checks 
kvcsszblcs: checks 
*** SHOW DOWN ***
meyera15: shows [Kc 6s] (three of a kind, Eights)
kvcsszblcs: shows [Jc Ah] (three of a kind, Eights - Ace kicker)
kvcsszblcs collected $4.28 from pot
*** SUMMARY ***
Total pot $4.50 | Rake $0.22 
Board [7c 8h 2h 8d 8c]
Seat 1: Nikarta34 (small blind) folded before Flop
Seat 2: meyera15 (big blind) showed [Kc 6s] and lost with three of a kind, Eights
Seat 3: LuckyShikari folded before Flop (didn't bet)
Seat 4: kvcsszblcs showed [Jc Ah] and won ($4.28) with three of a kind, Eights
Seat 5: henri789 folded before Flop (didn't bet)
Seat 6: Vibe8428 (button) folded before Flop (didn't bet)



PokerStars Hand #254775008173:  Hold'em No Limit ($0.50/$1.00 USD) - 2025/02/08 23:48:55 WET [2025/02/08 18:48:55 ET]
Table 'Thyra II' 6-max Seat #1 is the button
Seat 1: Nikarta34 ($131.18 in chips) 
Seat 2: meyera15 ($115.59 in chips) 
Seat 3: LuckyShikari ($100 in chips) 
Seat 4: kvcsszblcs ($119.16 in chips) 
Seat 5: henri789 ($106.18 in chips) 
Seat 6: Vibe8428 ($76.45 in chips) 
meyera15: posts small blind $0.50
LuckyShikari: posts big blind $1
*** HOLE CARDS ***
kvcsszblcs: folds 
henri789: folds 
Vibe8428: raises $2 to $3
Nikarta34: folds 
meyera15: folds 
LuckyShikari: calls $2
*** FLOP *** [Js 2c 9c]
LuckyShikari: checks 
Vibe8428: bets $6.18
LuckyShikari: folds 
Uncalled bet ($6.18) returned to Vibe8428
Vibe8428 collected $6.18 from pot
Vibe8428: doesn't show hand 
*** SUMMARY ***
Total pot $6.50 | Rake $0.32 
Board [Js 2c 9c]
Seat 1: Nikarta34 (button) folded before Flop (didn't bet)
Seat 2: meyera15 (small blind) folded before Flop
Seat 3: LuckyShikari (big blind) folded on the Flop
Seat 4: kvcsszblcs folded before Flop (didn't bet)
Seat 5: henri789 folded before Flop (didn't bet)
Seat 6: Vibe8428 collected ($6.18)



PokerStars Hand #254775015567:  Hold'em No Limit ($0.50/$1.00 USD) - 2025/02/08 23:49:26 WET [2025/02/08 18:49:26 ET]
Table 'Thyra II' 6-max Seat #2 is the button
Seat 1: Nikarta34 ($131.18 in chips) 
Seat 2: meyera15 ($115.09 in chips) 
Seat 3: LuckyShikari ($100 in chips) 
Seat 4: kvcsszblcs ($119.16 in chips) 
Seat 5: henri789 ($106.18 in chips) 
Seat 6: Vibe8428 ($79.63 in chips) 
LuckyShikari: posts small blind $0.50
kvcsszblcs: posts big blind $1
*** HOLE CARDS ***
henri789: folds 
Vibe8428: folds 
Nikarta34: folds 
meyera15: folds 
LuckyShikari: folds 
Uncalled bet ($0.50) returned to kvcsszblcs
kvcsszblcs collected $1 from pot
kvcsszblcs: doesn't show hand 
*** SUMMARY ***
Total pot $1 | Rake $0 
Seat 1: Nikarta34 folded before Flop (didn't bet)
Seat 2: meyera15 (button) folded before Flop (didn't bet)
Seat 3: LuckyShikari (small blind) folded before Flop
Seat 4: kvcsszblcs (big blind) collected ($1)
Seat 5: henri789 folded before Flop (didn't bet)
Seat 6: Vibe8428 folded before Flop (didn't bet)



PokerStars Hand #254775018910:  Hold'em No Limit ($0.50/$1.00 USD) - 2025/02/08 23:49:39 WET [2025/02/08 18:49:39 ET]
Table 'Thyra II' 6-max Seat #3 is the button
Seat 1: Nikarta34 ($131.18 in chips) 
Seat 2: meyera15 ($115.09 in chips) 
Seat 3: LuckyShikari ($100 in chips) 
Seat 4: kvcsszblcs ($119.66 in chips) 
Seat 5: henri789 ($106.18 in chips) 
Seat 6: Vibe8428 ($79.63 in chips) 
kvcsszblcs: posts small blind $0.50
henri789: posts big blind $1
*** HOLE CARDS ***
Vibe8428: folds 
Nikarta34: folds 
meyera15: folds 
LuckyShikari: raises $1.50 to $2.50
kvcsszblcs: raises $8.50 to $11
henri789: folds 
LuckyShikari: folds 
Uncalled bet ($8.50) returned to kvcsszblcs
kvcsszblcs collected $6 from pot
kvcsszblcs: doesn't show hand 
*** SUMMARY ***
Total pot $6 | Rake $0 
Seat 1: Nikarta34 folded before Flop (didn't bet)
Seat 2: meyera15 folded before Flop (didn't bet)
Seat 3: LuckyShikari (button) folded before Flop
Seat 4: kvcsszblcs (small blind) collected ($6)
Seat 5: henri789 (big blind) folded before Flop
Seat 6: Vibe8428 folded before Flop (didn't bet)



PokerStars Hand #254775025751:  Hold'em No Limit ($0.50/$1.00 USD) - 2025/02/08 23:50:08 WET [2025/02/08 18:50:08 ET]
Table 'Thyra II' 6-max Seat #4 is the button
Seat 1: Nikarta34 ($131.18 in chips) 
Seat 2: meyera15 ($115.09 in chips) 
Seat 3: LuckyShikari ($100 in chips) 
Seat 4: kvcsszblcs ($123.16 in chips) 
Seat 5: henri789 ($105.18 in chips) 
Seat 6: Vibe8428 ($79.63 in chips) 
henri789: posts small blind $0.50
Vibe8428: posts big blind $1
*** HOLE CARDS ***
Nikarta34: folds 
meyera15: folds 
LuckyShikari: raises $1.50 to $2.50
kvcsszblcs: folds 
henri789: folds 
Vibe8428: folds 
Uncalled bet ($1.50) returned to LuckyShikari
LuckyShikari collected $2.50 from pot
LuckyShikari: doesn't show hand 
*** SUMMARY ***
Total pot $2.50 | Rake $0 
Seat 1: Nikarta34 folded before Flop (didn't bet)
Seat 2: meyera15 folded before Flop (didn't bet)
Seat 3: LuckyShikari collected ($2.50)
Seat 4: kvcsszblcs (button) folded before Flop (didn't bet)
Seat 5: henri789 (small blind) folded before Flop
Seat 6: Vibe8428 (big blind) folded before Flop



PokerStars Hand #254775031310:  Hold'em No Limit ($0.50/$1.00 USD) - 2025/02/08 23:50:30 WET [2025/02/08 18:50:30 ET]
Table 'Thyra II' 6-max Seat #5 is the button
Seat 1: Nikarta34 ($131.18 in chips) 
Seat 2: meyera15 ($115.09 in chips) 
Seat 3: LuckyShikari ($101.50 in chips) 
Seat 4: kvcsszblcs ($123.16 in chips) 
Seat 5: henri789 ($104.68 in chips) 
Seat 6: Vibe8428 ($78.63 in chips) 
Vibe8428: posts small blind $0.50
Nikarta34: posts big blind $1
*** HOLE CARDS ***
meyera15: folds 
LuckyShikari: raises $1 to $2
kvcsszblcs: folds 
henri789: raises $5 to $7
Vibe8428: calls $6.50
Nikarta34: folds 
LuckyShikari: folds 
*** FLOP *** [9h 9d 6h]
Vibe8428: checks 
henri789: bets $5.33
Vibe8428: calls $5.33
*** TURN *** [9h 9d 6h] [3c]
Vibe8428: checks 
henri789: bets $18.92
Vibe8428: folds 
Uncalled bet ($18.92) returned to henri789
henri789 collected $26.28 from pot
henri789: doesn't show hand 
*** SUMMARY ***
Total pot $27.66 | Rake $1.38 
Board [9h 9d 6h 3c]
Seat 1: Nikarta34 (big blind) folded before Flop
Seat 2: meyera15 folded before Flop (didn't bet)
Seat 3: LuckyShikari folded before Flop
Seat 4: kvcsszblcs folded before Flop (didn't bet)
Seat 5: henri789 (button) collected ($26.28)
Seat 6: Vibe8428 (small blind) folded on the Turn



PokerStars Hand #254775051284:  Hold'em No Limit ($0.50/$1.00 USD) - 2025/02/08 23:51:53 WET [2025/02/08 18:51:53 ET]
Table 'Thyra II' 6-max Seat #6 is the button
Seat 1: Nikarta34 ($130.18 in chips) 
Seat 2: meyera15 ($115.09 in chips) 
Seat 3: LuckyShikari ($100 in chips) 
Seat 4: kvcsszblcs ($123.16 in chips) 
Seat 5: henri789 ($118.63 in chips) 
Seat 6: Vibe8428 ($66.30 in chips) 
Nikarta34: posts small blind $0.50
meyera15: posts big blind $1
*** HOLE CARDS ***
LuckyShikari: folds 
kvcsszblcs: folds 
henri789: folds 
Vibe8428: folds 
Nikarta34: raises $2 to $3
meyera15: folds 
Uncalled bet ($2) returned to Nikarta34
Nikarta34 collected $2 from pot
Nikarta34: doesn't show hand 
*** SUMMARY ***
Total pot $2 | Rake $0 
Seat 1: Nikarta34 (small blind) collected ($2)
Seat 2: meyera15 (big blind) folded before Flop
Seat 3: LuckyShikari folded before Flop (didn't bet)
Seat 4: kvcsszblcs folded before Flop (didn't bet)
Seat 5: henri789 folded before Flop (didn't bet)
Seat 6: Vibe8428 (button) folded before Flop (didn't bet)



PokerStars Hand #254775055355:  Hold'em No Limit ($0.50/$1.00 USD) - 2025/02/08 23:52:09 WET [2025/02/08 18:52:09 ET]
Table 'Thyra II' 6-max Seat #1 is the button
Seat 1: Nikarta34 ($131.18 in chips) 
Seat 2: meyera15 ($114.09 in chips) 
Seat 3: LuckyShikari ($100 in chips) 
Seat 4: kvcsszblcs ($123.16 in chips) 
Seat 5: henri789 ($118.63 in chips) 
Seat 6: Vibe8428 ($66.30 in chips) 
meyera15: posts small blind $0.50
LuckyShikari: posts big blind $1
*** HOLE CARDS ***
kvcsszblcs: raises $1 to $2
henri789: folds 
Vibe8428: folds 
Nikarta34: calls $2
meyera15: folds 
LuckyShikari: calls $1
*** FLOP *** [Kh 4s Ks]
LuckyShikari: checks 
kvcsszblcs: checks 
Nikarta34: checks 
*** TURN *** [Kh 4s Ks] [Js]
LuckyShikari: checks 
kvcsszblcs: checks 
Nikarta34: checks 
*** RIVER *** [Kh 4s Ks Js] [2c]
LuckyShikari: checks 
kvcsszblcs: checks 
Nikarta34: bets $4.50
LuckyShikari: folds 
kvcsszblcs: folds 
Uncalled bet ($4.50) returned to Nikarta34
Nikarta34 collected $6.18 from pot
Nikarta34: doesn't show hand 
*** SUMMARY ***
Total pot $6.50 | Rake $0.32 
Board [Kh 4s Ks Js 2c]
Seat 1: Nikarta34 (button) collected ($6.18)
Seat 2: meyera15 (small blind) folded before Flop
Seat 3: LuckyShikari (big blind) folded on the River
Seat 4: kvcsszblcs folded on the River
Seat 5: henri789 folded before Flop (didn't bet)
Seat 6: Vibe8428 folded before Flop (didn't bet)



PokerStars Hand #254775119487:  Hold'em No Limit ($0.50/$1.00 USD) - 2025/02/08 23:57:07 WET [2025/02/08 18:57:07 ET]
Table 'Thyra II' 6-max Seat #1 is the button
Seat 1: Nikarta34 ($129.86 in chips) 
Seat 2: meyera15 ($111.09 in chips) 
Seat 3: LuckyShikari ($102.70 in chips) 
Seat 4: kvcsszblcs ($104.66 in chips) 
Seat 5: henri789 ($126.93 in chips) 
Seat 6: Vibe8428 ($77.20 in chips) 
meyera15: posts small blind $0.50
LuckyShikari: posts big blind $1
*** HOLE CARDS ***
kvcsszblcs: raises $1 to $2
henri789: folds 
Vibe8428: folds 
Nikarta34: folds 
meyera15: folds 
LuckyShikari: calls $1
*** FLOP *** [5d 5h 9h]
LuckyShikari: bets $4.50
kvcsszblcs: calls $4.50
*** TURN *** [5d 5h 9h] [Ah]
LuckyShikari: bets $7.50
kvcsszblcs: calls $7.50
*** RIVER *** [5d 5h 9h Ah] [9d]
LuckyShikari: bets $15.50
kvcsszblcs: raises $17.50 to $33
LuckyShikari: calls $17.50
*** SHOW DOWN ***
kvcsszblcs: shows [9c Qc] (a full house, Nines full of Fives)
LuckyShikari: mucks hand 
kvcsszblcs collected $92 from pot
*** SUMMARY ***
Total pot $94.50 | Rake $2.50 
Board [5d 5h 9h Ah 9d]
Seat 1: Nikarta34 (button) folded before Flop (didn't bet)
Seat 2: meyera15 (small blind) folded before Flop
Seat 3: LuckyShikari (big blind) mucked
Seat 4: kvcsszblcs showed [9c Qc] and won ($92) with a full house, Nines full of Fives
Seat 5: henri789 folded before Flop (didn't bet)
Seat 6: Vibe8428 folded before Flop (didn't bet)



PokerStars Hand #254775137115:  Hold'em No Limit ($0.50/$1.00 USD) - 2025/02/08 23:58:43 WET [2025/02/08 18:58:43 ET]
Table 'Thyra II' 6-max Seat #2 is the button
Seat 1: Nikarta34 ($129.86 in chips) 
Seat 2: meyera15 ($110.59 in chips) 
Seat 3: LuckyShikari ($100 in chips) 
Seat 4: kvcsszblcs ($149.66 in chips) 
Seat 5: henri789 ($126.93 in chips) 
Seat 6: Vibe8428 ($77.20 in chips) 
LuckyShikari: posts small blind $0.50
kvcsszblcs: posts big blind $1
*** HOLE CARDS ***
henri789: folds 
Vibe8428: folds 
Nikarta34: folds 
meyera15: raises $1.70 to $2.70
LuckyShikari: folds 
kvcsszblcs: folds 
Uncalled bet ($1.70) returned to meyera15
meyera15 collected $2.50 from pot
*** SUMMARY ***
Total pot $2.50 | Rake $0 
Seat 1: Nikarta34 folded before Flop (didn't bet)
Seat 2: meyera15 (button) collected ($2.50)
Seat 3: LuckyShikari (small blind) folded before Flop
Seat 4: kvcsszblcs (big blind) folded before Flop
Seat 5: henri789 folded before Flop (didn't bet)
Seat 6: Vibe8428 folded before Flop (didn't bet)



PokerStars Hand #254775141704:  Hold'em No Limit ($0.50/$1.00 USD) - 2025/02/08 23:59:09 WET [2025/02/08 18:59:09 ET]
Table 'Thyra II' 6-max Seat #3 is the button
Seat 1: Nikarta34 ($129.86 in chips) 
Seat 2: meyera15 ($112.09 in chips) 
Seat 3: LuckyShikari ($100 in chips) 
Seat 4: kvcsszblcs ($148.66 in chips) 
Seat 5: henri789 ($126.93 in chips) 
Seat 6: Vibe8428 ($77.20 in chips) 
kvcsszblcs: posts small blind $0.50
henri789: posts big blind $1
*** HOLE CARDS ***
Vibe8428: folds 
Nikarta34: raises $1.25 to $2.25
meyera15: folds 
LuckyShikari: raises $6.75 to $9
kvcsszblcs: folds 
henri789: folds 
meyera15 leaves the table
Nikarta34: folds 
Uncalled bet ($6.75) returned to LuckyShikari
LuckyShikari collected $6 from pot
LuckyShikari: doesn't show hand 
nikalas22 joins the table at seat #2 
*** SUMMARY ***
Total pot $6 | Rake $0 
Seat 1: Nikarta34 folded before Flop
Seat 2: meyera15 folded before Flop (didn't bet)
Seat 3: LuckyShikari (button) collected ($6)
Seat 4: kvcsszblcs (small blind) folded before Flop
Seat 5: henri789 (big blind) folded before Flop
Seat 6: Vibe8428 folded before Flop (didn't bet)



PokerStars Hand #254775147597:  Hold'em No Limit ($0.50/$1.00 USD) - 2025/02/08 23:59:41 WET [2025/02/08 18:59:41 ET]
Table 'Thyra II' 6-max Seat #4 is the button
Seat 2: nikalas22 ($111.89 in chips) is sitting out
Seat 1: Nikarta34 ($127.61 in chips) 
Seat 3: LuckyShikari ($103.75 in chips) 
Seat 4: kvcsszblcs ($148.16 in chips) 
Seat 5: henri789 ($125.93 in chips) 
Seat 6: Vibe8428 ($77.20 in chips) 
henri789: posts small blind $0.50
Vibe8428: posts big blind $1
nikalas22: sits out 
*** HOLE CARDS ***
Nikarta34: folds 
LuckyShikari: raises $1.50 to $2.50
kvcsszblcs: folds 
henri789: raises $8.50 to $11
Vibe8428: folds 
LuckyShikari: folds 
Uncalled bet ($8.50) returned to henri789
henri789 collected $6 from pot
henri789: doesn't show hand 
*** SUMMARY ***
Total pot $6 | Rake $0 
Seat 2: nikalas22
Seat 1: Nikarta34 folded before Flop (didn't bet)
Seat 3: LuckyShikari folded before Flop
Seat 4: kvcsszblcs (button) folded before Flop (didn't bet)
Seat 5: henri789 (small blind) collected ($6)
Seat 6: Vibe8428 (big blind) folded before Flop



PokerStars Hand #254775152929:  Hold'em No Limit ($0.50/$1.00 USD) - 2025/02/08 0:00:10 WET [2025/02/08 19:00:10 ET]
Table 'Thyra II' 6-max Seat #5 is the button
Seat 2: nikalas22 ($111.89 in chips) is sitting out
Seat 1: Nikarta34 ($127.61 in chips) 
Seat 3: LuckyShikari ($101.25 in chips) 
Seat 4: kvcsszblcs ($148.16 in chips) 
Seat 5: henri789 ($129.43 in chips) 
Seat 6: Vibe8428 ($76.20 in chips) 
Vibe8428: posts small blind $0.50
Nikarta34: posts big blind $1
nikalas22: sits out 
*** HOLE CARDS ***
LuckyShikari: folds 
kvcsszblcs: folds 
henri789: raises $1.50 to $2.50
Vibe8428: calls $2
Nikarta34: calls $1.50
*** FLOP *** [Kh 9s Tc]
Vibe8428: checks 
Nikarta34: checks 
henri789: checks 
*** TURN *** [Kh 9s Tc] [2h]
Vibe8428: checks 
Nikarta34: checks 
henri789: checks 
*** RIVER *** [Kh 9s Tc 2h] [Js]
Vibe8428: bets $3.56
Nikarta34: folds 
henri789: folds 
Uncalled bet ($3.56) returned to Vibe8428
Vibe8428 collected $7.12 from pot
Vibe8428: doesn't show hand 
*** SUMMARY ***
Total pot $7.50 | Rake $0.38 
Board [Kh 9s Tc 2h Js]
Seat 2: nikalas22
Seat 1: Nikarta34 (big blind) folded on the River
Seat 3: LuckyShikari folded before Flop (didn't bet)
Seat 4: kvcsszblcs folded before Flop (didn't bet)
Seat 5: henri789 (button) folded on the River
Seat 6: Vibe8428 (small blind) collected ($7.12)



PokerStars Hand #254775166363:  Hold'em No Limit ($0.50/$1.00 USD) - 2025/02/08 0:01:14 WET [2025/02/08 19:01:14 ET]
Table 'Thyra II' 6-max Seat #6 is the button
Seat 1: Nikarta34 ($125.11 in chips) 
Seat 2: nikalas22 ($111.89 in chips) 
Seat 3: LuckyShikari ($101.25 in chips) 
Seat 4: kvcsszblcs ($148.16 in chips) 
Seat 5: henri789 ($126.93 in chips) 
Seat 6: Vibe8428 ($80.82 in chips) 
Nikarta34: posts small blind $0.50
nikalas22: posts big blind $1
*** HOLE CARDS ***
LuckyShikari: folds 
kvcsszblcs: folds 
henri789: folds 
Vibe8428: raises $2 to $3
Nikarta34: folds 
nikalas22: folds 
Uncalled bet ($2) returned to Vibe8428
Vibe8428 collected $2.50 from pot
Vibe8428: doesn't show hand 
*** SUMMARY ***
Total pot $2.50 | Rake $0 
Seat 1: Nikarta34 (small blind) folded before Flop
Seat 2: nikalas22 (big blind) folded before Flop
Seat 3: LuckyShikari folded before Flop (didn't bet)
Seat 4: kvcsszblcs folded before Flop (didn't bet)
Seat 5: henri789 folded before Flop (didn't bet)
Seat 6: Vibe8428 (button) collected ($2.50)



PokerStars Hand #254775170658:  Hold'em No Limit ($0.50/$1.00 USD) - 2025/02/08 0:01:33 WET [2025/02/08 19:01:33 ET]
Table 'Thyra II' 6-max Seat #1 is the button
Seat 1: Nikarta34 ($124.61 in chips) 
Seat 2: nikalas22 ($110.89 in chips) 
Seat 3: LuckyShikari ($101.25 in chips) 
Seat 4: kvcsszblcs ($148.16 in chips) 
Seat 5: henri789 ($126.93 in chips) 
Seat 6: Vibe8428 ($82.32 in chips) 
nikalas22: posts small blind $0.50
LuckyShikari: posts big blind $1
*** HOLE CARDS ***
kvcsszblcs: folds 
henri789: folds 
Vibe8428: folds 
Nikarta34: folds 
nikalas22: raises $2 to $3
LuckyShikari: raises $6 to $9
nikalas22: calls $6
*** FLOP *** [Ah 7d Qc]
nikalas22: checks 
LuckyShikari: bets $4.50
nikalas22: folds 
Uncalled bet ($4.50) returned to LuckyShikari
LuckyShikari collected $17.10 from pot
LuckyShikari: doesn't show hand 
*** SUMMARY ***
Total pot $18 | Rake $0.90 
Board [Ah 7d Qc]
Seat 1: Nikarta34 (button) folded before Flop (didn't bet)
Seat 2: nikalas22 (small blind) folded on the Flop
Seat 3: LuckyShikari (big blind) collected ($17.10)
Seat 4: kvcsszblcs folded before Flop (didn't bet)
Seat 5: henri789 folded before Flop (didn't bet)
Seat 6: Vibe8428 folded before Flop (didn't bet)



PokerStars Hand #254775179483:  Hold'em No Limit ($0.50/$1.00 USD) - 2025/02/08 0:02:10 WET [2025/02/08 19:02:10 ET]
Table 'Thyra II' 6-max Seat #2 is the button
Seat 1: Nikarta34 ($124.61 in chips) 
Seat 2: nikalas22 ($101.89 in chips) 
Seat 3: LuckyShikari ($109.35 in chips) 
Seat 4: kvcsszblcs ($148.16 in chips) 
Seat 5: henri789 ($126.93 in chips) 
Seat 6: Vibe8428 ($82.32 in chips) 
LuckyShikari: posts small blind $0.50
kvcsszblcs: posts big blind $1
*** HOLE CARDS ***
henri789: folds 
Vibe8428: folds 
Nikarta34: raises $1.25 to $2.25
nikalas22: calls $2.25
LuckyShikari: folds 
kvcsszblcs: raises $11.25 to $13.50
Nikarta34: folds 
nikalas22: calls $11.25
*** FLOP *** [9h Jc 5c]
kvcsszblcs: checks 
nikalas22: bets $8.48
kvcsszblcs: calls $8.48
*** TURN *** [9h Jc 5c] [4s]
kvcsszblcs: checks 
nikalas22: bets $22.19
kvcsszblcs: raises $100.31 to $122.50
nikalas22: calls $57.72 and is all-in
Uncalled bet ($42.59) returned to kvcsszblcs
*** RIVER *** [9h Jc 5c 4s] [7s]
*** SHOW DOWN ***
kvcsszblcs: shows [Kh Ac] (high card Ace)
nikalas22: shows [9d 9c] (three of a kind, Nines)
nikalas22 collected $204.03 from pot
*** SUMMARY ***
Total pot $206.53 | Rake $2.50 
Board [9h Jc 5c 4s 7s]
Seat 1: Nikarta34 folded before Flop
Seat 2: nikalas22 (button) showed [9d 9c] and won ($204.03) with three of a kind, Nines
Seat 3: LuckyShikari (small blind) folded before Flop
Seat 4: kvcsszblcs (big blind) showed [Kh Ac] and lost with high card Ace
Seat 5: henri789 folded before Flop (didn't bet)
Seat 6: Vibe8428 folded before Flop (didn't bet)



PokerStars Hand #254775200109:  Hold'em No Limit ($0.50/$1.00 USD) - 2025/02/08 0:03:38 WET [2025/02/08 19:03:38 ET]
Table 'Thyra II' 6-max Seat #3 is the button
Seat 1: Nikarta34 ($122.36 in chips) 
Seat 2: nikalas22 ($204.03 in chips) 
Seat 3: LuckyShikari ($108.85 in chips) 
Seat 4: kvcsszblcs ($100 in chips) 
Seat 5: henri789 ($126.93 in chips) 
Seat 6: Vibe8428 ($82.32 in chips) 
kvcsszblcs: posts small blind $0.50
henri789: posts big blind $1
*** HOLE CARDS ***
Vibe8428: raises $2 to $3
Nikarta34: folds 
nikalas22: folds 
LuckyShikari: raises $6 to $9
kvcsszblcs: folds 
henri789: folds 
Vibe8428: calls $6
*** FLOP *** [Js 6c 9s]
Vibe8428: checks 
LuckyShikari: bets $9
Vibe8428: folds 
Uncalled bet ($9) returned to LuckyShikari
LuckyShikari collected $18.52 from pot
LuckyShikari: doesn't show hand 
*** SUMMARY ***
Total pot $19.50 | Rake $0.98 
Board [Js 6c 9s]
Seat 1: Nikarta34 folded before Flop (didn't bet)
Seat 2: nikalas22 folded before Flop (didn't bet)
Seat 3: LuckyShikari (button) collected ($18.52)
Seat 4: kvcsszblcs (small blind) folded before Flop
Seat 5: henri789 (big blind) folded before Flop
Seat 6: Vibe8428 folded on the Flop



PokerStars Hand #254775210108:  Hold'em No Limit ($0.50/$1.00 USD) - 2025/02/08 0:04:22 WET [2025/02/08 19:04:22 ET]
Table 'Thyra II' 6-max Seat #4 is the button
Seat 1: Nikarta34 ($122.36 in chips) 
Seat 2: nikalas22 ($204.03 in chips) 
Seat 3: LuckyShikari ($118.37 in chips) 
Seat 4: kvcsszblcs ($100 in chips) 
Seat 5: henri789 ($125.93 in chips) 
Seat 6: Vibe8428 ($73.32 in chips) 
henri789: posts small blind $0.50
Vibe8428: posts big blind $1
*** HOLE CARDS ***
Nikarta34: folds 
nikalas22: folds 
LuckyShikari: raises $1 to $2
kvcsszblcs: folds 
henri789: folds 
Vibe8428: calls $1
*** FLOP *** [Ts Kd 4d]
Vibe8428: checks 
LuckyShikari: checks 
*** TURN *** [Ts Kd 4d] [3d]
Vibe8428: checks 
LuckyShikari: checks 
*** RIVER *** [Ts Kd 4d 3d] [9d]
Vibe8428: checks 
LuckyShikari: checks 
*** SHOW DOWN ***
Vibe8428: shows [7s Js] (high card King)
LuckyShikari: shows [Th 7h] (a pair of Tens)
LuckyShikari collected $4.28 from pot
*** SUMMARY ***
Total pot $4.50 | Rake $0.22 
Board [Ts Kd 4d 3d 9d]
Seat 1: Nikarta34 folded before Flop (didn't bet)
Seat 2: nikalas22 folded before Flop (didn't bet)
Seat 3: LuckyShikari showed [Th 7h] and won ($4.28) with a pair of Tens
Seat 4: kvcsszblcs (button) folded before Flop (didn't bet)
Seat 5: henri789 (small blind) folded before Flop
Seat 6: Vibe8428 (big blind) showed [7s Js] and lost with high card King



PokerStars Hand #254775218548:  Hold'em No Limit ($0.50/$1.00 USD) - 2025/02/08 0:04:57 WET [2025/02/08 19:04:57 ET]
Table 'Thyra II' 6-max Seat #5 is the button
Seat 1: Nikarta34 ($122.36 in chips) 
Seat 2: nikalas22 ($204.03 in chips) 
Seat 3: LuckyShikari ($120.65 in chips) 
Seat 4: kvcsszblcs ($100 in chips) 
Seat 5: henri789 ($125.43 in chips) 
Seat 6: Vibe8428 ($71.32 in chips) 
Vibe8428: posts small blind $0.50
Nikarta34: posts big blind $1
*** HOLE CARDS ***
nikalas22: folds 
LuckyShikari: folds 
kvcsszblcs: raises $1 to $2
henri789: folds 
Vibe8428: calls $1.50
Nikarta34: calls $1
*** FLOP *** [8s 7h 4c]
Vibe8428: checks 
Nikarta34: checks 
kvcsszblcs: checks 
*** TURN *** [8s 7h 4c] [Ah]
Vibe8428: checks 
Nikarta34: checks 
kvcsszblcs: checks 
*** RIVER *** [8s 7h 4c Ah] [3h]
Vibe8428: checks 
Nikarta34: checks 
kvcsszblcs: checks 
*** SHOW DOWN ***
Vibe8428: shows [Kc 9c] (high card Ace)
Nikarta34: mucks hand 
kvcsszblcs: shows [Ac 5c] (a pair of Aces)
kvcsszblcs collected $5.70 from pot
*** SUMMARY ***
Total pot $6 | Rake $0.30 
Board [8s 7h 4c Ah 3h]
Seat 1: Nikarta34 (big blind) mucked
Seat 2: nikalas22 folded before Flop (didn't bet)
Seat 3: LuckyShikari folded before Flop (didn't bet)
Seat 4: kvcsszblcs showed [Ac 5c] and won ($5.70) with a pair of Aces
Seat 5: henri789 (button) folded before Flop (didn't bet)
Seat 6: Vibe8428 (small blind) showed [Kc 9c] and lost with high card Ace



PokerStars Hand #254775241667:  Hold'em No Limit ($0.50/$1.00 USD) - 2025/02/08 0:06:36 WET [2025/02/08 19:06:36 ET]
Table 'Thyra II' 6-max Seat #6 is the button
Seat 1: Nikarta34 ($120.36 in chips) 
Seat 2: nikalas22 ($204.03 in chips) 
Seat 3: LuckyShikari ($120.65 in chips) 
Seat 4: kvcsszblcs ($103.70 in chips) 
Seat 5: henri789 ($125.43 in chips) 
Seat 6: Vibe8428 ($69.32 in chips) 
Nikarta34: posts small blind $0.50
nikalas22: posts big blind $1
*** HOLE CARDS ***
LuckyShikari: folds 
kvcsszblcs: folds 
henri789: folds 
Vibe8428: raises $2 to $3
Nikarta34: folds 
nikalas22: folds 
Uncalled bet ($2) returned to Vibe8428
Vibe8428 collected $2.50 from pot
Vibe8428: doesn't show hand 
*** SUMMARY ***
Total pot $2.50 | Rake $0 
Seat 1: Nikarta34 (small blind) folded before Flop
Seat 2: nikalas22 (big blind) folded before Flop
Seat 3: LuckyShikari folded before Flop (didn't bet)
Seat 4: kvcsszblcs folded before Flop (didn't bet)
Seat 5: henri789 folded before Flop (didn't bet)
Seat 6: Vibe8428 (button) collected ($2.50)



PokerStars Hand #254775244608:  Hold'em No Limit ($0.50/$1.00 USD) - 2025/02/08 0:06:49 WET [2025/02/08 19:06:49 ET]
Table 'Thyra II' 6-max Seat #1 is the button
Seat 1: Nikarta34 ($119.86 in chips) 
Seat 2: nikalas22 ($203.03 in chips) 
Seat 3: LuckyShikari ($120.65 in chips) 
Seat 4: kvcsszblcs ($103.70 in chips) 
Seat 5: henri789 ($125.43 in chips) 
Seat 6: Vibe8428 ($70.82 in chips) 
nikalas22: posts small blind $0.50
LuckyShikari: posts big blind $1
*** HOLE CARDS ***
kvcsszblcs: folds 
henri789: folds 
Vibe8428: raises $2 to $3
Nikarta34: folds 
nikalas22: folds 
LuckyShikari: folds 
Uncalled bet ($2) returned to Vibe8428
Vibe8428 collected $2.50 from pot
Vibe8428: doesn't show hand 
*** SUMMARY ***
Total pot $2.50 | Rake $0 
Seat 1: Nikarta34 (button) folded before Flop (didn't bet)
Seat 2: nikalas22 (small blind) folded before Flop
Seat 3: LuckyShikari (big blind) folded before Flop
Seat 4: kvcsszblcs folded before Flop (didn't bet)
Seat 5: henri789 folded before Flop (didn't bet)
Seat 6: Vibe8428 collected ($2.50)



PokerStars Hand #254775251894:  Hold'em No Limit ($0.50/$1.00 USD) - 2025/02/08 0:07:20 WET [2025/02/08 19:07:20 ET]
Table 'Thyra II' 6-max Seat #2 is the button
Seat 1: Nikarta34 ($119.86 in chips) 
Seat 2: nikalas22 ($202.53 in chips) 
Seat 3: LuckyShikari ($119.65 in chips) 
Seat 4: kvcsszblcs ($103.70 in chips) 
Seat 5: henri789 ($125.43 in chips) 
Seat 6: Vibe8428 ($72.32 in chips) 
LuckyShikari: posts small blind $0.50
kvcsszblcs: posts big blind $1
*** HOLE CARDS ***
henri789: folds 
Vibe8428: raises $2 to $3
Nikarta34: raises $5 to $8
nikalas22: folds 
LuckyShikari: folds 
kvcsszblcs: folds 
Vibe8428: calls $5
*** FLOP *** [Qh Jc Ac]
Vibe8428: checks 
Nikarta34: checks 
*** TURN *** [Qh Jc Ac] [7s]
Vibe8428: checks 
Nikarta34: checks 
*** RIVER *** [Qh Jc Ac 7s] [As]
Vibe8428: checks 
Nikarta34: checks 
*** SHOW DOWN ***
Vibe8428: shows [Td Tc] (two pair, Aces and Tens)
Nikarta34: mucks hand 
Vibe8428 collected $16.62 from pot
*** SUMMARY ***
Total pot $17.50 | Rake $0.88 
Board [Qh Jc Ac 7s As]
Seat 1: Nikarta34 mucked
Seat 2: nikalas22 (button) folded before Flop (didn't bet)
Seat 3: LuckyShikari (small blind) folded before Flop
Seat 4: kvcsszblcs (big blind) folded before Flop
Seat 5: henri789 folded before Flop (didn't bet)
Seat 6: Vibe8428 showed [Td Tc] and won ($16.62) with two pair, Aces and Tens



PokerStars Hand #254775357138:  Hold'em No Limit ($0.50/$1.00 USD) - 2025/02/08 0:15:06 WET [2025/02/08 19:15:06 ET]
Table 'Thyra II' 6-max Seat #3 is the button
Seat 1: Nikarta34 ($106.36 in chips) 
Seat 2: nikalas22 ($201.03 in chips) 
Seat 3: LuckyShikari ($132.98 in chips) 
Seat 4: kvcsszblcs ($106.55 in chips) 
Seat 5: henri789 ($132.13 in chips) 
Seat 6: Vibe8428 ($60.69 in chips) 
kvcsszblcs: posts small blind $0.50
henri789: posts big blind $1
*** HOLE CARDS ***
Vibe8428: raises $2 to $3
Nikarta34: folds 
nikalas22: folds 
LuckyShikari: raises $6 to $9
kvcsszblcs: folds 
henri789: folds 
Vibe8428: calls $6
*** FLOP *** [6h Th 4h]
Vibe8428: checks 
LuckyShikari: checks 
*** TURN *** [6h Th 4h] [3c]
Vibe8428: checks 
LuckyShikari: bets $5
Vibe8428: folds 
Uncalled bet ($5) returned to LuckyShikari
LuckyShikari collected $18.52 from pot
LuckyShikari: doesn't show hand 
*** SUMMARY ***
Total pot $19.50 | Rake $0.98 
Board [6h Th 4h 3c]
Seat 1: Nikarta34 folded before Flop (didn't bet)
Seat 2: nikalas22 folded before Flop (didn't bet)
Seat 3: LuckyShikari (button) collected ($18.52)
Seat 4: kvcsszblcs (small blind) folded before Flop
Seat 5: henri789 (big blind) folded before Flop
Seat 6: Vibe8428 folded on the Turn



PokerStars Hand #254775364783:  Hold'em No Limit ($0.50/$1.00 USD) - 2025/02/08 0:15:41 WET [2025/02/08 19:15:41 ET]
Table 'Thyra II' 6-max Seat #4 is the button
Seat 1: Nikarta34 ($106.36 in chips) 
Seat 2: nikalas22 ($201.03 in chips) 
Seat 3: LuckyShikari ($142.50 in chips) 
Seat 4: kvcsszblcs ($106.05 in chips) 
Seat 5: henri789 ($131.13 in chips) 
Seat 6: Vibe8428 ($51.69 in chips) 
henri789: posts small blind $0.50
Vibe8428: posts big blind $1
*** HOLE CARDS ***
Nikarta34: raises $1.25 to $2.25
nikalas22: folds 
LuckyShikari: folds 
kvcsszblcs: folds 
henri789: raises $8.25 to $10.50
Vibe8428: folds 
Nikarta34: calls $8.25
*** FLOP *** [Jc Qh Qs]
henri789: bets $5.43
Nikarta34: calls $5.43
*** TURN *** [Jc Qh Qs] [7h]
henri789: checks 
Nikarta34: bets $10.30
henri789: calls $10.30
*** RIVER *** [Jc Qh Qs 7h] [7s]
henri789: checks 
Nikarta34: checks 
*** SHOW DOWN ***
henri789: shows [Kc Kd] (two pair, Kings and Queens)
Nikarta34: mucks hand 
henri789 collected $50.96 from pot
*** SUMMARY ***
Total pot $53.46 | Rake $2.50 
Board [Jc Qh Qs 7h 7s]
Seat 1: Nikarta34 mucked
Seat 2: nikalas22 folded before Flop (didn't bet)
Seat 3: LuckyShikari folded before Flop (didn't bet)
Seat 4: kvcsszblcs (button) folded before Flop (didn't bet)
Seat 5: henri789 (small blind) showed [Kc Kd] and won ($50.96) with two pair, Kings and Queens
Seat 6: Vibe8428 (big blind) folded before Flop



PokerStars Hand #254775387031:  Hold'em No Limit ($0.50/$1.00 USD) - 2025/02/08 0:17:22 WET [2025/02/08 19:17:22 ET]
Table 'Thyra II' 6-max Seat #5 is the button
Seat 1: Nikarta34 ($100 in chips) 
Seat 2: nikalas22 ($201.03 in chips) 
Seat 3: LuckyShikari ($142.50 in chips) 
Seat 4: kvcsszblcs ($106.05 in chips) 
Seat 5: henri789 ($155.86 in chips) 
Seat 6: Vibe8428 ($50.69 in chips) 
Vibe8428: posts small blind $0.50
Nikarta34: posts big blind $1
*** HOLE CARDS ***
nikalas22: folds 
LuckyShikari: raises $1.50 to $2.50
kvcsszblcs: folds 
henri789: folds 
Vibe8428: folds 
Nikarta34: calls $1.50
*** FLOP *** [Ac 4d 7c]
Nikarta34: checks 
LuckyShikari: checks 
*** TURN *** [Ac 4d 7c] [5h]
Nikarta34: bets $7.78
LuckyShikari: folds 
Uncalled bet ($7.78) returned to Nikarta34
Nikarta34 collected $5.22 from pot
Nikarta34: doesn't show hand 
*** SUMMARY ***
Total pot $5.50 | Rake $0.28 
Board [Ac 4d 7c 5h]
Seat 1: Nikarta34 (big blind) collected ($5.22)
Seat 2: nikalas22 folded before Flop (didn't bet)
Seat 3: LuckyShikari folded on the Turn
Seat 4: kvcsszblcs folded before Flop (didn't bet)
Seat 5: henri789 (button) folded before Flop (didn't bet)
Seat 6: Vibe8428 (small blind) folded before Flop



PokerStars Hand #254775401565:  Hold'em No Limit ($0.50/$1.00 USD) - 2025/02/08 0:18:28 WET [2025/02/08 19:18:28 ET]
Table 'Thyra II' 6-max Seat #6 is the button
Seat 1: Nikarta34 ($102.72 in chips) 
Seat 2: nikalas22 ($201.03 in chips) 
Seat 3: LuckyShikari ($140 in chips) 
Seat 4: kvcsszblcs ($106.05 in chips) 
Seat 5: henri789 ($155.86 in chips) 
Seat 6: Vibe8428 ($50.19 in chips) 
Nikarta34: posts small blind $0.50
nikalas22: posts big blind $1
*** HOLE CARDS ***
LuckyShikari: folds 
kvcsszblcs: folds 
henri789: folds 
Vibe8428: folds 
Nikarta34: raises $2 to $3
nikalas22: calls $2
*** FLOP *** [5c Qc Qh]
Nikarta34: bets $1.88
nikalas22: folds 
Uncalled bet ($1.88) returned to Nikarta34
Nikarta34 collected $5.70 from pot
Nikarta34: doesn't show hand 
*** SUMMARY ***
Total pot $6 | Rake $0.30 
Board [5c Qc Qh]
Seat 1: Nikarta34 (small blind) collected ($5.70)
Seat 2: nikalas22 (big blind) folded on the Flop
Seat 3: LuckyShikari folded before Flop (didn't bet)
Seat 4: kvcsszblcs folded before Flop (didn't bet)
Seat 5: henri789 folded before Flop (didn't bet)
Seat 6: Vibe8428 (button) folded before Flop (didn't bet)



PokerStars Hand #254775408619:  Hold'em No Limit ($0.50/$1.00 USD) - 2025/02/08 0:19:00 WET [2025/02/08 19:19:00 ET]
Table 'Thyra II' 6-max Seat #1 is the button
Seat 1: Nikarta34 ($105.42 in chips) 
Seat 2: nikalas22 ($198.03 in chips) 
Seat 3: LuckyShikari ($140 in chips) 
Seat 4: kvcsszblcs ($106.05 in chips) 
Seat 5: henri789 ($155.86 in chips) 
Seat 6: Vibe8428 ($50.19 in chips) 
nikalas22: posts small blind $0.50
LuckyShikari: posts big blind $1
*** HOLE CARDS ***
kvcsszblcs: folds 
henri789: folds 
Vibe8428: folds 
Nikarta34: folds 
nikalas22: raises $2 to $3
LuckyShikari: raises $6 to $9
nikalas22: calls $6
*** FLOP *** [Qc Jd Ac]
nikalas22: checks 
LuckyShikari: bets $13.50
nikalas22: calls $13.50
*** TURN *** [Qc Jd Ac] [6h]
nikalas22: checks 
LuckyShikari: bets $32
nikalas22: folds 
Uncalled bet ($32) returned to LuckyShikari
LuckyShikari collected $42.75 from pot
LuckyShikari: doesn't show hand 
*** SUMMARY ***
Total pot $45 | Rake $2.25 
Board [Qc Jd Ac 6h]
Seat 1: Nikarta34 (button) folded before Flop (didn't bet)
Seat 2: nikalas22 (small blind) folded on the Turn
Seat 3: LuckyShikari (big blind) collected ($42.75)
Seat 4: kvcsszblcs folded before Flop (didn't bet)
Seat 5: henri789 folded before Flop (didn't bet)
Seat 6: Vibe8428 folded before Flop (didn't bet)



PokerStars Hand #254775418584:  Hold'em No Limit ($0.50/$1.00 USD) - 2025/02/08 0:19:45 WET [2025/02/08 19:19:45 ET]
Table 'Thyra II' 6-max Seat #2 is the button
Seat 1: Nikarta34 ($105.42 in chips) 
Seat 2: nikalas22 ($175.53 in chips) 
Seat 3: LuckyShikari ($160.25 in chips) 
Seat 4: kvcsszblcs ($106.05 in chips) 
Seat 5: henri789 ($155.86 in chips) 
Seat 6: Vibe8428 ($50.19 in chips) 
LuckyShikari: posts small blind $0.50
kvcsszblcs: posts big blind $1
*** HOLE CARDS ***
henri789: raises $1.50 to $2.50
Vibe8428: folds 
Nikarta34: folds 
nikalas22: folds 
LuckyShikari: folds 
kvcsszblcs: folds 
Uncalled bet ($1.50) returned to henri789
henri789 collected $2.50 from pot
henri789: doesn't show hand 
*** SUMMARY ***
Total pot $2.50 | Rake $0 
Seat 1: Nikarta34 folded before Flop (didn't bet)
Seat 2: nikalas22 (button) folded before Flop (didn't bet)
Seat 3: LuckyShikari (small blind) folded before Flop
Seat 4: kvcsszblcs (big blind) folded before Flop
Seat 5: henri789 collected ($2.50)
Seat 6: Vibe8428 folded before Flop (didn't bet)



PokerStars Hand #254775424354:  Hold'em No Limit ($0.50/$1.00 USD) - 2025/02/08 0:20:12 WET [2025/02/08 19:20:12 ET]
Table 'Thyra II' 6-max Seat #3 is the button
Seat 1: Nikarta34 ($105.42 in chips) 
Seat 2: nikalas22 ($175.53 in chips) 
Seat 3: LuckyShikari ($159.75 in chips) 
Seat 4: kvcsszblcs ($105.05 in chips) 
Seat 5: henri789 ($157.36 in chips) 
Seat 6: Vibe8428 ($50.19 in chips) 
kvcsszblcs: posts small blind $0.50
henri789: posts big blind $1
*** HOLE CARDS ***
Vibe8428: folds 
Nikarta34: folds 
nikalas22: folds 
LuckyShikari: raises $1 to $2
kvcsszblcs: folds 
henri789: folds 
Uncalled bet ($1) returned to LuckyShikari
LuckyShikari collected $2.50 from pot
LuckyShikari: doesn't show hand 
*** SUMMARY ***
Total pot $2.50 | Rake $0 
Seat 1: Nikarta34 folded before Flop (didn't bet)
Seat 2: nikalas22 folded before Flop (didn't bet)
Seat 3: LuckyShikari (button) collected ($2.50)
Seat 4: kvcsszblcs (small blind) folded before Flop
Seat 5: henri789 (big blind) folded before Flop
Seat 6: Vibe8428 folded before Flop (didn't bet)



PokerStars Hand #254775429228:  Hold'em No Limit ($0.50/$1.00 USD) - 2025/02/08 0:20:34 WET [2025/02/08 19:20:34 ET]
Table 'Thyra II' 6-max Seat #4 is the button
Seat 1: Nikarta34 ($105.42 in chips) 
Seat 2: nikalas22 ($175.53 in chips) 
Seat 3: LuckyShikari ($161.25 in chips) 
Seat 4: kvcsszblcs ($104.55 in chips) 
Seat 5: henri789 ($156.36 in chips) 
Seat 6: Vibe8428 ($50.19 in chips) 
henri789: posts small blind $0.50
Vibe8428: posts big blind $1
*** HOLE CARDS ***
Nikarta34: folds 
nikalas22: raises $1.20 to $2.20
LuckyShikari: folds 
kvcsszblcs: folds 
henri789: folds 
Vibe8428: folds 
Uncalled bet ($1.20) returned to nikalas22
nikalas22 collected $2.50 from pot
nikalas22: doesn't show hand 
*** SUMMARY ***
Total pot $2.50 | Rake $0 
Seat 1: Nikarta34 folded before Flop (didn't bet)
Seat 2: nikalas22 collected ($2.50)
Seat 3: LuckyShikari folded before Flop (didn't bet)
Seat 4: kvcsszblcs (button) folded before Flop (didn't bet)
Seat 5: henri789 (small blind) folded before Flop
Seat 6: Vibe8428 (big blind) folded before Flop



PokerStars Hand #254775432964:  Hold'em No Limit ($0.50/$1.00 USD) - 2025/02/08 0:20:51 WET [2025/02/08 19:20:51 ET]
Table 'Thyra II' 6-max Seat #5 is the button
Seat 1: Nikarta34 ($105.42 in chips) 
Seat 2: nikalas22 ($177.03 in chips) 
Seat 3: LuckyShikari ($161.25 in chips) 
Seat 4: kvcsszblcs ($104.55 in chips) 
Seat 5: henri789 ($155.86 in chips) 
Seat 6: Vibe8428 ($49.19 in chips) 
Vibe8428: posts small blind $0.50
Nikarta34: posts big blind $1
*** HOLE CARDS ***
nikalas22: folds 
LuckyShikari: folds 
kvcsszblcs: folds 
henri789: raises $1.50 to $2.50
Vibe8428: raises $46.69 to $49.19 and is all-in
Nikarta34: folds 
henri789: folds 
Uncalled bet ($46.69) returned to Vibe8428
Vibe8428 collected $6 from pot
Vibe8428: doesn't show hand 
*** SUMMARY ***
Total pot $6 | Rake $0 
Seat 1: Nikarta34 (big blind) folded before Flop
Seat 2: nikalas22 folded before Flop (didn't bet)
Seat 3: LuckyShikari folded before Flop (didn't bet)
Seat 4: kvcsszblcs folded before Flop (didn't bet)
Seat 5: henri789 (button) folded before Flop
Seat 6: Vibe8428 (small blind) collected ($6)



PokerStars Hand #254775443205:  Hold'em No Limit ($0.50/$1.00 USD) - 2025/02/08 0:21:38 WET [2025/02/08 19:21:38 ET]
Table 'Thyra II' 6-max Seat #6 is the button
Seat 1: Nikarta34 ($104.42 in chips) 
Seat 2: nikalas22 ($177.03 in chips) 
Seat 3: LuckyShikari ($161.25 in chips) 
Seat 4: kvcsszblcs ($104.55 in chips) 
Seat 5: henri789 ($153.36 in chips) 
Seat 6: Vibe8428 ($52.69 in chips) 
Nikarta34: posts small blind $0.50
nikalas22: posts big blind $1
*** HOLE CARDS ***
LuckyShikari: folds 
kvcsszblcs: folds 
henri789: raises $1.50 to $2.50
Vibe8428: folds 
Nikarta34: folds 
nikalas22: folds 
Uncalled bet ($1.50) returned to henri789
henri789 collected $2.50 from pot
henri789: doesn't show hand 
*** SUMMARY ***
Total pot $2.50 | Rake $0 
Seat 1: Nikarta34 (small blind) folded before Flop
Seat 2: nikalas22 (big blind) folded before Flop
Seat 3: LuckyShikari folded before Flop (didn't bet)
Seat 4: kvcsszblcs folded before Flop (didn't bet)
Seat 5: henri789 collected ($2.50)
Seat 6: Vibe8428 (button) folded before Flop (didn't bet)



PokerStars Hand #254775446702:  Hold'em No Limit ($0.50/$1.00 USD) - 2025/02/08 0:21:54 WET [2025/02/08 19:21:54 ET]
Table 'Thyra II' 6-max Seat #1 is the button
Seat 1: Nikarta34 ($103.92 in chips) 
Seat 2: nikalas22 ($176.03 in chips) 
Seat 3: LuckyShikari ($161.25 in chips) 
Seat 4: kvcsszblcs ($104.55 in chips) 
Seat 5: henri789 ($154.86 in chips) 
Seat 6: Vibe8428 ($52.69 in chips) 
nikalas22: posts small blind $0.50
LuckyShikari: posts big blind $1
*** HOLE CARDS ***
kvcsszblcs: folds 
henri789: folds 
Vibe8428: folds 
Nikarta34: folds 
nikalas22: folds 
Uncalled bet ($0.50) returned to LuckyShikari
LuckyShikari collected $1 from pot
LuckyShikari: doesn't show hand 
*** SUMMARY ***
Total pot $1 | Rake $0 
Seat 1: Nikarta34 (button) folded before Flop (didn't bet)
Seat 2: nikalas22 (small blind) folded before Flop
Seat 3: LuckyShikari (big blind) collected ($1)
Seat 4: kvcsszblcs folded before Flop (didn't bet)
Seat 5: henri789 folded before Flop (didn't bet)
Seat 6: Vibe8428 folded before Flop (didn't bet)



PokerStars Hand #254775451485:  Hold'em No Limit ($0.50/$1.00 USD) - 2025/02/08 0:22:16 WET [2025/02/08 19:22:16 ET]
Table 'Thyra II' 6-max Seat #2 is the button
Seat 1: Nikarta34 ($103.92 in chips) 
Seat 2: nikalas22 ($175.53 in chips) 
Seat 3: LuckyShikari ($161.75 in chips) 
Seat 4: kvcsszblcs ($104.55 in chips) 
Seat 5: henri789 ($154.86 in chips) 
Seat 6: Vibe8428 ($52.69 in chips) 
LuckyShikari: posts small blind $0.50
kvcsszblcs: posts big blind $1
*** HOLE CARDS ***
henri789: folds 
Vibe8428: folds 
Nikarta34: folds 
nikalas22: folds 
LuckyShikari: raises $1 to $2
kvcsszblcs: calls $1
*** FLOP *** [4h 8d 9h]
LuckyShikari: bets $4
kvcsszblcs: folds 
Uncalled bet ($4) returned to LuckyShikari
LuckyShikari collected $3.80 from pot
LuckyShikari: doesn't show hand 
*** SUMMARY ***
Total pot $4 | Rake $0.20 
Board [4h 8d 9h]
Seat 1: Nikarta34 folded before Flop (didn't bet)
Seat 2: nikalas22 (button) folded before Flop (didn't bet)
Seat 3: LuckyShikari (small blind) collected ($3.80)
Seat 4: kvcsszblcs (big blind) folded on the Flop
Seat 5: henri789 folded before Flop (didn't bet)
Seat 6: Vibe8428 folded before Flop (didn't bet)



PokerStars Hand #254775462072:  Hold'em No Limit ($0.50/$1.00 USD) - 2025/02/08 0:23:05 WET [2025/02/08 19:23:05 ET]
Table 'Thyra II' 6-max Seat #3 is the button
Seat 1: Nikarta34 ($103.92 in chips) 
Seat 2: nikalas22 ($175.53 in chips) 
Seat 3: LuckyShikari ($163.55 in chips) 
Seat 4: kvcsszblcs ($102.55 in chips) 
Seat 5: henri789 ($154.86 in chips) 
Seat 6: Vibe8428 ($52.69 in chips) 
kvcsszblcs: posts small blind $0.50
henri789: posts big blind $1
*** HOLE CARDS ***
Vibe8428: raises $51.69 to $52.69 and is all-in
Nikarta34: folds 
nikalas22: folds 
LuckyShikari: folds 
kvcsszblcs: folds 
henri789: folds [3d 7s]
Uncalled bet ($51.69) returned to Vibe8428
Vibe8428 collected $2.50 from pot
Vibe8428: doesn't show hand 
*** SUMMARY ***
Total pot $2.50 | Rake $0 
Seat 1: Nikarta34 folded before Flop (didn't bet)
Seat 2: nikalas22 folded before Flop (didn't bet)
Seat 3: LuckyShikari (button) folded before Flop (didn't bet)
Seat 4: kvcsszblcs (small blind) folded before Flop
Seat 5: henri789 (big blind) folded before Flop
Seat 6: Vibe8428 collected ($2.50)



PokerStars Hand #254775467179:  Hold'em No Limit ($0.50/$1.00 USD) - 2025/02/08 0:23:28 WET [2025/02/08 19:23:28 ET]
Table 'Thyra II' 6-max Seat #4 is the button
Seat 1: Nikarta34 ($103.92 in chips) 
Seat 2: nikalas22 ($175.53 in chips) 
Seat 3: LuckyShikari ($163.55 in chips) 
Seat 4: kvcsszblcs ($102.05 in chips) 
Seat 5: henri789 ($153.86 in chips) 
Seat 6: Vibe8428 ($54.19 in chips) 
henri789: posts small blind $0.50
Vibe8428: posts big blind $1
*** HOLE CARDS ***
Nikarta34: folds 
nikalas22: folds 
LuckyShikari: folds 
kvcsszblcs: folds 
henri789: calls $0.50
Vibe8428: checks 
*** FLOP *** [8s 5h Kc]
henri789: bets $1
Vibe8428: calls $1
*** TURN *** [8s 5h Kc] [7c]
henri789: bets $2.74
Vibe8428: calls $2.74
*** RIVER *** [8s 5h Kc 7c] [8c]
henri789: checks 
Vibe8428: bets $9.01
henri789: folds 
Uncalled bet ($9.01) returned to Vibe8428
Vibe8428 collected $9.01 from pot
Vibe8428: doesn't show hand 
*** SUMMARY ***
Total pot $9.48 | Rake $0.47 
Board [8s 5h Kc 7c 8c]
Seat 1: Nikarta34 folded before Flop (didn't bet)
Seat 2: nikalas22 folded before Flop (didn't bet)
Seat 3: LuckyShikari folded before Flop (didn't bet)
Seat 4: kvcsszblcs (button) folded before Flop (didn't bet)
Seat 5: henri789 (small blind) folded on the River
Seat 6: Vibe8428 (big blind) collected ($9.01)



PokerStars Hand #254775478397:  Hold'em No Limit ($0.50/$1.00 USD) - 2025/02/08 0:24:19 WET [2025/02/08 19:24:19 ET]
Table 'Thyra II' 6-max Seat #5 is the button
Seat 1: Nikarta34 ($103.92 in chips) 
Seat 2: nikalas22 ($175.53 in chips) 
Seat 3: LuckyShikari ($163.55 in chips) 
Seat 4: kvcsszblcs ($102.05 in chips) 
Seat 5: henri789 ($149.12 in chips) 
Seat 6: Vibe8428 ($58.46 in chips) 
Vibe8428: posts small blind $0.50
Nikarta34: posts big blind $1
*** HOLE CARDS ***
nikalas22: raises $1.20 to $2.20
LuckyShikari: folds 
kvcsszblcs: folds 
henri789: folds 
Vibe8428: folds 
Nikarta34: folds 
Uncalled bet ($1.20) returned to nikalas22
nikalas22 collected $2.50 from pot
nikalas22: doesn't show hand 
*** SUMMARY ***
Total pot $2.50 | Rake $0 
Seat 1: Nikarta34 (big blind) folded before Flop
Seat 2: nikalas22 collected ($2.50)
Seat 3: LuckyShikari folded before Flop (didn't bet)
Seat 4: kvcsszblcs folded before Flop (didn't bet)
Seat 5: henri789 (button) folded before Flop (didn't bet)
Seat 6: Vibe8428 (small blind) folded before Flop



PokerStars Hand #254775482356:  Hold'em No Limit ($0.50/$1.00 USD) - 2025/02/08 0:24:37 WET [2025/02/08 19:24:37 ET]
Table 'Thyra II' 6-max Seat #6 is the button
Seat 1: Nikarta34 ($102.92 in chips) 
Seat 2: nikalas22 ($177.03 in chips) 
Seat 3: LuckyShikari ($163.55 in chips) 
Seat 4: kvcsszblcs ($102.05 in chips) 
Seat 5: henri789 ($149.12 in chips) 
Seat 6: Vibe8428 ($57.96 in chips) 
Nikarta34: posts small blind $0.50
nikalas22: posts big blind $1
*** HOLE CARDS ***
LuckyShikari: folds 
kvcsszblcs: folds 
henri789: folds 
Vibe8428: raises $56.96 to $57.96 and is all-in
Nikarta34: folds 
nikalas22: folds 
Uncalled bet ($56.96) returned to Vibe8428
Vibe8428 collected $2.50 from pot
Vibe8428: doesn't show hand 
*** SUMMARY ***
Total pot $2.50 | Rake $0 
Seat 1: Nikarta34 (small blind) folded before Flop
Seat 2: nikalas22 (big blind) folded before Flop
Seat 3: LuckyShikari folded before Flop (didn't bet)
Seat 4: kvcsszblcs folded before Flop (didn't bet)
Seat 5: henri789 folded before Flop (didn't bet)
Seat 6: Vibe8428 (button) collected ($2.50)



PokerStars Hand #254775487428:  Hold'em No Limit ($0.50/$1.00 USD) - 2025/02/08 0:25:00 WET [2025/02/08 19:25:00 ET]
Table 'Thyra II' 6-max Seat #1 is the button
Seat 1: Nikarta34 ($102.42 in chips) 
Seat 2: nikalas22 ($176.03 in chips) 
Seat 3: LuckyShikari ($163.55 in chips) 
Seat 4: kvcsszblcs ($102.05 in chips) 
Seat 5: henri789 ($149.12 in chips) 
Seat 6: Vibe8428 ($59.46 in chips) 
nikalas22: posts small blind $0.50
LuckyShikari: posts big blind $1
*** HOLE CARDS ***
kvcsszblcs: raises $1 to $2
henri789: folds 
Vibe8428: folds 
Nikarta34: folds 
nikalas22: folds 
LuckyShikari: calls $1
*** FLOP *** [Jh 8d 2c]
LuckyShikari: checks 
kvcsszblcs: bets $1.07
LuckyShikari: calls $1.07
*** TURN *** [Jh 8d 2c] [3h]
LuckyShikari: checks 
kvcsszblcs: bets $9.47
LuckyShikari: folds 
Uncalled bet ($9.47) returned to kvcsszblcs
kvcsszblcs collected $6.31 from pot
kvcsszblcs: doesn't show hand 
*** SUMMARY ***
Total pot $6.64 | Rake $0.33 
Board [Jh 8d 2c 3h]
Seat 1: Nikarta34 (button) folded before Flop (didn't bet)
Seat 2: nikalas22 (small blind) folded before Flop
Seat 3: LuckyShikari (big blind) folded on the Turn
Seat 4: kvcsszblcs collected ($6.31)
Seat 5: henri789 folded before Flop (didn't bet)
Seat 6: Vibe8428 folded before Flop (didn't bet)



PokerStars Hand #254775500329:  Hold'em No Limit ($0.50/$1.00 USD) - 2025/02/08 0:26:00 WET [2025/02/08 19:26:00 ET]
Table 'Thyra II' 6-max Seat #2 is the button
Seat 1: Nikarta34 ($102.42 in chips) 
Seat 2: nikalas22 ($175.53 in chips) 
Seat 3: LuckyShikari ($160.48 in chips) 
Seat 4: kvcsszblcs ($105.29 in chips) 
Seat 5: henri789 ($149.12 in chips) 
Seat 6: Vibe8428 ($59.46 in chips) 
LuckyShikari: posts small blind $0.50
kvcsszblcs: posts big blind $1
*** HOLE CARDS ***
henri789: folds 
Vibe8428: raises $58.46 to $59.46 and is all-in
Nikarta34: folds 
nikalas22: folds 
LuckyShikari: calls $58.96
kvcsszblcs: folds 
*** FLOP *** [Ah Tc 5s]
*** TURN *** [Ah Tc 5s] [3h]
*** RIVER *** [Ah Tc 5s 3h] [Ts]
*** SHOW DOWN ***
LuckyShikari: shows [Kc Kd] (two pair, Kings and Tens)
Vibe8428: shows [Ad 4c] (two pair, Aces and Tens)
Vibe8428 collected $117.42 from pot
*** SUMMARY ***
Total pot $119.92 | Rake $2.50 
Board [Ah Tc 5s 3h Ts]
Seat 1: Nikarta34 folded before Flop (didn't bet)
Seat 2: nikalas22 (button) folded before Flop (didn't bet)
Seat 3: LuckyShikari (small blind) showed [Kc Kd] and lost with two pair, Kings and Tens
Seat 4: kvcsszblcs (big blind) folded before Flop
Seat 5: henri789 folded before Flop (didn't bet)
Seat 6: Vibe8428 showed [Ad 4c] and won ($117.42) with two pair, Aces and Tens



PokerStars Hand #254775509160:  Hold'em No Limit ($0.50/$1.00 USD) - 2025/02/08 0:26:41 WET [2025/02/08 19:26:41 ET]
Table 'Thyra II' 6-max Seat #3 is the button
Seat 1: Nikarta34 ($102.42 in chips) 
Seat 2: nikalas22 ($175.53 in chips) 
Seat 3: LuckyShikari ($101.02 in chips) 
Seat 4: kvcsszblcs ($104.29 in chips) 
Seat 5: henri789 ($149.12 in chips) 
Seat 6: Vibe8428 ($117.42 in chips) 
kvcsszblcs: posts small blind $0.50
henri789: posts big blind $1
*** HOLE CARDS ***
Vibe8428: folds 
Nikarta34: folds 
nikalas22: folds 
LuckyShikari: folds 
kvcsszblcs: raises $1.85 to $2.85
henri789: folds 
Uncalled bet ($1.85) returned to kvcsszblcs
kvcsszblcs collected $2 from pot
kvcsszblcs: doesn't show hand 
*** SUMMARY ***
Total pot $2 | Rake $0 
Seat 1: Nikarta34 folded before Flop (didn't bet)
Seat 2: nikalas22 folded before Flop (didn't bet)
Seat 3: LuckyShikari (button) folded before Flop (didn't bet)
Seat 4: kvcsszblcs (small blind) collected ($2)
Seat 5: henri789 (big blind) folded before Flop
Seat 6: Vibe8428 folded before Flop (didn't bet)



PokerStars Hand #254775513431:  Hold'em No Limit ($0.50/$1.00 USD) - 2025/02/08 0:27:01 WET [2025/02/08 19:27:01 ET]
Table 'Thyra II' 6-max Seat #4 is the button
Seat 1: Nikarta34 ($102.42 in chips) 
Seat 2: nikalas22 ($175.53 in chips) 
Seat 3: LuckyShikari ($101.02 in chips) 
Seat 4: kvcsszblcs ($105.29 in chips) 
Seat 5: henri789 ($148.12 in chips) 
Seat 6: Vibe8428 ($117.42 in chips) 
henri789: posts small blind $0.50
Vibe8428: posts big blind $1
*** HOLE CARDS ***
Nikarta34: folds 
nikalas22: folds 
LuckyShikari: folds 
kvcsszblcs: raises $1.25 to $2.25
henri789: folds 
Vibe8428: raises $115.17 to $117.42 and is all-in
kvcsszblcs: folds 
Uncalled bet ($115.17) returned to Vibe8428
Vibe8428 collected $5 from pot
Vibe8428: doesn't show hand 
*** SUMMARY ***
Total pot $5 | Rake $0 
Seat 1: Nikarta34 folded before Flop (didn't bet)
Seat 2: nikalas22 folded before Flop (didn't bet)
Seat 3: LuckyShikari folded before Flop (didn't bet)
Seat 4: kvcsszblcs (button) folded before Flop
Seat 5: henri789 (small blind) folded before Flop
Seat 6: Vibe8428 (big blind) collected ($5)



PokerStars Hand #254775519689:  Hold'em No Limit ($0.50/$1.00 USD) - 2025/02/08 0:27:30 WET [2025/02/08 19:27:30 ET]
Table 'Thyra II' 6-max Seat #5 is the button
Seat 1: Nikarta34 ($102.42 in chips) 
Seat 2: nikalas22 ($175.53 in chips) 
Seat 3: LuckyShikari ($101.02 in chips) 
Seat 4: kvcsszblcs ($103.04 in chips) 
Seat 5: henri789 ($147.62 in chips) 
Seat 6: Vibe8428 ($120.17 in chips) 
Vibe8428: posts small blind $0.50
Nikarta34: posts big blind $1
*** HOLE CARDS ***
nikalas22: folds 
LuckyShikari: folds 
kvcsszblcs: folds 
henri789: folds 
Vibe8428: calls $0.50
Nikarta34: checks 
*** FLOP *** [6s 6h 2s]
Vibe8428: checks 
Nikarta34: checks 
*** TURN *** [6s 6h 2s] [7h]
Vibe8428: checks 
Nikarta34: checks 
*** RIVER *** [6s 6h 2s 7h] [Qh]
Vibe8428: checks 
Nikarta34: checks 
*** SHOW DOWN ***
Vibe8428: shows [Ts 9d] (a pair of Sixes)
Nikarta34: mucks hand 
Vibe8428 collected $1.90 from pot
*** SUMMARY ***
Total pot $2 | Rake $0.10 
Board [6s 6h 2s 7h Qh]
Seat 1: Nikarta34 (big blind) mucked
Seat 2: nikalas22 folded before Flop (didn't bet)
Seat 3: LuckyShikari folded before Flop (didn't bet)
Seat 4: kvcsszblcs folded before Flop (didn't bet)
Seat 5: henri789 (button) folded before Flop (didn't bet)
Seat 6: Vibe8428 (small blind) showed [Ts 9d] and won ($1.90) with a pair of Sixes



PokerStars Hand #254775534989:  Hold'em No Limit ($0.50/$1.00 USD) - 2025/02/08 0:28:43 WET [2025/02/08 19:28:43 ET]
Table 'Thyra II' 6-max Seat #6 is the button
Seat 1: Nikarta34 ($101.42 in chips) 
Seat 2: nikalas22 ($175.53 in chips) 
Seat 3: LuckyShikari ($101.02 in chips) 
Seat 4: kvcsszblcs ($103.04 in chips) 
Seat 5: henri789 ($147.62 in chips) 
Seat 6: Vibe8428 ($121.07 in chips) 
Nikarta34: posts small blind $0.50
nikalas22: posts big blind $1
*** HOLE CARDS ***
LuckyShikari: folds 
kvcsszblcs: raises $1 to $2
henri789: folds 
Vibe8428: calls $2
Nikarta34: folds 
nikalas22: folds 
*** FLOP *** [3c 3d Ad]
kvcsszblcs: checks 
Vibe8428: checks 
*** TURN *** [3c 3d Ad] [2s]
kvcsszblcs: checks 
Vibe8428: checks 
*** RIVER *** [3c 3d Ad 2s] [8d]
kvcsszblcs: checks 
Vibe8428: checks 
*** SHOW DOWN ***
kvcsszblcs: shows [Jc Js] (two pair, Jacks and Threes)
Vibe8428: mucks hand 
kvcsszblcs collected $5.22 from pot
*** SUMMARY ***
Total pot $5.50 | Rake $0.28 
Board [3c 3d Ad 2s 8d]
Seat 1: Nikarta34 (small blind) folded before Flop
Seat 2: nikalas22 (big blind) folded before Flop
Seat 3: LuckyShikari folded before Flop (didn't bet)
Seat 4: kvcsszblcs showed [Jc Js] and won ($5.22) with two pair, Jacks and Threes
Seat 5: henri789 folded before Flop (didn't bet)
Seat 6: Vibe8428 (button) mucked



PokerStars Hand #254775544501:  Hold'em No Limit ($0.50/$1.00 USD) - 2025/02/08 0:29:28 WET [2025/02/08 19:29:28 ET]
Table 'Thyra II' 6-max Seat #1 is the button
Seat 1: Nikarta34 ($100.92 in chips) 
Seat 2: nikalas22 ($174.53 in chips) 
Seat 3: LuckyShikari ($101.02 in chips) 
Seat 4: kvcsszblcs ($106.26 in chips) 
Seat 5: henri789 ($147.62 in chips) 
Seat 6: Vibe8428 ($119.07 in chips) 
nikalas22: posts small blind $0.50
LuckyShikari: posts big blind $1
*** HOLE CARDS ***
kvcsszblcs: folds 
henri789: raises $1.50 to $2.50
Vibe8428: calls $2.50
Nikarta34: raises $7.50 to $10
nikalas22: folds 
LuckyShikari: folds 
henri789: folds 
Vibe8428: calls $7.50
*** FLOP *** [3d 8s 8h]
Vibe8428: checks 
Nikarta34: bets $7.52
Vibe8428: folds 
Uncalled bet ($7.52) returned to Nikarta34
Nikarta34 collected $22.80 from pot
Nikarta34: doesn't show hand 
*** SUMMARY ***
Total pot $24 | Rake $1.20 
Board [3d 8s 8h]
Seat 1: Nikarta34 (button) collected ($22.80)
Seat 2: nikalas22 (small blind) folded before Flop
Seat 3: LuckyShikari (big blind) folded before Flop
Seat 4: kvcsszblcs folded before Flop (didn't bet)
Seat 5: henri789 folded before Flop
Seat 6: Vibe8428 folded on the Flop



PokerStars Hand #254775561578:  Hold'em No Limit ($0.50/$1.00 USD) - 2025/02/08 0:30:48 WET [2025/02/08 19:30:48 ET]
Table 'Thyra II' 6-max Seat #2 is the button
Seat 1: Nikarta34 ($113.72 in chips) 
Seat 2: nikalas22 ($174.03 in chips) 
Seat 3: LuckyShikari ($100.02 in chips) 
Seat 4: kvcsszblcs ($106.26 in chips) 
Seat 5: henri789 ($145.12 in chips) 
Seat 6: Vibe8428 ($109.07 in chips) 
LuckyShikari: posts small blind $0.50
kvcsszblcs: posts big blind $1
*** HOLE CARDS ***
henri789: folds 
Vibe8428: raises $2.50 to $3.50
Nikarta34: raises $4.50 to $8
nikalas22: folds 
LuckyShikari: folds 
kvcsszblcs: folds 
Vibe8428: raises $101.07 to $109.07 and is all-in
Nikarta34: folds 
Uncalled bet ($101.07) returned to Vibe8428
Vibe8428 collected $17.50 from pot
Vibe8428: doesn't show hand 
*** SUMMARY ***
Total pot $17.50 | Rake $0 
Seat 1: Nikarta34 folded before Flop
Seat 2: nikalas22 (button) folded before Flop (didn't bet)
Seat 3: LuckyShikari (small blind) folded before Flop
Seat 4: kvcsszblcs (big blind) folded before Flop
Seat 5: henri789 folded before Flop (didn't bet)
Seat 6: Vibe8428 collected ($17.50)



PokerStars Hand #254775568358:  Hold'em No Limit ($0.50/$1.00 USD) - 2025/02/08 0:31:21 WET [2025/02/08 19:31:21 ET]
Table 'Thyra II' 6-max Seat #3 is the button
Seat 1: Nikarta34 ($105.72 in chips) 
Seat 2: nikalas22 ($174.03 in chips) 
Seat 3: LuckyShikari ($100 in chips) 
Seat 4: kvcsszblcs ($105.26 in chips) 
Seat 5: henri789 ($145.12 in chips) 
Seat 6: Vibe8428 ($118.57 in chips) 
kvcsszblcs: posts small blind $0.50
henri789: posts big blind $1
*** HOLE CARDS ***
Vibe8428: folds 
Nikarta34: folds 
nikalas22: folds 
LuckyShikari: folds 
kvcsszblcs: raises $1.85 to $2.85
henri789: calls $1.85
*** FLOP *** [8d Ah 7d]
kvcsszblcs: bets $5.50
henri789: calls $5.50
*** TURN *** [8d Ah 7d] [7c]
kvcsszblcs: bets $10.49
henri789: folds 
Uncalled bet ($10.49) returned to kvcsszblcs
kvcsszblcs collected $15.86 from pot
kvcsszblcs: doesn't show hand 
*** SUMMARY ***
Total pot $16.70 | Rake $0.84 
Board [8d Ah 7d 7c]
Seat 1: Nikarta34 folded before Flop (didn't bet)
Seat 2: nikalas22 folded before Flop (didn't bet)
Seat 3: LuckyShikari (button) folded before Flop (didn't bet)
Seat 4: kvcsszblcs (small blind) collected ($15.86)
Seat 5: henri789 (big blind) folded on the Turn
Seat 6: Vibe8428 folded before Flop (didn't bet)



PokerStars Hand #254775585235:  Hold'em No Limit ($0.50/$1.00 USD) - 2025/02/08 0:32:41 WET [2025/02/08 19:32:41 ET]
Table 'Thyra II' 6-max Seat #4 is the button
Seat 1: Nikarta34 ($105.72 in chips) 
Seat 2: nikalas22 ($174.03 in chips) 
Seat 3: LuckyShikari ($100 in chips) 
Seat 4: kvcsszblcs ($112.77 in chips) 
Seat 5: henri789 ($136.77 in chips) 
Seat 6: Vibe8428 ($118.57 in chips) 
henri789: posts small blind $0.50
Vibe8428: posts big blind $1
*** HOLE CARDS ***
Nikarta34: folds 
nikalas22: folds 
LuckyShikari: raises $1.50 to $2.50
kvcsszblcs: calls $2.50
henri789: folds 
Vibe8428: calls $1.50
*** FLOP *** [7d 4d 9s]
Vibe8428: checks 
LuckyShikari: bets $7
kvcsszblcs: folds 
Vibe8428: folds 
Uncalled bet ($7) returned to LuckyShikari
LuckyShikari collected $7.60 from pot
LuckyShikari: doesn't show hand 
*** SUMMARY ***
Total pot $8 | Rake $0.40 
Board [7d 4d 9s]
Seat 1: Nikarta34 folded before Flop (didn't bet)
Seat 2: nikalas22 folded before Flop (didn't bet)
Seat 3: LuckyShikari collected ($7.60)
Seat 4: kvcsszblcs (button) folded on the Flop
Seat 5: henri789 (small blind) folded before Flop
Seat 6: Vibe8428 (big blind) folded on the Flop



PokerStars Hand #254775591962:  Hold'em No Limit ($0.50/$1.00 USD) - 2025/02/08 0:33:13 WET [2025/02/08 19:33:13 ET]
Table 'Thyra II' 6-max Seat #5 is the button
Seat 1: Nikarta34 ($105.72 in chips) is sitting out
Seat 2: nikalas22 ($174.03 in chips) 
Seat 3: LuckyShikari ($105.10 in chips) 
Seat 4: kvcsszblcs ($110.27 in chips) 
Seat 5: henri789 ($136.27 in chips) 
Seat 6: Vibe8428 ($116.07 in chips) 
Vibe8428: posts small blind $0.50
Nikarta34: is sitting out 
nikalas22: posts big blind $1
*** HOLE CARDS ***
LuckyShikari: folds 
kvcsszblcs: folds 
henri789: folds 
Vibe8428: raises $2 to $3
Nikarta34 leaves the table
nikalas22: folds 
Uncalled bet ($2) returned to Vibe8428
Vibe8428 collected $2 from pot
Vibe8428: doesn't show hand 
*** SUMMARY ***
Total pot $2 | Rake $0 
Seat 1: Nikarta34
Seat 2: nikalas22 (big blind) folded before Flop
Seat 3: LuckyShikari folded before Flop (didn't bet)
Seat 4: kvcsszblcs folded before Flop (didn't bet)
Seat 5: henri789 (button) folded before Flop (didn't bet)
Seat 6: Vibe8428 (small blind) collected ($2)



PokerStars Hand #254775595347:  Hold'em No Limit ($0.50/$1.00 USD) - 2025/02/08 0:33:29 WET [2025/02/08 19:33:29 ET]
Table 'Thyra II' 6-max Seat #6 is the button
Seat 2: nikalas22 ($173.03 in chips) 
Seat 3: LuckyShikari ($105.10 in chips) 
Seat 4: kvcsszblcs ($110.27 in chips) 
Seat 5: henri789 ($136.27 in chips) 
Seat 6: Vibe8428 ($117.07 in chips) 
nikalas22: posts small blind $0.50
LuckyShikari: posts big blind $1
*** HOLE CARDS ***
kvcsszblcs: raises $1 to $2
henri789: folds 
Vibe8428: folds 
nikalas22: raises $1 to $3
LuckyShikari: folds 
kvcsszblcs: calls $1
*** FLOP *** [Kc 8c Ks]
nikalas22: bets $2
kvcsszblcs: folds 
Uncalled bet ($2) returned to nikalas22
nikalas22 collected $6.65 from pot
nikalas22: doesn't show hand 
*** SUMMARY ***
Total pot $7 | Rake $0.35 
Board [Kc 8c Ks]
Seat 2: nikalas22 (small blind) collected ($6.65)
Seat 3: LuckyShikari (big blind) folded before Flop
Seat 4: kvcsszblcs folded on the Flop
Seat 5: henri789 folded before Flop (didn't bet)
Seat 6: Vibe8428 (button) folded before Flop (didn't bet)



PokerStars Hand #254775604770:  Hold'em No Limit ($0.50/$1.00 USD) - 2025/02/08 0:34:14 WET [2025/02/08 19:34:14 ET]
Table 'Thyra II' 6-max Seat #2 is the button
Seat 2: nikalas22 ($176.68 in chips) 
Seat 3: LuckyShikari ($104.10 in chips) 
Seat 4: kvcsszblcs ($107.27 in chips) 
Seat 5: henri789 ($136.27 in chips) 
Seat 6: Vibe8428 ($117.07 in chips) 
LuckyShikari: posts small blind $0.50
kvcsszblcs: posts big blind $1
*** HOLE CARDS ***
henri789: folds 
Vibe8428: folds 
nikalas22: raises $1.20 to $2.20
LuckyShikari: folds 
kvcsszblcs: calls $1.20
*** FLOP *** [3s Kh Kd]
kvcsszblcs: checks 
nikalas22: bets $1.40
Seavus10 joins the table at seat #1 
kvcsszblcs: folds 
Uncalled bet ($1.40) returned to nikalas22
nikalas22 collected $4.66 from pot
nikalas22: doesn't show hand 
*** SUMMARY ***
Total pot $4.90 | Rake $0.24 
Board [3s Kh Kd]
Seat 2: nikalas22 (button) collected ($4.66)
Seat 3: LuckyShikari (small blind) folded before Flop
Seat 4: kvcsszblcs (big blind) folded on the Flop
Seat 5: henri789 folded before Flop (didn't bet)
Seat 6: Vibe8428 folded before Flop (didn't bet)



PokerStars Hand #254775614058:  Hold'em No Limit ($0.50/$1.00 USD) - 2025/02/08 0:34:57 WET [2025/02/08 19:34:57 ET]
Table 'Thyra II' 6-max Seat #3 is the button
Seat 1: Seavus10 ($88.62 in chips) is sitting out
Seat 2: nikalas22 ($179.14 in chips) 
Seat 3: LuckyShikari ($103.60 in chips) 
Seat 4: kvcsszblcs ($105.07 in chips) 
Seat 5: henri789 ($136.27 in chips) 
Seat 6: Vibe8428 ($117.07 in chips) 
kvcsszblcs: posts small blind $0.50
henri789: posts big blind $1
*** HOLE CARDS ***
Vibe8428: raises $2 to $3
nikalas22: folds 
LuckyShikari: raises $6 to $9
kvcsszblcs: folds 
henri789: folds 
Vibe8428: calls $6
*** FLOP *** [6c 4c Tc]
Vibe8428: checks 
LuckyShikari: bets $6.78
Vibe8428: calls $6.78
*** TURN *** [6c 4c Tc] [7h]
Vibe8428: checks 
LuckyShikari: bets $19.87
Vibe8428: calls $19.87
*** RIVER *** [6c 4c Tc 7h] [3c]
Vibe8428: bets $35.15
LuckyShikari: raises $32.80 to $67.95 and is all-in
Vibe8428: calls $32.80
*** SHOW DOWN ***
LuckyShikari: shows [Ac 9c] (a flush, Ace high)
Vibe8428: shows [Jc Th] (a flush, Jack high)
LuckyShikari collected $206.20 from pot
*** SUMMARY ***
Total pot $208.70 | Rake $2.50 
Board [6c 4c Tc 7h 3c]
Seat 1: Seavus10
Seat 2: nikalas22 folded before Flop (didn't bet)
Seat 3: LuckyShikari (button) showed [Ac 9c] and won ($206.20) with a flush, Ace high
Seat 4: kvcsszblcs (small blind) folded before Flop
Seat 5: henri789 (big blind) folded before Flop
Seat 6: Vibe8428 showed [Jc Th] and lost with a flush, Jack high



PokerStars Hand #254775634096:  Hold'em No Limit ($0.50/$1.00 USD) - 2025/02/08 0:36:33 WET [2025/02/08 19:36:33 ET]
Table 'Thyra II' 6-max Seat #4 is the button
Seat 6: Vibe8428 ($13.47 in chips) is sitting out
Seat 1: Seavus10 ($88.62 in chips) 
Seat 2: nikalas22 ($179.14 in chips) 
Seat 3: LuckyShikari ($206.20 in chips) 
Seat 4: kvcsszblcs ($104.57 in chips) 
Seat 5: henri789 ($135.27 in chips) 
henri789: posts small blind $0.50
Vibe8428: is sitting out 
Seavus10: posts big blind $1
*** HOLE CARDS ***
nikalas22: folds 
LuckyShikari: raises $1.50 to $2.50
Vibe8428 leaves the table
kvcsszblcs: folds 
henri789: folds 
Seavus10: folds 
Uncalled bet ($1.50) returned to LuckyShikari
LuckyShikari collected $2.50 from pot
LuckyShikari: doesn't show hand 
*** SUMMARY ***
Total pot $2.50 | Rake $0 
Seat 6: Vibe8428
Seat 1: Seavus10 (big blind) folded before Flop
Seat 2: nikalas22 folded before Flop (didn't bet)
Seat 3: LuckyShikari collected ($2.50)
Seat 4: kvcsszblcs (button) folded before Flop (didn't bet)
Seat 5: henri789 (small blind) folded before Flop



PokerStars Hand #254775638221:  Hold'em No Limit ($0.50/$1.00 USD) - 2025/02/08 0:36:53 WET [2025/02/08 19:36:53 ET]
Table 'Thyra II' 6-max Seat #5 is the button
Seat 1: Seavus10 ($100 in chips) 
Seat 2: nikalas22 ($179.14 in chips) 
Seat 3: LuckyShikari ($207.70 in chips) 
Seat 4: kvcsszblcs ($104.57 in chips) 
Seat 5: henri789 ($134.77 in chips) 
Seavus10: posts small blind $0.50
nikalas22: posts big blind $1
*** HOLE CARDS ***
LuckyShikari: folds 
kvcsszblcs: raises $1 to $2
henri789: folds 
Seavus10: folds 
nikalas22: folds 
Uncalled bet ($1) returned to kvcsszblcs
kvcsszblcs collected $2.50 from pot
kvcsszblcs: doesn't show hand 
*** SUMMARY ***
Total pot $2.50 | Rake $0 
Seat 1: Seavus10 (small blind) folded before Flop
Seat 2: nikalas22 (big blind) folded before Flop
Seat 3: LuckyShikari folded before Flop (didn't bet)
Seat 4: kvcsszblcs collected ($2.50)
Seat 5: henri789 (button) folded before Flop (didn't bet)



PokerStars Hand #254775640861:  Hold'em No Limit ($0.50/$1.00 USD) - 2025/02/08 0:37:06 WET [2025/02/08 19:37:06 ET]
Table 'Thyra II' 6-max Seat #1 is the button
Seat 3: LuckyShikari ($207.70 in chips) is sitting out
Seat 1: Seavus10 ($99.50 in chips) 
Seat 2: nikalas22 ($178.14 in chips) 
Seat 4: kvcsszblcs ($106.07 in chips) 
Seat 5: henri789 ($134.77 in chips) 
nikalas22: posts small blind $0.50
LuckyShikari: is sitting out 
kvcsszblcs: posts big blind $1
*** HOLE CARDS ***
henri789: raises $1.50 to $2.50
Seavus10: folds 
nikalas22: folds 
kvcsszblcs: folds 
Uncalled bet ($1.50) returned to henri789
henri789 collected $2.50 from pot
henri789: doesn't show hand 
*** SUMMARY ***
Total pot $2.50 | Rake $0 
Seat 3: LuckyShikari
Seat 1: Seavus10 (button) folded before Flop (didn't bet)
Seat 2: nikalas22 (small blind) folded before Flop
Seat 4: kvcsszblcs (big blind) folded before Flop
Seat 5: henri789 collected ($2.50)



PokerStars Hand #254775645847:  Hold'em No Limit ($0.50/$1.00 USD) - 2025/02/08 0:37:30 WET [2025/02/08 19:37:30 ET]
Table 'Thyra II' 6-max Seat #2 is the button
Seat 3: LuckyShikari ($207.70 in chips) is sitting out
Seat 5: henri789 ($136.27 in chips) is sitting out
Seat 1: Seavus10 ($99.50 in chips) 
Seat 2: nikalas22 ($177.64 in chips) 
Seat 4: kvcsszblcs ($105.07 in chips) 
kvcsszblcs: posts small blind $0.50
henri789: is sitting out 
Seavus10: posts big blind $1
*** HOLE CARDS ***
nikalas22: raises $1.20 to $2.20
henri789 leaves the table
kvcsszblcs: folds 
Seavus10: folds 
Uncalled bet ($1.20) returned to nikalas22
Seavus10 leaves the table
nikalas22 collected $2.50 from pot
nikalas22: doesn't show hand 
*** SUMMARY ***
Total pot $2.50 | Rake $0 
Seat 3: LuckyShikari
Seat 5: henri789
Seat 1: Seavus10 (big blind) folded before Flop
Seat 2: nikalas22 (button) collected ($2.50)
Seat 4: kvcsszblcs (small blind) folded before Flop



