PokerStars Hand #254774380660:  Hold'em No Limit ($0.50/$1.00 USD) - 2025/02/08 23:08:44 WET [2025/02/08 18:08:44 ET]
Table 'Anahita' 6-max Seat #2 is the button
Seat 1: YeeesMan ($101 in chips) 
Seat 2: EvilReality ($100 in chips) 
Seat 3: tintin641 ($133.27 in chips) 
Seat 4: vadjkeee ($101.50 in chips) 
Seat 5: nikalas22 ($100 in chips) 
Seat 6: FullTopDown ($97.36 in chips) 
tintin641: posts small blind $0.50
vadjkeee: posts big blind $1
*** HOLE CARDS ***
nikalas22: folds 
FullTopDown: raises $1 to $2
YeeesMan: folds 
EvilReality: folds 
tintin641: folds 
vadjkeee: folds 
Uncalled bet ($1) returned to FullTopDown
FullTopDown collected $2.50 from pot
*** SUMMARY ***
Total pot $2.50 | Rake $0 
Seat 1: YeeesMan folded before Flop (didn't bet)
Seat 2: EvilReality (button) folded before Flop (didn't bet)
Seat 3: tintin641 (small blind) folded before Flop
Seat 4: vadjkeee (big blind) folded before Flop
Seat 5: nikalas22 folded before Flop (didn't bet)
Seat 6: FullTopDown collected ($2.50)



PokerStars Hand #254774384817:  Hold'em No Limit ($0.50/$1.00 USD) - 2025/02/08 23:09:00 WET [2025/02/08 18:09:00 ET]
Table 'Anahita' 6-max Seat #3 is the button
Seat 1: YeeesMan ($101 in chips) 
Seat 2: EvilReality ($100 in chips) 
Seat 3: tintin641 ($132.77 in chips) 
Seat 4: vadjkeee ($100.50 in chips) 
Seat 5: nikalas22 ($100 in chips) 
Seat 6: FullTopDown ($98.86 in chips) 
vadjkeee: posts small blind $0.50
nikalas22: posts big blind $1
*** HOLE CARDS ***
FullTopDown: calls $1
YeeesMan: folds 
EvilReality: folds 
tintin641: raises $3 to $4
vadjkeee: raises $10.50 to $14.50
nikalas22: folds 
FullTopDown: folds 
tintin641: folds 
Uncalled bet ($10.50) returned to vadjkeee
vadjkeee collected $10 from pot
vadjkeee: doesn't show hand 
*** SUMMARY ***
Total pot $10 | Rake $0 
Seat 1: YeeesMan folded before Flop (didn't bet)
Seat 2: EvilReality folded before Flop (didn't bet)
Seat 3: tintin641 (button) folded before Flop
Seat 4: vadjkeee (small blind) collected ($10)
Seat 5: nikalas22 (big blind) folded before Flop
Seat 6: FullTopDown folded before Flop



PokerStars Hand #254774394734:  Hold'em No Limit ($0.50/$1.00 USD) - 2025/02/08 23:09:37 WET [2025/02/08 18:09:37 ET]
Table 'Anahita' 6-max Seat #4 is the button
Seat 1: YeeesMan ($101 in chips) 
Seat 2: EvilReality ($100 in chips) 
Seat 3: tintin641 ($128.77 in chips) 
Seat 4: vadjkeee ($106.50 in chips) 
Seat 5: nikalas22 ($100 in chips) 
Seat 6: FullTopDown ($97.86 in chips) 
nikalas22: posts small blind $0.50
FullTopDown: posts big blind $1
*** HOLE CARDS ***
YeeesMan: folds 
EvilReality: folds 
tintin641: folds 
vadjkeee: raises $1.50 to $2.50
nikalas22: folds 
FullTopDown: calls $1.50
*** FLOP *** [Js Kc 4s]
FullTopDown: checks 
vadjkeee: bets $2.71
FullTopDown: folds 
Uncalled bet ($2.71) returned to vadjkeee
vadjkeee collected $5.22 from pot
vadjkeee: doesn't show hand 
*** SUMMARY ***
Total pot $5.50 | Rake $0.28 
Board [Js Kc 4s]
Seat 1: YeeesMan folded before Flop (didn't bet)
Seat 2: EvilReality folded before Flop (didn't bet)
Seat 3: tintin641 folded before Flop (didn't bet)
Seat 4: vadjkeee (button) collected ($5.22)
Seat 5: nikalas22 (small blind) folded before Flop
Seat 6: FullTopDown (big blind) folded on the Flop



PokerStars Hand #254774406121:  Hold'em No Limit ($0.50/$1.00 USD) - 2025/02/08 23:10:19 WET [2025/02/08 18:10:19 ET]
Table 'Anahita' 6-max Seat #5 is the button
Seat 1: YeeesMan ($101 in chips) 
Seat 2: EvilReality ($100 in chips) 
Seat 3: tintin641 ($128.77 in chips) 
Seat 4: vadjkeee ($109.22 in chips) 
Seat 5: nikalas22 ($100 in chips) 
Seat 6: FullTopDown ($95.36 in chips) 
FullTopDown: posts small blind $0.50
YeeesMan: posts big blind $1
*** HOLE CARDS ***
EvilReality: folds 
tintin641: folds 
vadjkeee: raises $1.50 to $2.50
nikalas22: folds 
FullTopDown: calls $2
YeeesMan: folds 
*** FLOP *** [Ts Td 6h]
FullTopDown: bets $1
vadjkeee: raises $4.50 to $5.50
FullTopDown: folds 
Uncalled bet ($4.50) returned to vadjkeee
vadjkeee collected $7.60 from pot
vadjkeee: doesn't show hand 
*** SUMMARY ***
Total pot $8 | Rake $0.40 
Board [Ts Td 6h]
Seat 1: YeeesMan (big blind) folded before Flop
Seat 2: EvilReality folded before Flop (didn't bet)
Seat 3: tintin641 folded before Flop (didn't bet)
Seat 4: vadjkeee collected ($7.60)
Seat 5: nikalas22 (button) folded before Flop (didn't bet)
Seat 6: FullTopDown (small blind) folded on the Flop



PokerStars Hand #254774413947:  Hold'em No Limit ($0.50/$1.00 USD) - 2025/02/08 23:10:48 WET [2025/02/08 18:10:48 ET]
Table 'Anahita' 6-max Seat #6 is the button
Seat 1: YeeesMan ($100 in chips) 
Seat 2: EvilReality ($100 in chips) 
Seat 3: tintin641 ($128.77 in chips) 
Seat 4: vadjkeee ($113.32 in chips) 
Seat 5: nikalas22 ($100 in chips) 
Seat 6: FullTopDown ($91.86 in chips) 
YeeesMan: posts small blind $0.50
EvilReality: posts big blind $1
*** HOLE CARDS ***
tintin641: raises $1.50 to $2.50
vadjkeee: folds 
nikalas22: folds 
FullTopDown: folds 
YeeesMan: raises $8.50 to $11
EvilReality: folds 
tintin641: folds 
Uncalled bet ($8.50) returned to YeeesMan
YeeesMan collected $6 from pot
YeeesMan: doesn't show hand 
*** SUMMARY ***
Total pot $6 | Rake $0 
Seat 1: YeeesMan (small blind) collected ($6)
Seat 2: EvilReality (big blind) folded before Flop
Seat 3: tintin641 folded before Flop
Seat 4: vadjkeee folded before Flop (didn't bet)
Seat 5: nikalas22 folded before Flop (didn't bet)
Seat 6: FullTopDown (button) folded before Flop (didn't bet)



PokerStars Hand #254774421934:  Hold'em No Limit ($0.50/$1.00 USD) - 2025/02/08 23:11:18 WET [2025/02/08 18:11:18 ET]
Table 'Anahita' 6-max Seat #1 is the button
Seat 1: YeeesMan ($103.50 in chips) 
Seat 2: EvilReality ($100 in chips) 
Seat 3: tintin641 ($126.27 in chips) 
Seat 4: vadjkeee ($113.32 in chips) 
Seat 5: nikalas22 ($100 in chips) 
Seat 6: FullTopDown ($91.86 in chips) 
EvilReality: posts small blind $0.50
tintin641: posts big blind $1
*** HOLE CARDS ***
vadjkeee: folds 
nikalas22: folds 
FullTopDown: calls $1
YeeesMan: raises $2.50 to $3.50
EvilReality: folds 
tintin641: folds 
FullTopDown: calls $2.50
*** FLOP *** [9s 6s 7s]
FullTopDown: bets $3
YeeesMan: calls $3
*** TURN *** [9s 6s 7s] [Kh]
FullTopDown: bets $13.78
YeeesMan: folds 
Uncalled bet ($13.78) returned to FullTopDown
FullTopDown collected $13.78 from pot
*** SUMMARY ***
Total pot $14.50 | Rake $0.72 
Board [9s 6s 7s Kh]
Seat 1: YeeesMan (button) folded on the Turn
Seat 2: EvilReality (small blind) folded before Flop
Seat 3: tintin641 (big blind) folded before Flop
Seat 4: vadjkeee folded before Flop (didn't bet)
Seat 5: nikalas22 folded before Flop (didn't bet)
Seat 6: FullTopDown collected ($13.78)



PokerStars Hand #254774437838:  Hold'em No Limit ($0.50/$1.00 USD) - 2025/02/08 23:12:16 WET [2025/02/08 18:12:16 ET]
Table 'Anahita' 6-max Seat #2 is the button
Seat 1: YeeesMan ($100 in chips) 
Seat 2: EvilReality ($100 in chips) 
Seat 3: tintin641 ($125.27 in chips) 
Seat 4: vadjkeee ($113.32 in chips) 
Seat 5: nikalas22 ($100 in chips) 
Seat 6: FullTopDown ($99.14 in chips) 
tintin641: posts small blind $0.50
vadjkeee: posts big blind $1
*** HOLE CARDS ***
nikalas22: folds 
FullTopDown: raises $3 to $4
YeeesMan: folds 
EvilReality: folds 
tintin641: folds 
vadjkeee: calls $3
*** FLOP *** [8c 7h Jc]
vadjkeee: bets $6.06
FullTopDown: raises $11.06 to $17.12
vadjkeee: raises $92.20 to $109.32 and is all-in
FullTopDown: calls $78.02 and is all-in
Uncalled bet ($14.18) returned to vadjkeee
*** TURN *** [8c 7h Jc] [6h]
*** RIVER *** [8c 7h Jc 6h] [6c]
*** SHOW DOWN ***
vadjkeee: shows [Ac 9c] (a flush, Ace high)
FullTopDown: shows [Jd As] (two pair, Jacks and Sixes)
vadjkeee collected $196.28 from pot
*** SUMMARY ***
Total pot $198.78 | Rake $2.50 
Board [8c 7h Jc 6h 6c]
Seat 1: YeeesMan folded before Flop (didn't bet)
Seat 2: EvilReality (button) folded before Flop (didn't bet)
Seat 3: tintin641 (small blind) folded before Flop
Seat 4: vadjkeee (big blind) showed [Ac 9c] and won ($196.28) with a flush, Ace high
Seat 5: nikalas22 folded before Flop (didn't bet)
Seat 6: FullTopDown showed [Jd As] and lost with two pair, Jacks and Sixes



PokerStars Hand #254774454073:  Hold'em No Limit ($0.50/$1.00 USD) - 2025/02/08 23:13:17 WET [2025/02/08 18:13:17 ET]
Table 'Anahita' 6-max Seat #3 is the button
Seat 6: FullTopDown ($0 in chips) is sitting out
Seat 1: YeeesMan ($100 in chips) 
Seat 2: EvilReality ($100 in chips) 
Seat 3: tintin641 ($124.77 in chips) 
Seat 4: vadjkeee ($210.46 in chips) 
Seat 5: nikalas22 ($100 in chips) 
vadjkeee: posts small blind $0.50
nikalas22: posts big blind $1
*** HOLE CARDS ***
YeeesMan: raises $1.50 to $2.50
EvilReality: raises $5 to $7.50
tintin641: folds 
vadjkeee: folds 
nikalas22: folds 
FullTopDown leaves the table
YeeesMan: folds 
Uncalled bet ($5) returned to EvilReality
EvilReality collected $6.50 from pot
EvilReality: doesn't show hand 
*** SUMMARY ***
Total pot $6.50 | Rake $0 
Seat 6: FullTopDown
Seat 1: YeeesMan folded before Flop
Seat 2: EvilReality collected ($6.50)
Seat 3: tintin641 (button) folded before Flop (didn't bet)
Seat 4: vadjkeee (small blind) folded before Flop
Seat 5: nikalas22 (big blind) folded before Flop



PokerStars Hand #254774462149:  Hold'em No Limit ($0.50/$1.00 USD) - 2025/02/08 23:13:47 WET [2025/02/08 18:13:47 ET]
Table 'Anahita' 6-max Seat #5 is the button
Seat 1: YeeesMan ($100 in chips) is sitting out
Seat 2: EvilReality ($104 in chips) is sitting out
Seat 3: tintin641 ($124.77 in chips) is sitting out
Seat 4: vadjkeee ($209.96 in chips) 
Seat 5: nikalas22 ($100 in chips) 
nikalas22: posts small blind $0.50
EvilReality: is sitting out 
tintin641: is sitting out 
vadjkeee: posts big blind $1
*** HOLE CARDS ***
tintin641 leaves the table
EvilReality leaves the table
nikalas22: raises $1.20 to $2.20
vadjkeee: folds 
Uncalled bet ($1.20) returned to nikalas22
YeeesMan leaves the table
nikalas22 collected $2 from pot
nikalas22: doesn't show hand 
*** SUMMARY ***
Total pot $2 | Rake $0 
Seat 1: YeeesMan
Seat 2: EvilReality
Seat 3: tintin641
Seat 4: vadjkeee (big blind) folded before Flop
Seat 5: nikalas22 (button) (small blind) collected ($2)



