PokerStars Hand #254762227460:  Hold'em No Limit ($0.50/$1.00 USD) - 2025/02/08 7:11:16 WET [2025/02/08 2:11:16 ET]
Table 'Fortuna II' 6-max Seat #5 is the button
Seat 1: Nicedaymybro ($111.28 in chips) 
Seat 2: Y_19 ($100 in chips) 
Seat 4: Emily_GetMan ($100 in chips) 
Seat 5: Yaxouille ($59.11 in chips) 
Seat 6: 3EPH ($100 in chips) 
3EPH: posts small blind $0.50
Nicedaymybro: posts big blind $1
*** HOLE CARDS ***
Y_19: folds 
Emily_GetMan: folds 
Yaxouille: folds 
3EPH: folds 
Uncalled bet ($0.50) returned to Nicedaymybro
Nicedaymybro collected $1 from pot
Nicedaymybro: doesn't show hand 
*** SUMMARY ***
Total pot $1 | Rake $0 
Seat 1: Nicedaymybro (big blind) collected ($1)
Seat 2: Y_19 folded before Flop (didn't bet)
Seat 4: Emily_GetMan folded before Flop (didn't bet)
Seat 5: Yaxouille (button) folded before Flop (didn't bet)
Seat 6: 3EPH (small blind) folded before Flop



PokerStars Hand #254762228447:  Hold'em No Limit ($0.50/$1.00 USD) - 2025/02/08 7:11:28 WET [2025/02/08 2:11:28 ET]
Table 'Fortuna II' 6-max Seat #6 is the button
Seat 1: Nicedaymybro ($111.78 in chips) 
Seat 2: Y_19 ($100 in chips) 
Seat 4: Emily_GetMan ($100 in chips) 
Seat 5: Yaxouille ($59.11 in chips) 
Seat 6: 3EPH ($100 in chips) 
Nicedaymybro: posts small blind $0.50
Y_19: posts big blind $1
*** HOLE CARDS ***
Emily_GetMan: folds 
Yaxouille: folds 
3EPH: folds 
Nicedaymybro: folds 
Uncalled bet ($0.50) returned to Y_19
Y_19 collected $1 from pot
Y_19: doesn't show hand 
*** SUMMARY ***
Total pot $1 | Rake $0 
Seat 1: Nicedaymybro (small blind) folded before Flop
Seat 2: Y_19 (big blind) collected ($1)
Seat 4: Emily_GetMan folded before Flop (didn't bet)
Seat 5: Yaxouille folded before Flop (didn't bet)
Seat 6: 3EPH (button) folded before Flop (didn't bet)



PokerStars Hand #254762229431:  Hold'em No Limit ($0.50/$1.00 USD) - 2025/02/08 7:11:39 WET [2025/02/08 2:11:39 ET]
Table 'Fortuna II' 6-max Seat #1 is the button
Seat 1: Nicedaymybro ($111.28 in chips) 
Seat 2: Y_19 ($100.50 in chips) 
Seat 4: Emily_GetMan ($100 in chips) 
Seat 5: Yaxouille ($59.11 in chips) 
Seat 6: 3EPH ($100 in chips) 
Y_19: posts small blind $0.50
Emily_GetMan: posts big blind $1
*** HOLE CARDS ***
XKTTBOBV11 joins the table at seat #3 
Yaxouille: calls $1
3EPH: folds 
Nicedaymybro: folds 
Y_19: folds 
Emily_GetMan: raises $4 to $5
Yaxouille: calls $4
*** FLOP *** [8h Tc 6c]
Emily_GetMan: bets $3.29
Yaxouille: calls $3.29
*** TURN *** [8h Tc 6c] [5h]
Emily_GetMan: bets $5.36
Yaxouille: calls $5.36
*** RIVER *** [8h Tc 6c 5h] [Th]
Emily_GetMan: checks 
Yaxouille: bets $45.46 and is all-in
Emily_GetMan: folds 
Uncalled bet ($45.46) returned to Yaxouille
Yaxouille collected $26.41 from pot
*** SUMMARY ***
Total pot $27.80 | Rake $1.39 
Board [8h Tc 6c 5h Th]
Seat 1: Nicedaymybro (button) folded before Flop (didn't bet)
Seat 2: Y_19 (small blind) folded before Flop
Seat 4: Emily_GetMan (big blind) folded on the River
Seat 5: Yaxouille collected ($26.41)
Seat 6: 3EPH folded before Flop (didn't bet)



PokerStars Hand #254762232832:  Hold'em No Limit ($0.50/$1.00 USD) - 2025/02/08 7:12:20 WET [2025/02/08 2:12:20 ET]
Table 'Fortuna II' 6-max Seat #2 is the button
Seat 3: XKTTBOBV11 ($10 in chips) is sitting out
Seat 1: Nicedaymybro ($111.28 in chips) 
Seat 2: Y_19 ($100 in chips) 
Seat 4: Emily_GetMan ($100 in chips) 
Seat 5: Yaxouille ($71.87 in chips) 
Seat 6: 3EPH ($100 in chips) 
Emily_GetMan: posts small blind $0.50
Yaxouille: posts big blind $1
*** HOLE CARDS ***
3EPH: raises $1.50 to $2.50
Nicedaymybro: folds 
Y_19: folds 
Emily_GetMan: folds 
Yaxouille: folds 
Uncalled bet ($1.50) returned to 3EPH
3EPH collected $2.50 from pot
3EPH: doesn't show hand 
*** SUMMARY ***
Total pot $2.50 | Rake $0 
Seat 3: XKTTBOBV11
Seat 1: Nicedaymybro folded before Flop (didn't bet)
Seat 2: Y_19 (button) folded before Flop (didn't bet)
Seat 4: Emily_GetMan (small blind) folded before Flop
Seat 5: Yaxouille (big blind) folded before Flop
Seat 6: 3EPH collected ($2.50)



PokerStars Hand #254762233642:  Hold'em No Limit ($0.50/$1.00 USD) - 2025/02/08 7:12:30 WET [2025/02/08 2:12:30 ET]
Table 'Fortuna II' 6-max Seat #4 is the button
Seat 3: XKTTBOBV11 ($10 in chips) is sitting out
Seat 6: 3EPH ($101.50 in chips) is sitting out
Seat 1: Nicedaymybro ($111.28 in chips) 
Seat 2: Y_19 ($100 in chips) 
Seat 4: Emily_GetMan ($100 in chips) 
Seat 5: Yaxouille ($70.87 in chips) 
Yaxouille: posts small blind $0.50
3EPH: is sitting out 
Nicedaymybro: posts big blind $1
XKTTBOBV11: sits out 
*** HOLE CARDS ***
Y_19: folds 
3EPH leaves the table
Emily_GetMan: folds 
Yaxouille: calls $0.50
Nicedaymybro: raises $2.50 to $3.50
Yaxouille: calls $2.50
*** FLOP *** [Kd 3d 5h]
Yaxouille: checks 
Nicedaymybro: bets $2.19
Yaxouille: calls $2.19
*** TURN *** [Kd 3d 5h] [Ah]
Pon4uk.ua joins the table at seat #6 
Yaxouille: checks 
Nicedaymybro: bets $7.13
Yaxouille: calls $7.13
*** RIVER *** [Kd 3d 5h Ah] [6s]
Yaxouille: checks 
Nicedaymybro: checks 
*** SHOW DOWN ***
Yaxouille: shows [Ad 2c] (a pair of Aces)
Nicedaymybro: shows [Ac 4c] (a pair of Aces)
Yaxouille collected $12.32 from pot
Nicedaymybro collected $12.32 from pot
*** SUMMARY ***
Total pot $25.64 | Rake $1 
Board [Kd 3d 5h Ah 6s]
Seat 3: XKTTBOBV11
Seat 6: 3EPH
Seat 1: Nicedaymybro (big blind) showed [Ac 4c] and won ($12.32) with a pair of Aces
Seat 2: Y_19 folded before Flop (didn't bet)
Seat 4: Emily_GetMan (button) folded before Flop (didn't bet)
Seat 5: Yaxouille (small blind) showed [Ad 2c] and won ($12.32) with a pair of Aces



PokerStars Hand #254762236464:  Hold'em No Limit ($0.50/$1.00 USD) - 2025/02/08 7:13:03 WET [2025/02/08 2:13:03 ET]
Table 'Fortuna II' 6-max Seat #5 is the button
Seat 3: XKTTBOBV11 ($10 in chips) is sitting out
Seat 6: Pon4uk.ua ($100 in chips) is sitting out
Seat 1: Nicedaymybro ($110.78 in chips) 
Seat 2: Y_19 ($100 in chips) 
Seat 4: Emily_GetMan ($100 in chips) 
Seat 5: Yaxouille ($70.37 in chips) 
Nicedaymybro: posts small blind $0.50
Y_19: posts big blind $1
XKTTBOBV11: sits out 
*** HOLE CARDS ***
Emily_GetMan: folds 
Yaxouille: calls $1
Nicedaymybro: folds 
Y_19: raises $3 to $4
Yaxouille: calls $3
*** FLOP *** [2c Th 3c]
Y_19: bets $2.67
Yaxouille: raises $6.71 to $9.38
Y_19: folds 
Uncalled bet ($6.71) returned to Yaxouille
Yaxouille collected $13.15 from pot
*** SUMMARY ***
Total pot $13.84 | Rake $0.69 
Board [2c Th 3c]
Seat 3: XKTTBOBV11
Seat 6: Pon4uk.ua
Seat 1: Nicedaymybro (small blind) folded before Flop
Seat 2: Y_19 (big blind) folded on the Flop
Seat 4: Emily_GetMan folded before Flop (didn't bet)
Seat 5: Yaxouille (button) collected ($13.15)



PokerStars Hand #254762239176:  Hold'em No Limit ($0.50/$1.00 USD) - 2025/02/08 7:13:34 WET [2025/02/08 2:13:34 ET]
Table 'Fortuna II' 6-max Seat #1 is the button
Seat 6: Pon4uk.ua ($100 in chips) is sitting out
Seat 1: Nicedaymybro ($110.28 in chips) 
Seat 2: Y_19 ($100 in chips) 
Seat 3: XKTTBOBV11 ($10 in chips) 
Seat 4: Emily_GetMan ($100 in chips) 
Seat 5: Yaxouille ($76.85 in chips) 
Y_19: posts small blind $0.50
XKTTBOBV11: posts big blind $1
Pon4uk.ua: sits out 
*** HOLE CARDS ***
Emily_GetMan: folds 
Yaxouille: calls $1
Nicedaymybro: folds 
Y_19: raises $4 to $5
XKTTBOBV11: folds 
Yaxouille: folds 
Uncalled bet ($4) returned to Y_19
Y_19 collected $3 from pot
Y_19: doesn't show hand 
*** SUMMARY ***
Total pot $3 | Rake $0 
Seat 6: Pon4uk.ua
Seat 1: Nicedaymybro (button) folded before Flop (didn't bet)
Seat 2: Y_19 (small blind) collected ($3)
Seat 3: XKTTBOBV11 (big blind) folded before Flop
Seat 4: Emily_GetMan folded before Flop (didn't bet)
Seat 5: Yaxouille folded before Flop



PokerStars Hand #254762241265:  Hold'em No Limit ($0.50/$1.00 USD) - 2025/02/08 7:13:58 WET [2025/02/08 2:13:58 ET]
Table 'Fortuna II' 6-max Seat #2 is the button
Seat 6: Pon4uk.ua ($100 in chips) is sitting out
Seat 1: Nicedaymybro ($110.28 in chips) 
Seat 2: Y_19 ($102 in chips) 
Seat 3: XKTTBOBV11 ($9 in chips) 
Seat 4: Emily_GetMan ($100 in chips) 
Seat 5: Yaxouille ($75.85 in chips) 
XKTTBOBV11: posts small blind $0.50
Emily_GetMan: posts big blind $1
Pon4uk.ua: sits out 
*** HOLE CARDS ***
Yaxouille: folds 
Nicedaymybro: raises $1.50 to $2.50
Y_19: folds 
XKTTBOBV11: folds 
Emily_GetMan: folds 
Uncalled bet ($1.50) returned to Nicedaymybro
Nicedaymybro collected $2.50 from pot
Nicedaymybro: doesn't show hand 
*** SUMMARY ***
Total pot $2.50 | Rake $0 
Seat 6: Pon4uk.ua
Seat 1: Nicedaymybro collected ($2.50)
Seat 2: Y_19 (button) folded before Flop (didn't bet)
Seat 3: XKTTBOBV11 (small blind) folded before Flop
Seat 4: Emily_GetMan (big blind) folded before Flop
Seat 5: Yaxouille folded before Flop (didn't bet)



PokerStars Hand #254762242999:  Hold'em No Limit ($0.50/$1.00 USD) - 2025/02/08 7:14:18 WET [2025/02/08 2:14:18 ET]
Table 'Fortuna II' 6-max Seat #3 is the button
Seat 6: Pon4uk.ua ($100 in chips) is sitting out
Seat 1: Nicedaymybro ($111.78 in chips) 
Seat 2: Y_19 ($102 in chips) 
Seat 3: XKTTBOBV11 ($20.50 in chips) 
Seat 4: Emily_GetMan ($100 in chips) 
Seat 5: Yaxouille ($75.85 in chips) 
Emily_GetMan: posts small blind $0.50
Yaxouille: posts big blind $1
Pon4uk.ua: sits out 
*** HOLE CARDS ***
Nicedaymybro: folds 
Y_19: raises $1.23 to $2.23
XKTTBOBV11: folds 
Emily_GetMan: folds 
Yaxouille: raises $4.96 to $7.19
Y_19: calls $4.96
*** FLOP *** [4d Jc As]
Yaxouille: bets $14.14
Y_19: folds 
Uncalled bet ($14.14) returned to Yaxouille
Yaxouille collected $14.14 from pot
*** SUMMARY ***
Total pot $14.88 | Rake $0.74 
Board [4d Jc As]
Seat 6: Pon4uk.ua
Seat 1: Nicedaymybro folded before Flop (didn't bet)
Seat 2: Y_19 folded on the Flop
Seat 3: XKTTBOBV11 (button) folded before Flop (didn't bet)
Seat 4: Emily_GetMan (small blind) folded before Flop
Seat 5: Yaxouille (big blind) collected ($14.14)



PokerStars Hand #254762245655:  Hold'em No Limit ($0.50/$1.00 USD) - 2025/02/08 7:14:49 WET [2025/02/08 2:14:49 ET]
Table 'Fortuna II' 6-max Seat #4 is the button
Seat 1: Nicedaymybro ($111.78 in chips) 
Seat 2: Y_19 ($100 in chips) 
Seat 3: XKTTBOBV11 ($20.50 in chips) 
Seat 4: Emily_GetMan ($100 in chips) 
Seat 5: Yaxouille ($82.80 in chips) 
Seat 6: Pon4uk.ua ($100 in chips) 
Yaxouille: posts small blind $0.50
Pon4uk.ua: posts big blind $1
*** HOLE CARDS ***
Nicedaymybro: folds 
Y_19: folds 
XKTTBOBV11: raises $19.50 to $20.50 and is all-in
Emily_GetMan: folds 
Yaxouille: calls $20
Pon4uk.ua: folds 
*** FLOP *** [2h 2c Ts]
*** TURN *** [2h 2c Ts] [Jd]
*** RIVER *** [2h 2c Ts Jd] [7s]
*** SHOW DOWN ***
Yaxouille: shows [Ks Kh] (two pair, Kings and Deuces)
XKTTBOBV11: shows [8c 8d] (two pair, Eights and Deuces)
Yaxouille collected $39.90 from pot
*** SUMMARY ***
Total pot $42 | Rake $2.10 
Board [2h 2c Ts Jd 7s]
Seat 1: Nicedaymybro folded before Flop (didn't bet)
Seat 2: Y_19 folded before Flop (didn't bet)
Seat 3: XKTTBOBV11 showed [8c 8d] and lost with two pair, Eights and Deuces
Seat 4: Emily_GetMan (button) folded before Flop (didn't bet)
Seat 5: Yaxouille (small blind) showed [Ks Kh] and won ($39.90) with two pair, Kings and Deuces
Seat 6: Pon4uk.ua (big blind) folded before Flop



PokerStars Hand #254762247831:  Hold'em No Limit ($0.50/$1.00 USD) - 2025/02/08 7:15:16 WET [2025/02/08 2:15:16 ET]
Table 'Fortuna II' 6-max Seat #5 is the button
Seat 1: Nicedaymybro ($111.78 in chips) 
Seat 2: Y_19 ($100 in chips) 
Seat 3: XKTTBOBV11 ($10 in chips) 
Seat 4: Emily_GetMan ($100 in chips) 
Seat 5: Yaxouille ($102.20 in chips) 
Seat 6: Pon4uk.ua ($100 in chips) 
Pon4uk.ua: posts small blind $0.50
Nicedaymybro: posts big blind $1
*** HOLE CARDS ***
Y_19: folds 
XKTTBOBV11: raises $9 to $10 and is all-in
Emily_GetMan: folds 
Yaxouille: folds 
Pon4uk.ua: calls $9.50
Nicedaymybro: folds 
*** FIRST FLOP *** [Kc 6s 6c]
*** FIRST TURN *** [Kc 6s 6c] [2c]
*** FIRST RIVER *** [Kc 6s 6c 2c] [Tc]
*** SECOND FLOP *** [Jc 2s 6h]
*** SECOND TURN *** [Jc 2s 6h] [Ac]
*** SECOND RIVER *** [Jc 2s 6h Ac] [9d]
*** FIRST SHOW DOWN ***
Pon4uk.ua: shows [Th Td] (a full house, Tens full of Sixes)
XKTTBOBV11: shows [8h 8d] (two pair, Eights and Sixes)
Pon4uk.ua collected $9.98 from pot
*** SECOND SHOW DOWN ***
Pon4uk.ua: shows [Th Td] (a pair of Tens)
XKTTBOBV11: shows [8h 8d] (a pair of Eights)
Pon4uk.ua collected $9.97 from pot
*** SUMMARY ***
Total pot $21 | Rake $1.05 
Hand was run twice
FIRST Board [Kc 6s 6c 2c Tc]
SECOND Board [Jc 2s 6h Ac 9d]
Seat 1: Nicedaymybro (big blind) folded before Flop
Seat 2: Y_19 folded before Flop (didn't bet)
Seat 3: XKTTBOBV11 showed [8h 8d] and lost with two pair, Eights and Sixes, and lost with a pair of Eights
Seat 4: Emily_GetMan folded before Flop (didn't bet)
Seat 5: Yaxouille (button) folded before Flop (didn't bet)
Seat 6: Pon4uk.ua (small blind) showed [Th Td] and won ($9.98) with a full house, Tens full of Sixes, and won ($9.97) with a pair of Tens



PokerStars Hand #254762250123:  Hold'em No Limit ($0.50/$1.00 USD) - 2025/02/08 7:15:42 WET [2025/02/08 2:15:42 ET]
Table 'Fortuna II' 6-max Seat #6 is the button
Seat 1: Nicedaymybro ($110.78 in chips) 
Seat 2: Y_19 ($100 in chips) 
Seat 3: XKTTBOBV11 ($10 in chips) 
Seat 4: Emily_GetMan ($100 in chips) 
Seat 5: Yaxouille ($102.20 in chips) 
Seat 6: Pon4uk.ua ($109.95 in chips) 
Nicedaymybro: posts small blind $0.50
Y_19: posts big blind $1
*** HOLE CARDS ***
XKTTBOBV11: raises $9 to $10 and is all-in
Emily_GetMan: folds 
Yaxouille: folds 
Pon4uk.ua: folds 
Nicedaymybro: folds 
Y_19: folds 
Uncalled bet ($9) returned to XKTTBOBV11
XKTTBOBV11 collected $2.50 from pot
XKTTBOBV11: doesn't show hand 
*** SUMMARY ***
Total pot $2.50 | Rake $0 
Seat 1: Nicedaymybro (small blind) folded before Flop
Seat 2: Y_19 (big blind) folded before Flop
Seat 3: XKTTBOBV11 collected ($2.50)
Seat 4: Emily_GetMan folded before Flop (didn't bet)
Seat 5: Yaxouille folded before Flop (didn't bet)
Seat 6: Pon4uk.ua (button) folded before Flop (didn't bet)



PokerStars Hand #254762251614:  Hold'em No Limit ($0.50/$1.00 USD) - 2025/02/08 7:16:00 WET [2025/02/08 2:16:00 ET]
Table 'Fortuna II' 6-max Seat #1 is the button
Seat 3: XKTTBOBV11 ($11.50 in chips) is sitting out
Seat 1: Nicedaymybro ($110.28 in chips) 
Seat 2: Y_19 ($100 in chips) 
Seat 4: Emily_GetMan ($100 in chips) 
Seat 5: Yaxouille ($102.20 in chips) 
Seat 6: Pon4uk.ua ($109.95 in chips) 
Y_19: posts small blind $0.50
XKTTBOBV11: is sitting out 
Emily_GetMan: posts big blind $1
*** HOLE CARDS ***
XKTTBOBV11 leaves the table
Yaxouille: calls $1
Pon4uk.ua: folds 
Nicedaymybro: folds 
Y_19: folds 
Emily_GetMan: checks 
*** FLOP *** [3s 7h 8d]
Emily_GetMan: bets $1
Yaxouille: calls $1
*** TURN *** [3s 7h 8d] [5s]
Emily_GetMan: bets $2.82
50CandyJoe joins the table at seat #3 
Yaxouille: calls $2.82
*** RIVER *** [3s 7h 8d 5s] [Ah]
Emily_GetMan: bets $10
Yaxouille: folds 
Uncalled bet ($10) returned to Emily_GetMan
Emily_GetMan collected $9.63 from pot
Emily_GetMan: doesn't show hand 
*** SUMMARY ***
Total pot $10.14 | Rake $0.51 
Board [3s 7h 8d 5s Ah]
Seat 3: XKTTBOBV11
Seat 1: Nicedaymybro (button) folded before Flop (didn't bet)
Seat 2: Y_19 (small blind) folded before Flop
Seat 4: Emily_GetMan (big blind) collected ($9.63)
Seat 5: Yaxouille folded on the River
Seat 6: Pon4uk.ua folded before Flop (didn't bet)



PokerStars Hand #254762254120:  Hold'em No Limit ($0.50/$1.00 USD) - 2025/02/08 7:16:30 WET [2025/02/08 2:16:30 ET]
Table 'Fortuna II' 6-max Seat #2 is the button
Seat 3: 50CandyJoe ($100 in chips) is sitting out
Seat 1: Nicedaymybro ($110.28 in chips) 
Seat 2: Y_19 ($100 in chips) 
Seat 4: Emily_GetMan ($104.81 in chips) 
Seat 5: Yaxouille ($97.38 in chips) 
Seat 6: Pon4uk.ua ($109.95 in chips) 
Emily_GetMan: posts small blind $0.50
Yaxouille: posts big blind $1
*** HOLE CARDS ***
Pon4uk.ua: folds 
Nicedaymybro: raises $1.50 to $2.50
Y_19: raises $5 to $7.50
Emily_GetMan: folds 
Yaxouille: folds 
Nicedaymybro: raises $13 to $20.50
Y_19: folds 
Uncalled bet ($13) returned to Nicedaymybro
Nicedaymybro collected $16.50 from pot
Nicedaymybro: doesn't show hand 
*** SUMMARY ***
Total pot $16.50 | Rake $0 
Seat 3: 50CandyJoe
Seat 1: Nicedaymybro collected ($16.50)
Seat 2: Y_19 (button) folded before Flop
Seat 4: Emily_GetMan (small blind) folded before Flop
Seat 5: Yaxouille (big blind) folded before Flop
Seat 6: Pon4uk.ua folded before Flop (didn't bet)



PokerStars Hand #254762256928:  Hold'em No Limit ($0.50/$1.00 USD) - 2025/02/08 7:17:03 WET [2025/02/08 2:17:03 ET]
Table 'Fortuna II' 6-max Seat #4 is the button
Seat 3: 50CandyJoe ($100 in chips) is sitting out
Seat 1: Nicedaymybro ($119.28 in chips) 
Seat 2: Y_19 ($100 in chips) 
Seat 4: Emily_GetMan ($104.31 in chips) 
Seat 5: Yaxouille ($96.38 in chips) 
Seat 6: Pon4uk.ua ($109.95 in chips) 
Yaxouille: posts small blind $0.50
Pon4uk.ua: posts big blind $1
50CandyJoe: sits out 
*** HOLE CARDS ***
Nicedaymybro: raises $1.50 to $2.50
Y_19: folds 
Emily_GetMan: folds 
Yaxouille: raises $6 to $8.50
Pon4uk.ua: folds 
Nicedaymybro: folds 
Uncalled bet ($6) returned to Yaxouille
Yaxouille collected $6 from pot
*** SUMMARY ***
Total pot $6 | Rake $0 
Seat 3: 50CandyJoe
Seat 1: Nicedaymybro folded before Flop
Seat 2: Y_19 folded before Flop (didn't bet)
Seat 4: Emily_GetMan (button) folded before Flop (didn't bet)
Seat 5: Yaxouille (small blind) collected ($6)
Seat 6: Pon4uk.ua (big blind) folded before Flop



PokerStars Hand #254762258529:  Hold'em No Limit ($0.50/$1.00 USD) - 2025/02/08 7:17:22 WET [2025/02/08 2:17:22 ET]
Table 'Fortuna II' 6-max Seat #5 is the button
Seat 3: 50CandyJoe ($100 in chips) is sitting out
Seat 1: Nicedaymybro ($116.78 in chips) 
Seat 2: Y_19 ($100 in chips) 
Seat 4: Emily_GetMan ($104.31 in chips) 
Seat 5: Yaxouille ($99.88 in chips) 
Seat 6: Pon4uk.ua ($108.95 in chips) 
Pon4uk.ua: posts small blind $0.50
Nicedaymybro: posts big blind $1
50CandyJoe: sits out 
*** HOLE CARDS ***
Y_19: folds 
Emily_GetMan: folds 
Yaxouille: calls $1
Pon4uk.ua: calls $0.50
Nicedaymybro: checks 
*** FLOP *** [5h 8c 3h]
Pon4uk.ua: checks 
Nicedaymybro: checks 
Yaxouille: bets $2
Pon4uk.ua: folds 
Nicedaymybro: folds 
Uncalled bet ($2) returned to Yaxouille
Yaxouille collected $2.85 from pot
*** SUMMARY ***
Total pot $3 | Rake $0.15 
Board [5h 8c 3h]
Seat 3: 50CandyJoe
Seat 1: Nicedaymybro (big blind) folded on the Flop
Seat 2: Y_19 folded before Flop (didn't bet)
Seat 4: Emily_GetMan folded before Flop (didn't bet)
Seat 5: Yaxouille (button) collected ($2.85)
Seat 6: Pon4uk.ua (small blind) folded on the Flop



PokerStars Hand #254762260753:  Hold'em No Limit ($0.50/$1.00 USD) - 2025/02/08 7:17:48 WET [2025/02/08 2:17:48 ET]
Table 'Fortuna II' 6-max Seat #6 is the button
Seat 3: 50CandyJoe ($100 in chips) is sitting out
Seat 1: Nicedaymybro ($115.78 in chips) 
Seat 2: Y_19 ($100 in chips) 
Seat 4: Emily_GetMan ($104.31 in chips) 
Seat 5: Yaxouille ($101.73 in chips) 
Seat 6: Pon4uk.ua ($107.95 in chips) 
Nicedaymybro: posts small blind $0.50
Y_19: posts big blind $1
50CandyJoe: sits out 
*** HOLE CARDS ***
Emily_GetMan: folds 
Yaxouille: calls $1
Pon4uk.ua: folds 
Nicedaymybro: folds 
Y_19: raises $4 to $5
Yaxouille: calls $4
*** FLOP *** [Th Qs 9h]
Y_19: bets $3.29
Yaxouille: calls $3.29
*** TURN *** [Th Qs 9h] [3c]
Y_19: bets $12.17
Yaxouille: folds 
Uncalled bet ($12.17) returned to Y_19
Y_19 collected $16.23 from pot
Y_19: doesn't show hand 
*** SUMMARY ***
Total pot $17.08 | Rake $0.85 
Board [Th Qs 9h 3c]
Seat 3: 50CandyJoe
Seat 1: Nicedaymybro (small blind) folded before Flop
Seat 2: Y_19 (big blind) collected ($16.23)
Seat 4: Emily_GetMan folded before Flop (didn't bet)
Seat 5: Yaxouille folded on the Turn
Seat 6: Pon4uk.ua (button) folded before Flop (didn't bet)



PokerStars Hand #254762263114:  Hold'em No Limit ($0.50/$1.00 USD) - 2025/02/08 7:18:15 WET [2025/02/08 2:18:15 ET]
Table 'Fortuna II' 6-max Seat #1 is the button
Seat 1: Nicedaymybro ($115.28 in chips) 
Seat 2: Y_19 ($107.94 in chips) 
Seat 3: 50CandyJoe ($100 in chips) 
Seat 4: Emily_GetMan ($104.31 in chips) 
Seat 5: Yaxouille ($93.44 in chips) 
Seat 6: Pon4uk.ua ($107.95 in chips) 
Y_19: posts small blind $0.50
50CandyJoe: posts big blind $1
*** HOLE CARDS ***
Emily_GetMan: folds 
Yaxouille: folds 
Pon4uk.ua: folds 
Nicedaymybro: folds 
Y_19: raises $2 to $3
50CandyJoe: raises $7 to $10
Y_19: folds 
Uncalled bet ($7) returned to 50CandyJoe
50CandyJoe collected $6 from pot
50CandyJoe: doesn't show hand 
*** SUMMARY ***
Total pot $6 | Rake $0 
Seat 1: Nicedaymybro (button) folded before Flop (didn't bet)
Seat 2: Y_19 (small blind) folded before Flop
Seat 3: 50CandyJoe (big blind) collected ($6)
Seat 4: Emily_GetMan folded before Flop (didn't bet)
Seat 5: Yaxouille folded before Flop (didn't bet)
Seat 6: Pon4uk.ua folded before Flop (didn't bet)



PokerStars Hand #254762264912:  Hold'em No Limit ($0.50/$1.00 USD) - 2025/02/08 7:18:37 WET [2025/02/08 2:18:37 ET]
Table 'Fortuna II' 6-max Seat #2 is the button
Seat 1: Nicedaymybro ($115.28 in chips) 
Seat 2: Y_19 ($104.94 in chips) 
Seat 3: 50CandyJoe ($103 in chips) 
Seat 4: Emily_GetMan ($104.31 in chips) 
Seat 5: Yaxouille ($93.44 in chips) 
Seat 6: Pon4uk.ua ($107.95 in chips) 
50CandyJoe: posts small blind $0.50
Emily_GetMan: posts big blind $1
*** HOLE CARDS ***
Yaxouille: folds 
Pon4uk.ua: folds 
Nicedaymybro: folds 
Y_19: raises $1.23 to $2.23
50CandyJoe: folds 
Emily_GetMan: raises $9.77 to $12
Y_19: folds 
Uncalled bet ($9.77) returned to Emily_GetMan
Emily_GetMan collected $4.96 from pot
Emily_GetMan: doesn't show hand 
*** SUMMARY ***
Total pot $4.96 | Rake $0 
Seat 1: Nicedaymybro folded before Flop (didn't bet)
Seat 2: Y_19 (button) folded before Flop
Seat 3: 50CandyJoe (small blind) folded before Flop
Seat 4: Emily_GetMan (big blind) collected ($4.96)
Seat 5: Yaxouille folded before Flop (didn't bet)
Seat 6: Pon4uk.ua folded before Flop (didn't bet)



PokerStars Hand #254762266524:  Hold'em No Limit ($0.50/$1.00 USD) - 2025/02/08 7:18:56 WET [2025/02/08 2:18:56 ET]
Table 'Fortuna II' 6-max Seat #3 is the button
Seat 1: Nicedaymybro ($115.28 in chips) 
Seat 2: Y_19 ($102.71 in chips) 
Seat 3: 50CandyJoe ($102.50 in chips) 
Seat 4: Emily_GetMan ($107.04 in chips) 
Seat 5: Yaxouille ($93.44 in chips) 
Seat 6: Pon4uk.ua ($107.95 in chips) 
Emily_GetMan: posts small blind $0.50
Yaxouille: posts big blind $1
*** HOLE CARDS ***
Pon4uk.ua: folds 
Nicedaymybro: folds 
Y_19: folds 
50CandyJoe: folds 
Emily_GetMan: raises $2 to $3
Yaxouille: folds 
Uncalled bet ($2) returned to Emily_GetMan
Emily_GetMan collected $2 from pot
Emily_GetMan: doesn't show hand 
*** SUMMARY ***
Total pot $2 | Rake $0 
Seat 1: Nicedaymybro folded before Flop (didn't bet)
Seat 2: Y_19 folded before Flop (didn't bet)
Seat 3: 50CandyJoe (button) folded before Flop (didn't bet)
Seat 4: Emily_GetMan (small blind) collected ($2)
Seat 5: Yaxouille (big blind) folded before Flop
Seat 6: Pon4uk.ua folded before Flop (didn't bet)



PokerStars Hand #254762267638:  Hold'em No Limit ($0.50/$1.00 USD) - 2025/02/08 7:19:09 WET [2025/02/08 2:19:09 ET]
Table 'Fortuna II' 6-max Seat #4 is the button
Seat 1: Nicedaymybro ($115.28 in chips) 
Seat 2: Y_19 ($102.71 in chips) 
Seat 3: 50CandyJoe ($102.50 in chips) 
Seat 4: Emily_GetMan ($108.04 in chips) 
Seat 5: Yaxouille ($92.44 in chips) 
Seat 6: Pon4uk.ua ($107.95 in chips) 
Yaxouille: posts small blind $0.50
Pon4uk.ua: posts big blind $1
*** HOLE CARDS ***
Nicedaymybro: folds 
Y_19: folds 
50CandyJoe has timed out
50CandyJoe: folds 
Emily_GetMan: folds 
Yaxouille: folds 
Uncalled bet ($0.50) returned to Pon4uk.ua
Pon4uk.ua collected $1 from pot
Pon4uk.ua: doesn't show hand 
*** SUMMARY ***
Total pot $1 | Rake $0 
Seat 1: Nicedaymybro folded before Flop (didn't bet)
Seat 2: Y_19 folded before Flop (didn't bet)
Seat 3: 50CandyJoe folded before Flop (didn't bet)
Seat 4: Emily_GetMan (button) folded before Flop (didn't bet)
Seat 5: Yaxouille (small blind) folded before Flop
Seat 6: Pon4uk.ua (big blind) collected ($1)



PokerStars Hand #254762270518:  Hold'em No Limit ($0.50/$1.00 USD) - 2025/02/08 7:19:43 WET [2025/02/08 2:19:43 ET]
Table 'Fortuna II' 6-max Seat #5 is the button
Seat 1: Nicedaymybro ($115.28 in chips) 
Seat 2: Y_19 ($102.71 in chips) 
Seat 3: 50CandyJoe ($102.50 in chips) 
Seat 4: Emily_GetMan ($108.04 in chips) 
Seat 5: Yaxouille ($91.94 in chips) 
Seat 6: Pon4uk.ua ($108.45 in chips) 
Pon4uk.ua: posts small blind $0.50
Nicedaymybro: posts big blind $1
*** HOLE CARDS ***
Y_19: folds 
50CandyJoe: folds 
Emily_GetMan: raises $1 to $2
Yaxouille: folds 
Pon4uk.ua: folds 
Nicedaymybro: calls $1
*** FLOP *** [7c Qd 9s]
Nicedaymybro: checks 
Emily_GetMan: bets $2.82
Nicedaymybro: folds 
Uncalled bet ($2.82) returned to Emily_GetMan
Emily_GetMan collected $4.28 from pot
Emily_GetMan: doesn't show hand 
*** SUMMARY ***
Total pot $4.50 | Rake $0.22 
Board [7c Qd 9s]
Seat 1: Nicedaymybro (big blind) folded on the Flop
Seat 2: Y_19 folded before Flop (didn't bet)
Seat 3: 50CandyJoe folded before Flop (didn't bet)
Seat 4: Emily_GetMan collected ($4.28)
Seat 5: Yaxouille (button) folded before Flop (didn't bet)
Seat 6: Pon4uk.ua (small blind) folded before Flop



PokerStars Hand #254762272991:  Hold'em No Limit ($0.50/$1.00 USD) - 2025/02/08 7:20:11 WET [2025/02/08 2:20:11 ET]
Table 'Fortuna II' 6-max Seat #6 is the button
Seat 1: Nicedaymybro ($113.28 in chips) 
Seat 2: Y_19 ($102.71 in chips) 
Seat 3: 50CandyJoe ($102.50 in chips) 
Seat 4: Emily_GetMan ($110.32 in chips) 
Seat 5: Yaxouille ($91.94 in chips) 
Seat 6: Pon4uk.ua ($107.95 in chips) 
Nicedaymybro: posts small blind $0.50
Y_19: posts big blind $1
*** HOLE CARDS ***
50CandyJoe: folds 
Emily_GetMan: folds 
Yaxouille: folds 
Pon4uk.ua: folds 
Nicedaymybro: folds 
Uncalled bet ($0.50) returned to Y_19
Y_19 collected $1 from pot
Y_19: doesn't show hand 
*** SUMMARY ***
Total pot $1 | Rake $0 
Seat 1: Nicedaymybro (small blind) folded before Flop
Seat 2: Y_19 (big blind) collected ($1)
Seat 3: 50CandyJoe folded before Flop (didn't bet)
Seat 4: Emily_GetMan folded before Flop (didn't bet)
Seat 5: Yaxouille folded before Flop (didn't bet)
Seat 6: Pon4uk.ua (button) folded before Flop (didn't bet)



PokerStars Hand #254762274441:  Hold'em No Limit ($0.50/$1.00 USD) - 2025/02/08 7:20:28 WET [2025/02/08 2:20:28 ET]
Table 'Fortuna II' 6-max Seat #1 is the button
Seat 1: Nicedaymybro ($112.78 in chips) 
Seat 2: Y_19 ($103.21 in chips) 
Seat 3: 50CandyJoe ($102.50 in chips) 
Seat 4: Emily_GetMan ($110.32 in chips) 
Seat 5: Yaxouille ($91.94 in chips) 
Seat 6: Pon4uk.ua ($107.95 in chips) 
Y_19: posts small blind $0.50
50CandyJoe: posts big blind $1
*** HOLE CARDS ***
Emily_GetMan: raises $1 to $2
Yaxouille: calls $2
Pon4uk.ua: folds 
Nicedaymybro: raises $7 to $9
Y_19: folds 
50CandyJoe: folds 
Emily_GetMan: folds 
Yaxouille: folds 
Uncalled bet ($7) returned to Nicedaymybro
Nicedaymybro collected $7.50 from pot
Nicedaymybro: doesn't show hand 
*** SUMMARY ***
Total pot $7.50 | Rake $0 
Seat 1: Nicedaymybro (button) collected ($7.50)
Seat 2: Y_19 (small blind) folded before Flop
Seat 3: 50CandyJoe (big blind) folded before Flop
Seat 4: Emily_GetMan folded before Flop
Seat 5: Yaxouille folded before Flop
Seat 6: Pon4uk.ua folded before Flop (didn't bet)



PokerStars Hand #254762277339:  Hold'em No Limit ($0.50/$1.00 USD) - 2025/02/08 7:21:02 WET [2025/02/08 2:21:02 ET]
Table 'Fortuna II' 6-max Seat #2 is the button
Seat 4: Emily_GetMan ($108.32 in chips) is sitting out
Seat 1: Nicedaymybro ($118.28 in chips) 
Seat 2: Y_19 ($102.71 in chips) 
Seat 3: 50CandyJoe ($101.50 in chips) 
Seat 5: Yaxouille ($89.94 in chips) 
Seat 6: Pon4uk.ua ($107.95 in chips) 
50CandyJoe: posts small blind $0.50
Emily_GetMan: is sitting out 
Yaxouille: posts big blind $1
*** HOLE CARDS ***
Emily_GetMan leaves the table
Pon4uk.ua: raises $1 to $2
Nicedaymybro: folds 
Y_19: folds 
50CandyJoe: folds 
Yaxouille: calls $1
*** FLOP *** [Qc Tc Ad]
Yaxouille: checks 
Pon4uk.ua: bets $2.14
Yaxouille: folds 
Uncalled bet ($2.14) returned to Pon4uk.ua
Pon4uk.ua collected $4.28 from pot
Pon4uk.ua: doesn't show hand 
CashfishT joins the table at seat #4 
*** SUMMARY ***
Total pot $4.50 | Rake $0.22 
Board [Qc Tc Ad]
Seat 4: Emily_GetMan
Seat 1: Nicedaymybro folded before Flop (didn't bet)
Seat 2: Y_19 (button) folded before Flop (didn't bet)
Seat 3: 50CandyJoe (small blind) folded before Flop
Seat 5: Yaxouille (big blind) folded on the Flop
Seat 6: Pon4uk.ua collected ($4.28)



PokerStars Hand #254762279655:  Hold'em No Limit ($0.50/$1.00 USD) - 2025/02/08 7:21:29 WET [2025/02/08 2:21:29 ET]
Table 'Fortuna II' 6-max Seat #3 is the button
Seat 4: CashfishT ($100 in chips) is sitting out
Seat 1: Nicedaymybro ($118.28 in chips) 
Seat 2: Y_19 ($102.71 in chips) 
Seat 3: 50CandyJoe ($101 in chips) 
Seat 5: Yaxouille ($87.94 in chips) 
Seat 6: Pon4uk.ua ($110.23 in chips) 
Yaxouille: posts small blind $0.50
Pon4uk.ua: posts big blind $1
*** HOLE CARDS ***
Nicedaymybro: folds 
Y_19: folds 
50CandyJoe: folds 
Yaxouille: folds 
Uncalled bet ($0.50) returned to Pon4uk.ua
Pon4uk.ua collected $1 from pot
Pon4uk.ua: doesn't show hand 
*** SUMMARY ***
Total pot $1 | Rake $0 
Seat 4: CashfishT
Seat 1: Nicedaymybro folded before Flop (didn't bet)
Seat 2: Y_19 folded before Flop (didn't bet)
Seat 3: 50CandyJoe (button) folded before Flop (didn't bet)
Seat 5: Yaxouille (small blind) folded before Flop
Seat 6: Pon4uk.ua (big blind) collected ($1)



PokerStars Hand #254762280510:  Hold'em No Limit ($0.50/$1.00 USD) - 2025/02/08 7:21:39 WET [2025/02/08 2:21:39 ET]
Table 'Fortuna II' 6-max Seat #5 is the button
Seat 4: CashfishT ($100 in chips) is sitting out
Seat 1: Nicedaymybro ($118.28 in chips) 
Seat 2: Y_19 ($102.71 in chips) 
Seat 3: 50CandyJoe ($101 in chips) 
Seat 5: Yaxouille ($87.44 in chips) 
Seat 6: Pon4uk.ua ($110.73 in chips) 
Pon4uk.ua: posts small blind $0.50
Nicedaymybro: posts big blind $1
CashfishT: sits out 
*** HOLE CARDS ***
Y_19: folds 
50CandyJoe: folds 
Yaxouille: folds 
Pon4uk.ua: raises $1.75 to $2.75
Nicedaymybro: calls $1.75
*** FLOP *** [4c Ac 3s]
Pon4uk.ua: bets $2.61
Nicedaymybro: calls $2.61
*** TURN *** [4c Ac 3s] [Kc]
Pon4uk.ua: checks 
Nicedaymybro: checks 
*** RIVER *** [4c Ac 3s Kc] [9c]
Pon4uk.ua: checks 
Nicedaymybro: checks 
*** SHOW DOWN ***
Pon4uk.ua: shows [8d 8h] (a pair of Eights)
Nicedaymybro: shows [7s Ah] (a pair of Aces)
Nicedaymybro collected $10.18 from pot
*** SUMMARY ***
Total pot $10.72 | Rake $0.54 
Board [4c Ac 3s Kc 9c]
Seat 4: CashfishT
Seat 1: Nicedaymybro (big blind) showed [7s Ah] and won ($10.18) with a pair of Aces
Seat 2: Y_19 folded before Flop (didn't bet)
Seat 3: 50CandyJoe folded before Flop (didn't bet)
Seat 5: Yaxouille (button) folded before Flop (didn't bet)
Seat 6: Pon4uk.ua (small blind) showed [8d 8h] and lost with a pair of Eights



PokerStars Hand #254762285257:  Hold'em No Limit ($0.50/$1.00 USD) - 2025/02/08 7:22:35 WET [2025/02/08 2:22:35 ET]
Table 'Fortuna II' 6-max Seat #6 is the button
Seat 4: CashfishT ($100 in chips) is sitting out
Seat 1: Nicedaymybro ($123.10 in chips) 
Seat 2: Y_19 ($102.71 in chips) 
Seat 3: 50CandyJoe ($101 in chips) 
Seat 5: Yaxouille ($87.44 in chips) 
Seat 6: Pon4uk.ua ($105.37 in chips) 
Nicedaymybro: posts small blind $0.50
Y_19: posts big blind $1
CashfishT: sits out 
*** HOLE CARDS ***
50CandyJoe: raises $1.20 to $2.20
Yaxouille: folds 
Pon4uk.ua: folds 
Nicedaymybro: folds 
Y_19: calls $1.20
*** FLOP *** [3d 9c Ah]
Y_19: checks 
50CandyJoe: bets $1.17
Y_19: calls $1.17
*** TURN *** [3d 9c Ah] [5s]
Y_19: checks 
50CandyJoe: checks 
*** RIVER *** [3d 9c Ah 5s] [3s]
Y_19: bets $5.16
50CandyJoe: folds 
Uncalled bet ($5.16) returned to Y_19
Y_19 collected $6.88 from pot
Y_19: doesn't show hand 
*** SUMMARY ***
Total pot $7.24 | Rake $0.36 
Board [3d 9c Ah 5s 3s]
Seat 4: CashfishT
Seat 1: Nicedaymybro (small blind) folded before Flop
Seat 2: Y_19 (big blind) collected ($6.88)
Seat 3: 50CandyJoe folded on the River
Seat 5: Yaxouille folded before Flop (didn't bet)
Seat 6: Pon4uk.ua (button) folded before Flop (didn't bet)



PokerStars Hand #254762289932:  Hold'em No Limit ($0.50/$1.00 USD) - 2025/02/08 7:23:30 WET [2025/02/08 2:23:30 ET]
Table 'Fortuna II' 6-max Seat #1 is the button
Seat 4: CashfishT ($100 in chips) is sitting out
Seat 1: Nicedaymybro ($122.60 in chips) 
Seat 2: Y_19 ($106.22 in chips) 
Seat 3: 50CandyJoe ($100 in chips) 
Seat 5: Yaxouille ($87.44 in chips) 
Seat 6: Pon4uk.ua ($105.37 in chips) 
Y_19: posts small blind $0.50
50CandyJoe: posts big blind $1
CashfishT: sits out 
*** HOLE CARDS ***
Yaxouille: folds 
Pon4uk.ua: folds 
Nicedaymybro: raises $1.50 to $2.50
Y_19: folds 
50CandyJoe: folds 
Uncalled bet ($1.50) returned to Nicedaymybro
Nicedaymybro collected $2.50 from pot
Nicedaymybro: doesn't show hand 
*** SUMMARY ***
Total pot $2.50 | Rake $0 
Seat 4: CashfishT
Seat 1: Nicedaymybro (button) collected ($2.50)
Seat 2: Y_19 (small blind) folded before Flop
Seat 3: 50CandyJoe (big blind) folded before Flop
Seat 5: Yaxouille folded before Flop (didn't bet)
Seat 6: Pon4uk.ua folded before Flop (didn't bet)



PokerStars Hand #254762292448:  Hold'em No Limit ($0.50/$1.00 USD) - 2025/02/08 7:24:00 WET [2025/02/08 2:24:00 ET]
Table 'Fortuna II' 6-max Seat #2 is the button
Seat 1: Nicedaymybro ($124.10 in chips) 
Seat 2: Y_19 ($105.72 in chips) 
Seat 3: 50CandyJoe ($100 in chips) 
Seat 4: CashfishT ($100 in chips) 
Seat 5: Yaxouille ($87.44 in chips) 
Seat 6: Pon4uk.ua ($105.37 in chips) 
50CandyJoe: posts small blind $0.50
CashfishT: posts big blind $1
*** HOLE CARDS ***
Yaxouille: folds 
Pon4uk.ua: folds 
Nicedaymybro: folds 
Y_19: folds 
50CandyJoe: folds 
Uncalled bet ($0.50) returned to CashfishT
CashfishT collected $1 from pot
CashfishT: doesn't show hand 
*** SUMMARY ***
Total pot $1 | Rake $0 
Seat 1: Nicedaymybro folded before Flop (didn't bet)
Seat 2: Y_19 (button) folded before Flop (didn't bet)
Seat 3: 50CandyJoe (small blind) folded before Flop
Seat 4: CashfishT (big blind) collected ($1)
Seat 5: Yaxouille folded before Flop (didn't bet)
Seat 6: Pon4uk.ua folded before Flop (didn't bet)



PokerStars Hand #254762293763:  Hold'em No Limit ($0.50/$1.00 USD) - 2025/02/08 7:24:16 WET [2025/02/08 2:24:16 ET]
Table 'Fortuna II' 6-max Seat #3 is the button
Seat 1: Nicedaymybro ($124.10 in chips) 
Seat 2: Y_19 ($105.72 in chips) 
Seat 3: 50CandyJoe ($100 in chips) 
Seat 4: CashfishT ($100.50 in chips) 
Seat 5: Yaxouille ($87.44 in chips) 
Seat 6: Pon4uk.ua ($105.37 in chips) 
CashfishT: posts small blind $0.50
Yaxouille: posts big blind $1
*** HOLE CARDS ***
Pon4uk.ua: folds 
Nicedaymybro: folds 
Y_19: folds 
50CandyJoe: raises $1.50 to $2.50
CashfishT: folds 
Yaxouille: folds 
Uncalled bet ($1.50) returned to 50CandyJoe
50CandyJoe collected $2.50 from pot
50CandyJoe: doesn't show hand 
*** SUMMARY ***
Total pot $2.50 | Rake $0 
Seat 1: Nicedaymybro folded before Flop (didn't bet)
Seat 2: Y_19 folded before Flop (didn't bet)
Seat 3: 50CandyJoe (button) collected ($2.50)
Seat 4: CashfishT (small blind) folded before Flop
Seat 5: Yaxouille (big blind) folded before Flop
Seat 6: Pon4uk.ua folded before Flop (didn't bet)



PokerStars Hand #254762295479:  Hold'em No Limit ($0.50/$1.00 USD) - 2025/02/08 7:24:36 WET [2025/02/08 2:24:36 ET]
Table 'Fortuna II' 6-max Seat #4 is the button
Seat 1: Nicedaymybro ($124.10 in chips) 
Seat 2: Y_19 ($105.72 in chips) 
Seat 3: 50CandyJoe ($101.50 in chips) 
Seat 4: CashfishT ($100 in chips) 
Seat 5: Yaxouille ($86.44 in chips) 
Seat 6: Pon4uk.ua ($105.37 in chips) 
Yaxouille: posts small blind $0.50
Pon4uk.ua: posts big blind $1
*** HOLE CARDS ***
Nicedaymybro: folds 
Y_19: folds 
50CandyJoe: raises $1.20 to $2.20
CashfishT: raises $4.80 to $7
Yaxouille: folds 
Pon4uk.ua: folds 
50CandyJoe: raises $13 to $20
CashfishT: folds 
Uncalled bet ($13) returned to 50CandyJoe
50CandyJoe collected $15.50 from pot
50CandyJoe: doesn't show hand 
*** SUMMARY ***
Total pot $15.50 | Rake $0 
Seat 1: Nicedaymybro folded before Flop (didn't bet)
Seat 2: Y_19 folded before Flop (didn't bet)
Seat 3: 50CandyJoe collected ($15.50)
Seat 4: CashfishT (button) folded before Flop
Seat 5: Yaxouille (small blind) folded before Flop
Seat 6: Pon4uk.ua (big blind) folded before Flop



PokerStars Hand #254762297713:  Hold'em No Limit ($0.50/$1.00 USD) - 2025/02/08 7:25:03 WET [2025/02/08 2:25:03 ET]
Table 'Fortuna II' 6-max Seat #5 is the button
Seat 1: Nicedaymybro ($124.10 in chips) 
Seat 2: Y_19 ($105.72 in chips) 
Seat 3: 50CandyJoe ($110 in chips) 
Seat 4: CashfishT ($100 in chips) 
Seat 5: Yaxouille ($85.94 in chips) 
Seat 6: Pon4uk.ua ($104.37 in chips) 
Pon4uk.ua: posts small blind $0.50
Nicedaymybro: posts big blind $1
*** HOLE CARDS ***
Y_19: folds 
50CandyJoe: folds 
CashfishT: folds 
Yaxouille: folds 
Pon4uk.ua: raises $1.75 to $2.75
Nicedaymybro: calls $1.75
*** FLOP *** [Kh 4h Ts]
Pon4uk.ua: bets $1.72
Nicedaymybro: folds 
Uncalled bet ($1.72) returned to Pon4uk.ua
Pon4uk.ua collected $5.22 from pot
Pon4uk.ua: doesn't show hand 
*** SUMMARY ***
Total pot $5.50 | Rake $0.28 
Board [Kh 4h Ts]
Seat 1: Nicedaymybro (big blind) folded on the Flop
Seat 2: Y_19 folded before Flop (didn't bet)
Seat 3: 50CandyJoe folded before Flop (didn't bet)
Seat 4: CashfishT folded before Flop (didn't bet)
Seat 5: Yaxouille (button) folded before Flop (didn't bet)
Seat 6: Pon4uk.ua (small blind) collected ($5.22)



PokerStars Hand #254762300197:  Hold'em No Limit ($0.50/$1.00 USD) - 2025/02/08 7:25:32 WET [2025/02/08 2:25:32 ET]
Table 'Fortuna II' 6-max Seat #6 is the button
Seat 1: Nicedaymybro ($121.35 in chips) 
Seat 2: Y_19 ($105.72 in chips) 
Seat 3: 50CandyJoe ($110 in chips) 
Seat 4: CashfishT ($100 in chips) 
Seat 5: Yaxouille ($85.94 in chips) 
Seat 6: Pon4uk.ua ($106.84 in chips) 
Nicedaymybro: posts small blind $0.50
Y_19: posts big blind $1
*** HOLE CARDS ***
50CandyJoe: folds 
CashfishT: raises $1.20 to $2.20
Yaxouille: folds 
Pon4uk.ua: folds 
Nicedaymybro: folds 
Y_19: folds 
Uncalled bet ($1.20) returned to CashfishT
CashfishT collected $2.50 from pot
CashfishT: doesn't show hand 
*** SUMMARY ***
Total pot $2.50 | Rake $0 
Seat 1: Nicedaymybro (small blind) folded before Flop
Seat 2: Y_19 (big blind) folded before Flop
Seat 3: 50CandyJoe folded before Flop (didn't bet)
Seat 4: CashfishT collected ($2.50)
Seat 5: Yaxouille folded before Flop (didn't bet)
Seat 6: Pon4uk.ua (button) folded before Flop (didn't bet)



PokerStars Hand #254762301331:  Hold'em No Limit ($0.50/$1.00 USD) - 2025/02/08 7:25:46 WET [2025/02/08 2:25:46 ET]
Table 'Fortuna II' 6-max Seat #1 is the button
Seat 1: Nicedaymybro ($120.85 in chips) 
Seat 2: Y_19 ($104.72 in chips) 
Seat 3: 50CandyJoe ($110 in chips) 
Seat 4: CashfishT ($101.50 in chips) 
Seat 5: Yaxouille ($85.94 in chips) 
Seat 6: Pon4uk.ua ($106.84 in chips) 
Y_19: posts small blind $0.50
50CandyJoe: posts big blind $1
*** HOLE CARDS ***
CashfishT: raises $1.20 to $2.20
Yaxouille: folds 
Pon4uk.ua: folds 
Nicedaymybro: folds 
Y_19: folds 
50CandyJoe: folds 
Uncalled bet ($1.20) returned to CashfishT
CashfishT collected $2.50 from pot
CashfishT: doesn't show hand 
*** SUMMARY ***
Total pot $2.50 | Rake $0 
Seat 1: Nicedaymybro (button) folded before Flop (didn't bet)
Seat 2: Y_19 (small blind) folded before Flop
Seat 3: 50CandyJoe (big blind) folded before Flop
Seat 4: CashfishT collected ($2.50)
Seat 5: Yaxouille folded before Flop (didn't bet)
Seat 6: Pon4uk.ua folded before Flop (didn't bet)



PokerStars Hand #254762302771:  Hold'em No Limit ($0.50/$1.00 USD) - 2025/02/08 7:26:03 WET [2025/02/08 2:26:03 ET]
Table 'Fortuna II' 6-max Seat #2 is the button
Seat 1: Nicedaymybro ($120.85 in chips) 
Seat 2: Y_19 ($104.22 in chips) 
Seat 3: 50CandyJoe ($109 in chips) 
Seat 4: CashfishT ($103 in chips) 
Seat 5: Yaxouille ($85.94 in chips) 
Seat 6: Pon4uk.ua ($106.84 in chips) 
50CandyJoe: posts small blind $0.50
CashfishT: posts big blind $1
*** HOLE CARDS ***
Yaxouille: folds 
Pon4uk.ua: folds 
Nicedaymybro: folds 
Y_19: raises $1.23 to $2.23
50CandyJoe: folds 
CashfishT: raises $10.77 to $13
Y_19: calls $10.77
*** FLOP *** [5c Td 7c]
CashfishT: bets $12.59
Y_19: folds 
Uncalled bet ($12.59) returned to CashfishT
CashfishT collected $25.18 from pot
CashfishT: doesn't show hand 
*** SUMMARY ***
Total pot $26.50 | Rake $1.32 
Board [5c Td 7c]
Seat 1: Nicedaymybro folded before Flop (didn't bet)
Seat 2: Y_19 (button) folded on the Flop
Seat 3: 50CandyJoe (small blind) folded before Flop
Seat 4: CashfishT (big blind) collected ($25.18)
Seat 5: Yaxouille folded before Flop (didn't bet)
Seat 6: Pon4uk.ua folded before Flop (didn't bet)



PokerStars Hand #254762307552:  Hold'em No Limit ($0.50/$1.00 USD) - 2025/02/08 7:27:02 WET [2025/02/08 2:27:02 ET]
Table 'Fortuna II' 6-max Seat #3 is the button
Seat 1: Nicedaymybro ($120.85 in chips) 
Seat 2: Y_19 ($100 in chips) 
Seat 3: 50CandyJoe ($108.50 in chips) 
Seat 4: CashfishT ($115.18 in chips) 
Seat 5: Yaxouille ($85.94 in chips) 
Seat 6: Pon4uk.ua ($106.84 in chips) 
CashfishT: posts small blind $0.50
Yaxouille: posts big blind $1
*** HOLE CARDS ***
Pon4uk.ua: folds 
Nicedaymybro: folds 
Y_19: folds 
50CandyJoe: raises $1.50 to $2.50
CashfishT: folds 
Yaxouille: folds 
Uncalled bet ($1.50) returned to 50CandyJoe
50CandyJoe collected $2.50 from pot
50CandyJoe: doesn't show hand 
*** SUMMARY ***
Total pot $2.50 | Rake $0 
Seat 1: Nicedaymybro folded before Flop (didn't bet)
Seat 2: Y_19 folded before Flop (didn't bet)
Seat 3: 50CandyJoe (button) collected ($2.50)
Seat 4: CashfishT (small blind) folded before Flop
Seat 5: Yaxouille (big blind) folded before Flop
Seat 6: Pon4uk.ua folded before Flop (didn't bet)



PokerStars Hand #254762308850:  Hold'em No Limit ($0.50/$1.00 USD) - 2025/02/08 7:27:18 WET [2025/02/08 2:27:18 ET]
Table 'Fortuna II' 6-max Seat #4 is the button
Seat 1: Nicedaymybro ($120.85 in chips) 
Seat 2: Y_19 ($100 in chips) 
Seat 3: 50CandyJoe ($110 in chips) 
Seat 4: CashfishT ($114.68 in chips) 
Seat 5: Yaxouille ($84.94 in chips) 
Seat 6: Pon4uk.ua ($106.84 in chips) 
Yaxouille: posts small blind $0.50
Pon4uk.ua: posts big blind $1
*** HOLE CARDS ***
Nicedaymybro: folds 
Y_19: folds 
50CandyJoe: raises $1.20 to $2.20
CashfishT: folds 
Yaxouille: folds 
Pon4uk.ua: folds 
Uncalled bet ($1.20) returned to 50CandyJoe
50CandyJoe collected $2.50 from pot
50CandyJoe: doesn't show hand 
*** SUMMARY ***
Total pot $2.50 | Rake $0 
Seat 1: Nicedaymybro folded before Flop (didn't bet)
Seat 2: Y_19 folded before Flop (didn't bet)
Seat 3: 50CandyJoe collected ($2.50)
Seat 4: CashfishT (button) folded before Flop (didn't bet)
Seat 5: Yaxouille (small blind) folded before Flop
Seat 6: Pon4uk.ua (big blind) folded before Flop



PokerStars Hand #254762311039:  Hold'em No Limit ($0.50/$1.00 USD) - 2025/02/08 7:27:44 WET [2025/02/08 2:27:44 ET]
Table 'Fortuna II' 6-max Seat #5 is the button
Seat 1: Nicedaymybro ($120.85 in chips) 
Seat 2: Y_19 ($100 in chips) 
Seat 3: 50CandyJoe ($111.50 in chips) 
Seat 4: CashfishT ($114.68 in chips) 
Seat 5: Yaxouille ($84.44 in chips) 
Seat 6: Pon4uk.ua ($105.84 in chips) 
Pon4uk.ua: posts small blind $0.50
Nicedaymybro: posts big blind $1
*** HOLE CARDS ***
Y_19: folds 
50CandyJoe: raises $1.20 to $2.20
CashfishT: folds 
Yaxouille: folds 
Pon4uk.ua: folds 
Nicedaymybro: folds 
Uncalled bet ($1.20) returned to 50CandyJoe
50CandyJoe collected $2.50 from pot
50CandyJoe: doesn't show hand 
*** SUMMARY ***
Total pot $2.50 | Rake $0 
Seat 1: Nicedaymybro (big blind) folded before Flop
Seat 2: Y_19 folded before Flop (didn't bet)
Seat 3: 50CandyJoe collected ($2.50)
Seat 4: CashfishT folded before Flop (didn't bet)
Seat 5: Yaxouille (button) folded before Flop (didn't bet)
Seat 6: Pon4uk.ua (small blind) folded before Flop



PokerStars Hand #254762312852:  Hold'em No Limit ($0.50/$1.00 USD) - 2025/02/08 7:28:06 WET [2025/02/08 2:28:06 ET]
Table 'Fortuna II' 6-max Seat #6 is the button
Seat 1: Nicedaymybro ($119.85 in chips) 
Seat 2: Y_19 ($100 in chips) 
Seat 3: 50CandyJoe ($113 in chips) 
Seat 4: CashfishT ($114.68 in chips) 
Seat 5: Yaxouille ($84.44 in chips) 
Seat 6: Pon4uk.ua ($105.34 in chips) 
Nicedaymybro: posts small blind $0.50
Y_19: posts big blind $1
*** HOLE CARDS ***
50CandyJoe: raises $1.20 to $2.20
CashfishT: folds 
Yaxouille: calls $2.20
Pon4uk.ua: raises $6.80 to $9
Nicedaymybro: folds 
Y_19: folds 
50CandyJoe: folds 
Yaxouille: folds 
Uncalled bet ($6.80) returned to Pon4uk.ua
Pon4uk.ua collected $8.10 from pot
Pon4uk.ua: doesn't show hand 
*** SUMMARY ***
Total pot $8.10 | Rake $0 
Seat 1: Nicedaymybro (small blind) folded before Flop
Seat 2: Y_19 (big blind) folded before Flop
Seat 3: 50CandyJoe folded before Flop
Seat 4: CashfishT folded before Flop (didn't bet)
Seat 5: Yaxouille folded before Flop
Seat 6: Pon4uk.ua (button) collected ($8.10)



PokerStars Hand #254762315684:  Hold'em No Limit ($0.50/$1.00 USD) - 2025/02/08 7:28:40 WET [2025/02/08 2:28:40 ET]
Table 'Fortuna II' 6-max Seat #1 is the button
Seat 1: Nicedaymybro ($119.35 in chips) 
Seat 2: Y_19 ($100 in chips) 
Seat 3: 50CandyJoe ($110.80 in chips) 
Seat 4: CashfishT ($114.68 in chips) 
Seat 5: Yaxouille ($82.24 in chips) 
Seat 6: Pon4uk.ua ($111.24 in chips) 
Y_19: posts small blind $0.50
50CandyJoe: posts big blind $1
*** HOLE CARDS ***
CashfishT: folds 
Yaxouille: folds 
Pon4uk.ua: folds 
Nicedaymybro: folds 
Y_19: folds 
Uncalled bet ($0.50) returned to 50CandyJoe
50CandyJoe collected $1 from pot
50CandyJoe: doesn't show hand 
*** SUMMARY ***
Total pot $1 | Rake $0 
Seat 1: Nicedaymybro (button) folded before Flop (didn't bet)
Seat 2: Y_19 (small blind) folded before Flop
Seat 3: 50CandyJoe (big blind) collected ($1)
Seat 4: CashfishT folded before Flop (didn't bet)
Seat 5: Yaxouille folded before Flop (didn't bet)
Seat 6: Pon4uk.ua folded before Flop (didn't bet)



PokerStars Hand #254762316564:  Hold'em No Limit ($0.50/$1.00 USD) - 2025/02/08 7:28:50 WET [2025/02/08 2:28:50 ET]
Table 'Fortuna II' 6-max Seat #2 is the button
Seat 1: Nicedaymybro ($119.35 in chips) 
Seat 2: Y_19 ($100 in chips) 
Seat 3: 50CandyJoe ($111.30 in chips) 
Seat 4: CashfishT ($114.68 in chips) 
Seat 5: Yaxouille ($82.24 in chips) 
Seat 6: Pon4uk.ua ($111.24 in chips) 
50CandyJoe: posts small blind $0.50
CashfishT: posts big blind $1
*** HOLE CARDS ***
Yaxouille: folds 
Pon4uk.ua: folds 
Nicedaymybro: raises $1.50 to $2.50
Y_19: folds 
50CandyJoe: folds 
CashfishT: raises $10.50 to $13
Nicedaymybro: folds 
Uncalled bet ($10.50) returned to CashfishT
CashfishT collected $5.50 from pot
CashfishT: doesn't show hand 
*** SUMMARY ***
Total pot $5.50 | Rake $0 
Seat 1: Nicedaymybro folded before Flop
Seat 2: Y_19 (button) folded before Flop (didn't bet)
Seat 3: 50CandyJoe (small blind) folded before Flop
Seat 4: CashfishT (big blind) collected ($5.50)
Seat 5: Yaxouille folded before Flop (didn't bet)
Seat 6: Pon4uk.ua folded before Flop (didn't bet)



PokerStars Hand #254762319402:  Hold'em No Limit ($0.50/$1.00 USD) - 2025/02/08 7:29:24 WET [2025/02/08 2:29:24 ET]
Table 'Fortuna II' 6-max Seat #3 is the button
Seat 5: Yaxouille ($82.24 in chips) is sitting out
Seat 1: Nicedaymybro ($116.85 in chips) 
Seat 2: Y_19 ($100 in chips) 
Seat 3: 50CandyJoe ($110.80 in chips) 
Seat 4: CashfishT ($117.68 in chips) 
Seat 6: Pon4uk.ua ($111.24 in chips) 
CashfishT: posts small blind $0.50
Yaxouille: is sitting out 
Pon4uk.ua: posts big blind $1
*** HOLE CARDS ***
Nicedaymybro: folds 
Y_19: folds 
50CandyJoe: folds 
CashfishT: raises $2 to $3
Pon4uk.ua: calls $2
*** FLOP *** [2c 3h 5d]
CashfishT: checks 
Pon4uk.ua: checks 
*** TURN *** [2c 3h 5d] [2h]
CashfishT: checks 
Pon4uk.ua: checks 
*** RIVER *** [2c 3h 5d 2h] [Jh]
CashfishT: checks 
Pon4uk.ua: checks 
*** SHOW DOWN ***
CashfishT: shows [9s Ac] (a pair of Deuces)
Pon4uk.ua: shows [Ah Td] (a pair of Deuces - Ace+Jack+Ten kicker)
Pon4uk.ua collected $5.70 from pot
*** SUMMARY ***
Total pot $6 | Rake $0.30 
Board [2c 3h 5d 2h Jh]
Seat 5: Yaxouille
Seat 1: Nicedaymybro folded before Flop (didn't bet)
Seat 2: Y_19 folded before Flop (didn't bet)
Seat 3: 50CandyJoe (button) folded before Flop (didn't bet)
Seat 4: CashfishT (small blind) showed [9s Ac] and lost with a pair of Deuces
Seat 6: Pon4uk.ua (big blind) showed [Ah Td] and won ($5.70) with a pair of Deuces



PokerStars Hand #254762322733:  Hold'em No Limit ($0.50/$1.00 USD) - 2025/02/08 7:30:04 WET [2025/02/08 2:30:04 ET]
Table 'Fortuna II' 6-max Seat #4 is the button
Seat 1: Nicedaymybro ($116.85 in chips) is sitting out
Seat 5: Yaxouille ($82.24 in chips) is sitting out
Seat 2: Y_19 ($100 in chips) 
Seat 3: 50CandyJoe ($110.80 in chips) 
Seat 4: CashfishT ($114.68 in chips) 
Seat 6: Pon4uk.ua ($113.94 in chips) 
Pon4uk.ua: posts small blind $0.50
Nicedaymybro: is sitting out 
Y_19: posts big blind $1
*** HOLE CARDS ***
Nicedaymybro leaves the table
50CandyJoe: folds 
sutata joins the table at seat #1 
CashfishT: folds 
Pon4uk.ua: folds 
Uncalled bet ($0.50) returned to Y_19
Y_19 collected $1 from pot
Y_19: doesn't show hand 
*** SUMMARY ***
Total pot $1 | Rake $0 
Seat 1: Nicedaymybro
Seat 5: Yaxouille
Seat 2: Y_19 (big blind) collected ($1)
Seat 3: 50CandyJoe folded before Flop (didn't bet)
Seat 4: CashfishT (button) folded before Flop (didn't bet)
Seat 6: Pon4uk.ua (small blind) folded before Flop



PokerStars Hand #254762323854:  Hold'em No Limit ($0.50/$1.00 USD) - 2025/02/08 7:30:18 WET [2025/02/08 2:30:18 ET]
Table 'Fortuna II' 6-max Seat #6 is the button
Seat 1: sutata ($100 in chips) is sitting out
Seat 2: Y_19 ($100.50 in chips) 
Seat 3: 50CandyJoe ($110.80 in chips) 
Seat 4: CashfishT ($114.68 in chips) 
Seat 5: Yaxouille ($82.24 in chips) 
Seat 6: Pon4uk.ua ($113.44 in chips) 
Y_19: posts small blind $0.50
50CandyJoe: posts big blind $1
Yaxouille: posts small & big blinds $1.50
*** HOLE CARDS ***
CashfishT: raises $3.50 to $4.50
Yaxouille: folds 
Pon4uk.ua: calls $4.50
Y_19: folds 
50CandyJoe: folds 
*** FLOP *** [2d 7h Ks]
CashfishT: bets $3.76
Pon4uk.ua: raises $8.24 to $12
CashfishT: folds 
Uncalled bet ($8.24) returned to Pon4uk.ua
Pon4uk.ua collected $18.54 from pot
Pon4uk.ua: doesn't show hand 
*** SUMMARY ***
Total pot $19.52 | Rake $0.98 
Board [2d 7h Ks]
Seat 1: sutata
Seat 2: Y_19 (small blind) folded before Flop
Seat 3: 50CandyJoe (big blind) folded before Flop
Seat 4: CashfishT folded on the Flop
Seat 5: Yaxouille folded before Flop (didn't bet)
Seat 6: Pon4uk.ua (button) collected ($18.54)



PokerStars Hand #254762328680:  Hold'em No Limit ($0.50/$1.00 USD) - 2025/02/08 7:31:16 WET [2025/02/08 2:31:16 ET]
Table 'Fortuna II' 6-max Seat #2 is the button
Seat 1: sutata ($100 in chips) is sitting out
Seat 2: Y_19 ($100 in chips) 
Seat 3: 50CandyJoe ($109.80 in chips) 
Seat 4: CashfishT ($106.42 in chips) 
Seat 5: Yaxouille ($80.74 in chips) 
Seat 6: Pon4uk.ua ($123.72 in chips) 
50CandyJoe: posts small blind $0.50
CashfishT: posts big blind $1
sutata: sits out 
*** HOLE CARDS ***
Yaxouille: calls $1
Pon4uk.ua: folds 
Y_19: folds 
50CandyJoe: folds 
CashfishT: checks 
*** FLOP *** [4c Js Qd]
CashfishT: checks 
Yaxouille: checks 
*** TURN *** [4c Js Qd] [As]
CashfishT: checks 
Yaxouille: bets $2
CashfishT: folds 
Uncalled bet ($2) returned to Yaxouille
Yaxouille collected $2.38 from pot
*** SUMMARY ***
Total pot $2.50 | Rake $0.12 
Board [4c Js Qd As]
Seat 1: sutata
Seat 2: Y_19 (button) folded before Flop (didn't bet)
Seat 3: 50CandyJoe (small blind) folded before Flop
Seat 4: CashfishT (big blind) folded on the Turn
Seat 5: Yaxouille collected ($2.38)
Seat 6: Pon4uk.ua folded before Flop (didn't bet)



PokerStars Hand #254762334719:  Hold'em No Limit ($0.50/$1.00 USD) - 2025/02/08 7:32:28 WET [2025/02/08 2:32:28 ET]
Table 'Fortuna II' 6-max Seat #3 is the button
Seat 1: sutata ($100 in chips) is sitting out
Seat 2: Y_19 ($100 in chips) 
Seat 3: 50CandyJoe ($109.30 in chips) 
Seat 4: CashfishT ($105.42 in chips) 
Seat 5: Yaxouille ($82.12 in chips) 
Seat 6: Pon4uk.ua ($123.72 in chips) 
CashfishT: posts small blind $0.50
Yaxouille: posts big blind $1
sutata: sits out 
*** HOLE CARDS ***
Pon4uk.ua: folds 
Y_19: folds 
50CandyJoe: raises $1.50 to $2.50
CashfishT: folds 
Yaxouille: calls $1.50
*** FLOP *** [8c 2h 7d]
Yaxouille: checks 
50CandyJoe: checks 
*** TURN *** [8c 2h 7d] [Ah]
Yaxouille: bets $2
50CandyJoe: calls $2
*** RIVER *** [8c 2h 7d Ah] [6s]
Yaxouille: bets $2
50CandyJoe: raises $16 to $18
Yaxouille: folds 
Uncalled bet ($16) returned to 50CandyJoe
50CandyJoe collected $12.82 from pot
50CandyJoe: doesn't show hand 
*** SUMMARY ***
Total pot $13.50 | Rake $0.68 
Board [8c 2h 7d Ah 6s]
Seat 1: sutata
Seat 2: Y_19 folded before Flop (didn't bet)
Seat 3: 50CandyJoe (button) collected ($12.82)
Seat 4: CashfishT (small blind) folded before Flop
Seat 5: Yaxouille (big blind) folded on the River
Seat 6: Pon4uk.ua folded before Flop (didn't bet)



PokerStars Hand #254762338882:  Hold'em No Limit ($0.50/$1.00 USD) - 2025/02/08 7:33:18 WET [2025/02/08 2:33:18 ET]
Table 'Fortuna II' 6-max Seat #4 is the button
Seat 1: sutata ($100 in chips) is sitting out
Seat 2: Y_19 ($100 in chips) 
Seat 3: 50CandyJoe ($115.62 in chips) 
Seat 4: CashfishT ($104.92 in chips) 
Seat 5: Yaxouille ($75.62 in chips) 
Seat 6: Pon4uk.ua ($123.72 in chips) 
Yaxouille: posts small blind $0.50
Pon4uk.ua: posts big blind $1
sutata: sits out 
*** HOLE CARDS ***
Y_19: folds 
50CandyJoe: folds 
CashfishT: folds 
Yaxouille: folds 
Uncalled bet ($0.50) returned to Pon4uk.ua
Pon4uk.ua collected $1 from pot
Pon4uk.ua: doesn't show hand 
*** SUMMARY ***
Total pot $1 | Rake $0 
Seat 1: sutata
Seat 2: Y_19 folded before Flop (didn't bet)
Seat 3: 50CandyJoe folded before Flop (didn't bet)
Seat 4: CashfishT (button) folded before Flop (didn't bet)
Seat 5: Yaxouille (small blind) folded before Flop
Seat 6: Pon4uk.ua (big blind) collected ($1)



PokerStars Hand #254762339707:  Hold'em No Limit ($0.50/$1.00 USD) - 2025/02/08 7:33:28 WET [2025/02/08 2:33:28 ET]
Table 'Fortuna II' 6-max Seat #5 is the button
Seat 1: sutata ($100 in chips) 
Seat 2: Y_19 ($100 in chips) 
Seat 3: 50CandyJoe ($115.62 in chips) 
Seat 4: CashfishT ($104.92 in chips) 
Seat 5: Yaxouille ($75.12 in chips) 
Seat 6: Pon4uk.ua ($124.22 in chips) 
Pon4uk.ua: posts small blind $0.50
sutata: posts big blind $1
*** HOLE CARDS ***
Y_19: folds 
50CandyJoe: folds 
CashfishT: raises $1.20 to $2.20
Yaxouille: folds 
Pon4uk.ua: folds 
sutata: calls $1.20
*** FLOP *** [2h Jc Ks]
sutata: checks 
CashfishT: bets $1.54
sutata: calls $1.54
*** TURN *** [2h Jc Ks] [7d]
sutata: checks 
CashfishT: bets $9.48
sutata: folds 
Uncalled bet ($9.48) returned to CashfishT
CashfishT collected $7.58 from pot
CashfishT: doesn't show hand 
*** SUMMARY ***
Total pot $7.98 | Rake $0.40 
Board [2h Jc Ks 7d]
Seat 1: sutata (big blind) folded on the Turn
Seat 2: Y_19 folded before Flop (didn't bet)
Seat 3: 50CandyJoe folded before Flop (didn't bet)
Seat 4: CashfishT collected ($7.58)
Seat 5: Yaxouille (button) folded before Flop (didn't bet)
Seat 6: Pon4uk.ua (small blind) folded before Flop



PokerStars Hand #254762343285:  Hold'em No Limit ($0.50/$1.00 USD) - 2025/02/08 7:34:11 WET [2025/02/08 2:34:11 ET]
Table 'Fortuna II' 6-max Seat #6 is the button
Seat 1: sutata ($100 in chips) 
Seat 2: Y_19 ($100 in chips) 
Seat 3: 50CandyJoe ($115.62 in chips) 
Seat 4: CashfishT ($108.76 in chips) 
Seat 5: Yaxouille ($75.12 in chips) 
Seat 6: Pon4uk.ua ($123.72 in chips) 
sutata: posts small blind $0.50
Y_19: posts big blind $1
*** HOLE CARDS ***
50CandyJoe: raises $1.20 to $2.20
CashfishT: folds 
Yaxouille: calls $2.20
Pon4uk.ua: folds 
sutata: folds 
Y_19: calls $1.20
*** FLOP *** [8h 5h 9h]
Y_19: checks 
50CandyJoe: checks 
Yaxouille: bets $3.37
Y_19: folds 
50CandyJoe: folds 
Uncalled bet ($3.37) returned to Yaxouille
Yaxouille collected $6.74 from pot
*** SUMMARY ***
Total pot $7.10 | Rake $0.36 
Board [8h 5h 9h]
Seat 1: sutata (small blind) folded before Flop
Seat 2: Y_19 (big blind) folded on the Flop
Seat 3: 50CandyJoe folded on the Flop
Seat 4: CashfishT folded before Flop (didn't bet)
Seat 5: Yaxouille collected ($6.74)
Seat 6: Pon4uk.ua (button) folded before Flop (didn't bet)



PokerStars Hand #254762346392:  Hold'em No Limit ($0.50/$1.00 USD) - 2025/02/08 7:34:48 WET [2025/02/08 2:34:48 ET]
Table 'Fortuna II' 6-max Seat #1 is the button
Seat 1: sutata ($100 in chips) 
Seat 2: Y_19 ($100 in chips) 
Seat 3: 50CandyJoe ($113.42 in chips) 
Seat 4: CashfishT ($108.76 in chips) 
Seat 5: Yaxouille ($79.66 in chips) 
Seat 6: Pon4uk.ua ($123.72 in chips) 
Y_19: posts small blind $0.50
50CandyJoe: posts big blind $1
*** HOLE CARDS ***
CashfishT: folds 
Yaxouille: folds 
Pon4uk.ua: raises $1.50 to $2.50
sutata: folds 
Y_19: raises $9 to $11.50
50CandyJoe: folds 
Pon4uk.ua: calls $9
*** FLOP *** [7s Kc 5d]
Y_19: bets $7.52
Pon4uk.ua: calls $7.52
*** TURN *** [7s Kc 5d] [Qc]
Y_19: checks 
Pon4uk.ua: bets $18.55
Y_19: folds 
Uncalled bet ($18.55) returned to Pon4uk.ua
Pon4uk.ua collected $37.09 from pot
Pon4uk.ua: doesn't show hand 
*** SUMMARY ***
Total pot $39.04 | Rake $1.95 
Board [7s Kc 5d Qc]
Seat 1: sutata (button) folded before Flop (didn't bet)
Seat 2: Y_19 (small blind) folded on the Turn
Seat 3: 50CandyJoe (big blind) folded before Flop
Seat 4: CashfishT folded before Flop (didn't bet)
Seat 5: Yaxouille folded before Flop (didn't bet)
Seat 6: Pon4uk.ua collected ($37.09)



PokerStars Hand #254762351876:  Hold'em No Limit ($0.50/$1.00 USD) - 2025/02/08 7:35:52 WET [2025/02/08 2:35:52 ET]
Table 'Fortuna II' 6-max Seat #2 is the button
Seat 1: sutata ($100 in chips) 
Seat 2: Y_19 ($100 in chips) 
Seat 3: 50CandyJoe ($112.42 in chips) 
Seat 4: CashfishT ($108.76 in chips) 
Seat 5: Yaxouille ($79.66 in chips) 
Seat 6: Pon4uk.ua ($141.79 in chips) 
50CandyJoe: posts small blind $0.50
CashfishT: posts big blind $1
*** HOLE CARDS ***
Yaxouille: folds 
Pon4uk.ua: raises $1 to $2
sutata: folds 
Y_19: folds 
50CandyJoe: raises $8 to $10
CashfishT: folds 
Pon4uk.ua: calls $8
*** FLOP *** [9s Qd 6d]
50CandyJoe: bets $10
Pon4uk.ua: calls $10
*** TURN *** [9s Qd 6d] [Js]
50CandyJoe: checks 
Pon4uk.ua: checks 
*** RIVER *** [9s Qd 6d Js] [5h]
50CandyJoe: bets $12.85
CashfishT leaves the table
Pon4uk.ua: calls $12.85
*** SHOW DOWN ***
50CandyJoe: shows [Ad Qh] (a pair of Queens)
Pon4uk.ua: mucks hand 
50CandyJoe collected $64.20 from pot
*** SUMMARY ***
Total pot $66.70 | Rake $2.50 
Board [9s Qd 6d Js 5h]
Seat 1: sutata folded before Flop (didn't bet)
Seat 2: Y_19 (button) folded before Flop (didn't bet)
Seat 3: 50CandyJoe (small blind) showed [Ad Qh] and won ($64.20) with a pair of Queens
Seat 4: CashfishT (big blind) folded before Flop
Seat 5: Yaxouille folded before Flop (didn't bet)
Seat 6: Pon4uk.ua mucked



PokerStars Hand #254762358596:  Hold'em No Limit ($0.50/$1.00 USD) - 2025/02/08 7:37:10 WET [2025/02/08 2:37:10 ET]
Table 'Fortuna II' 6-max Seat #3 is the button
Seat 1: sutata ($100 in chips) 
Seat 2: Y_19 ($100 in chips) 
Seat 3: 50CandyJoe ($143.77 in chips) 
Seat 5: Yaxouille ($79.66 in chips) 
Seat 6: Pon4uk.ua ($108.94 in chips) 
Yaxouille: posts small blind $0.50
Pon4uk.ua: posts big blind $1
*** HOLE CARDS ***
sutata: folds 
Y_19: folds 
50CandyJoe: folds 
Yaxouille: calls $0.50
Pon4uk.ua: checks 
*** FLOP *** [9c Ts 5d]
Yaxouille: checks 
Pon4uk.ua: checks 
*** TURN *** [9c Ts 5d] [Kh]
Yaxouille: checks 
Pon4uk.ua: checks 
*** RIVER *** [9c Ts 5d Kh] [7h]
Yaxouille: checks 
Pon4uk.ua: bets $1
Yaxouille: calls $1
*** SHOW DOWN ***
Pon4uk.ua: shows [3d 7c] (a pair of Sevens)
Yaxouille: mucks hand 
Pon4uk.ua collected $3.80 from pot
*** SUMMARY ***
Total pot $4 | Rake $0.20 
Board [9c Ts 5d Kh 7h]
Seat 1: sutata folded before Flop (didn't bet)
Seat 2: Y_19 folded before Flop (didn't bet)
Seat 3: 50CandyJoe (button) folded before Flop (didn't bet)
Seat 5: Yaxouille (small blind) mucked
Seat 6: Pon4uk.ua (big blind) showed [3d 7c] and won ($3.80) with a pair of Sevens



PokerStars Hand #254762361384:  Hold'em No Limit ($0.50/$1.00 USD) - 2025/02/08 7:37:43 WET [2025/02/08 2:37:43 ET]
Table 'Fortuna II' 6-max Seat #5 is the button
Seat 1: sutata ($100 in chips) 
Seat 2: Y_19 ($100 in chips) 
Seat 3: 50CandyJoe ($143.77 in chips) 
Seat 5: Yaxouille ($77.66 in chips) 
Seat 6: Pon4uk.ua ($110.74 in chips) 
Pon4uk.ua: posts small blind $0.50
sutata: posts big blind $1
*** HOLE CARDS ***
Y_19: folds 
50CandyJoe: folds 
Yaxouille: calls $1
Pon4uk.ua: calls $0.50
sutata: checks 
*** FLOP *** [5d 9s 3s]
Pon4uk.ua: checks 
sutata: checks 
Yaxouille: bets $2
Pon4uk.ua: calls $2
sutata: folds 
*** TURN *** [5d 9s 3s] [Qh]
Pon4uk.ua: checks 
Yaxouille: checks 
*** RIVER *** [5d 9s 3s Qh] [7h]
Pon4uk.ua: checks 
Yaxouille: checks 
*** SHOW DOWN ***
Pon4uk.ua: shows [Kc 3c] (a pair of Threes)
Yaxouille: mucks hand 
Pon4uk.ua collected $6.65 from pot
*** SUMMARY ***
Total pot $7 | Rake $0.35 
Board [5d 9s 3s Qh 7h]
Seat 1: sutata (big blind) folded on the Flop
Seat 2: Y_19 folded before Flop (didn't bet)
Seat 3: 50CandyJoe folded before Flop (didn't bet)
Seat 5: Yaxouille (button) mucked
Seat 6: Pon4uk.ua (small blind) showed [Kc 3c] and won ($6.65) with a pair of Threes



PokerStars Hand #254762365976:  Hold'em No Limit ($0.50/$1.00 USD) - 2025/02/08 7:38:37 WET [2025/02/08 2:38:37 ET]
Table 'Fortuna II' 6-max Seat #6 is the button
Seat 1: sutata ($100 in chips) 
Seat 2: Y_19 ($100 in chips) 
Seat 3: 50CandyJoe ($143.77 in chips) 
Seat 5: Yaxouille ($74.66 in chips) 
Seat 6: Pon4uk.ua ($114.39 in chips) 
sutata: posts small blind $0.50
Y_19: posts big blind $1
*** HOLE CARDS ***
50CandyJoe: raises $1.20 to $2.20
Yaxouille: folds 
Pon4uk.ua: raises $5.30 to $7.50
sutata: folds 
Y_19: folds 
50CandyJoe: folds 
Uncalled bet ($5.30) returned to Pon4uk.ua
Pon4uk.ua collected $5.90 from pot
Pon4uk.ua: doesn't show hand 
*** SUMMARY ***
Total pot $5.90 | Rake $0 
Seat 1: sutata (small blind) folded before Flop
Seat 2: Y_19 (big blind) folded before Flop
Seat 3: 50CandyJoe folded before Flop
Seat 5: Yaxouille folded before Flop (didn't bet)
Seat 6: Pon4uk.ua (button) collected ($5.90)



PokerStars Hand #254762367522:  Hold'em No Limit ($0.50/$1.00 USD) - 2025/02/08 7:38:54 WET [2025/02/08 2:38:54 ET]
Table 'Fortuna II' 6-max Seat #1 is the button
Seat 1: sutata ($100 in chips) 
Seat 2: Y_19 ($100 in chips) 
Seat 3: 50CandyJoe ($141.57 in chips) 
Seat 5: Yaxouille ($74.66 in chips) 
Seat 6: Pon4uk.ua ($118.09 in chips) 
Y_19: posts small blind $0.50
50CandyJoe: posts big blind $1
*** HOLE CARDS ***
Yaxouille: folds 
Pon4uk.ua: raises $1.50 to $2.50
sutata: folds 
Y_19: folds 
50CandyJoe: folds 
Uncalled bet ($1.50) returned to Pon4uk.ua
Pon4uk.ua collected $2.50 from pot
Pon4uk.ua: doesn't show hand 
*** SUMMARY ***
Total pot $2.50 | Rake $0 
Seat 1: sutata (button) folded before Flop (didn't bet)
Seat 2: Y_19 (small blind) folded before Flop
Seat 3: 50CandyJoe (big blind) folded before Flop
Seat 5: Yaxouille folded before Flop (didn't bet)
Seat 6: Pon4uk.ua collected ($2.50)



PokerStars Hand #254762368730:  Hold'em No Limit ($0.50/$1.00 USD) - 2025/02/08 7:39:08 WET [2025/02/08 2:39:08 ET]
Table 'Fortuna II' 6-max Seat #2 is the button
Seat 1: sutata ($100 in chips) 
Seat 2: Y_19 ($100 in chips) 
Seat 3: 50CandyJoe ($140.57 in chips) 
Seat 5: Yaxouille ($74.66 in chips) 
Seat 6: Pon4uk.ua ($119.59 in chips) 
50CandyJoe: posts small blind $0.50
Yaxouille: posts big blind $1
*** HOLE CARDS ***
Pon4uk.ua: folds 
sutata: folds 
Y_19: folds 
50CandyJoe: folds 
Uncalled bet ($0.50) returned to Yaxouille
Yaxouille collected $1 from pot
*** SUMMARY ***
Total pot $1 | Rake $0 
Seat 1: sutata folded before Flop (didn't bet)
Seat 2: Y_19 (button) folded before Flop (didn't bet)
Seat 3: 50CandyJoe (small blind) folded before Flop
Seat 5: Yaxouille (big blind) collected ($1)
Seat 6: Pon4uk.ua folded before Flop (didn't bet)



PokerStars Hand #254762370094:  Hold'em No Limit ($0.50/$1.00 USD) - 2025/02/08 7:39:24 WET [2025/02/08 2:39:24 ET]
Table 'Fortuna II' 6-max Seat #3 is the button
Seat 1: sutata ($100 in chips) 
Seat 2: Y_19 ($100 in chips) 
Seat 3: 50CandyJoe ($140.07 in chips) 
Seat 5: Yaxouille ($75.16 in chips) 
Seat 6: Pon4uk.ua ($119.59 in chips) 
Yaxouille: posts small blind $0.50
Pon4uk.ua: posts big blind $1
*** HOLE CARDS ***
sutata: raises $1.50 to $2.50
Y_19: folds 
50CandyJoe: calls $2.50
Yaxouille: folds 
Pon4uk.ua: folds 
*** FLOP *** [Jh Ac 6h]
sutata: checks 
50CandyJoe: checks 
*** TURN *** [Jh Ac 6h] [Jd]
drew1234440 joins the table at seat #4 
drew1234440 is disconnected 
sutata: bets $4.70
50CandyJoe: folds 
Uncalled bet ($4.70) returned to sutata
sutata collected $6.18 from pot
sutata: doesn't show hand 
*** SUMMARY ***
Total pot $6.50 | Rake $0.32 
Board [Jh Ac 6h Jd]
Seat 1: sutata collected ($6.18)
Seat 2: Y_19 folded before Flop (didn't bet)
Seat 3: 50CandyJoe (button) folded on the Turn
Seat 5: Yaxouille (small blind) folded before Flop
Seat 6: Pon4uk.ua (big blind) folded before Flop



PokerStars Hand #254762373839:  Hold'em No Limit ($0.50/$1.00 USD) - 2025/02/08 7:40:08 WET [2025/02/08 2:40:08 ET]
Table 'Fortuna II' 6-max Seat #5 is the button
Seat 4: drew1234440 ($100 in chips) is sitting out
Seat 1: sutata ($103.68 in chips) 
Seat 2: Y_19 ($100 in chips) 
Seat 3: 50CandyJoe ($137.57 in chips) 
Seat 5: Yaxouille ($74.66 in chips) 
Seat 6: Pon4uk.ua ($118.59 in chips) 
Pon4uk.ua: posts small blind $0.50
sutata: posts big blind $1
drew1234440: sits out 
*** HOLE CARDS ***
Y_19: folds 
50CandyJoe: folds 
Yaxouille: calls $1
Pon4uk.ua: calls $0.50
sutata: checks 
*** FLOP *** [Ks Qd 6c]
Pon4uk.ua: bets $1.43
sutata: folds 
Yaxouille: calls $1.43
*** TURN *** [Ks Qd 6c] [2h]
Pon4uk.ua: bets $1.84
Yaxouille: calls $1.84
*** RIVER *** [Ks Qd 6c 2h] [5h]
Pon4uk.ua: bets $4
Yaxouille: calls $4
*** SHOW DOWN ***
Pon4uk.ua: shows [3c Kc] (a pair of Kings)
Yaxouille: mucks hand 
Pon4uk.ua collected $16.66 from pot
*** SUMMARY ***
Total pot $17.54 | Rake $0.88 
Board [Ks Qd 6c 2h 5h]
Seat 4: drew1234440
Seat 1: sutata (big blind) folded on the Flop
Seat 2: Y_19 folded before Flop (didn't bet)
Seat 3: 50CandyJoe folded before Flop (didn't bet)
Seat 5: Yaxouille (button) mucked
Seat 6: Pon4uk.ua (small blind) showed [3c Kc] and won ($16.66) with a pair of Kings



PokerStars Hand #254762376975:  Hold'em No Limit ($0.50/$1.00 USD) - 2025/02/08 7:40:44 WET [2025/02/08 2:40:44 ET]
Table 'Fortuna II' 6-max Seat #6 is the button
Seat 4: drew1234440 ($100 in chips) is sitting out
Seat 1: sutata ($102.68 in chips) 
Seat 2: Y_19 ($100 in chips) 
Seat 3: 50CandyJoe ($137.57 in chips) 
Seat 5: Yaxouille ($66.39 in chips) 
Seat 6: Pon4uk.ua ($126.98 in chips) 
sutata: posts small blind $0.50
Y_19: posts big blind $1
drew1234440: sits out 
*** HOLE CARDS ***
50CandyJoe: folds 
Yaxouille: folds 
Pon4uk.ua: folds 
sutata: raises $2 to $3
Y_19: raises $6 to $9
sutata: calls $6
*** FLOP *** [Ks 7h 3h]
sutata: checks 
Y_19: bets $5.64
sutata: raises $11.28 to $16.92
Y_19: folds 
Uncalled bet ($11.28) returned to sutata
sutata collected $27.82 from pot
sutata: doesn't show hand 
*** SUMMARY ***
Total pot $29.28 | Rake $1.46 
Board [Ks 7h 3h]
Seat 4: drew1234440
Seat 1: sutata (small blind) collected ($27.82)
Seat 2: Y_19 (big blind) folded on the Flop
Seat 3: 50CandyJoe folded before Flop (didn't bet)
Seat 5: Yaxouille folded before Flop (didn't bet)
Seat 6: Pon4uk.ua (button) folded before Flop (didn't bet)



PokerStars Hand #254762382564:  Hold'em No Limit ($0.50/$1.00 USD) - 2025/02/08 7:41:48 WET [2025/02/08 2:41:48 ET]
Table 'Fortuna II' 6-max Seat #1 is the button
Seat 4: drew1234440 ($100 in chips) is sitting out
Seat 1: sutata ($115.86 in chips) 
Seat 2: Y_19 ($100 in chips) 
Seat 3: 50CandyJoe ($137.57 in chips) 
Seat 5: Yaxouille ($66.39 in chips) 
Seat 6: Pon4uk.ua ($126.98 in chips) 
Y_19: posts small blind $0.50
50CandyJoe: posts big blind $1
drew1234440: sits out 
*** HOLE CARDS ***
Yaxouille: folds 
Pon4uk.ua: raises $1.50 to $2.50
sutata: folds 
Y_19: folds 
50CandyJoe: calls $1.50
*** FLOP *** [Td 2s 9s]
50CandyJoe: checks 
Pon4uk.ua: bets $2.61
50CandyJoe: folds 
Uncalled bet ($2.61) returned to Pon4uk.ua
Pon4uk.ua collected $5.22 from pot
Pon4uk.ua: doesn't show hand 
*** SUMMARY ***
Total pot $5.50 | Rake $0.28 
Board [Td 2s 9s]
Seat 4: drew1234440
Seat 1: sutata (button) folded before Flop (didn't bet)
Seat 2: Y_19 (small blind) folded before Flop
Seat 3: 50CandyJoe (big blind) folded on the Flop
Seat 5: Yaxouille folded before Flop (didn't bet)
Seat 6: Pon4uk.ua collected ($5.22)



PokerStars Hand #254762384991:  Hold'em No Limit ($0.50/$1.00 USD) - 2025/02/08 7:42:15 WET [2025/02/08 2:42:15 ET]
Table 'Fortuna II' 6-max Seat #2 is the button
Seat 1: sutata ($115.86 in chips) 
Seat 2: Y_19 ($100 in chips) 
Seat 3: 50CandyJoe ($135.07 in chips) 
Seat 4: drew1234440 ($100 in chips) 
Seat 5: Yaxouille ($66.39 in chips) 
Seat 6: Pon4uk.ua ($129.70 in chips) 
50CandyJoe: posts small blind $0.50
drew1234440: posts big blind $1
*** HOLE CARDS ***
Yaxouille: calls $1
Pon4uk.ua: folds 
sutata: folds 
Y_19: folds 
50CandyJoe: folds 
drew1234440: raises $1 to $2
Yaxouille: calls $1
*** FLOP *** [Js 5d 3c]
drew1234440: bets $2.14
Yaxouille: folds 
Uncalled bet ($2.14) returned to drew1234440
drew1234440 collected $4.28 from pot
*** SUMMARY ***
Total pot $4.50 | Rake $0.22 
Board [Js 5d 3c]
Seat 1: sutata folded before Flop (didn't bet)
Seat 2: Y_19 (button) folded before Flop (didn't bet)
Seat 3: 50CandyJoe (small blind) folded before Flop
Seat 4: drew1234440 (big blind) collected ($4.28)
Seat 5: Yaxouille folded on the Flop
Seat 6: Pon4uk.ua folded before Flop (didn't bet)



PokerStars Hand #254762388116:  Hold'em No Limit ($0.50/$1.00 USD) - 2025/02/08 7:42:51 WET [2025/02/08 2:42:51 ET]
Table 'Fortuna II' 6-max Seat #3 is the button
Seat 1: sutata ($115.86 in chips) 
Seat 2: Y_19 ($100 in chips) 
Seat 3: 50CandyJoe ($134.57 in chips) 
Seat 4: drew1234440 ($102.28 in chips) 
Seat 5: Yaxouille ($64.39 in chips) 
Seat 6: Pon4uk.ua ($129.70 in chips) 
drew1234440: posts small blind $0.50
Yaxouille: posts big blind $1
*** HOLE CARDS ***
Pon4uk.ua: folds 
sutata: folds 
Y_19: folds 
50CandyJoe: folds 
drew1234440: raises $1 to $2
Yaxouille: calls $1
*** FLOP *** [Kc 3c 6c]
drew1234440: checks 
Yaxouille: checks 
*** TURN *** [Kc 3c 6c] [6s]
drew1234440: checks 
Yaxouille: bets $1
drew1234440: calls $1
*** RIVER *** [Kc 3c 6c 6s] [Jc]
drew1234440: checks 
Yaxouille: checks 
*** SHOW DOWN ***
drew1234440: shows [Ad 2c] (a flush, King high)
Yaxouille: shows [4c 3s] (a flush, King high - Four higher)
Yaxouille collected $5.70 from pot
*** SUMMARY ***
Total pot $6 | Rake $0.30 
Board [Kc 3c 6c 6s Jc]
Seat 1: sutata folded before Flop (didn't bet)
Seat 2: Y_19 folded before Flop (didn't bet)
Seat 3: 50CandyJoe (button) folded before Flop (didn't bet)
Seat 4: drew1234440 (small blind) showed [Ad 2c] and lost with a flush, King high
Seat 5: Yaxouille (big blind) showed [4c 3s] and won ($5.70) with a flush, King high
Seat 6: Pon4uk.ua folded before Flop (didn't bet)



PokerStars Hand #254762391269:  Hold'em No Limit ($0.50/$1.00 USD) - 2025/02/08 7:43:27 WET [2025/02/08 2:43:27 ET]
Table 'Fortuna II' 6-max Seat #4 is the button
Seat 1: sutata ($115.86 in chips) 
Seat 2: Y_19 ($100 in chips) 
Seat 3: 50CandyJoe ($134.57 in chips) 
Seat 4: drew1234440 ($99.28 in chips) 
Seat 5: Yaxouille ($67.09 in chips) 
Seat 6: Pon4uk.ua ($129.70 in chips) 
Yaxouille: posts small blind $0.50
Pon4uk.ua: posts big blind $1
*** HOLE CARDS ***
sutata: folds 
Y_19: raises $1.23 to $2.23
50CandyJoe: calls $2.23
drew1234440: calls $2.23
Yaxouille: calls $1.73
Pon4uk.ua: folds 
*** FLOP *** [5s 8d 9d]
Yaxouille: bets $4.71
Y_19: folds 
50CandyJoe: calls $4.71
drew1234440: folds 
*** TURN *** [5s 8d 9d] [4h]
Yaxouille: bets $9.19
50CandyJoe: calls $9.19
*** RIVER *** [5s 8d 9d 4h] [Ah]
Yaxouille: checks 
50CandyJoe: checks 
*** SHOW DOWN ***
Yaxouille: shows [Jc Th] (high card Ace)
50CandyJoe: shows [Ks 9s] (a pair of Nines)
50CandyJoe collected $35.83 from pot
*** SUMMARY ***
Total pot $37.72 | Rake $1.89 
Board [5s 8d 9d 4h Ah]
Seat 1: sutata folded before Flop (didn't bet)
Seat 2: Y_19 folded on the Flop
Seat 3: 50CandyJoe showed [Ks 9s] and won ($35.83) with a pair of Nines
Seat 4: drew1234440 (button) folded on the Flop
Seat 5: Yaxouille (small blind) showed [Jc Th] and lost with high card Ace
Seat 6: Pon4uk.ua (big blind) folded before Flop



PokerStars Hand #254762397514:  Hold'em No Limit ($0.50/$1.00 USD) - 2025/02/08 7:44:37 WET [2025/02/08 2:44:37 ET]
Table 'Fortuna II' 6-max Seat #5 is the button
Seat 1: sutata ($115.86 in chips) 
Seat 2: Y_19 ($100 in chips) 
Seat 3: 50CandyJoe ($154.27 in chips) 
Seat 4: drew1234440 ($97.05 in chips) 
Seat 5: Yaxouille ($50.96 in chips) 
Seat 6: Pon4uk.ua ($128.70 in chips) 
Pon4uk.ua: posts small blind $0.50
sutata: posts big blind $1
*** HOLE CARDS ***
Y_19: folds 
50CandyJoe: folds 
drew1234440: calls $1
Yaxouille: calls $1
Pon4uk.ua: calls $0.50
sutata: checks 
*** FLOP *** [Kc Td Ks]
Pon4uk.ua: checks 
sutata: checks 
drew1234440: checks 
Yaxouille: checks 
*** TURN *** [Kc Td Ks] [8s]
Pon4uk.ua: checks 
sutata: checks 
drew1234440: checks 
Yaxouille: checks 
*** RIVER *** [Kc Td Ks 8s] [2d]
Pon4uk.ua: checks 
sutata: bets $1.27
drew1234440: folds 
Yaxouille: calls $1.27
Pon4uk.ua: folds 
*** SHOW DOWN ***
sutata: shows [3s 8c] (two pair, Kings and Eights)
Yaxouille: mucks hand 
sutata collected $6.21 from pot
*** SUMMARY ***
Total pot $6.54 | Rake $0.33 
Board [Kc Td Ks 8s 2d]
Seat 1: sutata (big blind) showed [3s 8c] and won ($6.21) with two pair, Kings and Eights
Seat 2: Y_19 folded before Flop (didn't bet)
Seat 3: 50CandyJoe folded before Flop (didn't bet)
Seat 4: drew1234440 folded on the River
Seat 5: Yaxouille (button) mucked
Seat 6: Pon4uk.ua (small blind) folded on the River



PokerStars Hand #254762408574:  Hold'em No Limit ($0.50/$1.00 USD) - 2025/02/08 7:46:43 WET [2025/02/08 2:46:43 ET]
Table 'Fortuna II' 6-max Seat #6 is the button
Seat 1: sutata ($119.80 in chips) 
Seat 2: Y_19 ($100 in chips) 
Seat 3: 50CandyJoe ($154.27 in chips) 
Seat 4: drew1234440 ($96.05 in chips) 
Seat 5: Yaxouille ($48.69 in chips) 
Seat 6: Pon4uk.ua ($127.70 in chips) 
sutata: posts small blind $0.50
Y_19: posts big blind $1
*** HOLE CARDS ***
50CandyJoe: folds 
drew1234440: folds 
Yaxouille: folds 
Pon4uk.ua: folds 
sutata: folds 
Uncalled bet ($0.50) returned to Y_19
Y_19 collected $1 from pot
Y_19: doesn't show hand 
*** SUMMARY ***
Total pot $1 | Rake $0 
Seat 1: sutata (small blind) folded before Flop
Seat 2: Y_19 (big blind) collected ($1)
Seat 3: 50CandyJoe folded before Flop (didn't bet)
Seat 4: drew1234440 folded before Flop (didn't bet)
Seat 5: Yaxouille folded before Flop (didn't bet)
Seat 6: Pon4uk.ua (button) folded before Flop (didn't bet)



PokerStars Hand #254762410363:  Hold'em No Limit ($0.50/$1.00 USD) - 2025/02/08 7:47:03 WET [2025/02/08 2:47:03 ET]
Table 'Fortuna II' 6-max Seat #1 is the button
Seat 1: sutata ($119.30 in chips) 
Seat 2: Y_19 ($100.50 in chips) 
Seat 3: 50CandyJoe ($154.27 in chips) 
Seat 4: drew1234440 ($96.05 in chips) 
Seat 5: Yaxouille ($48.69 in chips) 
Seat 6: Pon4uk.ua ($127.70 in chips) 
Y_19: posts small blind $0.50
50CandyJoe: posts big blind $1
*** HOLE CARDS ***
drew1234440: folds 
Yaxouille: raises $2 to $3
Pon4uk.ua: raises $5 to $8
sutata: folds 
Y_19: folds 
50CandyJoe: folds 
Yaxouille: calls $5
*** FLOP *** [5h Tc Qh]
Yaxouille: checks 
Pon4uk.ua: bets $12.47
Yaxouille: folds 
Uncalled bet ($12.47) returned to Pon4uk.ua
Pon4uk.ua collected $16.62 from pot
Pon4uk.ua: doesn't show hand 
*** SUMMARY ***
Total pot $17.50 | Rake $0.88 
Board [5h Tc Qh]
Seat 1: sutata (button) folded before Flop (didn't bet)
Seat 2: Y_19 (small blind) folded before Flop
Seat 3: 50CandyJoe (big blind) folded before Flop
Seat 4: drew1234440 folded before Flop (didn't bet)
Seat 5: Yaxouille folded on the Flop
Seat 6: Pon4uk.ua collected ($16.62)



PokerStars Hand #254762413992:  Hold'em No Limit ($0.50/$1.00 USD) - 2025/02/08 7:47:45 WET [2025/02/08 2:47:45 ET]
Table 'Fortuna II' 6-max Seat #2 is the button
Seat 1: sutata ($119.30 in chips) 
Seat 2: Y_19 ($100 in chips) 
Seat 3: 50CandyJoe ($153.27 in chips) 
Seat 4: drew1234440 ($96.05 in chips) 
Seat 5: Yaxouille ($40.69 in chips) 
Seat 6: Pon4uk.ua ($136.32 in chips) 
50CandyJoe: posts small blind $0.50
drew1234440: posts big blind $1
*** HOLE CARDS ***
Yaxouille is disconnected 
Yaxouille has timed out while disconnected
Yaxouille: folds 
Pon4uk.ua: folds 
sutata: raises $1.50 to $2.50
Y_19: folds 
50CandyJoe: folds 
drew1234440: folds 
Uncalled bet ($1.50) returned to sutata
sutata collected $2.50 from pot
sutata: doesn't show hand 
*** SUMMARY ***
Total pot $2.50 | Rake $0 
Seat 1: sutata collected ($2.50)
Seat 2: Y_19 (button) folded before Flop (didn't bet)
Seat 3: 50CandyJoe (small blind) folded before Flop
Seat 4: drew1234440 (big blind) folded before Flop
Seat 5: Yaxouille folded before Flop (didn't bet)
Seat 6: Pon4uk.ua folded before Flop (didn't bet)



PokerStars Hand #254762418393:  Hold'em No Limit ($0.50/$1.00 USD) - 2025/02/08 7:48:36 WET [2025/02/08 2:48:36 ET]
Table 'Fortuna II' 6-max Seat #3 is the button
Seat 5: Yaxouille ($40.69 in chips) is sitting out
Seat 1: sutata ($120.80 in chips) 
Seat 2: Y_19 ($100 in chips) 
Seat 3: 50CandyJoe ($152.77 in chips) 
Seat 4: drew1234440 ($95.05 in chips) 
Seat 6: Pon4uk.ua ($136.32 in chips) 
drew1234440: posts small blind $0.50
Pon4uk.ua: posts big blind $1
*** HOLE CARDS ***
sutata: folds 
Y_19: raises $1.23 to $2.23
50CandyJoe: folds 
drew1234440: folds 
Yaxouille is disconnected 
Pon4uk.ua: folds 
Uncalled bet ($1.23) returned to Y_19
Y_19 collected $2.50 from pot
Y_19: doesn't show hand 
*** SUMMARY ***
Total pot $2.50 | Rake $0 
Seat 5: Yaxouille
Seat 1: sutata folded before Flop (didn't bet)
Seat 2: Y_19 collected ($2.50)
Seat 3: 50CandyJoe (button) folded before Flop (didn't bet)
Seat 4: drew1234440 (small blind) folded before Flop
Seat 6: Pon4uk.ua (big blind) folded before Flop



PokerStars Hand #254762420071:  Hold'em No Limit ($0.50/$1.00 USD) - 2025/02/08 7:48:55 WET [2025/02/08 2:48:55 ET]
Table 'Fortuna II' 6-max Seat #4 is the button
Seat 5: Yaxouille ($40.69 in chips) is sitting out
Seat 1: sutata ($120.80 in chips) 
Seat 2: Y_19 ($101.50 in chips) 
Seat 3: 50CandyJoe ($152.77 in chips) 
Seat 4: drew1234440 ($94.55 in chips) 
Seat 6: Pon4uk.ua ($135.32 in chips) 
Pon4uk.ua: posts small blind $0.50
sutata: posts big blind $1
*** HOLE CARDS ***
Y_19: folds 
50CandyJoe: raises $1.20 to $2.20
drew1234440: folds 
Pon4uk.ua: raises $8.30 to $10.50
sutata: folds 
50CandyJoe: calls $8.30
*** FLOP *** [As 6d 7c]
Pon4uk.ua: bets $6
50CandyJoe: folds 
Uncalled bet ($6) returned to Pon4uk.ua
Pon4uk.ua collected $20.90 from pot
Pon4uk.ua: doesn't show hand 
*** SUMMARY ***
Total pot $22 | Rake $1.10 
Board [As 6d 7c]
Seat 5: Yaxouille
Seat 1: sutata (big blind) folded before Flop
Seat 2: Y_19 folded before Flop (didn't bet)
Seat 3: 50CandyJoe folded on the Flop
Seat 4: drew1234440 (button) folded before Flop (didn't bet)
Seat 6: Pon4uk.ua (small blind) collected ($20.90)



PokerStars Hand #254762423671:  Hold'em No Limit ($0.50/$1.00 USD) - 2025/02/08 7:49:37 WET [2025/02/08 2:49:37 ET]
Table 'Fortuna II' 6-max Seat #6 is the button
Seat 5: Yaxouille ($40.69 in chips) is sitting out
Seat 1: sutata ($119.80 in chips) 
Seat 2: Y_19 ($101.50 in chips) 
Seat 3: 50CandyJoe ($142.27 in chips) 
Seat 4: drew1234440 ($94.55 in chips) 
Seat 6: Pon4uk.ua ($145.72 in chips) 
sutata: posts small blind $0.50
Y_19: posts big blind $1
*** HOLE CARDS ***
50CandyJoe: folds 
drew1234440: folds 
Pon4uk.ua: raises $1.50 to $2.50
sutata: folds 
Y_19: folds 
Uncalled bet ($1.50) returned to Pon4uk.ua
Pon4uk.ua collected $2.50 from pot
Pon4uk.ua: doesn't show hand 
*** SUMMARY ***
Total pot $2.50 | Rake $0 
Seat 5: Yaxouille
Seat 1: sutata (small blind) folded before Flop
Seat 2: Y_19 (big blind) folded before Flop
Seat 3: 50CandyJoe folded before Flop (didn't bet)
Seat 4: drew1234440 folded before Flop (didn't bet)
Seat 6: Pon4uk.ua (button) collected ($2.50)



PokerStars Hand #254762425200:  Hold'em No Limit ($0.50/$1.00 USD) - 2025/02/08 7:49:55 WET [2025/02/08 2:49:55 ET]
Table 'Fortuna II' 6-max Seat #1 is the button
Seat 1: sutata ($119.30 in chips) 
Seat 2: Y_19 ($100.50 in chips) 
Seat 3: 50CandyJoe ($142.27 in chips) 
Seat 4: drew1234440 ($94.55 in chips) 
Seat 5: Yaxouille ($40.69 in chips) 
Seat 6: Pon4uk.ua ($147.22 in chips) 
Y_19: posts small blind $0.50
50CandyJoe: posts big blind $1
Yaxouille: posts small & big blinds $1.50
*** HOLE CARDS ***
drew1234440 is disconnected 
drew1234440 has timed out while being disconnected
drew1234440: folds 
Yaxouille: checks 
Pon4uk.ua: folds 
sutata: folds 
Y_19: folds 
50CandyJoe: checks 
*** FLOP *** [5h Jd 9h]
50CandyJoe: checks 
Yaxouille: checks 
*** TURN *** [5h Jd 9h] [3h]
50CandyJoe: checks 
Yaxouille: bets $2.85
50CandyJoe: folds 
Uncalled bet ($2.85) returned to Yaxouille
Yaxouille collected $2.85 from pot
*** SUMMARY ***
Total pot $3 | Rake $0.15 
Board [5h Jd 9h 3h]
Seat 1: sutata (button) folded before Flop (didn't bet)
Seat 2: Y_19 (small blind) folded before Flop
Seat 3: 50CandyJoe (big blind) folded on the Turn
Seat 4: drew1234440 folded before Flop (didn't bet)
Seat 5: Yaxouille collected ($2.85)
Seat 6: Pon4uk.ua folded before Flop (didn't bet)



PokerStars Hand #254762431252:  Hold'em No Limit ($0.50/$1.00 USD) - 2025/02/08 7:51:03 WET [2025/02/08 2:51:03 ET]
Table 'Fortuna II' 6-max Seat #2 is the button
Seat 1: sutata ($119.30 in chips) 
Seat 2: Y_19 ($100 in chips) 
Seat 3: 50CandyJoe ($141.27 in chips) 
Seat 4: drew1234440 ($94.55 in chips) 
Seat 5: Yaxouille ($42.04 in chips) 
Seat 6: Pon4uk.ua ($147.22 in chips) 
50CandyJoe: posts small blind $0.50
drew1234440: posts big blind $1
*** HOLE CARDS ***
Yaxouille: folds 
Pon4uk.ua: folds 
sutata: raises $1.50 to $2.50
Y_19: folds 
50CandyJoe: folds 
drew1234440 has timed out
drew1234440: folds 
Uncalled bet ($1.50) returned to sutata
sutata collected $2.50 from pot
sutata: doesn't show hand 
*** SUMMARY ***
Total pot $2.50 | Rake $0 
Seat 1: sutata collected ($2.50)
Seat 2: Y_19 (button) folded before Flop (didn't bet)
Seat 3: 50CandyJoe (small blind) folded before Flop
Seat 4: drew1234440 (big blind) folded before Flop
Seat 5: Yaxouille folded before Flop (didn't bet)
Seat 6: Pon4uk.ua folded before Flop (didn't bet)



PokerStars Hand #254762434634:  Hold'em No Limit ($0.50/$1.00 USD) - 2025/02/08 7:51:42 WET [2025/02/08 2:51:42 ET]
Table 'Fortuna II' 6-max Seat #3 is the button
Seat 4: drew1234440 ($93.55 in chips) is sitting out
Seat 1: sutata ($120.80 in chips) 
Seat 2: Y_19 ($100 in chips) 
Seat 3: 50CandyJoe ($140.77 in chips) 
Seat 5: Yaxouille ($42.04 in chips) 
Seat 6: Pon4uk.ua ($147.22 in chips) 
Yaxouille: posts small blind $0.50
Pon4uk.ua: posts big blind $1
*** HOLE CARDS ***
drew1234440 is disconnected 
sutata: folds 
Y_19: folds 
50CandyJoe: raises $1.50 to $2.50
Yaxouille: calls $2
Pon4uk.ua: folds 
*** FLOP *** [Jd 3d 7h]
Yaxouille: checks 
50CandyJoe: checks 
*** TURN *** [Jd 3d 7h] [5s]
Yaxouille: checks 
50CandyJoe: bets $3.76
Yaxouille: calls $3.76
*** RIVER *** [Jd 3d 7h 5s] [5c]
Yaxouille: checks 
50CandyJoe: checks 
*** SHOW DOWN ***
Yaxouille: shows [9h 5h] (three of a kind, Fives)
50CandyJoe: mucks hand 
Yaxouille collected $12.84 from pot
*** SUMMARY ***
Total pot $13.52 | Rake $0.68 
Board [Jd 3d 7h 5s 5c]
Seat 4: drew1234440
Seat 1: sutata folded before Flop (didn't bet)
Seat 2: Y_19 folded before Flop (didn't bet)
Seat 3: 50CandyJoe (button) mucked
Seat 5: Yaxouille (small blind) showed [9h 5h] and won ($12.84) with three of a kind, Fives
Seat 6: Pon4uk.ua (big blind) folded before Flop



PokerStars Hand #254762438398:  Hold'em No Limit ($0.50/$1.00 USD) - 2025/02/08 7:52:24 WET [2025/02/08 2:52:24 ET]
Table 'Fortuna II' 6-max Seat #5 is the button
Seat 4: drew1234440 ($93.55 in chips) is sitting out
Seat 1: sutata ($120.80 in chips) 
Seat 2: Y_19 ($100 in chips) 
Seat 3: 50CandyJoe ($134.51 in chips) 
Seat 5: Yaxouille ($48.62 in chips) 
Seat 6: Pon4uk.ua ($146.22 in chips) 
Pon4uk.ua: posts small blind $0.50
sutata: posts big blind $1
*** HOLE CARDS ***
Y_19: folds 
50CandyJoe: folds 
Yaxouille: calls $1
Pon4uk.ua: calls $0.50
sutata: raises $3.90 to $4.90
Yaxouille: calls $3.90
Pon4uk.ua: folds 
*** FLOP *** [Ac 5d 3c]
sutata: bets $3.42
Yaxouille: raises $3.42 to $6.84
sutata: calls $3.42
*** TURN *** [Ac 5d 3c] [Th]
sutata: checks 
Yaxouille: bets $23.26
sutata: calls $23.26
*** RIVER *** [Ac 5d 3c Th] [6h]
sutata: checks 
Yaxouille: bets $1
sutata: calls $1
*** SHOW DOWN ***
Yaxouille: shows [Kd 9d] (high card Ace)
sutata: shows [Tc Qc] (a pair of Tens)
sutata collected $70.50 from pot
*** SUMMARY ***
Total pot $73 | Rake $2.50 
Board [Ac 5d 3c Th 6h]
Seat 4: drew1234440
Seat 1: sutata (big blind) showed [Tc Qc] and won ($70.50) with a pair of Tens
Seat 2: Y_19 folded before Flop (didn't bet)
Seat 3: 50CandyJoe folded before Flop (didn't bet)
Seat 5: Yaxouille (button) showed [Kd 9d] and lost with high card Ace
Seat 6: Pon4uk.ua (small blind) folded before Flop



PokerStars Hand #254762442962:  Hold'em No Limit ($0.50/$1.00 USD) - 2025/02/08 7:53:17 WET [2025/02/08 2:53:17 ET]
Table 'Fortuna II' 6-max Seat #6 is the button
Seat 4: drew1234440 ($93.55 in chips) is sitting out
Seat 1: sutata ($155.30 in chips) 
Seat 2: Y_19 ($100 in chips) 
Seat 3: 50CandyJoe ($134.51 in chips) 
Seat 5: Yaxouille ($12.62 in chips) 
Seat 6: Pon4uk.ua ($145.22 in chips) 
sutata: posts small blind $0.50
Y_19: posts big blind $1
*** HOLE CARDS ***
50CandyJoe: raises $1.20 to $2.20
Yaxouille is disconnected 
Yaxouille has timed out while disconnected
Yaxouille: folds 
Pon4uk.ua: raises $4.80 to $7
sutata: folds 
Y_19: folds 
50CandyJoe: calls $4.80
*** FLOP *** [Th 5c 3d]
50CandyJoe: checks 
Pon4uk.ua: bets $7.36
50CandyJoe: raises $14.72 to $22.08
Pon4uk.ua: folds 
Uncalled bet ($14.72) returned to 50CandyJoe
50CandyJoe collected $28.71 from pot
50CandyJoe: doesn't show hand 
*** SUMMARY ***
Total pot $30.22 | Rake $1.51 
Board [Th 5c 3d]
Seat 4: drew1234440
Seat 1: sutata (small blind) folded before Flop
Seat 2: Y_19 (big blind) folded before Flop
Seat 3: 50CandyJoe collected ($28.71)
Seat 5: Yaxouille folded before Flop (didn't bet)
Seat 6: Pon4uk.ua (button) folded on the Flop



PokerStars Hand #254762448866:  Hold'em No Limit ($0.50/$1.00 USD) - 2025/02/08 7:54:24 WET [2025/02/08 2:54:24 ET]
Table 'Fortuna II' 6-max Seat #1 is the button
Seat 4: drew1234440 ($93.55 in chips) is sitting out
Seat 5: Yaxouille ($12.62 in chips) is sitting out
Seat 1: sutata ($154.80 in chips) 
Seat 2: Y_19 ($100 in chips) 
Seat 3: 50CandyJoe ($148.86 in chips) 
Seat 6: Pon4uk.ua ($130.86 in chips) 
Y_19: posts small blind $0.50
50CandyJoe: posts big blind $1
drew1234440: sits out 
*** HOLE CARDS ***
Pon4uk.ua: folds 
sutata: folds 
Y_19: folds 
Uncalled bet ($0.50) returned to 50CandyJoe
50CandyJoe collected $1 from pot
50CandyJoe: doesn't show hand 
*** SUMMARY ***
Total pot $1 | Rake $0 
Seat 4: drew1234440
Seat 5: Yaxouille
Seat 1: sutata (button) folded before Flop (didn't bet)
Seat 2: Y_19 (small blind) folded before Flop
Seat 3: 50CandyJoe (big blind) collected ($1)
Seat 6: Pon4uk.ua folded before Flop (didn't bet)



PokerStars Hand #254762449783:  Hold'em No Limit ($0.50/$1.00 USD) - 2025/02/08 7:54:34 WET [2025/02/08 2:54:34 ET]
Table 'Fortuna II' 6-max Seat #2 is the button
Seat 5: Yaxouille ($12.62 in chips) is sitting out
Seat 1: sutata ($154.80 in chips) 
Seat 2: Y_19 ($100 in chips) 
Seat 3: 50CandyJoe ($149.36 in chips) 
Seat 4: drew1234440 ($93.55 in chips) 
Seat 6: Pon4uk.ua ($130.86 in chips) 
50CandyJoe: posts small blind $0.50
drew1234440: posts big blind $1
*** HOLE CARDS ***
Pon4uk.ua: folds 
sutata: raises $1.50 to $2.50
Y_19: folds 
50CandyJoe: folds 
drew1234440: folds 
Uncalled bet ($1.50) returned to sutata
sutata collected $2.50 from pot
sutata: doesn't show hand 
*** SUMMARY ***
Total pot $2.50 | Rake $0 
Seat 5: Yaxouille
Seat 1: sutata collected ($2.50)
Seat 2: Y_19 (button) folded before Flop (didn't bet)
Seat 3: 50CandyJoe (small blind) folded before Flop
Seat 4: drew1234440 (big blind) folded before Flop
Seat 6: Pon4uk.ua folded before Flop (didn't bet)



PokerStars Hand #254762451626:  Hold'em No Limit ($0.50/$1.00 USD) - 2025/02/08 7:54:56 WET [2025/02/08 2:54:56 ET]
Table 'Fortuna II' 6-max Seat #3 is the button
Seat 5: Yaxouille ($12.62 in chips) is sitting out
Seat 1: sutata ($156.30 in chips) 
Seat 2: Y_19 ($100 in chips) 
Seat 3: 50CandyJoe ($148.86 in chips) 
Seat 4: drew1234440 ($92.55 in chips) 
Seat 6: Pon4uk.ua ($130.86 in chips) 
drew1234440: posts small blind $0.50
Pon4uk.ua: posts big blind $1
*** HOLE CARDS ***
sutata: folds 
Y_19: raises $1.23 to $2.23
50CandyJoe: folds 
drew1234440: raises $1.23 to $3.46
Pon4uk.ua: calls $2.46
Y_19: calls $1.23
*** FLOP *** [9s 2s 3d]
drew1234440: bets $4.93
Pon4uk.ua: calls $4.93
Y_19: folds 
*** TURN *** [9s 2s 3d] [Qs]
drew1234440: checks 
Pon4uk.ua: checks 
*** RIVER *** [9s 2s 3d Qs] [3h]
drew1234440: bets $9.62
Pon4uk.ua: folds 
Uncalled bet ($9.62) returned to drew1234440
drew1234440 collected $19.23 from pot
*** SUMMARY ***
Total pot $20.24 | Rake $1.01 
Board [9s 2s 3d Qs 3h]
Seat 5: Yaxouille
Seat 1: sutata folded before Flop (didn't bet)
Seat 2: Y_19 folded on the Flop
Seat 3: 50CandyJoe (button) folded before Flop (didn't bet)
Seat 4: drew1234440 (small blind) collected ($19.23)
Seat 6: Pon4uk.ua (big blind) folded on the River



PokerStars Hand #254762455655:  Hold'em No Limit ($0.50/$1.00 USD) - 2025/02/08 7:55:48 WET [2025/02/08 2:55:48 ET]
Table 'Fortuna II' 6-max Seat #4 is the button
Seat 5: Yaxouille ($12.62 in chips) is sitting out
Seat 1: sutata ($156.30 in chips) 
Seat 2: Y_19 ($100 in chips) 
Seat 3: 50CandyJoe ($148.86 in chips) 
Seat 4: drew1234440 ($103.39 in chips) 
Seat 6: Pon4uk.ua ($122.47 in chips) 
Pon4uk.ua: posts small blind $0.50
sutata: posts big blind $1
*** HOLE CARDS ***
Y_19: folds 
50CandyJoe: raises $1.20 to $2.20
drew1234440: calls $2.20
Pon4uk.ua: folds 
sutata: folds 
*** FLOP *** [9s Jh 2h]
50CandyJoe: bets $1.40
drew1234440: raises $1.40 to $2.80
50CandyJoe: calls $1.40
*** TURN *** [9s Jh 2h] [Qh]
50CandyJoe: checks 
drew1234440: checks 
*** RIVER *** [9s Jh 2h Qh] [8h]
50CandyJoe: bets $2.73
drew1234440: raises $7.27 to $10
50CandyJoe: calls $7.27
*** SHOW DOWN ***
drew1234440: shows [Ts Jc] (a straight, Eight to Queen)
50CandyJoe: shows [5h 4h] (a flush, Queen high)
50CandyJoe collected $29.92 from pot
*** SUMMARY ***
Total pot $31.50 | Rake $1.58 
Board [9s Jh 2h Qh 8h]
Seat 5: Yaxouille
Seat 1: sutata (big blind) folded before Flop
Seat 2: Y_19 folded before Flop (didn't bet)
Seat 3: 50CandyJoe showed [5h 4h] and won ($29.92) with a flush, Queen high
Seat 4: drew1234440 (button) showed [Ts Jc] and lost with a straight, Eight to Queen
Seat 6: Pon4uk.ua (small blind) folded before Flop



PokerStars Hand #254762459997:  Hold'em No Limit ($0.50/$1.00 USD) - 2025/02/08 7:56:44 WET [2025/02/08 2:56:44 ET]
Table 'Fortuna II' 6-max Seat #6 is the button
Seat 5: Yaxouille ($12.62 in chips) is sitting out
Seat 1: sutata ($155.30 in chips) 
Seat 2: Y_19 ($100 in chips) 
Seat 3: 50CandyJoe ($163.78 in chips) 
Seat 4: drew1234440 ($88.39 in chips) 
Seat 6: Pon4uk.ua ($121.97 in chips) 
sutata: posts small blind $0.50
Y_19: posts big blind $1
*** HOLE CARDS ***
50CandyJoe: raises $1.20 to $2.20
drew1234440: calls $2.20
Pon4uk.ua: folds 
sutata: calls $1.70
Y_19: calls $1.20
*** FLOP *** [Jc Ks 7h]
sutata: checks 
Y_19: checks 
50CandyJoe: bets $2.09
drew1234440: calls $2.09
sutata: folds 
Y_19: folds 
*** TURN *** [Jc Ks 7h] [9h]
50CandyJoe: checks 
drew1234440: checks 
*** RIVER *** [Jc Ks 7h 9h] [Th]
50CandyJoe: bets $2
drew1234440: calls $2
*** SHOW DOWN ***
50CandyJoe: shows [Kd 3d] (a pair of Kings)
drew1234440: mucks hand 
50CandyJoe collected $16.13 from pot
*** SUMMARY ***
Total pot $16.98 | Rake $0.85 
Board [Jc Ks 7h 9h Th]
Seat 5: Yaxouille
Seat 1: sutata (small blind) folded on the Flop
Seat 2: Y_19 (big blind) folded on the Flop
Seat 3: 50CandyJoe showed [Kd 3d] and won ($16.13) with a pair of Kings
Seat 4: drew1234440 mucked
Seat 6: Pon4uk.ua (button) folded before Flop (didn't bet)



PokerStars Hand #254762463426:  Hold'em No Limit ($0.50/$1.00 USD) - 2025/02/08 7:57:28 WET [2025/02/08 2:57:28 ET]
Table 'Fortuna II' 6-max Seat #1 is the button
Seat 5: Yaxouille ($12.62 in chips) is sitting out
Seat 1: sutata ($153.10 in chips) 
Seat 2: Y_19 ($100 in chips) 
Seat 3: 50CandyJoe ($173.62 in chips) 
Seat 4: drew1234440 ($82.10 in chips) 
Seat 6: Pon4uk.ua ($121.97 in chips) 
Y_19: posts small blind $0.50
50CandyJoe: posts big blind $1
*** HOLE CARDS ***
drew1234440: calls $1
Pon4uk.ua: folds 
sutata: raises $3 to $4
Y_19: folds 
50CandyJoe: folds 
drew1234440: folds 
Uncalled bet ($3) returned to sutata
sutata collected $3.50 from pot
sutata: doesn't show hand 
*** SUMMARY ***
Total pot $3.50 | Rake $0 
Seat 5: Yaxouille
Seat 1: sutata (button) collected ($3.50)
Seat 2: Y_19 (small blind) folded before Flop
Seat 3: 50CandyJoe (big blind) folded before Flop
Seat 4: drew1234440 folded before Flop
Seat 6: Pon4uk.ua folded before Flop (didn't bet)



PokerStars Hand #254762465939:  Hold'em No Limit ($0.50/$1.00 USD) - 2025/02/08 7:58:01 WET [2025/02/08 2:58:01 ET]
Table 'Fortuna II' 6-max Seat #2 is the button
Seat 5: Yaxouille ($12.62 in chips) is sitting out
Seat 1: sutata ($155.60 in chips) 
Seat 2: Y_19 ($100 in chips) 
Seat 3: 50CandyJoe ($172.62 in chips) 
Seat 4: drew1234440 ($81.10 in chips) 
Seat 6: Pon4uk.ua ($121.97 in chips) 
50CandyJoe: posts small blind $0.50
drew1234440: posts big blind $1
*** HOLE CARDS ***
Pon4uk.ua: folds 
sutata: folds 
Y_19: folds 
50CandyJoe: raises $2 to $3
drew1234440: folds 
Uncalled bet ($2) returned to 50CandyJoe
50CandyJoe collected $2 from pot
50CandyJoe: doesn't show hand 
*** SUMMARY ***
Total pot $2 | Rake $0 
Seat 5: Yaxouille
Seat 1: sutata folded before Flop (didn't bet)
Seat 2: Y_19 (button) folded before Flop (didn't bet)
Seat 3: 50CandyJoe (small blind) collected ($2)
Seat 4: drew1234440 (big blind) folded before Flop
Seat 6: Pon4uk.ua folded before Flop (didn't bet)



PokerStars Hand #254762467796:  Hold'em No Limit ($0.50/$1.00 USD) - 2025/02/08 7:58:25 WET [2025/02/08 2:58:25 ET]
Table 'Fortuna II' 6-max Seat #3 is the button
Seat 5: Yaxouille ($12.62 in chips) is sitting out
Seat 1: sutata ($155.60 in chips) 
Seat 2: Y_19 ($100 in chips) 
Seat 3: 50CandyJoe ($173.62 in chips) 
Seat 4: drew1234440 ($80.10 in chips) 
Seat 6: Pon4uk.ua ($121.97 in chips) 
drew1234440: posts small blind $0.50
Pon4uk.ua: posts big blind $1
*** HOLE CARDS ***
sutata: folds 
Y_19: folds 
50CandyJoe: raises $1.50 to $2.50
drew1234440: folds 
Pon4uk.ua: folds 
Uncalled bet ($1.50) returned to 50CandyJoe
50CandyJoe collected $2.50 from pot
50CandyJoe: doesn't show hand 
*** SUMMARY ***
Total pot $2.50 | Rake $0 
Seat 5: Yaxouille
Seat 1: sutata folded before Flop (didn't bet)
Seat 2: Y_19 folded before Flop (didn't bet)
Seat 3: 50CandyJoe (button) collected ($2.50)
Seat 4: drew1234440 (small blind) folded before Flop
Seat 6: Pon4uk.ua (big blind) folded before Flop



PokerStars Hand #254762469143:  Hold'em No Limit ($0.50/$1.00 USD) - 2025/02/08 7:58:41 WET [2025/02/08 2:58:41 ET]
Table 'Fortuna II' 6-max Seat #4 is the button
Seat 5: Yaxouille ($12.62 in chips) is sitting out
Seat 1: sutata ($155.60 in chips) 
Seat 2: Y_19 ($100 in chips) 
Seat 3: 50CandyJoe ($175.12 in chips) 
Seat 4: drew1234440 ($79.60 in chips) 
Seat 6: Pon4uk.ua ($120.97 in chips) 
Pon4uk.ua: posts small blind $0.50
sutata: posts big blind $1
*** HOLE CARDS ***
Y_19: folds 
50CandyJoe: folds 
drew1234440: raises $1 to $2
Pon4uk.ua: calls $1.50
sutata: calls $1
*** FLOP *** [7c 4h Qh]
Pon4uk.ua: checks 
sutata: checks 
drew1234440: checks 
*** TURN *** [7c 4h Qh] [6h]
Pon4uk.ua: bets $2.85
sutata: folds 
drew1234440: calls $2.85
*** RIVER *** [7c 4h Qh 6h] [3h]
Pon4uk.ua: bets $3
drew1234440: folds 
Uncalled bet ($3) returned to Pon4uk.ua
Pon4uk.ua collected $11.12 from pot
Pon4uk.ua: doesn't show hand 
*** SUMMARY ***
Total pot $11.70 | Rake $0.58 
Board [7c 4h Qh 6h 3h]
Seat 5: Yaxouille
Seat 1: sutata (big blind) folded on the Turn
Seat 2: Y_19 folded before Flop (didn't bet)
Seat 3: 50CandyJoe folded before Flop (didn't bet)
Seat 4: drew1234440 (button) folded on the River
Seat 6: Pon4uk.ua (small blind) collected ($11.12)



PokerStars Hand #254762474166:  Hold'em No Limit ($0.50/$1.00 USD) - 2025/02/08 7:59:48 WET [2025/02/08 2:59:48 ET]
Table 'Fortuna II' 6-max Seat #6 is the button
Seat 5: Yaxouille ($12.62 in chips) is sitting out
Seat 1: sutata ($153.60 in chips) 
Seat 2: Y_19 ($100 in chips) 
Seat 3: 50CandyJoe ($175.12 in chips) 
Seat 4: drew1234440 ($74.75 in chips) 
Seat 6: Pon4uk.ua ($127.24 in chips) 
sutata: posts small blind $0.50
Y_19: posts big blind $1
*** HOLE CARDS ***
50CandyJoe: folds 
drew1234440 has timed out
drew1234440: folds 
Pon4uk.ua: folds 
sutata: folds 
Uncalled bet ($0.50) returned to Y_19
Y_19 collected $1 from pot
Y_19: doesn't show hand 
*** SUMMARY ***
Total pot $1 | Rake $0 
Seat 5: Yaxouille
Seat 1: sutata (small blind) folded before Flop
Seat 2: Y_19 (big blind) collected ($1)
Seat 3: 50CandyJoe folded before Flop (didn't bet)
Seat 4: drew1234440 folded before Flop (didn't bet)
Seat 6: Pon4uk.ua (button) folded before Flop (didn't bet)



PokerStars Hand #254762476061:  Hold'em No Limit ($0.50/$1.00 USD) - 2025/02/08 8:00:11 WET [2025/02/08 3:00:11 ET]
Table 'Fortuna II' 6-max Seat #1 is the button
Seat 4: drew1234440 ($74.75 in chips) is sitting out
Seat 5: Yaxouille ($12.62 in chips) is sitting out
Seat 1: sutata ($153.10 in chips) 
Seat 2: Y_19 ($100.50 in chips) 
Seat 3: 50CandyJoe ($175.12 in chips) 
Seat 6: Pon4uk.ua ($127.24 in chips) 
Y_19: posts small blind $0.50
50CandyJoe: posts big blind $1
*** HOLE CARDS ***
Pon4uk.ua: raises $1.50 to $2.50
sutata: folds 
Y_19: folds 
50CandyJoe: folds 
Uncalled bet ($1.50) returned to Pon4uk.ua
Pon4uk.ua collected $2.50 from pot
Pon4uk.ua: doesn't show hand 
*** SUMMARY ***
Total pot $2.50 | Rake $0 
Seat 4: drew1234440
Seat 5: Yaxouille
Seat 1: sutata (button) folded before Flop (didn't bet)
Seat 2: Y_19 (small blind) folded before Flop
Seat 3: 50CandyJoe (big blind) folded before Flop
Seat 6: Pon4uk.ua collected ($2.50)



PokerStars Hand #254762477620:  Hold'em No Limit ($0.50/$1.00 USD) - 2025/02/08 8:00:31 WET [2025/02/08 3:00:31 ET]
Table 'Fortuna II' 6-max Seat #2 is the button
Seat 4: drew1234440 ($74.75 in chips) is sitting out
Seat 5: Yaxouille ($12.62 in chips) is sitting out
Seat 1: sutata ($153.10 in chips) 
Seat 2: Y_19 ($100 in chips) 
Seat 3: 50CandyJoe ($174.12 in chips) 
Seat 6: Pon4uk.ua ($128.74 in chips) 
50CandyJoe: posts small blind $0.50
Pon4uk.ua: posts big blind $1
*** HOLE CARDS ***
sutata: folds 
Y_19: raises $1.23 to $2.23
50CandyJoe: raises $7.77 to $10
Pon4uk.ua: folds 
Y_19: calls $7.77
*** FLOP *** [Tc 5h Th]
50CandyJoe: bets $10
Y_19: calls $10
*** TURN *** [Tc 5h Th] [Ks]
50CandyJoe: bets $13.20
Y_19: calls $13.20
*** RIVER *** [Tc 5h Th Ks] [9c]
50CandyJoe: checks 
Y_19: checks 
*** SHOW DOWN ***
50CandyJoe: shows [9d Qd] (two pair, Tens and Nines)
Y_19: mucks hand 
50CandyJoe collected $66.40 from pot
*** SUMMARY ***
Total pot $67.40 | Rake $1 
Board [Tc 5h Th Ks 9c]
Seat 4: drew1234440
Seat 5: Yaxouille
Seat 1: sutata folded before Flop (didn't bet)
Seat 2: Y_19 (button) mucked
Seat 3: 50CandyJoe (small blind) showed [9d Qd] and won ($66.40) with two pair, Tens and Nines
Seat 6: Pon4uk.ua (big blind) folded before Flop



PokerStars Hand #254762487029:  Hold'em No Limit ($0.50/$1.00 USD) - 2025/02/08 8:02:20 WET [2025/02/08 3:02:20 ET]
Table 'Fortuna II' 6-max Seat #3 is the button
Seat 4: drew1234440 ($74.75 in chips) is sitting out
Seat 5: Yaxouille ($12.62 in chips) is sitting out
Seat 6: Pon4uk.ua ($127.74 in chips) is sitting out
Seat 1: sutata ($153.10 in chips) 
Seat 2: Y_19 ($100 in chips) 
Seat 3: 50CandyJoe ($207.32 in chips) 
sutata: posts small blind $0.50
Y_19: posts big blind $1
*** HOLE CARDS ***
50CandyJoe: raises $1.50 to $2.50
sutata: folds 
Y_19: folds 
Uncalled bet ($1.50) returned to 50CandyJoe
50CandyJoe collected $2.50 from pot
50CandyJoe: doesn't show hand 
*** SUMMARY ***
Total pot $2.50 | Rake $0 
Seat 4: drew1234440
Seat 5: Yaxouille
Seat 6: Pon4uk.ua
Seat 1: sutata (small blind) folded before Flop
Seat 2: Y_19 (big blind) folded before Flop
Seat 3: 50CandyJoe (button) collected ($2.50)



PokerStars Hand #254762487825:  Hold'em No Limit ($0.50/$1.00 USD) - 2025/02/08 8:02:30 WET [2025/02/08 3:02:30 ET]
Table 'Fortuna II' 6-max Seat #1 is the button
Seat 4: drew1234440 ($74.75 in chips) is sitting out
Seat 5: Yaxouille ($12.62 in chips) is sitting out
Seat 6: Pon4uk.ua ($127.74 in chips) is sitting out
Seat 1: sutata ($152.60 in chips) 
Seat 2: Y_19 ($100 in chips) 
Seat 3: 50CandyJoe ($208.82 in chips) 
Y_19: posts small blind $0.50
50CandyJoe: posts big blind $1
*** HOLE CARDS ***
sutata: raises $2 to $3
Y_19: folds 
50CandyJoe: folds 
Uncalled bet ($2) returned to sutata
sutata collected $2.50 from pot
sutata: doesn't show hand 
*** SUMMARY ***
Total pot $2.50 | Rake $0 
Seat 4: drew1234440
Seat 5: Yaxouille
Seat 6: Pon4uk.ua
Seat 1: sutata (button) collected ($2.50)
Seat 2: Y_19 (small blind) folded before Flop
Seat 3: 50CandyJoe (big blind) folded before Flop



PokerStars Hand #254762490293:  Hold'em No Limit ($0.50/$1.00 USD) - 2025/02/08 8:02:57 WET [2025/02/08 3:02:57 ET]
Table 'Fortuna II' 6-max Seat #2 is the button
Seat 4: drew1234440 ($74.75 in chips) is sitting out
Seat 5: Yaxouille ($12.62 in chips) is sitting out
Seat 6: Pon4uk.ua ($127.74 in chips) is sitting out
Seat 1: sutata ($154.10 in chips) 
Seat 2: Y_19 ($100 in chips) 
Seat 3: 50CandyJoe ($207.82 in chips) 
50CandyJoe: posts small blind $0.50
sutata: posts big blind $1
*** HOLE CARDS ***
Y_19: raises $1.23 to $2.23
50CandyJoe: raises $7.77 to $10
sutata: folds 
Y_19: folds 
Uncalled bet ($7.77) returned to 50CandyJoe
50CandyJoe collected $5.46 from pot
Yaxouille leaves the table
50CandyJoe: doesn't show hand 
*** SUMMARY ***
Total pot $5.46 | Rake $0 
Seat 4: drew1234440
Seat 5: Yaxouille
Seat 6: Pon4uk.ua
Seat 1: sutata (big blind) folded before Flop
Seat 2: Y_19 (button) folded before Flop
Seat 3: 50CandyJoe (small blind) collected ($5.46)



PokerStars Hand #254762492411:  Hold'em No Limit ($0.50/$1.00 USD) - 2025/02/08 8:03:21 WET [2025/02/08 3:03:21 ET]
Table 'Fortuna II' 6-max Seat #1 is the button
Seat 2: Y_19 ($100 in chips) is sitting out
Seat 4: drew1234440 ($74.75 in chips) is sitting out
Seat 6: Pon4uk.ua ($127.74 in chips) is sitting out
Seat 1: sutata ($153.10 in chips) 
Seat 3: 50CandyJoe ($211.05 in chips) 
sutata: posts small blind $0.50
Y_19: is sitting out 
50CandyJoe: posts big blind $1
*** HOLE CARDS ***
sutata: raises $2 to $3
50CandyJoe: calls $2
*** FLOP *** [3s 9h 6d]
Y_19 leaves the table
50CandyJoe: checks 
sutata: checks 
*** TURN *** [3s 9h 6d] [Qc]
ka100pka527 joins the table at seat #5 
50CandyJoe: checks 
sutata: checks 
*** RIVER *** [3s 9h 6d Qc] [3d]
florin40190 joins the table at seat #2 
50CandyJoe: bets $5.70
florin40190 is disconnected 
sutata: folds 
Uncalled bet ($5.70) returned to 50CandyJoe
50CandyJoe collected $5.70 from pot
50CandyJoe: doesn't show hand 
*** SUMMARY ***
Total pot $6 | Rake $0.30 
Board [3s 9h 6d Qc 3d]
Seat 2: Y_19
Seat 4: drew1234440
Seat 6: Pon4uk.ua
Seat 1: sutata (button) (small blind) folded on the River
Seat 3: 50CandyJoe (big blind) collected ($5.70)



PokerStars Hand #254762495928:  Hold'em No Limit ($0.50/$1.00 USD) - 2025/02/08 8:04:01 WET [2025/02/08 3:04:01 ET]
Table 'Fortuna II' 6-max Seat #3 is the button
Seat 4: drew1234440 ($74.75 in chips) is sitting out
Seat 5: ka100pka527 ($100 in chips) is sitting out
Seat 6: Pon4uk.ua ($127.74 in chips) is sitting out
Seat 1: sutata ($150.10 in chips) 
Seat 2: florin40190 ($10 in chips) 
Seat 3: 50CandyJoe ($213.75 in chips) 
sutata: posts small blind $0.50
florin40190: posts big blind $1
*** HOLE CARDS ***
50CandyJoe: raises $1.50 to $2.50
sutata: folds 
florin40190: folds 
Uncalled bet ($1.50) returned to 50CandyJoe
50CandyJoe collected $2.50 from pot
50CandyJoe: doesn't show hand 
*** SUMMARY ***
Total pot $2.50 | Rake $0 
Seat 4: drew1234440
Seat 5: ka100pka527
Seat 6: Pon4uk.ua
Seat 1: sutata (small blind) folded before Flop
Seat 2: florin40190 (big blind) folded before Flop
Seat 3: 50CandyJoe (button) collected ($2.50)



PokerStars Hand #254762496936:  Hold'em No Limit ($0.50/$1.00 USD) - 2025/02/08 8:04:13 WET [2025/02/08 3:04:13 ET]
Table 'Fortuna II' 6-max Seat #1 is the button
Seat 4: drew1234440 ($74.75 in chips) is sitting out
Seat 5: ka100pka527 ($100 in chips) is sitting out
Seat 6: Pon4uk.ua ($127.74 in chips) is sitting out
Seat 1: sutata ($149.60 in chips) 
Seat 2: florin40190 ($9 in chips) 
Seat 3: 50CandyJoe ($215.25 in chips) 
florin40190: posts small blind $0.50
50CandyJoe: posts big blind $1
ka100pka527: sits out 
Pon4uk.ua: sits out 
*** HOLE CARDS ***
sutata: raises $2 to $3
florin40190: folds 
50CandyJoe: folds 
Uncalled bet ($2) returned to sutata
sutata collected $2.50 from pot
sutata: doesn't show hand 
*** SUMMARY ***
Total pot $2.50 | Rake $0 
Seat 4: drew1234440
Seat 5: ka100pka527
Seat 6: Pon4uk.ua
Seat 1: sutata (button) collected ($2.50)
Seat 2: florin40190 (small blind) folded before Flop
Seat 3: 50CandyJoe (big blind) folded before Flop



PokerStars Hand #254762498128:  Hold'em No Limit ($0.50/$1.00 USD) - 2025/02/08 8:04:26 WET [2025/02/08 3:04:26 ET]
Table 'Fortuna II' 6-max Seat #2 is the button
Seat 4: drew1234440 ($74.75 in chips) is sitting out
Seat 6: Pon4uk.ua ($127.74 in chips) is sitting out
Seat 1: sutata ($151.10 in chips) 
Seat 2: florin40190 ($8.50 in chips) 
Seat 3: 50CandyJoe ($214.25 in chips) 
Seat 5: ka100pka527 ($100 in chips) 
50CandyJoe: posts small blind $0.50
ka100pka527: posts big blind $1
Pon4uk.ua: sits out 
*** HOLE CARDS ***
sutata: folds 
florin40190: folds 
50CandyJoe: raises $2 to $3
ka100pka527: folds 
Uncalled bet ($2) returned to 50CandyJoe
50CandyJoe collected $2 from pot
drew1234440 leaves the table
50CandyJoe: doesn't show hand 
*** SUMMARY ***
Total pot $2 | Rake $0 
Seat 4: drew1234440
Seat 6: Pon4uk.ua
Seat 1: sutata folded before Flop (didn't bet)
Seat 2: florin40190 (button) folded before Flop (didn't bet)
Seat 3: 50CandyJoe (small blind) collected ($2)
Seat 5: ka100pka527 (big blind) folded before Flop



PokerStars Hand #254762501546:  Hold'em No Limit ($0.50/$1.00 USD) - 2025/02/08 8:05:06 WET [2025/02/08 3:05:06 ET]
Table 'Fortuna II' 6-max Seat #3 is the button
Seat 1: sutata ($151.10 in chips) 
Seat 2: florin40190 ($8.50 in chips) 
Seat 3: 50CandyJoe ($215.25 in chips) 
Seat 5: ka100pka527 ($100 in chips) 
Seat 6: Pon4uk.ua ($127.74 in chips) 
ka100pka527: posts small blind $0.50
Pon4uk.ua: posts big blind $1
*** HOLE CARDS ***
sutata: folds 
3aekTpeBoMaH joins the table at seat #4 
3aekTpeBoMaH is disconnected 
florin40190: raises $2.50 to $3.50
50CandyJoe: raises $5.50 to $9
ka100pka527: folds 
Pon4uk.ua: folds 
florin40190: calls $5 and is all-in
Uncalled bet ($0.50) returned to 50CandyJoe
*** FLOP *** [Ks 6d 2c]
*** TURN *** [Ks 6d 2c] [9c]
*** RIVER *** [Ks 6d 2c 9c] [8c]
*** SHOW DOWN ***
florin40190: shows [9h Tc] (a pair of Nines)
50CandyJoe: shows [Qc Jc] (a flush, Queen high)
50CandyJoe collected $17.58 from pot
florin40190 cashed out the hand for $5.64 | Cash Out Fee $0.12
*** SUMMARY ***
Total pot $18.50 | Rake $0.92 
Board [Ks 6d 2c 9c 8c]
Seat 1: sutata folded before Flop (didn't bet)
Seat 2: florin40190 showed [9h Tc] and lost with a pair of Nines (cashed out).
Seat 3: 50CandyJoe (button) showed [Qc Jc] and won ($17.58) with a flush, Queen high
Seat 5: ka100pka527 (small blind) folded before Flop
Seat 6: Pon4uk.ua (big blind) folded before Flop



PokerStars Hand #254762504635:  Hold'em No Limit ($0.50/$1.00 USD) - 2025/02/08 8:05:41 WET [2025/02/08 3:05:41 ET]
Table 'Fortuna II' 6-max Seat #5 is the button
Seat 4: 3aekTpeBoMaH ($100 in chips) is sitting out
Seat 1: sutata ($151.10 in chips) 
Seat 2: florin40190 ($5.64 in chips) 
Seat 3: 50CandyJoe ($224.33 in chips) 
Seat 5: ka100pka527 ($100 in chips) 
Seat 6: Pon4uk.ua ($126.74 in chips) 
Pon4uk.ua: posts small blind $0.50
sutata: posts big blind $1
3aekTpeBoMaH: sits out 
*** HOLE CARDS ***
florin40190: folds 
50CandyJoe: folds 
ka100pka527: raises $1.50 to $2.50
Pon4uk.ua: folds 
sutata: folds 
Uncalled bet ($1.50) returned to ka100pka527
ka100pka527 collected $2.50 from pot
ka100pka527: doesn't show hand 
*** SUMMARY ***
Total pot $2.50 | Rake $0 
Seat 4: 3aekTpeBoMaH
Seat 1: sutata (big blind) folded before Flop
Seat 2: florin40190 folded before Flop (didn't bet)
Seat 3: 50CandyJoe folded before Flop (didn't bet)
Seat 5: ka100pka527 (button) collected ($2.50)
Seat 6: Pon4uk.ua (small blind) folded before Flop



PokerStars Hand #254762505951:  Hold'em No Limit ($0.50/$1.00 USD) - 2025/02/08 8:05:57 WET [2025/02/08 3:05:57 ET]
Table 'Fortuna II' 6-max Seat #6 is the button
Seat 2: florin40190 ($5.64 in chips) is sitting out
Seat 4: 3aekTpeBoMaH ($100 in chips) is sitting out
Seat 1: sutata ($150.10 in chips) 
Seat 3: 50CandyJoe ($224.33 in chips) 
Seat 5: ka100pka527 ($101.50 in chips) 
Seat 6: Pon4uk.ua ($126.24 in chips) 
sutata: posts small blind $0.50
florin40190 has timed out
florin40190: is sitting out 
50CandyJoe: posts big blind $1
3aekTpeBoMaH: sits out 
*** HOLE CARDS ***
ka100pka527: folds 
Pon4uk.ua: folds 
sutata: folds 
Uncalled bet ($0.50) returned to 50CandyJoe
50CandyJoe collected $1 from pot
50CandyJoe: doesn't show hand 
*** SUMMARY ***
Total pot $1 | Rake $0 
Seat 2: florin40190
Seat 4: 3aekTpeBoMaH
Seat 1: sutata (small blind) folded before Flop
Seat 3: 50CandyJoe (big blind) collected ($1)
Seat 5: ka100pka527 folded before Flop (didn't bet)
Seat 6: Pon4uk.ua (button) folded before Flop (didn't bet)



PokerStars Hand #254762507689:  Hold'em No Limit ($0.50/$1.00 USD) - 2025/02/08 8:06:16 WET [2025/02/08 3:06:16 ET]
Table 'Fortuna II' 6-max Seat #1 is the button
Seat 2: florin40190 ($5.64 in chips) is sitting out
Seat 1: sutata ($149.60 in chips) 
Seat 3: 50CandyJoe ($224.83 in chips) 
Seat 4: 3aekTpeBoMaH ($100 in chips) 
Seat 5: ka100pka527 ($101.50 in chips) 
Seat 6: Pon4uk.ua ($126.24 in chips) 
50CandyJoe: posts small blind $0.50
3aekTpeBoMaH: posts big blind $1
*** HOLE CARDS ***
ka100pka527: raises $2 to $3
Pon4uk.ua: folds 
florin40190 is disconnected 
sutata: calls $3
50CandyJoe: folds 
3aekTpeBoMaH: folds 
*** FLOP *** [8c 2s 6h]
ka100pka527: bets $5.41
sutata: folds 
Uncalled bet ($5.41) returned to ka100pka527
ka100pka527 collected $7.12 from pot
ka100pka527: doesn't show hand 
*** SUMMARY ***
Total pot $7.50 | Rake $0.38 
Board [8c 2s 6h]
Seat 2: florin40190
Seat 1: sutata (button) folded on the Flop
Seat 3: 50CandyJoe (small blind) folded before Flop
Seat 4: 3aekTpeBoMaH (big blind) folded before Flop
Seat 5: ka100pka527 collected ($7.12)
Seat 6: Pon4uk.ua folded before Flop (didn't bet)



PokerStars Hand #254762513297:  Hold'em No Limit ($0.50/$1.00 USD) - 2025/02/08 8:07:20 WET [2025/02/08 3:07:20 ET]
Table 'Fortuna II' 6-max Seat #3 is the button
Seat 2: florin40190 ($5.64 in chips) is sitting out
Seat 1: sutata ($146.60 in chips) 
Seat 3: 50CandyJoe ($224.33 in chips) 
Seat 4: 3aekTpeBoMaH ($99 in chips) 
Seat 5: ka100pka527 ($105.62 in chips) 
Seat 6: Pon4uk.ua ($126.24 in chips) 
3aekTpeBoMaH: posts small blind $0.50
ka100pka527: posts big blind $1
florin40190 has timed out
florin40190: is sitting out 
*** HOLE CARDS ***
florin40190 is disconnected 
Pon4uk.ua: folds 
sutata: folds 
50CandyJoe: folds 
3aekTpeBoMaH: folds 
Uncalled bet ($0.50) returned to ka100pka527
ka100pka527 collected $1 from pot
ka100pka527: doesn't show hand 
*** SUMMARY ***
Total pot $1 | Rake $0 
Seat 2: florin40190
Seat 1: sutata folded before Flop (didn't bet)
Seat 3: 50CandyJoe (button) folded before Flop (didn't bet)
Seat 4: 3aekTpeBoMaH (small blind) folded before Flop
Seat 5: ka100pka527 (big blind) collected ($1)
Seat 6: Pon4uk.ua folded before Flop (didn't bet)



PokerStars Hand #254762516440:  Hold'em No Limit ($0.50/$1.00 USD) - 2025/02/08 8:07:56 WET [2025/02/08 3:07:56 ET]
Table 'Fortuna II' 6-max Seat #4 is the button
Seat 1: sutata ($146.60 in chips) 
Seat 2: florin40190 ($5.64 in chips) 
Seat 3: 50CandyJoe ($224.33 in chips) 
Seat 4: 3aekTpeBoMaH ($98.50 in chips) 
Seat 5: ka100pka527 ($106.12 in chips) 
Seat 6: Pon4uk.ua ($126.24 in chips) 
ka100pka527: posts small blind $0.50
Pon4uk.ua: posts big blind $1
florin40190: posts small & big blinds $1.50
*** HOLE CARDS ***
sutata: folds 
florin40190: checks 
50CandyJoe: folds 
3aekTpeBoMaH: raises $2 to $3
ka100pka527: folds 
Pon4uk.ua: folds 
florin40190: calls $2
*** FLOP *** [7h 4c 3d]
florin40190: checks 
3aekTpeBoMaH: bets $3
florin40190: calls $2.14 and is all-in
Uncalled bet ($0.86) returned to 3aekTpeBoMaH
*** TURN *** [7h 4c 3d] [Tc]
*** RIVER *** [7h 4c 3d Tc] [5h]
*** SHOW DOWN ***
florin40190: shows [8d Qc] (high card Queen)
3aekTpeBoMaH: shows [Ad Ah] (a pair of Aces)
3aekTpeBoMaH collected $11.67 from pot
*** SUMMARY ***
Total pot $12.28 | Rake $0.61 
Board [7h 4c 3d Tc 5h]
Seat 1: sutata folded before Flop (didn't bet)
Seat 2: florin40190 showed [8d Qc] and lost with high card Queen
Seat 3: 50CandyJoe folded before Flop (didn't bet)
Seat 4: 3aekTpeBoMaH (button) showed [Ad Ah] and won ($11.67) with a pair of Aces
Seat 5: ka100pka527 (small blind) folded before Flop
Seat 6: Pon4uk.ua (big blind) folded before Flop



PokerStars Hand #254762521122:  Hold'em No Limit ($0.50/$1.00 USD) - 2025/02/08 8:08:49 WET [2025/02/08 3:08:49 ET]
Table 'Fortuna II' 6-max Seat #5 is the button
Seat 2: florin40190 ($0 in chips) is sitting out
Seat 1: sutata ($146.60 in chips) 
Seat 3: 50CandyJoe ($224.33 in chips) 
Seat 4: 3aekTpeBoMaH ($105.03 in chips) 
Seat 5: ka100pka527 ($105.62 in chips) 
Seat 6: Pon4uk.ua ($125.24 in chips) 
Pon4uk.ua: posts small blind $0.50
sutata: posts big blind $1
*** HOLE CARDS ***
50CandyJoe: folds 
3aekTpeBoMaH: folds 
ka100pka527: raises $1.50 to $2.50
Pon4uk.ua: folds 
sutata: raises $9.80 to $12.30
ka100pka527: calls $9.80
*** FLOP *** [8c Td 9s]
sutata: checks 
ka100pka527: bets $12.87
sutata: calls $12.87
*** TURN *** [8c Td 9s] [3d]
sutata: checks 
ka100pka527: checks 
*** RIVER *** [8c Td 9s 3d] [6d]
sutata: bets $16.11
ka100pka527: raises $64.34 to $80.45 and is all-in
sutata: calls $64.34
*** SHOW DOWN ***
ka100pka527: shows [Qh Ac] (high card Ace)
sutata: shows [7h 9h] (a straight, Six to Ten)
sutata collected $209.24 from pot
*** SUMMARY ***
Total pot $211.74 | Rake $2.50 
Board [8c Td 9s 3d 6d]
Seat 2: florin40190
Seat 1: sutata (big blind) showed [7h 9h] and won ($209.24) with a straight, Six to Ten
Seat 3: 50CandyJoe folded before Flop (didn't bet)
Seat 4: 3aekTpeBoMaH folded before Flop (didn't bet)
Seat 5: ka100pka527 (button) showed [Qh Ac] and lost with high card Ace
Seat 6: Pon4uk.ua (small blind) folded before Flop



PokerStars Hand #254762532432:  Hold'em No Limit ($0.50/$1.00 USD) - 2025/02/08 8:10:56 WET [2025/02/08 3:10:56 ET]
Table 'Fortuna II' 6-max Seat #6 is the button
Seat 1: sutata ($250.22 in chips) 
Seat 2: florin40190 ($10 in chips) 
Seat 3: 50CandyJoe ($224.33 in chips) 
Seat 4: 3aekTpeBoMaH ($105.03 in chips) 
Seat 5: ka100pka527 ($100 in chips) 
Seat 6: Pon4uk.ua ($124.74 in chips) 
sutata: posts small blind $0.50
florin40190: posts big blind $1
*** HOLE CARDS ***
50CandyJoe: folds 
3aekTpeBoMaH: raises $1 to $2
ka100pka527: raises $6 to $8
Pon4uk.ua: folds 
sutata: folds 
florin40190 is disconnected 
florin40190 is connected 
florin40190: folds 
3aekTpeBoMaH: calls $6
*** FLOP *** [2d 7d 3h]
3aekTpeBoMaH: checks 
ka100pka527: checks 
*** TURN *** [2d 7d 3h] [5d]
3aekTpeBoMaH: checks 
ka100pka527: checks 
*** RIVER *** [2d 7d 3h 5d] [Th]
3aekTpeBoMaH: checks 
ka100pka527: bets $11.08
3aekTpeBoMaH: folds 
Uncalled bet ($11.08) returned to ka100pka527
ka100pka527 collected $16.62 from pot
ka100pka527: doesn't show hand 
*** SUMMARY ***
Total pot $17.50 | Rake $0.88 
Board [2d 7d 3h 5d Th]
Seat 1: sutata (small blind) folded before Flop
Seat 2: florin40190 (big blind) folded before Flop
Seat 3: 50CandyJoe folded before Flop (didn't bet)
Seat 4: 3aekTpeBoMaH folded on the River
Seat 5: ka100pka527 collected ($16.62)
Seat 6: Pon4uk.ua (button) folded before Flop (didn't bet)



PokerStars Hand #254762545796:  Hold'em No Limit ($0.50/$1.00 USD) - 2025/02/08 8:13:21 WET [2025/02/08 3:13:21 ET]
Table 'Fortuna II' 6-max Seat #1 is the button
Seat 1: sutata ($249.72 in chips) 
Seat 2: florin40190 ($9 in chips) 
Seat 3: 50CandyJoe ($224.33 in chips) 
Seat 4: 3aekTpeBoMaH ($97.03 in chips) 
Seat 5: ka100pka527 ($108.62 in chips) 
Seat 6: Pon4uk.ua ($124.74 in chips) 
florin40190: posts small blind $0.50
50CandyJoe: posts big blind $1
*** HOLE CARDS ***
3aekTpeBoMaH: raises $2 to $3
ka100pka527: folds 
Pon4uk.ua: folds 
sutata: raises $5.30 to $8.30
florin40190: folds 
50CandyJoe: folds 
3aekTpeBoMaH: calls $5.30
*** FLOP *** [9h Ts 4h]
3aekTpeBoMaH: checks 
sutata: checks 
*** TURN *** [9h Ts 4h] [8h]
3aekTpeBoMaH: checks 
sutata: bets $5.73
3aekTpeBoMaH: folds 
Uncalled bet ($5.73) returned to sutata
sutata collected $17.20 from pot
sutata: doesn't show hand 
*** SUMMARY ***
Total pot $18.10 | Rake $0.90 
Board [9h Ts 4h 8h]
Seat 1: sutata (button) collected ($17.20)
Seat 2: florin40190 (small blind) folded before Flop
Seat 3: 50CandyJoe (big blind) folded before Flop
Seat 4: 3aekTpeBoMaH folded on the Turn
Seat 5: ka100pka527 folded before Flop (didn't bet)
Seat 6: Pon4uk.ua folded before Flop (didn't bet)



PokerStars Hand #254762550153:  Hold'em No Limit ($0.50/$1.00 USD) - 2025/02/08 8:14:08 WET [2025/02/08 3:14:08 ET]
Table 'Fortuna II' 6-max Seat #2 is the button
Seat 1: sutata ($258.62 in chips) 
Seat 2: florin40190 ($8.50 in chips) 
Seat 3: 50CandyJoe ($223.33 in chips) 
Seat 4: 3aekTpeBoMaH ($88.73 in chips) 
Seat 5: ka100pka527 ($108.62 in chips) 
Seat 6: Pon4uk.ua ($124.74 in chips) 
50CandyJoe: posts small blind $0.50
3aekTpeBoMaH: posts big blind $1
*** HOLE CARDS ***
ka100pka527: folds 
Pon4uk.ua: folds 
sutata: folds 
florin40190: raises $7.50 to $8.50 and is all-in
50CandyJoe: folds 
3aekTpeBoMaH: calls $7.50
*** FLOP *** [9s Th 4d]
*** TURN *** [9s Th 4d] [6d]
*** RIVER *** [9s Th 4d 6d] [Ac]
*** SHOW DOWN ***
3aekTpeBoMaH: shows [Qh Qc] (a pair of Queens)
florin40190: shows [8h Ah] (a pair of Aces)
florin40190 collected $16.62 from pot
*** SUMMARY ***
Total pot $17.50 | Rake $0.88 
Board [9s Th 4d 6d Ac]
Seat 1: sutata folded before Flop (didn't bet)
Seat 2: florin40190 (button) showed [8h Ah] and won ($16.62) with a pair of Aces
Seat 3: 50CandyJoe (small blind) folded before Flop
Seat 4: 3aekTpeBoMaH (big blind) showed [Qh Qc] and lost with a pair of Queens
Seat 5: ka100pka527 folded before Flop (didn't bet)
Seat 6: Pon4uk.ua folded before Flop (didn't bet)



PokerStars Hand #254762551962:  Hold'em No Limit ($0.50/$1.00 USD) - 2025/02/08 8:14:29 WET [2025/02/08 3:14:29 ET]
Table 'Fortuna II' 6-max Seat #3 is the button
Seat 1: sutata ($258.62 in chips) 
Seat 2: florin40190 ($16.62 in chips) 
Seat 3: 50CandyJoe ($222.83 in chips) 
Seat 4: 3aekTpeBoMaH ($80.23 in chips) 
Seat 5: ka100pka527 ($108.62 in chips) 
Seat 6: Pon4uk.ua ($124.74 in chips) 
3aekTpeBoMaH: posts small blind $0.50
ka100pka527: posts big blind $1
*** HOLE CARDS ***
Pon4uk.ua: folds 
sutata: folds 
florin40190: raises $15.62 to $16.62 and is all-in
50CandyJoe: folds 
3aekTpeBoMaH: folds 
ka100pka527: folds 
Uncalled bet ($15.62) returned to florin40190
florin40190 collected $2.50 from pot
*** SUMMARY ***
Total pot $2.50 | Rake $0 
Seat 1: sutata folded before Flop (didn't bet)
Seat 2: florin40190 collected ($2.50)
Seat 3: 50CandyJoe (button) folded before Flop (didn't bet)
Seat 4: 3aekTpeBoMaH (small blind) folded before Flop
Seat 5: ka100pka527 (big blind) folded before Flop
Seat 6: Pon4uk.ua folded before Flop (didn't bet)



PokerStars Hand #254762553933:  Hold'em No Limit ($0.50/$1.00 USD) - 2025/02/08 8:14:50 WET [2025/02/08 3:14:50 ET]
Table 'Fortuna II' 6-max Seat #4 is the button
Seat 1: sutata ($258.62 in chips) 
Seat 2: florin40190 ($18.12 in chips) 
Seat 3: 50CandyJoe ($222.83 in chips) 
Seat 4: 3aekTpeBoMaH ($79.73 in chips) 
Seat 5: ka100pka527 ($107.62 in chips) 
Seat 6: Pon4uk.ua ($124.74 in chips) 
ka100pka527: posts small blind $0.50
Pon4uk.ua: posts big blind $1
*** HOLE CARDS ***
sutata: raises $1.50 to $2.50
florin40190: folds 
50CandyJoe: folds 
3aekTpeBoMaH: folds 
ka100pka527: folds 
Pon4uk.ua: folds 
Uncalled bet ($1.50) returned to sutata
sutata collected $2.50 from pot
sutata: doesn't show hand 
*** SUMMARY ***
Total pot $2.50 | Rake $0 
Seat 1: sutata collected ($2.50)
Seat 2: florin40190 folded before Flop (didn't bet)
Seat 3: 50CandyJoe folded before Flop (didn't bet)
Seat 4: 3aekTpeBoMaH (button) folded before Flop (didn't bet)
Seat 5: ka100pka527 (small blind) folded before Flop
Seat 6: Pon4uk.ua (big blind) folded before Flop



PokerStars Hand #254762556194:  Hold'em No Limit ($0.50/$1.00 USD) - 2025/02/08 8:15:15 WET [2025/02/08 3:15:15 ET]
Table 'Fortuna II' 6-max Seat #5 is the button
Seat 1: sutata ($260.12 in chips) 
Seat 2: florin40190 ($18.12 in chips) 
Seat 3: 50CandyJoe ($222.83 in chips) 
Seat 4: 3aekTpeBoMaH ($79.73 in chips) 
Seat 5: ka100pka527 ($107.12 in chips) 
Seat 6: Pon4uk.ua ($123.74 in chips) 
Pon4uk.ua: posts small blind $0.50
sutata: posts big blind $1
*** HOLE CARDS ***
florin40190: folds 
50CandyJoe: folds 
3aekTpeBoMaH: folds 
ka100pka527: raises $1.50 to $2.50
Pon4uk.ua: folds 
sutata: calls $1.50
*** FLOP *** [4d Ad 2c]
sutata: checks 
ka100pka527: bets $2.82
sutata: folds 
Uncalled bet ($2.82) returned to ka100pka527
ka100pka527 collected $5.22 from pot
ka100pka527: doesn't show hand 
*** SUMMARY ***
Total pot $5.50 | Rake $0.28 
Board [4d Ad 2c]
Seat 1: sutata (big blind) folded on the Flop
Seat 2: florin40190 folded before Flop (didn't bet)
Seat 3: 50CandyJoe folded before Flop (didn't bet)
Seat 4: 3aekTpeBoMaH folded before Flop (didn't bet)
Seat 5: ka100pka527 (button) collected ($5.22)
Seat 6: Pon4uk.ua (small blind) folded before Flop



PokerStars Hand #254762559222:  Hold'em No Limit ($0.50/$1.00 USD) - 2025/02/08 8:15:49 WET [2025/02/08 3:15:49 ET]
Table 'Fortuna II' 6-max Seat #6 is the button
Seat 1: sutata ($257.62 in chips) 
Seat 2: florin40190 ($18.12 in chips) 
Seat 3: 50CandyJoe ($222.83 in chips) 
Seat 4: 3aekTpeBoMaH ($79.73 in chips) 
Seat 5: ka100pka527 ($109.84 in chips) 
Seat 6: Pon4uk.ua ($123.24 in chips) 
sutata: posts small blind $0.50
florin40190: posts big blind $1
*** HOLE CARDS ***
50CandyJoe: folds 
3aekTpeBoMaH: raises $1 to $2
ka100pka527: folds 
Pon4uk.ua: folds 
sutata: folds 
florin40190: calls $1
*** FLOP *** [Td 9s 9c]
florin40190: bets $16.12 and is all-in
3aekTpeBoMaH: calls $16.12
*** TURN *** [Td 9s 9c] [7d]
*** RIVER *** [Td 9s 9c 7d] [4d]
*** SHOW DOWN ***
florin40190: shows [Tc 8s] (two pair, Tens and Nines)
3aekTpeBoMaH: shows [9d Qd] (a flush, Queen high)
3aekTpeBoMaH collected $34.90 from pot
*** SUMMARY ***
Total pot $36.74 | Rake $1.84 
Board [Td 9s 9c 7d 4d]
Seat 1: sutata (small blind) folded before Flop
Seat 2: florin40190 (big blind) showed [Tc 8s] and lost with two pair, Tens and Nines
Seat 3: 50CandyJoe folded before Flop (didn't bet)
Seat 4: 3aekTpeBoMaH showed [9d Qd] and won ($34.90) with a flush, Queen high
Seat 5: ka100pka527 folded before Flop (didn't bet)
Seat 6: Pon4uk.ua (button) folded before Flop (didn't bet)



PokerStars Hand #254762563283:  Hold'em No Limit ($0.50/$1.00 USD) - 2025/02/08 8:16:34 WET [2025/02/08 3:16:34 ET]
Table 'Fortuna II' 6-max Seat #1 is the button
Seat 2: florin40190 ($0 in chips) is sitting out
Seat 1: sutata ($257.12 in chips) 
Seat 3: 50CandyJoe ($222.83 in chips) 
Seat 4: 3aekTpeBoMaH ($96.51 in chips) 
Seat 5: ka100pka527 ($109.84 in chips) 
Seat 6: Pon4uk.ua ($123.24 in chips) 
50CandyJoe: posts small blind $0.50
3aekTpeBoMaH: posts big blind $1
*** HOLE CARDS ***
ka100pka527: folds 
Pon4uk.ua: raises $1.50 to $2.50
sutata: folds 
50CandyJoe: folds 
3aekTpeBoMaH: calls $1.50
*** FLOP *** [7h Kd 9d]
3aekTpeBoMaH: checks 
Pon4uk.ua: bets $1.72
3aekTpeBoMaH: calls $1.72
*** TURN *** [7h Kd 9d] [Qc]
3aekTpeBoMaH: checks 
Pon4uk.ua: checks 
*** RIVER *** [7h Kd 9d Qc] [Td]
3aekTpeBoMaH: bets $5
Pon4uk.ua: folds 
Uncalled bet ($5) returned to 3aekTpeBoMaH
3aekTpeBoMaH collected $8.49 from pot
*** SUMMARY ***
Total pot $8.94 | Rake $0.45 
Board [7h Kd 9d Qc Td]
Seat 2: florin40190
Seat 1: sutata (button) folded before Flop (didn't bet)
Seat 3: 50CandyJoe (small blind) folded before Flop
Seat 4: 3aekTpeBoMaH (big blind) collected ($8.49)
Seat 5: ka100pka527 folded before Flop (didn't bet)
Seat 6: Pon4uk.ua folded on the River



PokerStars Hand #254762568795:  Hold'em No Limit ($0.50/$1.00 USD) - 2025/02/08 8:17:35 WET [2025/02/08 3:17:35 ET]
Table 'Fortuna II' 6-max Seat #3 is the button
Seat 5: ka100pka527 ($109.84 in chips) is sitting out
Seat 1: sutata ($257.12 in chips) 
Seat 2: florin40190 ($10 in chips) 
Seat 3: 50CandyJoe ($222.33 in chips) 
Seat 4: 3aekTpeBoMaH ($100.78 in chips) 
Seat 6: Pon4uk.ua ($119.02 in chips) 
3aekTpeBoMaH: posts small blind $0.50
ka100pka527: is sitting out 
Pon4uk.ua: posts big blind $1
florin40190: posts small blind $0.50
*** HOLE CARDS ***
sutata: folds 
florin40190: raises $3 to $4
50CandyJoe: folds 
3aekTpeBoMaH: folds 
Pon4uk.ua: folds 
Uncalled bet ($3) returned to florin40190
florin40190 collected $3 from pot
*** SUMMARY ***
Total pot $3 | Rake $0 
Seat 5: ka100pka527
Seat 1: sutata folded before Flop (didn't bet)
Seat 2: florin40190 collected ($3)
Seat 3: 50CandyJoe (button) folded before Flop (didn't bet)
Seat 4: 3aekTpeBoMaH (small blind) folded before Flop
Seat 6: Pon4uk.ua (big blind) folded before Flop



PokerStars Hand #254762570152:  Hold'em No Limit ($0.50/$1.00 USD) - 2025/02/08 8:17:50 WET [2025/02/08 3:17:50 ET]
Table 'Fortuna II' 6-max Seat #4 is the button
Seat 5: ka100pka527 ($109.84 in chips) is sitting out
Seat 1: sutata ($257.12 in chips) 
Seat 2: florin40190 ($11.50 in chips) 
Seat 3: 50CandyJoe ($222.33 in chips) 
Seat 4: 3aekTpeBoMaH ($100.28 in chips) 
Seat 6: Pon4uk.ua ($118.02 in chips) 
Pon4uk.ua: posts small blind $0.50
sutata: posts big blind $1
*** HOLE CARDS ***
florin40190: raises $1 to $2
50CandyJoe: folds 
3aekTpeBoMaH: calls $2
Pon4uk.ua: folds 
sutata: calls $1
*** FLOP *** [7h 7c Qs]
sutata: checks 
florin40190: bets $9.50 and is all-in
3aekTpeBoMaH: calls $9.50
sutata: folds 
florin40190 is disconnected 
florin40190 is connected 
*** TURN *** [7h 7c Qs] [5d]
*** RIVER *** [7h 7c Qs 5d] [7d]
*** SHOW DOWN ***
florin40190: shows [Kd 8d] (three of a kind, Sevens)
3aekTpeBoMaH: shows [Qh Tc] (a full house, Sevens full of Queens)
3aekTpeBoMaH collected $24.22 from pot
*** SUMMARY ***
Total pot $25.50 | Rake $1.28 
Board [7h 7c Qs 5d 7d]
Seat 5: ka100pka527
Seat 1: sutata (big blind) folded on the Flop
Seat 2: florin40190 showed [Kd 8d] and lost with three of a kind, Sevens
Seat 3: 50CandyJoe folded before Flop (didn't bet)
Seat 4: 3aekTpeBoMaH (button) showed [Qh Tc] and won ($24.22) with a full house, Sevens full of Queens
Seat 6: Pon4uk.ua (small blind) folded before Flop



PokerStars Hand #254762578407:  Hold'em No Limit ($0.50/$1.00 USD) - 2025/02/08 8:19:19 WET [2025/02/08 3:19:19 ET]
Table 'Fortuna II' 6-max Seat #6 is the button
Seat 2: florin40190 ($0 in chips) is sitting out
Seat 5: ka100pka527 ($109.84 in chips) is sitting out
Seat 1: sutata ($255.12 in chips) 
Seat 3: 50CandyJoe ($222.33 in chips) 
Seat 4: 3aekTpeBoMaH ($113 in chips) 
Seat 6: Pon4uk.ua ($117.52 in chips) 
sutata: posts small blind $0.50
50CandyJoe: posts big blind $1
*** HOLE CARDS ***
3aekTpeBoMaH: folds 
Pon4uk.ua: raises $1.50 to $2.50
sutata: folds 
50CandyJoe: calls $1.50
*** FLOP *** [Jd 7d Kd]
50CandyJoe: checks 
Pon4uk.ua: bets $1.72
50CandyJoe: folds 
Uncalled bet ($1.72) returned to Pon4uk.ua
Pon4uk.ua collected $5.22 from pot
Pon4uk.ua: doesn't show hand 
*** SUMMARY ***
Total pot $5.50 | Rake $0.28 
Board [Jd 7d Kd]
Seat 2: florin40190
Seat 5: ka100pka527
Seat 1: sutata (small blind) folded before Flop
Seat 3: 50CandyJoe (big blind) folded on the Flop
Seat 4: 3aekTpeBoMaH folded before Flop (didn't bet)
Seat 6: Pon4uk.ua (button) collected ($5.22)



PokerStars Hand #254762581980:  Hold'em No Limit ($0.50/$1.00 USD) - 2025/02/08 8:19:56 WET [2025/02/08 3:19:56 ET]
Table 'Fortuna II' 6-max Seat #1 is the button
Seat 2: florin40190 ($10 in chips) is sitting out
Seat 5: ka100pka527 ($109.84 in chips) is sitting out
Seat 1: sutata ($254.62 in chips) 
Seat 3: 50CandyJoe ($219.83 in chips) 
Seat 4: 3aekTpeBoMaH ($113 in chips) 
Seat 6: Pon4uk.ua ($120.24 in chips) 
50CandyJoe: posts small blind $0.50
3aekTpeBoMaH: posts big blind $1
*** HOLE CARDS ***
Pon4uk.ua: folds 
sutata: folds 
50CandyJoe: raises $1.50 to $2.50
3aekTpeBoMaH: calls $1.50
*** FLOP *** [6s 8s 3d]
50CandyJoe: bets $1
3aekTpeBoMaH: calls $1
*** TURN *** [6s 8s 3d] [Tc]
50CandyJoe: bets $4.99
3aekTpeBoMaH: folds 
Uncalled bet ($4.99) returned to 50CandyJoe
50CandyJoe collected $6.65 from pot
50CandyJoe: doesn't show hand 
*** SUMMARY ***
Total pot $7 | Rake $0.35 
Board [6s 8s 3d Tc]
Seat 2: florin40190
Seat 5: ka100pka527
Seat 1: sutata (button) folded before Flop (didn't bet)
Seat 3: 50CandyJoe (small blind) collected ($6.65)
Seat 4: 3aekTpeBoMaH (big blind) folded on the Turn
Seat 6: Pon4uk.ua folded before Flop (didn't bet)



PokerStars Hand #254762584454:  Hold'em No Limit ($0.50/$1.00 USD) - 2025/02/08 8:20:23 WET [2025/02/08 3:20:23 ET]
Table 'Fortuna II' 6-max Seat #3 is the button
Seat 5: ka100pka527 ($109.84 in chips) is sitting out
Seat 1: sutata ($254.62 in chips) 
Seat 2: florin40190 ($10 in chips) 
Seat 3: 50CandyJoe ($222.98 in chips) 
Seat 4: 3aekTpeBoMaH ($109.50 in chips) 
Seat 6: Pon4uk.ua ($120.24 in chips) 
3aekTpeBoMaH: posts small blind $0.50
Pon4uk.ua: posts big blind $1
florin40190: posts small & big blinds $1.50
*** HOLE CARDS ***
sutata: folds 
florin40190: raises $8.50 to $9.50 and is all-in
50CandyJoe: folds 
3aekTpeBoMaH: folds 
Pon4uk.ua: folds 
Uncalled bet ($8.50) returned to florin40190
florin40190 collected $3 from pot
*** SUMMARY ***
Total pot $3 | Rake $0 
Seat 5: ka100pka527
Seat 1: sutata folded before Flop (didn't bet)
Seat 2: florin40190 collected ($3)
Seat 3: 50CandyJoe (button) folded before Flop (didn't bet)
Seat 4: 3aekTpeBoMaH (small blind) folded before Flop
Seat 6: Pon4uk.ua (big blind) folded before Flop



PokerStars Hand #254762586168:  Hold'em No Limit ($0.50/$1.00 USD) - 2025/02/08 8:20:42 WET [2025/02/08 3:20:42 ET]
Table 'Fortuna II' 6-max Seat #4 is the button
Seat 5: ka100pka527 ($109.84 in chips) is sitting out
Seat 1: sutata ($254.62 in chips) 
Seat 2: florin40190 ($11.50 in chips) 
Seat 3: 50CandyJoe ($222.98 in chips) 
Seat 4: 3aekTpeBoMaH ($109 in chips) 
Seat 6: Pon4uk.ua ($119.24 in chips) 
Pon4uk.ua: posts small blind $0.50
sutata: posts big blind $1
*** HOLE CARDS ***
florin40190: folds 
50CandyJoe: raises $1.20 to $2.20
3aekTpeBoMaH: folds 
Pon4uk.ua: folds 
sutata: folds 
Uncalled bet ($1.20) returned to 50CandyJoe
50CandyJoe collected $2.50 from pot
50CandyJoe: doesn't show hand 
*** SUMMARY ***
Total pot $2.50 | Rake $0 
Seat 5: ka100pka527
Seat 1: sutata (big blind) folded before Flop
Seat 2: florin40190 folded before Flop (didn't bet)
Seat 3: 50CandyJoe collected ($2.50)
Seat 4: 3aekTpeBoMaH (button) folded before Flop (didn't bet)
Seat 6: Pon4uk.ua (small blind) folded before Flop



PokerStars Hand #254762588113:  Hold'em No Limit ($0.50/$1.00 USD) - 2025/02/08 8:21:03 WET [2025/02/08 3:21:03 ET]
Table 'Fortuna II' 6-max Seat #6 is the button
Seat 5: ka100pka527 ($109.84 in chips) is sitting out
Seat 1: sutata ($253.62 in chips) 
Seat 2: florin40190 ($11.50 in chips) 
Seat 3: 50CandyJoe ($224.48 in chips) 
Seat 4: 3aekTpeBoMaH ($109 in chips) 
Seat 6: Pon4uk.ua ($118.74 in chips) 
sutata: posts small blind $0.50
florin40190: posts big blind $1
ka100pka527: sits out 
*** HOLE CARDS ***
50CandyJoe: raises $1.20 to $2.20
3aekTpeBoMaH: calls $2.20
Pon4uk.ua: folds 
sutata: folds 
florin40190: raises $6.10 to $8.30
50CandyJoe: raises $15.70 to $24
3aekTpeBoMaH: folds 
florin40190: calls $3.20 and is all-in
Uncalled bet ($12.50) returned to 50CandyJoe
*** FLOP *** [5h 9c 3h]
*** TURN *** [5h 9c 3h] [Qd]
*** RIVER *** [5h 9c 3h Qd] [6h]
*** SHOW DOWN ***
florin40190: shows [8c 8h] (a pair of Eights)
50CandyJoe: shows [As Kh] (high card Ace)
florin40190 collected $24.42 from pot
*** SUMMARY ***
Total pot $25.70 | Rake $1.28 
Board [5h 9c 3h Qd 6h]
Seat 5: ka100pka527
Seat 1: sutata (small blind) folded before Flop
Seat 2: florin40190 (big blind) showed [8c 8h] and won ($24.42) with a pair of Eights
Seat 3: 50CandyJoe showed [As Kh] and lost with high card Ace
Seat 4: 3aekTpeBoMaH folded before Flop
Seat 6: Pon4uk.ua (button) folded before Flop (didn't bet)



PokerStars Hand #254762591897:  Hold'em No Limit ($0.50/$1.00 USD) - 2025/02/08 8:21:44 WET [2025/02/08 3:21:44 ET]
Table 'Fortuna II' 6-max Seat #1 is the button
Seat 5: ka100pka527 ($109.84 in chips) is sitting out
Seat 1: sutata ($253.12 in chips) 
Seat 2: florin40190 ($24.42 in chips) 
Seat 3: 50CandyJoe ($212.98 in chips) 
Seat 4: 3aekTpeBoMaH ($106.80 in chips) 
Seat 6: Pon4uk.ua ($118.74 in chips) 
florin40190: posts small blind $0.50
50CandyJoe: posts big blind $1
ka100pka527: sits out 
*** HOLE CARDS ***
3aekTpeBoMaH: folds 
Pon4uk.ua: folds 
sutata: folds 
florin40190: calls $0.50
50CandyJoe: raises $3.50 to $4.50
florin40190: raises $19.92 to $24.42 and is all-in
50CandyJoe: calls $19.92
*** FLOP *** [6s 4d 3s]
*** TURN *** [6s 4d 3s] [4h]
*** RIVER *** [6s 4d 3s 4h] [3d]
*** SHOW DOWN ***
florin40190: shows [8h 8s] (two pair, Eights and Fours)
50CandyJoe: shows [Ac Kc] (two pair, Fours and Threes)
florin40190 collected $46.40 from pot
*** SUMMARY ***
Total pot $48.84 | Rake $2.44 
Board [6s 4d 3s 4h 3d]
Seat 5: ka100pka527
Seat 1: sutata (button) folded before Flop (didn't bet)
Seat 2: florin40190 (small blind) showed [8h 8s] and won ($46.40) with two pair, Eights and Fours
Seat 3: 50CandyJoe (big blind) showed [Ac Kc] and lost with two pair, Fours and Threes
Seat 4: 3aekTpeBoMaH folded before Flop (didn't bet)
Seat 6: Pon4uk.ua folded before Flop (didn't bet)



PokerStars Hand #254762594776:  Hold'em No Limit ($0.50/$1.00 USD) - 2025/02/08 8:22:15 WET [2025/02/08 3:22:15 ET]
Table 'Fortuna II' 6-max Seat #2 is the button
Seat 5: ka100pka527 ($109.84 in chips) is sitting out
Seat 1: sutata ($253.12 in chips) 
Seat 2: florin40190 ($46.40 in chips) 
Seat 3: 50CandyJoe ($188.56 in chips) 
Seat 4: 3aekTpeBoMaH ($106.80 in chips) 
Seat 6: Pon4uk.ua ($118.74 in chips) 
50CandyJoe: posts small blind $0.50
3aekTpeBoMaH: posts big blind $1
ka100pka527: sits out 
*** HOLE CARDS ***
Pon4uk.ua: raises $1 to $2
sutata: calls $2
florin40190: calls $2
50CandyJoe: folds 
3aekTpeBoMaH: folds 
*** FLOP *** [Tc Jh 3c]
Pon4uk.ua: checks 
sutata: checks 
florin40190: checks 
*** TURN *** [Tc Jh 3c] [4h]
Pon4uk.ua: bets $11.04
sutata: folds 
florin40190: folds 
Uncalled bet ($11.04) returned to Pon4uk.ua
Pon4uk.ua collected $7.12 from pot
Pon4uk.ua: doesn't show hand 
*** SUMMARY ***
Total pot $7.50 | Rake $0.38 
Board [Tc Jh 3c 4h]
Seat 5: ka100pka527
Seat 1: sutata folded on the Turn
Seat 2: florin40190 (button) folded on the Turn
Seat 3: 50CandyJoe (small blind) folded before Flop
Seat 4: 3aekTpeBoMaH (big blind) folded before Flop
Seat 6: Pon4uk.ua collected ($7.12)



PokerStars Hand #254762600160:  Hold'em No Limit ($0.50/$1.00 USD) - 2025/02/08 8:23:12 WET [2025/02/08 3:23:12 ET]
Table 'Fortuna II' 6-max Seat #3 is the button
Seat 1: sutata ($251.12 in chips) 
Seat 2: florin40190 ($44.40 in chips) 
Seat 3: 50CandyJoe ($188.06 in chips) 
Seat 4: 3aekTpeBoMaH ($105.80 in chips) 
Seat 5: ka100pka527 ($109.84 in chips) 
Seat 6: Pon4uk.ua ($123.86 in chips) 
3aekTpeBoMaH: posts small blind $0.50
ka100pka527: posts big blind $1
*** HOLE CARDS ***
Pon4uk.ua: folds 
sutata: folds 
florin40190: folds 
50CandyJoe: raises $1.50 to $2.50
3aekTpeBoMaH: calls $2
ka100pka527: folds 
*** FLOP *** [9s 9d 6d]
3aekTpeBoMaH: checks 
50CandyJoe: checks 
*** TURN *** [9s 9d 6d] [6s]
3aekTpeBoMaH: checks 
50CandyJoe: bets $1.43
3aekTpeBoMaH: calls $1.43
*** RIVER *** [9s 9d 6d 6s] [9c]
3aekTpeBoMaH: checks 
50CandyJoe: bets $8.42
3aekTpeBoMaH: calls $8.42
*** SHOW DOWN ***
50CandyJoe: shows [8c Ac] (a full house, Nines full of Sixes)
3aekTpeBoMaH: shows [4s As] (a full house, Nines full of Sixes)
3aekTpeBoMaH collected $12.21 from pot
50CandyJoe collected $12.21 from pot
*** SUMMARY ***
Total pot $25.70 | Rake $1.28 
Board [9s 9d 6d 6s 9c]
Seat 1: sutata folded before Flop (didn't bet)
Seat 2: florin40190 folded before Flop (didn't bet)
Seat 3: 50CandyJoe (button) showed [8c Ac] and won ($12.21) with a full house, Nines full of Sixes
Seat 4: 3aekTpeBoMaH (small blind) showed [4s As] and won ($12.21) with a full house, Nines full of Sixes
Seat 5: ka100pka527 (big blind) folded before Flop
Seat 6: Pon4uk.ua folded before Flop (didn't bet)



PokerStars Hand #254762604728:  Hold'em No Limit ($0.50/$1.00 USD) - 2025/02/08 8:24:01 WET [2025/02/08 3:24:01 ET]
Table 'Fortuna II' 6-max Seat #4 is the button
Seat 1: sutata ($251.12 in chips) 
Seat 2: florin40190 ($44.40 in chips) 
Seat 3: 50CandyJoe ($187.92 in chips) 
Seat 4: 3aekTpeBoMaH ($105.66 in chips) 
Seat 5: ka100pka527 ($108.84 in chips) 
Seat 6: Pon4uk.ua ($123.86 in chips) 
ka100pka527: posts small blind $0.50
Pon4uk.ua: posts big blind $1
*** HOLE CARDS ***
sutata: folds 
florin40190: folds 
50CandyJoe: raises $1.20 to $2.20
3aekTpeBoMaH: folds 
ka100pka527: folds 
Pon4uk.ua: calls $1.20
*** FLOP *** [7h 9c 3d]
Pon4uk.ua: checks 
50CandyJoe: bets $3.49
Pon4uk.ua: calls $3.49
*** TURN *** [7h 9c 3d] [2d]
Pon4uk.ua: checks 
50CandyJoe: bets $22.58
Pon4uk.ua: calls $22.58
*** RIVER *** [7h 9c 3d 2d] [8c]
Pon4uk.ua: checks 
50CandyJoe: checks 
*** SHOW DOWN ***
Pon4uk.ua: shows [8d Ad] (a pair of Eights)
50CandyJoe: shows [Th Ts] (a pair of Tens)
50CandyJoe collected $54.54 from pot
*** SUMMARY ***
Total pot $57.04 | Rake $2.50 
Board [7h 9c 3d 2d 8c]
Seat 1: sutata folded before Flop (didn't bet)
Seat 2: florin40190 folded before Flop (didn't bet)
Seat 3: 50CandyJoe showed [Th Ts] and won ($54.54) with a pair of Tens
Seat 4: 3aekTpeBoMaH (button) folded before Flop (didn't bet)
Seat 5: ka100pka527 (small blind) folded before Flop
Seat 6: Pon4uk.ua (big blind) showed [8d Ad] and lost with a pair of Eights



PokerStars Hand #254762610423:  Hold'em No Limit ($0.50/$1.00 USD) - 2025/02/08 8:25:02 WET [2025/02/08 3:25:02 ET]
Table 'Fortuna II' 6-max Seat #5 is the button
Seat 1: sutata ($251.12 in chips) 
Seat 2: florin40190 ($44.40 in chips) 
Seat 3: 50CandyJoe ($214.19 in chips) 
Seat 4: 3aekTpeBoMaH ($105.66 in chips) 
Seat 5: ka100pka527 ($108.34 in chips) 
Seat 6: Pon4uk.ua ($100 in chips) 
Pon4uk.ua: posts small blind $0.50
sutata: posts big blind $1
*** HOLE CARDS ***
florin40190: folds 
50CandyJoe: folds 
3aekTpeBoMaH: folds 
ka100pka527: raises $1.50 to $2.50
Pon4uk.ua: folds 
sutata: raises $9.80 to $12.30
ka100pka527: folds 
Uncalled bet ($9.80) returned to sutata
sutata collected $5.50 from pot
sutata: doesn't show hand 
*** SUMMARY ***
Total pot $5.50 | Rake $0 
Seat 1: sutata (big blind) collected ($5.50)
Seat 2: florin40190 folded before Flop (didn't bet)
Seat 3: 50CandyJoe folded before Flop (didn't bet)
Seat 4: 3aekTpeBoMaH folded before Flop (didn't bet)
Seat 5: ka100pka527 (button) folded before Flop
Seat 6: Pon4uk.ua (small blind) folded before Flop



PokerStars Hand #254762613774:  Hold'em No Limit ($0.50/$1.00 USD) - 2025/02/08 8:25:39 WET [2025/02/08 3:25:39 ET]
Table 'Fortuna II' 6-max Seat #6 is the button
Seat 1: sutata ($254.12 in chips) 
Seat 2: florin40190 ($44.40 in chips) 
Seat 3: 50CandyJoe ($214.19 in chips) 
Seat 4: 3aekTpeBoMaH ($105.66 in chips) 
Seat 5: ka100pka527 ($105.84 in chips) 
Seat 6: Pon4uk.ua ($100 in chips) 
sutata: posts small blind $0.50
florin40190: posts big blind $1
*** HOLE CARDS ***
50CandyJoe: folds 
3aekTpeBoMaH: folds 
ka100pka527: raises $1.50 to $2.50
Pon4uk.ua: folds 
sutata: folds 
florin40190: folds 
Uncalled bet ($1.50) returned to ka100pka527
ka100pka527 collected $2.50 from pot
ka100pka527: doesn't show hand 
*** SUMMARY ***
Total pot $2.50 | Rake $0 
Seat 1: sutata (small blind) folded before Flop
Seat 2: florin40190 (big blind) folded before Flop
Seat 3: 50CandyJoe folded before Flop (didn't bet)
Seat 4: 3aekTpeBoMaH folded before Flop (didn't bet)
Seat 5: ka100pka527 collected ($2.50)
Seat 6: Pon4uk.ua (button) folded before Flop (didn't bet)



PokerStars Hand #254762615652:  Hold'em No Limit ($0.50/$1.00 USD) - 2025/02/08 8:25:59 WET [2025/02/08 3:25:59 ET]
Table 'Fortuna II' 6-max Seat #1 is the button
Seat 1: sutata ($253.62 in chips) 
Seat 2: florin40190 ($43.40 in chips) 
Seat 3: 50CandyJoe ($214.19 in chips) 
Seat 4: 3aekTpeBoMaH ($105.66 in chips) 
Seat 5: ka100pka527 ($107.34 in chips) 
Seat 6: Pon4uk.ua ($100 in chips) 
florin40190: posts small blind $0.50
50CandyJoe: posts big blind $1
*** HOLE CARDS ***
3aekTpeBoMaH: folds 
ka100pka527: folds 
Pon4uk.ua: folds 
sutata: raises $2 to $3
florin40190 is disconnected 
florin40190 has timed out while being disconnected
florin40190: folds 
50CandyJoe: raises $10.50 to $13.50
sutata: folds 
Uncalled bet ($10.50) returned to 50CandyJoe
50CandyJoe collected $6.50 from pot
50CandyJoe: doesn't show hand 
*** SUMMARY ***
Total pot $6.50 | Rake $0 
Seat 1: sutata (button) folded before Flop
Seat 2: florin40190 (small blind) folded before Flop
Seat 3: 50CandyJoe (big blind) collected ($6.50)
Seat 4: 3aekTpeBoMaH folded before Flop (didn't bet)
Seat 5: ka100pka527 folded before Flop (didn't bet)
Seat 6: Pon4uk.ua folded before Flop (didn't bet)



PokerStars Hand #254762620916:  Hold'em No Limit ($0.50/$1.00 USD) - 2025/02/08 8:26:57 WET [2025/02/08 3:26:57 ET]
Table 'Fortuna II' 6-max Seat #3 is the button
Seat 2: florin40190 ($42.90 in chips) is sitting out
Seat 1: sutata ($250.62 in chips) 
Seat 3: 50CandyJoe ($217.69 in chips) 
Seat 4: 3aekTpeBoMaH ($105.66 in chips) 
Seat 5: ka100pka527 ($107.34 in chips) 
Seat 6: Pon4uk.ua ($100 in chips) 
3aekTpeBoMaH: posts small blind $0.50
ka100pka527: posts big blind $1
*** HOLE CARDS ***
Pon4uk.ua: raises $1 to $2
sutata: folds 
50CandyJoe: folds 
3aekTpeBoMaH: folds 
ka100pka527: folds 
Uncalled bet ($1) returned to Pon4uk.ua
Pon4uk.ua collected $2.50 from pot
Pon4uk.ua: doesn't show hand 
*** SUMMARY ***
Total pot $2.50 | Rake $0 
Seat 2: florin40190
Seat 1: sutata folded before Flop (didn't bet)
Seat 3: 50CandyJoe (button) folded before Flop (didn't bet)
Seat 4: 3aekTpeBoMaH (small blind) folded before Flop
Seat 5: ka100pka527 (big blind) folded before Flop
Seat 6: Pon4uk.ua collected ($2.50)



PokerStars Hand #254762622757:  Hold'em No Limit ($0.50/$1.00 USD) - 2025/02/08 8:27:17 WET [2025/02/08 3:27:17 ET]
Table 'Fortuna II' 6-max Seat #4 is the button
Seat 1: sutata ($250.62 in chips) 
Seat 2: florin40190 ($42.90 in chips) 
Seat 3: 50CandyJoe ($217.69 in chips) 
Seat 4: 3aekTpeBoMaH ($105.16 in chips) 
Seat 5: ka100pka527 ($106.34 in chips) 
Seat 6: Pon4uk.ua ($101.50 in chips) 
ka100pka527: posts small blind $0.50
Pon4uk.ua: posts big blind $1
*** HOLE CARDS ***
sutata: raises $1.50 to $2.50
florin40190: raises $6.50 to $9
50CandyJoe: folds 
3aekTpeBoMaH: folds 
ka100pka527: folds 
Pon4uk.ua: folds 
sutata: raises $160 to $169
florin40190: calls $33.90 and is all-in
Uncalled bet ($126.10) returned to sutata
*** FLOP *** [Js 5c 6h]
*** TURN *** [Js 5c 6h] [Jh]
*** RIVER *** [Js 5c 6h Jh] [Tc]
*** SHOW DOWN ***
sutata: shows [Qh Qd] (two pair, Queens and Jacks)
florin40190: shows [Qc Qs] (two pair, Queens and Jacks)
sutata collected $42.40 from pot
florin40190 collected $42.40 from pot
*** SUMMARY ***
Total pot $87.30 | Rake $2.50 
Board [Js 5c 6h Jh Tc]
Seat 1: sutata showed [Qh Qd] and won ($42.40) with two pair, Queens and Jacks
Seat 2: florin40190 showed [Qc Qs] and won ($42.40) with two pair, Queens and Jacks
Seat 3: 50CandyJoe folded before Flop (didn't bet)
Seat 4: 3aekTpeBoMaH (button) folded before Flop (didn't bet)
Seat 5: ka100pka527 (small blind) folded before Flop
Seat 6: Pon4uk.ua (big blind) folded before Flop



PokerStars Hand #254762626825:  Hold'em No Limit ($0.50/$1.00 USD) - 2025/02/08 8:28:02 WET [2025/02/08 3:28:02 ET]
Table 'Fortuna II' 6-max Seat #5 is the button
Seat 1: sutata ($250.12 in chips) 
Seat 2: florin40190 ($42.40 in chips) 
Seat 3: 50CandyJoe ($217.69 in chips) 
Seat 4: 3aekTpeBoMaH ($105.16 in chips) 
Seat 5: ka100pka527 ($105.84 in chips) 
Seat 6: Pon4uk.ua ($100.50 in chips) 
Pon4uk.ua: posts small blind $0.50
sutata: posts big blind $1
*** HOLE CARDS ***
florin40190 has timed out
florin40190: folds 
50CandyJoe: folds 
florin40190 is disconnected 
3aekTpeBoMaH: raises $1 to $2
ka100pka527: folds 
Pon4uk.ua: folds 
sutata: calls $1
*** FLOP *** [Kd Jh 6c]
sutata: checks 
3aekTpeBoMaH: bets $3
sutata: calls $3
*** TURN *** [Kd Jh 6c] [Kc]
sutata: checks 
3aekTpeBoMaH: checks 
*** RIVER *** [Kd Jh 6c Kc] [6h]
sutata: bets $7.58
3aekTpeBoMaH: calls $7.58
*** SHOW DOWN ***
sutata: shows [Ts 9s] (two pair, Kings and Sixes)
3aekTpeBoMaH: shows [Qs Qc] (two pair, Kings and Queens)
3aekTpeBoMaH collected $24.38 from pot
*** SUMMARY ***
Total pot $25.66 | Rake $1.28 
Board [Kd Jh 6c Kc 6h]
Seat 1: sutata (big blind) showed [Ts 9s] and lost with two pair, Kings and Sixes
Seat 2: florin40190 folded before Flop (didn't bet)
Seat 3: 50CandyJoe folded before Flop (didn't bet)
Seat 4: 3aekTpeBoMaH showed [Qs Qc] and won ($24.38) with two pair, Kings and Queens
Seat 5: ka100pka527 (button) folded before Flop (didn't bet)
Seat 6: Pon4uk.ua (small blind) folded before Flop



PokerStars Hand #254762633119:  Hold'em No Limit ($0.50/$1.00 USD) - 2025/02/08 8:29:11 WET [2025/02/08 3:29:11 ET]
Table 'Fortuna II' 6-max Seat #6 is the button
Seat 1: sutata ($237.54 in chips) 
Seat 2: florin40190 ($42.40 in chips) 
Seat 3: 50CandyJoe ($217.69 in chips) 
Seat 4: 3aekTpeBoMaH ($116.96 in chips) 
Seat 5: ka100pka527 ($105.84 in chips) 
Seat 6: Pon4uk.ua ($100 in chips) 
sutata: posts small blind $0.50
florin40190: posts big blind $1
*** HOLE CARDS ***
50CandyJoe: folds 
3aekTpeBoMaH: folds 
ka100pka527: raises $1.50 to $2.50
Pon4uk.ua: folds 
sutata: folds 
florin40190: folds 
Uncalled bet ($1.50) returned to ka100pka527
ka100pka527 collected $2.50 from pot
ka100pka527: doesn't show hand 
*** SUMMARY ***
Total pot $2.50 | Rake $0 
Seat 1: sutata (small blind) folded before Flop
Seat 2: florin40190 (big blind) folded before Flop
Seat 3: 50CandyJoe folded before Flop (didn't bet)
Seat 4: 3aekTpeBoMaH folded before Flop (didn't bet)
Seat 5: ka100pka527 collected ($2.50)
Seat 6: Pon4uk.ua (button) folded before Flop (didn't bet)



PokerStars Hand #254762634536:  Hold'em No Limit ($0.50/$1.00 USD) - 2025/02/08 8:29:27 WET [2025/02/08 3:29:27 ET]
Table 'Fortuna II' 6-max Seat #1 is the button
Seat 1: sutata ($237.04 in chips) 
Seat 2: florin40190 ($41.40 in chips) 
Seat 3: 50CandyJoe ($217.69 in chips) 
Seat 4: 3aekTpeBoMaH ($116.96 in chips) 
Seat 5: ka100pka527 ($107.34 in chips) 
Seat 6: Pon4uk.ua ($100 in chips) 
florin40190: posts small blind $0.50
50CandyJoe: posts big blind $1
*** HOLE CARDS ***
3aekTpeBoMaH: folds 
ka100pka527: folds 
Pon4uk.ua: raises $1.50 to $2.50
sutata: folds 
florin40190 has timed out
florin40190: folds 
florin40190 is disconnected 
50CandyJoe: folds 
Uncalled bet ($1.50) returned to Pon4uk.ua
Pon4uk.ua collected $2.50 from pot
Pon4uk.ua: doesn't show hand 
*** SUMMARY ***
Total pot $2.50 | Rake $0 
Seat 1: sutata (button) folded before Flop (didn't bet)
Seat 2: florin40190 (small blind) folded before Flop
Seat 3: 50CandyJoe (big blind) folded before Flop
Seat 4: 3aekTpeBoMaH folded before Flop (didn't bet)
Seat 5: ka100pka527 folded before Flop (didn't bet)
Seat 6: Pon4uk.ua collected ($2.50)



PokerStars Hand #254762638782:  Hold'em No Limit ($0.50/$1.00 USD) - 2025/02/08 8:30:14 WET [2025/02/08 3:30:14 ET]
Table 'Fortuna II' 6-max Seat #3 is the button
Seat 2: florin40190 ($40.90 in chips) is sitting out
Seat 1: sutata ($237.04 in chips) 
Seat 3: 50CandyJoe ($216.69 in chips) 
Seat 4: 3aekTpeBoMaH ($116.96 in chips) 
Seat 5: ka100pka527 ($107.34 in chips) 
Seat 6: Pon4uk.ua ($101.50 in chips) 
3aekTpeBoMaH: posts small blind $0.50
ka100pka527: posts big blind $1
*** HOLE CARDS ***
Pon4uk.ua: folds 
sutata: raises $1.50 to $2.50
50CandyJoe: calls $2.50
3aekTpeBoMaH: folds 
ka100pka527: folds 
*** FLOP *** [9c 4c 6c]
sutata: checks 
50CandyJoe: bets $3.09
sutata: calls $3.09
*** TURN *** [9c 4c 6c] [4h]
sutata: checks 
50CandyJoe: bets $9.04
sutata: folds 
Uncalled bet ($9.04) returned to 50CandyJoe
50CandyJoe collected $12.05 from pot
50CandyJoe: doesn't show hand 
*** SUMMARY ***
Total pot $12.68 | Rake $0.63 
Board [9c 4c 6c 4h]
Seat 2: florin40190
Seat 1: sutata folded on the Turn
Seat 3: 50CandyJoe (button) collected ($12.05)
Seat 4: 3aekTpeBoMaH (small blind) folded before Flop
Seat 5: ka100pka527 (big blind) folded before Flop
Seat 6: Pon4uk.ua folded before Flop (didn't bet)



PokerStars Hand #254762642732:  Hold'em No Limit ($0.50/$1.00 USD) - 2025/02/08 8:30:57 WET [2025/02/08 3:30:57 ET]
Table 'Fortuna II' 6-max Seat #4 is the button
Seat 1: sutata ($231.45 in chips) 
Seat 2: florin40190 ($40.90 in chips) 
Seat 3: 50CandyJoe ($223.15 in chips) 
Seat 4: 3aekTpeBoMaH ($116.46 in chips) 
Seat 5: ka100pka527 ($106.34 in chips) 
Seat 6: Pon4uk.ua ($101.50 in chips) 
ka100pka527: posts small blind $0.50
Pon4uk.ua: posts big blind $1
*** HOLE CARDS ***
sutata: folds 
florin40190: folds 
50CandyJoe: folds 
3aekTpeBoMaH: folds 
ka100pka527: folds 
Uncalled bet ($0.50) returned to Pon4uk.ua
Pon4uk.ua collected $1 from pot
Pon4uk.ua: doesn't show hand 
*** SUMMARY ***
Total pot $1 | Rake $0 
Seat 1: sutata folded before Flop (didn't bet)
Seat 2: florin40190 folded before Flop (didn't bet)
Seat 3: 50CandyJoe folded before Flop (didn't bet)
Seat 4: 3aekTpeBoMaH (button) folded before Flop (didn't bet)
Seat 5: ka100pka527 (small blind) folded before Flop
Seat 6: Pon4uk.ua (big blind) collected ($1)



PokerStars Hand #254762644794:  Hold'em No Limit ($0.50/$1.00 USD) - 2025/02/08 8:31:19 WET [2025/02/08 3:31:19 ET]
Table 'Fortuna II' 6-max Seat #5 is the button
Seat 1: sutata ($231.45 in chips) 
Seat 2: florin40190 ($40.90 in chips) 
Seat 3: 50CandyJoe ($223.15 in chips) 
Seat 4: 3aekTpeBoMaH ($116.46 in chips) 
Seat 5: ka100pka527 ($105.84 in chips) 
Seat 6: Pon4uk.ua ($102 in chips) 
Pon4uk.ua: posts small blind $0.50
sutata: posts big blind $1
*** HOLE CARDS ***
florin40190: folds 
50CandyJoe: folds 
3aekTpeBoMaH: folds 
ka100pka527: folds 
Pon4uk.ua: raises $1.75 to $2.75
sutata: folds 
Uncalled bet ($1.75) returned to Pon4uk.ua
Pon4uk.ua collected $2 from pot
Pon4uk.ua: doesn't show hand 
*** SUMMARY ***
Total pot $2 | Rake $0 
Seat 1: sutata (big blind) folded before Flop
Seat 2: florin40190 folded before Flop (didn't bet)
Seat 3: 50CandyJoe folded before Flop (didn't bet)
Seat 4: 3aekTpeBoMaH folded before Flop (didn't bet)
Seat 5: ka100pka527 (button) folded before Flop (didn't bet)
Seat 6: Pon4uk.ua (small blind) collected ($2)



PokerStars Hand #254762646852:  Hold'em No Limit ($0.50/$1.00 USD) - 2025/02/08 8:31:41 WET [2025/02/08 3:31:41 ET]
Table 'Fortuna II' 6-max Seat #6 is the button
Seat 1: sutata ($230.45 in chips) 
Seat 2: florin40190 ($40.90 in chips) 
Seat 3: 50CandyJoe ($223.15 in chips) 
Seat 4: 3aekTpeBoMaH ($116.46 in chips) 
Seat 5: ka100pka527 ($105.84 in chips) 
Seat 6: Pon4uk.ua ($103 in chips) 
sutata: posts small blind $0.50
florin40190: posts big blind $1
*** HOLE CARDS ***
50CandyJoe: folds 
3aekTpeBoMaH: folds 
ka100pka527: folds 
Pon4uk.ua: folds 
sutata: raises $2 to $3
florin40190: raises $10 to $13
sutata: folds 
Uncalled bet ($10) returned to florin40190
florin40190 collected $6 from pot
*** SUMMARY ***
Total pot $6 | Rake $0 
Seat 1: sutata (small blind) folded before Flop
Seat 2: florin40190 (big blind) collected ($6)
Seat 3: 50CandyJoe folded before Flop (didn't bet)
Seat 4: 3aekTpeBoMaH folded before Flop (didn't bet)
Seat 5: ka100pka527 folded before Flop (didn't bet)
Seat 6: Pon4uk.ua (button) folded before Flop (didn't bet)



PokerStars Hand #254762649357:  Hold'em No Limit ($0.50/$1.00 USD) - 2025/02/08 8:32:09 WET [2025/02/08 3:32:09 ET]
Table 'Fortuna II' 6-max Seat #1 is the button
Seat 1: sutata ($227.45 in chips) 
Seat 2: florin40190 ($43.90 in chips) 
Seat 3: 50CandyJoe ($223.15 in chips) 
Seat 4: 3aekTpeBoMaH ($116.46 in chips) 
Seat 5: ka100pka527 ($105.84 in chips) 
Seat 6: Pon4uk.ua ($103 in chips) 
florin40190: posts small blind $0.50
50CandyJoe: posts big blind $1
*** HOLE CARDS ***
3aekTpeBoMaH: folds 
ka100pka527: folds 
Pon4uk.ua: raises $1.50 to $2.50
sutata: folds 
florin40190: folds 
50CandyJoe: folds 
Uncalled bet ($1.50) returned to Pon4uk.ua
Pon4uk.ua collected $2.50 from pot
Pon4uk.ua: doesn't show hand 
*** SUMMARY ***
Total pot $2.50 | Rake $0 
Seat 1: sutata (button) folded before Flop (didn't bet)
Seat 2: florin40190 (small blind) folded before Flop
Seat 3: 50CandyJoe (big blind) folded before Flop
Seat 4: 3aekTpeBoMaH folded before Flop (didn't bet)
Seat 5: ka100pka527 folded before Flop (didn't bet)
Seat 6: Pon4uk.ua collected ($2.50)



PokerStars Hand #254762653095:  Hold'em No Limit ($0.50/$1.00 USD) - 2025/02/08 8:32:50 WET [2025/02/08 3:32:50 ET]
Table 'Fortuna II' 6-max Seat #2 is the button
Seat 1: sutata ($227.45 in chips) 
Seat 2: florin40190 ($43.40 in chips) 
Seat 3: 50CandyJoe ($222.15 in chips) 
Seat 4: 3aekTpeBoMaH ($116.46 in chips) 
Seat 5: ka100pka527 ($105.84 in chips) 
Seat 6: Pon4uk.ua ($104.50 in chips) 
50CandyJoe: posts small blind $0.50
3aekTpeBoMaH: posts big blind $1
*** HOLE CARDS ***
ka100pka527: folds 
Pon4uk.ua: folds 
sutata: folds 
florin40190: folds 
50CandyJoe: raises $1.50 to $2.50
3aekTpeBoMaH: calls $1.50
*** FLOP *** [Td 2h 4s]
50CandyJoe: bets $2.75
3aekTpeBoMaH: calls $2.75
*** TURN *** [Td 2h 4s] [Jc]
50CandyJoe: bets $3.29
3aekTpeBoMaH: calls $3.29
*** RIVER *** [Td 2h 4s Jc] [5s]
50CandyJoe: checks 
3aekTpeBoMaH: checks 
*** SHOW DOWN ***
50CandyJoe: shows [7h Th] (a pair of Tens)
3aekTpeBoMaH: mucks hand 
50CandyJoe collected $16.23 from pot
*** SUMMARY ***
Total pot $17.08 | Rake $0.85 
Board [Td 2h 4s Jc 5s]
Seat 1: sutata folded before Flop (didn't bet)
Seat 2: florin40190 (button) folded before Flop (didn't bet)
Seat 3: 50CandyJoe (small blind) showed [7h Th] and won ($16.23) with a pair of Tens
Seat 4: 3aekTpeBoMaH (big blind) mucked
Seat 5: ka100pka527 folded before Flop (didn't bet)
Seat 6: Pon4uk.ua folded before Flop (didn't bet)



PokerStars Hand #254762658114:  Hold'em No Limit ($0.50/$1.00 USD) - 2025/02/08 8:33:45 WET [2025/02/08 3:33:45 ET]
Table 'Fortuna II' 6-max Seat #3 is the button
Seat 1: sutata ($227.45 in chips) 
Seat 2: florin40190 ($43.40 in chips) 
Seat 3: 50CandyJoe ($229.84 in chips) 
Seat 4: 3aekTpeBoMaH ($107.92 in chips) 
Seat 5: ka100pka527 ($105.84 in chips) 
Seat 6: Pon4uk.ua ($104.50 in chips) 
3aekTpeBoMaH: posts small blind $0.50
ka100pka527: posts big blind $1
*** HOLE CARDS ***
Pon4uk.ua: folds 
sutata: folds 
florin40190: folds 
50CandyJoe: raises $1.50 to $2.50
3aekTpeBoMaH: folds 
ka100pka527: folds 
Uncalled bet ($1.50) returned to 50CandyJoe
50CandyJoe collected $2.50 from pot
50CandyJoe: doesn't show hand 
*** SUMMARY ***
Total pot $2.50 | Rake $0 
Seat 1: sutata folded before Flop (didn't bet)
Seat 2: florin40190 folded before Flop (didn't bet)
Seat 3: 50CandyJoe (button) collected ($2.50)
Seat 4: 3aekTpeBoMaH (small blind) folded before Flop
Seat 5: ka100pka527 (big blind) folded before Flop
Seat 6: Pon4uk.ua folded before Flop (didn't bet)



PokerStars Hand #254762659823:  Hold'em No Limit ($0.50/$1.00 USD) - 2025/02/08 8:34:04 WET [2025/02/08 3:34:04 ET]
Table 'Fortuna II' 6-max Seat #4 is the button
Seat 1: sutata ($227.45 in chips) 
Seat 2: florin40190 ($43.40 in chips) 
Seat 3: 50CandyJoe ($231.34 in chips) 
Seat 4: 3aekTpeBoMaH ($107.42 in chips) 
Seat 5: ka100pka527 ($104.84 in chips) 
Seat 6: Pon4uk.ua ($104.50 in chips) 
ka100pka527: posts small blind $0.50
Pon4uk.ua: posts big blind $1
*** HOLE CARDS ***
sutata: folds 
florin40190: folds 
50CandyJoe: raises $1.20 to $2.20
3aekTpeBoMaH: folds 
ka100pka527: folds 
Pon4uk.ua: folds 
Uncalled bet ($1.20) returned to 50CandyJoe
50CandyJoe collected $2.50 from pot
50CandyJoe: doesn't show hand 
*** SUMMARY ***
Total pot $2.50 | Rake $0 
Seat 1: sutata folded before Flop (didn't bet)
Seat 2: florin40190 folded before Flop (didn't bet)
Seat 3: 50CandyJoe collected ($2.50)
Seat 4: 3aekTpeBoMaH (button) folded before Flop (didn't bet)
Seat 5: ka100pka527 (small blind) folded before Flop
Seat 6: Pon4uk.ua (big blind) folded before Flop



PokerStars Hand #254762678092:  Hold'em No Limit ($0.50/$1.00 USD) - 2025/02/08 8:37:16 WET [2025/02/08 3:37:16 ET]
Table 'Fortuna II' 6-max Seat #4 is the button
Seat 1: sutata ($224.45 in chips) 
Seat 2: florin40190 ($39.30 in chips) 
Seat 3: 50CandyJoe ($249.99 in chips) 
Seat 4: 3aekTpeBoMaH ($93.23 in chips) 
Seat 5: ka100pka527 ($106.06 in chips) 
Seat 6: Pon4uk.ua ($103 in chips) 
ka100pka527: posts small blind $0.50
Pon4uk.ua: posts big blind $1
*** HOLE CARDS ***
sutata: folds 
florin40190 is connected 
florin40190: raises $2.50 to $3.50
50CandyJoe: folds 
3aekTpeBoMaH: raises $4.50 to $8
ka100pka527: folds 
Pon4uk.ua: folds 
florin40190: calls $4.50
*** FLOP *** [6h 2c 4d]
florin40190: checks 
3aekTpeBoMaH: checks 
*** TURN *** [6h 2c 4d] [Jh]
florin40190: bets $8.31
3aekTpeBoMaH: calls $8.31
*** RIVER *** [6h 2c 4d Jh] [Kc]
florin40190: bets $22.99 and is all-in
3aekTpeBoMaH: folds 
Uncalled bet ($22.99) returned to florin40190
florin40190 collected $32.41 from pot
*** SUMMARY ***
Total pot $34.12 | Rake $1.71 
Board [6h 2c 4d Jh Kc]
Seat 1: sutata folded before Flop (didn't bet)
Seat 2: florin40190 collected ($32.41)
Seat 3: 50CandyJoe folded before Flop (didn't bet)
Seat 4: 3aekTpeBoMaH (button) folded on the River
Seat 5: ka100pka527 (small blind) folded before Flop
Seat 6: Pon4uk.ua (big blind) folded before Flop



PokerStars Hand #254762685123:  Hold'em No Limit ($0.50/$1.00 USD) - 2025/02/08 8:38:29 WET [2025/02/08 3:38:29 ET]
Table 'Fortuna II' 6-max Seat #6 is the button
Seat 5: ka100pka527 ($105.56 in chips) is sitting out
Seat 1: sutata ($224.45 in chips) 
Seat 2: florin40190 ($55.40 in chips) 
Seat 3: 50CandyJoe ($249.99 in chips) 
Seat 4: 3aekTpeBoMaH ($76.92 in chips) 
Seat 6: Pon4uk.ua ($102 in chips) 
sutata: posts small blind $0.50
florin40190: posts big blind $1
*** HOLE CARDS ***
ka100pka527 leaves the table
50CandyJoe: folds 
3aekTpeBoMaH: raises $2 to $3
Pon4uk.ua: folds 
sutata: folds 
florin40190: folds 
Uncalled bet ($2) returned to 3aekTpeBoMaH
3aekTpeBoMaH collected $2.50 from pot
Ydys20 joins the table at seat #5 
*** SUMMARY ***
Total pot $2.50 | Rake $0 
Seat 5: ka100pka527
Seat 1: sutata (small blind) folded before Flop
Seat 2: florin40190 (big blind) folded before Flop
Seat 3: 50CandyJoe folded before Flop (didn't bet)
Seat 4: 3aekTpeBoMaH collected ($2.50)
Seat 6: Pon4uk.ua (button) folded before Flop (didn't bet)



PokerStars Hand #254762686945:  Hold'em No Limit ($0.50/$1.00 USD) - 2025/02/08 8:38:49 WET [2025/02/08 3:38:49 ET]
Table 'Fortuna II' 6-max Seat #1 is the button
Seat 5: Ydys20 ($100 in chips) is sitting out
Seat 1: sutata ($223.95 in chips) 
Seat 2: florin40190 ($54.40 in chips) 
Seat 3: 50CandyJoe ($249.99 in chips) 
Seat 4: 3aekTpeBoMaH ($78.42 in chips) 
Seat 6: Pon4uk.ua ($102 in chips) 
florin40190: posts small blind $0.50
50CandyJoe: posts big blind $1
Ydys20: sits out 
*** HOLE CARDS ***
3aekTpeBoMaH: raises $2 to $3
Pon4uk.ua: folds 
sutata: folds 
florin40190: folds 
50CandyJoe: folds 
Uncalled bet ($2) returned to 3aekTpeBoMaH
3aekTpeBoMaH collected $2.50 from pot
*** SUMMARY ***
Total pot $2.50 | Rake $0 
Seat 5: Ydys20
Seat 1: sutata (button) folded before Flop (didn't bet)
Seat 2: florin40190 (small blind) folded before Flop
Seat 3: 50CandyJoe (big blind) folded before Flop
Seat 4: 3aekTpeBoMaH collected ($2.50)
Seat 6: Pon4uk.ua folded before Flop (didn't bet)



PokerStars Hand #254762688572:  Hold'em No Limit ($0.50/$1.00 USD) - 2025/02/08 8:39:05 WET [2025/02/08 3:39:05 ET]
Table 'Fortuna II' 6-max Seat #2 is the button
Seat 5: Ydys20 ($100 in chips) is sitting out
Seat 1: sutata ($223.95 in chips) 
Seat 2: florin40190 ($53.90 in chips) 
Seat 3: 50CandyJoe ($248.99 in chips) 
Seat 4: 3aekTpeBoMaH ($79.92 in chips) 
Seat 6: Pon4uk.ua ($102 in chips) 
50CandyJoe: posts small blind $0.50
3aekTpeBoMaH: posts big blind $1
Ydys20: sits out 
*** HOLE CARDS ***
Pon4uk.ua: folds 
sutata: folds 
florin40190: folds 
50CandyJoe: folds 
Uncalled bet ($0.50) returned to 3aekTpeBoMaH
3aekTpeBoMaH collected $1 from pot
*** SUMMARY ***
Total pot $1 | Rake $0 
Seat 5: Ydys20
Seat 1: sutata folded before Flop (didn't bet)
Seat 2: florin40190 (button) folded before Flop (didn't bet)
Seat 3: 50CandyJoe (small blind) folded before Flop
Seat 4: 3aekTpeBoMaH (big blind) collected ($1)
Seat 6: Pon4uk.ua folded before Flop (didn't bet)



PokerStars Hand #254762690113:  Hold'em No Limit ($0.50/$1.00 USD) - 2025/02/08 8:39:21 WET [2025/02/08 3:39:21 ET]
Table 'Fortuna II' 6-max Seat #3 is the button
Seat 1: sutata ($223.95 in chips) 
Seat 2: florin40190 ($53.90 in chips) 
Seat 3: 50CandyJoe ($248.49 in chips) 
Seat 4: 3aekTpeBoMaH ($80.42 in chips) 
Seat 5: Ydys20 ($100 in chips) 
Seat 6: Pon4uk.ua ($102 in chips) 
3aekTpeBoMaH: posts small blind $0.50
Ydys20: posts big blind $1
*** HOLE CARDS ***
Pon4uk.ua: folds 
sutata: raises $1.50 to $2.50
florin40190: calls $2.50
50CandyJoe: folds 
3aekTpeBoMaH: calls $2
Ydys20: folds 
*** FLOP *** [8s Qs 6h]
3aekTpeBoMaH: checks 
sutata: bets $4.04
florin40190: raises $11.96 to $16
3aekTpeBoMaH: raises $34 to $50
sutata: raises $171.45 to $221.45 and is all-in
florin40190: calls $35.40 and is all-in
3aekTpeBoMaH: calls $27.92 and is all-in
Uncalled bet ($143.53) returned to sutata
*** TURN *** [8s Qs 6h] [9d]
*** RIVER *** [8s Qs 6h 9d] [Qc]
*** SHOW DOWN ***
3aekTpeBoMaH: shows [2s 3s] (a pair of Queens)
sutata: shows [6s 6d] (a full house, Sixes full of Queens)
sutata collected $53.04 from side pot
florin40190: shows [Qd Ad] (three of a kind, Queens)
sutata collected $160.20 from main pot
*** SUMMARY ***
Total pot $215.74 Main pot $160.20. Side pot $53.04. | Rake $2.50 
Board [8s Qs 6h 9d Qc]
Seat 1: sutata showed [6s 6d] and won ($213.24) with a full house, Sixes full of Queens
Seat 2: florin40190 showed [Qd Ad] and lost with three of a kind, Queens
Seat 3: 50CandyJoe (button) folded before Flop (didn't bet)
Seat 4: 3aekTpeBoMaH (small blind) showed [2s 3s] and lost with a pair of Queens
Seat 5: Ydys20 (big blind) folded before Flop
Seat 6: Pon4uk.ua folded before Flop (didn't bet)



PokerStars Hand #254762695973:  Hold'em No Limit ($0.50/$1.00 USD) - 2025/02/08 8:40:21 WET [2025/02/08 3:40:21 ET]
Table 'Fortuna II' 6-max Seat #5 is the button
Seat 2: florin40190 ($0 in chips) is sitting out
Seat 4: 3aekTpeBoMaH ($0 in chips) is sitting out
Seat 1: sutata ($356.77 in chips) 
Seat 3: 50CandyJoe ($248.49 in chips) 
Seat 5: Ydys20 ($100 in chips) 
Seat 6: Pon4uk.ua ($102 in chips) 
Pon4uk.ua: posts small blind $0.50
sutata: posts big blind $1
*** HOLE CARDS ***
50CandyJoe: raises $1.20 to $2.20
3aekTpeBoMaH is disconnected 
Ydys20: folds 
Pon4uk.ua: folds 
sutata: folds 
Uncalled bet ($1.20) returned to 50CandyJoe
50CandyJoe collected $2.50 from pot
50CandyJoe: doesn't show hand 
*** SUMMARY ***
Total pot $2.50 | Rake $0 
Seat 2: florin40190
Seat 4: 3aekTpeBoMaH
Seat 1: sutata (big blind) folded before Flop
Seat 3: 50CandyJoe collected ($2.50)
Seat 5: Ydys20 (button) folded before Flop (didn't bet)
Seat 6: Pon4uk.ua (small blind) folded before Flop



PokerStars Hand #254762697337:  Hold'em No Limit ($0.50/$1.00 USD) - 2025/02/08 8:40:35 WET [2025/02/08 3:40:35 ET]
Table 'Fortuna II' 6-max Seat #6 is the button
Seat 4: 3aekTpeBoMaH ($0 in chips) is sitting out
Seat 1: sutata ($355.77 in chips) 
Seat 2: florin40190 ($10 in chips) 
Seat 3: 50CandyJoe ($249.99 in chips) 
Seat 5: Ydys20 ($100 in chips) 
Seat 6: Pon4uk.ua ($101.50 in chips) 
sutata: posts small blind $0.50
florin40190: posts big blind $1
*** HOLE CARDS ***
50CandyJoe: folds 
Ydys20: folds 
Pon4uk.ua: raises $1.50 to $2.50
sutata: folds 
florin40190: raises $7.50 to $10 and is all-in
Pon4uk.ua: calls $7.50
*** FLOP *** [6c Kd 5s]
*** TURN *** [6c Kd 5s] [3s]
*** RIVER *** [6c Kd 5s 3s] [Ad]
*** SHOW DOWN ***
florin40190: shows [Jd 5h] (a pair of Fives)
Pon4uk.ua: shows [Ks Jc] (a pair of Kings)
Pon4uk.ua collected $19.48 from pot
*** SUMMARY ***
Total pot $20.50 | Rake $1.02 
Board [6c Kd 5s 3s Ad]
Seat 4: 3aekTpeBoMaH
Seat 1: sutata (small blind) folded before Flop
Seat 2: florin40190 (big blind) showed [Jd 5h] and lost with a pair of Fives
Seat 3: 50CandyJoe folded before Flop (didn't bet)
Seat 5: Ydys20 folded before Flop (didn't bet)
Seat 6: Pon4uk.ua (button) showed [Ks Jc] and won ($19.48) with a pair of Kings



PokerStars Hand #254762699513:  Hold'em No Limit ($0.50/$1.00 USD) - 2025/02/08 8:40:58 WET [2025/02/08 3:40:58 ET]
Table 'Fortuna II' 6-max Seat #1 is the button
Seat 2: florin40190 ($0 in chips) is sitting out
Seat 4: 3aekTpeBoMaH ($0 in chips) is sitting out
Seat 5: Ydys20 ($100 in chips) is sitting out
Seat 1: sutata ($355.27 in chips) 
Seat 3: 50CandyJoe ($249.99 in chips) 
Seat 6: Pon4uk.ua ($110.98 in chips) 
50CandyJoe: posts small blind $0.50
Ydys20: is sitting out 
Pon4uk.ua: posts big blind $1
*** HOLE CARDS ***
sutata: raises $2 to $3
Ydys20 leaves the table
50CandyJoe: folds 
ka100pka527 joins the table at seat #5 
Pon4uk.ua: folds 
Uncalled bet ($2) returned to sutata
sutata collected $2.50 from pot
sutata: doesn't show hand 
*** SUMMARY ***
Total pot $2.50 | Rake $0 
Seat 2: florin40190
Seat 4: 3aekTpeBoMaH
Seat 5: Ydys20
Seat 1: sutata (button) collected ($2.50)
Seat 3: 50CandyJoe (small blind) folded before Flop
Seat 6: Pon4uk.ua (big blind) folded before Flop



PokerStars Hand #254762701462:  Hold'em No Limit ($0.50/$1.00 USD) - 2025/02/08 8:41:18 WET [2025/02/08 3:41:18 ET]
Table 'Fortuna II' 6-max Seat #3 is the button
Seat 4: 3aekTpeBoMaH ($0 in chips) is sitting out
Seat 5: ka100pka527 ($105.56 in chips) is sitting out
Seat 1: sutata ($356.77 in chips) 
Seat 2: florin40190 ($21.33 in chips) 
Seat 3: 50CandyJoe ($249.49 in chips) 
Seat 6: Pon4uk.ua ($109.98 in chips) 
Pon4uk.ua: posts small blind $0.50
sutata: posts big blind $1
florin40190: posts small blind $0.50
*** HOLE CARDS ***
florin40190: folds 
50CandyJoe: raises $1.50 to $2.50
Pon4uk.ua: folds 
sutata: raises $10.50 to $13
50CandyJoe: folds 
Uncalled bet ($10.50) returned to sutata
sutata collected $6 from pot
sutata: doesn't show hand 
*** SUMMARY ***
Total pot $6 | Rake $0 
Seat 4: 3aekTpeBoMaH
Seat 5: ka100pka527
Seat 1: sutata (big blind) collected ($6)
Seat 2: florin40190 folded before Flop (didn't bet)
Seat 3: 50CandyJoe (button) folded before Flop
Seat 6: Pon4uk.ua (small blind) folded before Flop



PokerStars Hand #254762705741:  Hold'em No Limit ($0.50/$1.00 USD) - 2025/02/08 8:42:02 WET [2025/02/08 3:42:02 ET]
Table 'Fortuna II' 6-max Seat #6 is the button
Seat 4: 3aekTpeBoMaH ($0 in chips) is sitting out
Seat 5: ka100pka527 ($105.56 in chips) is sitting out
Seat 1: sutata ($360.27 in chips) 
Seat 2: florin40190 ($20.83 in chips) 
Seat 3: 50CandyJoe ($246.99 in chips) 
Seat 6: Pon4uk.ua ($109.48 in chips) 
sutata: posts small blind $0.50
florin40190: posts big blind $1
ka100pka527: sits out 
*** HOLE CARDS ***
50CandyJoe: folds 
Pon4uk.ua: folds 
sutata: folds 
Uncalled bet ($0.50) returned to florin40190
florin40190 collected $1 from pot
*** SUMMARY ***
Total pot $1 | Rake $0 
Seat 4: 3aekTpeBoMaH
Seat 5: ka100pka527
Seat 1: sutata (small blind) folded before Flop
Seat 2: florin40190 (big blind) collected ($1)
Seat 3: 50CandyJoe folded before Flop (didn't bet)
Seat 6: Pon4uk.ua (button) folded before Flop (didn't bet)



PokerStars Hand #254762707172:  Hold'em No Limit ($0.50/$1.00 USD) - 2025/02/08 8:42:18 WET [2025/02/08 3:42:18 ET]
Table 'Fortuna II' 6-max Seat #1 is the button
Seat 4: 3aekTpeBoMaH ($0 in chips) is sitting out
Seat 5: ka100pka527 ($105.56 in chips) is sitting out
Seat 1: sutata ($359.77 in chips) 
Seat 2: florin40190 ($21.33 in chips) 
Seat 3: 50CandyJoe ($246.99 in chips) 
Seat 6: Pon4uk.ua ($109.48 in chips) 
florin40190: posts small blind $0.50
50CandyJoe: posts big blind $1
ka100pka527: sits out 
*** HOLE CARDS ***
Pon4uk.ua: folds 
sutata: folds 
florin40190: raises $20.33 to $21.33 and is all-in
50CandyJoe: folds 
Uncalled bet ($20.33) returned to florin40190
florin40190 collected $2 from pot
*** SUMMARY ***
Total pot $2 | Rake $0 
Seat 4: 3aekTpeBoMaH
Seat 5: ka100pka527
Seat 1: sutata (button) folded before Flop (didn't bet)
Seat 2: florin40190 (small blind) collected ($2)
Seat 3: 50CandyJoe (big blind) folded before Flop
Seat 6: Pon4uk.ua folded before Flop (didn't bet)



PokerStars Hand #254762708631:  Hold'em No Limit ($0.50/$1.00 USD) - 2025/02/08 8:42:33 WET [2025/02/08 3:42:33 ET]
Table 'Fortuna II' 6-max Seat #2 is the button
Seat 4: 3aekTpeBoMaH ($0 in chips) is sitting out
Seat 1: sutata ($359.77 in chips) 
Seat 2: florin40190 ($22.33 in chips) 
Seat 3: 50CandyJoe ($245.99 in chips) 
Seat 5: ka100pka527 ($105.56 in chips) 
Seat 6: Pon4uk.ua ($109.48 in chips) 
50CandyJoe: posts small blind $0.50
ka100pka527: posts big blind $1
*** HOLE CARDS ***
Pon4uk.ua: folds 
sutata: raises $1.50 to $2.50
florin40190: folds 
50CandyJoe: folds 
ka100pka527: folds 
Uncalled bet ($1.50) returned to sutata
sutata collected $2.50 from pot
sutata: doesn't show hand 
*** SUMMARY ***
Total pot $2.50 | Rake $0 
Seat 4: 3aekTpeBoMaH
Seat 1: sutata collected ($2.50)
Seat 2: florin40190 (button) folded before Flop (didn't bet)
Seat 3: 50CandyJoe (small blind) folded before Flop
Seat 5: ka100pka527 (big blind) folded before Flop
Seat 6: Pon4uk.ua folded before Flop (didn't bet)



PokerStars Hand #254762710570:  Hold'em No Limit ($0.50/$1.00 USD) - 2025/02/08 8:42:53 WET [2025/02/08 3:42:53 ET]
Table 'Fortuna II' 6-max Seat #3 is the button
Seat 4: 3aekTpeBoMaH ($0 in chips) is sitting out
Seat 1: sutata ($361.27 in chips) 
Seat 2: florin40190 ($22.33 in chips) 
Seat 3: 50CandyJoe ($245.49 in chips) 
Seat 5: ka100pka527 ($104.56 in chips) 
Seat 6: Pon4uk.ua ($109.48 in chips) 
ka100pka527: posts small blind $0.50
Pon4uk.ua: posts big blind $1
*** HOLE CARDS ***
sutata: folds 
florin40190: calls $1
50CandyJoe: raises $2.50 to $3.50
ka100pka527: folds 
Pon4uk.ua: folds 
florin40190: raises $18.83 to $22.33 and is all-in
50CandyJoe: folds 
Uncalled bet ($18.83) returned to florin40190
florin40190 collected $8.50 from pot
*** SUMMARY ***
Total pot $8.50 | Rake $0 
Seat 4: 3aekTpeBoMaH
Seat 1: sutata folded before Flop (didn't bet)
Seat 2: florin40190 collected ($8.50)
Seat 3: 50CandyJoe (button) folded before Flop
Seat 5: ka100pka527 (small blind) folded before Flop
Seat 6: Pon4uk.ua (big blind) folded before Flop



PokerStars Hand #254762713457:  Hold'em No Limit ($0.50/$1.00 USD) - 2025/02/08 8:43:23 WET [2025/02/08 3:43:23 ET]
Table 'Fortuna II' 6-max Seat #5 is the button
Seat 4: 3aekTpeBoMaH ($0 in chips) is sitting out
Seat 1: sutata ($361.27 in chips) 
Seat 2: florin40190 ($27.33 in chips) 
Seat 3: 50CandyJoe ($241.99 in chips) 
Seat 5: ka100pka527 ($104.06 in chips) 
Seat 6: Pon4uk.ua ($108.48 in chips) 
Pon4uk.ua: posts small blind $0.50
sutata: posts big blind $1
*** HOLE CARDS ***
florin40190: folds 
50CandyJoe: folds 
ka100pka527: raises $1.50 to $2.50
Pon4uk.ua: folds 
sutata: calls $1.50
*** FLOP *** [7c Jd 7h]
sutata: checks 
ka100pka527: bets $7.31
sutata: folds 
Uncalled bet ($7.31) returned to ka100pka527
ka100pka527 collected $5.22 from pot
ka100pka527: doesn't show hand 
*** SUMMARY ***
Total pot $5.50 | Rake $0.28 
Board [7c Jd 7h]
Seat 4: 3aekTpeBoMaH
Seat 1: sutata (big blind) folded on the Flop
Seat 2: florin40190 folded before Flop (didn't bet)
Seat 3: 50CandyJoe folded before Flop (didn't bet)
Seat 5: ka100pka527 (button) collected ($5.22)
Seat 6: Pon4uk.ua (small blind) folded before Flop



PokerStars Hand #254762716496:  Hold'em No Limit ($0.50/$1.00 USD) - 2025/02/08 8:43:54 WET [2025/02/08 3:43:54 ET]
Table 'Fortuna II' 6-max Seat #6 is the button
Seat 4: 3aekTpeBoMaH ($0 in chips) is sitting out
Seat 1: sutata ($358.77 in chips) 
Seat 2: florin40190 ($27.33 in chips) 
Seat 3: 50CandyJoe ($241.99 in chips) 
Seat 5: ka100pka527 ($106.78 in chips) 
Seat 6: Pon4uk.ua ($107.98 in chips) 
sutata: posts small blind $0.50
florin40190: posts big blind $1
*** HOLE CARDS ***
50CandyJoe: folds 
ka100pka527: raises $1.50 to $2.50
Pon4uk.ua: folds 
sutata: folds 
florin40190: calls $1.50
*** FLOP *** [3h Jd 6s]
florin40190: checks 
ka100pka527: bets $2.82
florin40190: calls $2.82
*** TURN *** [3h Jd 6s] [4c]
florin40190: checks 
ka100pka527: bets $5.71
florin40190: folds 
Uncalled bet ($5.71) returned to ka100pka527
ka100pka527 collected $10.58 from pot
ka100pka527: doesn't show hand 
*** SUMMARY ***
Total pot $11.14 | Rake $0.56 
Board [3h Jd 6s 4c]
Seat 4: 3aekTpeBoMaH
Seat 1: sutata (small blind) folded before Flop
Seat 2: florin40190 (big blind) folded on the Turn
Seat 3: 50CandyJoe folded before Flop (didn't bet)
Seat 5: ka100pka527 collected ($10.58)
Seat 6: Pon4uk.ua (button) folded before Flop (didn't bet)



PokerStars Hand #254762720752:  Hold'em No Limit ($0.50/$1.00 USD) - 2025/02/08 8:44:38 WET [2025/02/08 3:44:38 ET]
Table 'Fortuna II' 6-max Seat #1 is the button
Seat 4: 3aekTpeBoMaH ($0 in chips) is sitting out
Seat 1: sutata ($358.27 in chips) 
Seat 2: florin40190 ($22.01 in chips) 
Seat 3: 50CandyJoe ($241.99 in chips) 
Seat 5: ka100pka527 ($112.04 in chips) 
Seat 6: Pon4uk.ua ($107.98 in chips) 
florin40190: posts small blind $0.50
50CandyJoe: posts big blind $1
*** HOLE CARDS ***
ka100pka527: folds 
Pon4uk.ua: folds 
sutata: folds 
florin40190: folds 
Uncalled bet ($0.50) returned to 50CandyJoe
50CandyJoe collected $1 from pot
50CandyJoe: doesn't show hand 
*** SUMMARY ***
Total pot $1 | Rake $0 
Seat 4: 3aekTpeBoMaH
Seat 1: sutata (button) folded before Flop (didn't bet)
Seat 2: florin40190 (small blind) folded before Flop
Seat 3: 50CandyJoe (big blind) collected ($1)
Seat 5: ka100pka527 folded before Flop (didn't bet)
Seat 6: Pon4uk.ua folded before Flop (didn't bet)



PokerStars Hand #254762722509:  Hold'em No Limit ($0.50/$1.00 USD) - 2025/02/08 8:44:56 WET [2025/02/08 3:44:56 ET]
Table 'Fortuna II' 6-max Seat #2 is the button
Seat 4: 3aekTpeBoMaH ($0 in chips) is sitting out
Seat 1: sutata ($358.27 in chips) 
Seat 2: florin40190 ($21.51 in chips) 
Seat 3: 50CandyJoe ($242.49 in chips) 
Seat 5: ka100pka527 ($112.04 in chips) 
Seat 6: Pon4uk.ua ($107.98 in chips) 
50CandyJoe: posts small blind $0.50
ka100pka527: posts big blind $1
*** HOLE CARDS ***
Pon4uk.ua: raises $1 to $2
sutata: folds 
florin40190: raises $2 to $4
50CandyJoe: folds 
ka100pka527: raises $13 to $17
Pon4uk.ua: folds 
florin40190: raises $4.51 to $21.51 and is all-in
ka100pka527: calls $4.51
*** FLOP *** [6c 8c 4c]
*** TURN *** [6c 8c 4c] [Tc]
*** RIVER *** [6c 8c 4c Tc] [Ks]
sutata leaves the table
*** SHOW DOWN ***
ka100pka527: shows [Kc As] (a flush, King high)
florin40190: shows [Qs Qd] (a pair of Queens)
ka100pka527 collected $43.24 from pot
*** SUMMARY ***
Total pot $45.52 | Rake $2.28 
Board [6c 8c 4c Tc Ks]
Seat 4: 3aekTpeBoMaH
Seat 1: sutata folded before Flop (didn't bet)
Seat 2: florin40190 (button) showed [Qs Qd] and lost with a pair of Queens
Seat 3: 50CandyJoe (small blind) folded before Flop
Seat 5: ka100pka527 (big blind) showed [Kc As] and won ($43.24) with a flush, King high
Seat 6: Pon4uk.ua folded before Flop



PokerStars Hand #254762726219:  Hold'em No Limit ($0.50/$1.00 USD) - 2025/02/08 8:45:34 WET [2025/02/08 3:45:34 ET]
Table 'Fortuna II' 6-max Seat #3 is the button
Seat 2: florin40190 ($0 in chips) is sitting out
Seat 4: 3aekTpeBoMaH ($0 in chips) is sitting out
Seat 3: 50CandyJoe ($241.99 in chips) 
Seat 5: ka100pka527 ($133.77 in chips) 
Seat 6: Pon4uk.ua ($105.98 in chips) 
ka100pka527: posts small blind $0.50
Pon4uk.ua: posts big blind $1
*** HOLE CARDS ***
50CandyJoe: raises $1.50 to $2.50
ka100pka527: folds 
Pon4uk.ua: folds 
Uncalled bet ($1.50) returned to 50CandyJoe
50CandyJoe collected $2.50 from pot
50CandyJoe: doesn't show hand 
*** SUMMARY ***
Total pot $2.50 | Rake $0 
Seat 2: florin40190
Seat 4: 3aekTpeBoMaH
Seat 3: 50CandyJoe (button) collected ($2.50)
Seat 5: ka100pka527 (small blind) folded before Flop
Seat 6: Pon4uk.ua (big blind) folded before Flop



PokerStars Hand #254762728073:  Hold'em No Limit ($0.50/$1.00 USD) - 2025/02/08 8:45:53 WET [2025/02/08 3:45:53 ET]
Table 'Fortuna II' 6-max Seat #5 is the button
Seat 2: florin40190 ($0 in chips) is sitting out
Seat 4: 3aekTpeBoMaH ($0 in chips) is sitting out
Seat 3: 50CandyJoe ($243.49 in chips) 
Seat 5: ka100pka527 ($133.27 in chips) 
Seat 6: Pon4uk.ua ($104.98 in chips) 
Pon4uk.ua: posts small blind $0.50
50CandyJoe: posts big blind $1
*** HOLE CARDS ***
ka100pka527: folds 
florin40190 leaves the table
Pon4uk.ua: folds 
Uncalled bet ($0.50) returned to 50CandyJoe
Pon4uk.ua leaves the table
50CandyJoe collected $1 from pot
50CandyJoe: doesn't show hand 
*** SUMMARY ***
Total pot $1 | Rake $0 
Seat 2: florin40190
Seat 4: 3aekTpeBoMaH
Seat 3: 50CandyJoe (big blind) collected ($1)
Seat 5: ka100pka527 (button) folded before Flop (didn't bet)
Seat 6: Pon4uk.ua (small blind) folded before Flop



PokerStars Hand #254762728922:  Hold'em No Limit ($0.50/$1.00 USD) - 2025/02/08 8:46:02 WET [2025/02/08 3:46:02 ET]
Table 'Fortuna II' 6-max Seat #3 is the button
Seat 4: 3aekTpeBoMaH ($0 in chips) is sitting out
Seat 3: 50CandyJoe ($243.99 in chips) 
Seat 5: ka100pka527 ($133.27 in chips) 
50CandyJoe: posts small blind $0.50
ka100pka527: posts big blind $1
*** HOLE CARDS ***
50CandyJoe: raises $1.50 to $2.50
ka100pka527: folds 
Uncalled bet ($1.50) returned to 50CandyJoe
50CandyJoe collected $2 from pot
3aekTpeBoMaH leaves the table
50CandyJoe: doesn't show hand 
*** SUMMARY ***
Total pot $2 | Rake $0 
Seat 4: 3aekTpeBoMaH
Seat 3: 50CandyJoe (button) (small blind) collected ($2)
Seat 5: ka100pka527 (big blind) folded before Flop



PokerStars Hand #254762730528:  Hold'em No Limit ($0.50/$1.00 USD) - 2025/02/08 8:46:18 WET [2025/02/08 3:46:18 ET]
Table 'Fortuna II' 6-max Seat #5 is the button
Seat 3: 50CandyJoe ($244.99 in chips) 
Seat 5: ka100pka527 ($132.27 in chips) 
ka100pka527: posts small blind $0.50
50CandyJoe: posts big blind $1
*** HOLE CARDS ***
ka100pka527: raises $1.50 to $2.50
50CandyJoe: folds 
Uncalled bet ($1.50) returned to ka100pka527
ka100pka527 collected $2 from pot
ka100pka527: doesn't show hand 
*** SUMMARY ***
Total pot $2 | Rake $0 
Seat 3: 50CandyJoe (big blind) folded before Flop
Seat 5: ka100pka527 (button) (small blind) collected ($2)



PokerStars Hand #254762661355:  Hold'em No Limit ($0.50/$1.00 USD) - 2025/02/08 8:34:20 WET [2025/02/08 3:34:20 ET]
Table 'Fortuna II' 6-max Seat #5 is the button
Seat 1: sutata ($227.45 in chips) 
Seat 2: florin40190 ($43.40 in chips) 
Seat 3: 50CandyJoe ($232.84 in chips) 
Seat 4: 3aekTpeBoMaH ($107.42 in chips) 
Seat 5: ka100pka527 ($104.34 in chips) 
Seat 6: Pon4uk.ua ($103.50 in chips) 
Pon4uk.ua: posts small blind $0.50
sutata: posts big blind $1
*** HOLE CARDS ***
florin40190: folds 
50CandyJoe: folds 
3aekTpeBoMaH: folds 
ka100pka527: raises $1.50 to $2.50
Pon4uk.ua: folds 
sutata: calls $1.50
*** FLOP *** [Qd Kd 5d]
sutata: checks 
ka100pka527: bets $2.82
sutata: folds 
Uncalled bet ($2.82) returned to ka100pka527
ka100pka527 collected $5.22 from pot
ka100pka527: doesn't show hand 
*** SUMMARY ***
Total pot $5.50 | Rake $0.28 
Board [Qd Kd 5d]
Seat 1: sutata (big blind) folded on the Flop
Seat 2: florin40190 folded before Flop (didn't bet)
Seat 3: 50CandyJoe folded before Flop (didn't bet)
Seat 4: 3aekTpeBoMaH folded before Flop (didn't bet)
Seat 5: ka100pka527 (button) collected ($5.22)
Seat 6: Pon4uk.ua (small blind) folded before Flop



PokerStars Hand #254762664571:  Hold'em No Limit ($0.50/$1.00 USD) - 2025/02/08 8:34:54 WET [2025/02/08 3:34:54 ET]
Table 'Fortuna II' 6-max Seat #6 is the button
Seat 1: sutata ($224.95 in chips) 
Seat 2: florin40190 ($43.40 in chips) 
Seat 3: 50CandyJoe ($232.84 in chips) 
Seat 4: 3aekTpeBoMaH ($107.42 in chips) 
Seat 5: ka100pka527 ($107.06 in chips) 
Seat 6: Pon4uk.ua ($103 in chips) 
sutata: posts small blind $0.50
florin40190: posts big blind $1
*** HOLE CARDS ***
50CandyJoe: folds 
3aekTpeBoMaH: raises $2 to $3
ka100pka527: folds 
Pon4uk.ua: folds 
sutata: folds 
florin40190: calls $2
*** FLOP *** [Jc 3c Ah]
florin40190: checks 
3aekTpeBoMaH: checks 
*** TURN *** [Jc 3c Ah] [9c]
florin40190: checks 
3aekTpeBoMaH: checks 
*** RIVER *** [Jc 3c Ah 9c] [Qc]
florin40190: bets $2
3aekTpeBoMaH: calls $2
*** SHOW DOWN ***
florin40190: shows [Qs Jh] (two pair, Queens and Jacks)
3aekTpeBoMaH: shows [7c 7h] (a flush, Queen high)
3aekTpeBoMaH collected $9.98 from pot
*** SUMMARY ***
Total pot $10.50 | Rake $0.52 
Board [Jc 3c Ah 9c Qc]
Seat 1: sutata (small blind) folded before Flop
Seat 2: florin40190 (big blind) showed [Qs Jh] and lost with two pair, Queens and Jacks
Seat 3: 50CandyJoe folded before Flop (didn't bet)
Seat 4: 3aekTpeBoMaH showed [7c 7h] and won ($9.98) with a flush, Queen high
Seat 5: ka100pka527 folded before Flop (didn't bet)
Seat 6: Pon4uk.ua (button) folded before Flop (didn't bet)



PokerStars Hand #254762670002:  Hold'em No Limit ($0.50/$1.00 USD) - 2025/02/08 8:35:51 WET [2025/02/08 3:35:51 ET]
Table 'Fortuna II' 6-max Seat #1 is the button
Seat 1: sutata ($224.45 in chips) 
Seat 2: florin40190 ($38.40 in chips) 
Seat 3: 50CandyJoe ($232.84 in chips) 
Seat 4: 3aekTpeBoMaH ($112.40 in chips) 
Seat 5: ka100pka527 ($107.06 in chips) 
Seat 6: Pon4uk.ua ($103 in chips) 
florin40190: posts small blind $0.50
50CandyJoe: posts big blind $1
*** HOLE CARDS ***
3aekTpeBoMaH: folds 
ka100pka527: folds 
Pon4uk.ua: folds 
sutata: folds 
florin40190: calls $0.50
50CandyJoe: checks 
*** FLOP *** [Kd 5s 9s]
florin40190: bets $2
50CandyJoe: folds 
Uncalled bet ($2) returned to florin40190
florin40190 collected $1.90 from pot
*** SUMMARY ***
Total pot $2 | Rake $0.10 
Board [Kd 5s 9s]
Seat 1: sutata (button) folded before Flop (didn't bet)
Seat 2: florin40190 (small blind) collected ($1.90)
Seat 3: 50CandyJoe (big blind) folded on the Flop
Seat 4: 3aekTpeBoMaH folded before Flop (didn't bet)
Seat 5: ka100pka527 folded before Flop (didn't bet)
Seat 6: Pon4uk.ua folded before Flop (didn't bet)



PokerStars Hand #254762672395:  Hold'em No Limit ($0.50/$1.00 USD) - 2025/02/08 8:36:17 WET [2025/02/08 3:36:17 ET]
Table 'Fortuna II' 6-max Seat #2 is the button
Seat 1: sutata ($224.45 in chips) 
Seat 2: florin40190 ($39.30 in chips) 
Seat 3: 50CandyJoe ($231.84 in chips) 
Seat 4: 3aekTpeBoMaH ($112.40 in chips) 
Seat 5: ka100pka527 ($107.06 in chips) 
Seat 6: Pon4uk.ua ($103 in chips) 
50CandyJoe: posts small blind $0.50
3aekTpeBoMaH: posts big blind $1
*** HOLE CARDS ***
ka100pka527: folds 
Pon4uk.ua: folds 
sutata: folds 
florin40190: folds 
50CandyJoe: folds 
Uncalled bet ($0.50) returned to 3aekTpeBoMaH
3aekTpeBoMaH collected $1 from pot
*** SUMMARY ***
Total pot $1 | Rake $0 
Seat 1: sutata folded before Flop (didn't bet)
Seat 2: florin40190 (button) folded before Flop (didn't bet)
Seat 3: 50CandyJoe (small blind) folded before Flop
Seat 4: 3aekTpeBoMaH (big blind) collected ($1)
Seat 5: ka100pka527 folded before Flop (didn't bet)
Seat 6: Pon4uk.ua folded before Flop (didn't bet)



PokerStars Hand #254762673663:  Hold'em No Limit ($0.50/$1.00 USD) - 2025/02/08 8:36:30 WET [2025/02/08 3:36:30 ET]
Table 'Fortuna II' 6-max Seat #3 is the button
Seat 1: sutata ($224.45 in chips) 
Seat 2: florin40190 ($39.30 in chips) 
Seat 3: 50CandyJoe ($231.34 in chips) 
Seat 4: 3aekTpeBoMaH ($112.90 in chips) 
Seat 5: ka100pka527 ($107.06 in chips) 
Seat 6: Pon4uk.ua ($103 in chips) 
3aekTpeBoMaH: posts small blind $0.50
ka100pka527: posts big blind $1
*** HOLE CARDS ***
Pon4uk.ua: folds 
sutata: folds 
florin40190: folds 
50CandyJoe: raises $1.50 to $2.50
3aekTpeBoMaH: raises $2.50 to $5
ka100pka527: folds 
50CandyJoe: calls $2.50
*** FLOP *** [2d 3c 8s]
3aekTpeBoMaH: checks 
50CandyJoe: bets $3.45
3aekTpeBoMaH: calls $3.45
*** TURN *** [2d 3c 8s] [4d]
3aekTpeBoMaH: checks 
50CandyJoe: bets $11.22
3aekTpeBoMaH: calls $11.22
*** RIVER *** [2d 3c 8s 4d] [4h]
3aekTpeBoMaH: checks 
50CandyJoe: checks 
*** SHOW DOWN ***
3aekTpeBoMaH: shows [Kh Ah] (a pair of Fours)
50CandyJoe: shows [8c 5c] (two pair, Eights and Fours)
50CandyJoe collected $38.32 from pot
*** SUMMARY ***
Total pot $40.34 | Rake $2.02 
Board [2d 3c 8s 4d 4h]
Seat 1: sutata folded before Flop (didn't bet)
Seat 2: florin40190 folded before Flop (didn't bet)
Seat 3: 50CandyJoe (button) showed [8c 5c] and won ($38.32) with two pair, Eights and Fours
Seat 4: 3aekTpeBoMaH (small blind) showed [Kh Ah] and lost with a pair of Fours
Seat 5: ka100pka527 (big blind) folded before Flop
Seat 6: Pon4uk.ua folded before Flop (didn't bet)



