PokerStars Hand #254777757214:  Hold'em No Limit ($0.50/$1.00 USD) - 2025/02/08 3:19:41 WET [2025/02/08 22:19:41 ET]
Table 'Acamas II' 6-max Seat #2 is the button
Seat 4: Sadyhov V.V. ($100 in chips) is sitting out
Seat 1: franbasualdo10 ($30.80 in chips) 
Seat 2: MaRKiToScoK ($101 in chips) 
Seat 3: 50CandyJoe ($100 in chips) 
50CandyJoe: posts small blind $0.50
franbasualdo10: posts big blind $1
*** HOLE CARDS ***
MaRKiToScoK: raises $1.50 to $2.50
50CandyJoe: folds 
franbasualdo10: calls $1.50
*** FLOP *** [3h 7s 3c]
franbasualdo10: checks 
MaRKiToScoK: bets $1.72
franbasualdo10: calls $1.72
*** TURN *** [3h 7s 3c] [5d]
franbasualdo10: checks 
MaRKiToScoK: checks 
*** RIVER *** [3h 7s 3c 5d] [Ks]
franbasualdo10: bets $2
MaRKiToScoK: raises $8 to $10
franbasualdo10: calls $8
*** SHOW DOWN ***
MaRKiToScoK: shows [Kd Ah] (two pair, Kings and Threes)
franbasualdo10: mucks hand 
MaRKiToScoK collected $27.94 from pot
*** SUMMARY ***
Total pot $28.94 | Rake $1 
Board [3h 7s 3c 5d Ks]
Seat 4: Sadyhov V.V.
Seat 1: franbasualdo10 (big blind) mucked
Seat 2: MaRKiToScoK (button) showed [Kd Ah] and won ($27.94) with two pair, Kings and Threes
Seat 3: 50CandyJoe (small blind) folded before Flop



PokerStars Hand #254777762453:  Hold'em No Limit ($0.50/$1.00 USD) - 2025/02/08 3:20:20 WET [2025/02/08 22:20:20 ET]
Table 'Acamas II' 6-max Seat #3 is the button
Seat 4: Sadyhov V.V. ($100 in chips) is sitting out
Seat 1: franbasualdo10 ($16.58 in chips) 
Seat 2: MaRKiToScoK ($114.72 in chips) 
Seat 3: 50CandyJoe ($100 in chips) 
franbasualdo10: posts small blind $0.50
MaRKiToScoK: posts big blind $1
*** HOLE CARDS ***
50CandyJoe: folds 
franbasualdo10: raises $1 to $2
MaRKiToScoK: calls $1
*** FLOP *** [5d 2c 2s]
Sadyhov V.V. leaves the table
franbasualdo10: bets $2
MaRKiToScoK: calls $2
*** TURN *** [5d 2c 2s] [8s]
50CandyJoe leaves the table
franbasualdo10: bets $2
MaRKiToScoK: calls $2
*** RIVER *** [5d 2c 2s 8s] [5c]
franbasualdo10: checks 
MaRKiToScoK: checks 
*** SHOW DOWN ***
franbasualdo10: shows [As 9s] (two pair, Fives and Deuces)
MaRKiToScoK: shows [Ad 4c] (two pair, Fives and Deuces)
franbasualdo10 collected $5.70 from pot
MaRKiToScoK collected $5.70 from pot
*** SUMMARY ***
Total pot $12 | Rake $0.60 
Board [5d 2c 2s 8s 5c]
Seat 4: Sadyhov V.V.
Seat 1: franbasualdo10 (small blind) showed [As 9s] and won ($5.70) with two pair, Fives and Deuces
Seat 2: MaRKiToScoK (big blind) showed [Ad 4c] and won ($5.70) with two pair, Fives and Deuces
Seat 3: 50CandyJoe (button) folded before Flop (didn't bet)



PokerStars Hand #254777766348:  Hold'em No Limit ($0.50/$1.00 USD) - 2025/02/08 3:20:49 WET [2025/02/08 22:20:49 ET]
Table 'Acamas II' 6-max Seat #2 is the button
Seat 1: franbasualdo10 ($16.28 in chips) 
Seat 2: MaRKiToScoK ($114.42 in chips) 
MaRKiToScoK: posts small blind $0.50
franbasualdo10: posts big blind $1
*** HOLE CARDS ***
MaRKiToScoK: raises $1.50 to $2.50
franbasualdo10: raises $3.50 to $6
MaRKiToScoK: folds 
Uncalled bet ($3.50) returned to franbasualdo10
franbasualdo10 collected $5 from pot
*** SUMMARY ***
Total pot $5 | Rake $0 
Seat 1: franbasualdo10 (big blind) collected ($5)
Seat 2: MaRKiToScoK (button) (small blind) folded before Flop



PokerStars Hand #254777768139:  Hold'em No Limit ($0.50/$1.00 USD) - 2025/02/08 3:21:02 WET [2025/02/08 22:21:02 ET]
Table 'Acamas II' 6-max Seat #1 is the button
Seat 1: franbasualdo10 ($18.78 in chips) 
Seat 2: MaRKiToScoK ($111.92 in chips) 
franbasualdo10: posts small blind $0.50
MaRKiToScoK: posts big blind $1
*** HOLE CARDS ***
franbasualdo10: calls $0.50
MaRKiToScoK: raises $2 to $3
franbasualdo10: calls $2
*** FLOP *** [Tc Ks Qc]
MaRKiToScoK: bets $1.43
franbasualdo10: folds 
Uncalled bet ($1.43) returned to MaRKiToScoK
MaRKiToScoK collected $5.70 from pot
*** SUMMARY ***
Total pot $6 | Rake $0.30 
Board [Tc Ks Qc]
Seat 1: franbasualdo10 (button) (small blind) folded on the Flop
Seat 2: MaRKiToScoK (big blind) collected ($5.70)



PokerStars Hand #254777770718:  Hold'em No Limit ($0.50/$1.00 USD) - 2025/02/08 3:21:22 WET [2025/02/08 22:21:22 ET]
Table 'Acamas II' 6-max Seat #2 is the button
Seat 1: franbasualdo10 ($15.78 in chips) 
Seat 2: MaRKiToScoK ($114.62 in chips) 
MaRKiToScoK: posts small blind $0.50
franbasualdo10: posts big blind $1
*** HOLE CARDS ***
MaRKiToScoK: folds 
Uncalled bet ($0.50) returned to franbasualdo10
franbasualdo10 collected $1 from pot
*** SUMMARY ***
Total pot $1 | Rake $0 
Seat 1: franbasualdo10 (big blind) collected ($1)
Seat 2: MaRKiToScoK (button) (small blind) folded before Flop



PokerStars Hand #254777771738:  Hold'em No Limit ($0.50/$1.00 USD) - 2025/02/08 3:21:29 WET [2025/02/08 22:21:29 ET]
Table 'Acamas II' 6-max Seat #1 is the button
Seat 1: franbasualdo10 ($16.28 in chips) 
Seat 2: MaRKiToScoK ($114.12 in chips) 
franbasualdo10: posts small blind $0.50
MaRKiToScoK: posts big blind $1
*** HOLE CARDS ***
franbasualdo10: calls $0.50
MaRKiToScoK: checks 
*** FLOP *** [6s Tc 4s]
MaRKiToScoK: bets $1
franbasualdo10: calls $1
*** TURN *** [6s Tc 4s] [Qc]
MaRKiToScoK: checks 
franbasualdo10: checks 
*** RIVER *** [6s Tc 4s Qc] [8d]
MaRKiToScoK: bets $4.50
franbasualdo10: folds 
Uncalled bet ($4.50) returned to MaRKiToScoK
kristina77784 joins the table at seat #3 
kristina77784 is disconnected 
MaRKiToScoK collected $3.80 from pot
Manifestorr joins the table at seat #6 
andutu34 joins the table at seat #5 
*** SUMMARY ***
Total pot $4 | Rake $0.20 
Board [6s Tc 4s Qc 8d]
Seat 1: franbasualdo10 (button) (small blind) folded on the River
Seat 2: MaRKiToScoK (big blind) collected ($3.80)



PokerStars Hand #254777778825:  Hold'em No Limit ($0.50/$1.00 USD) - 2025/02/08 3:22:22 WET [2025/02/08 22:22:22 ET]
Table 'Acamas II' 6-max Seat #2 is the button
Seat 1: franbasualdo10 ($14.28 in chips) is sitting out
Seat 2: MaRKiToScoK ($115.92 in chips) 
Seat 3: kristina77784 ($55.24 in chips) 
Seat 5: andutu34 ($100 in chips) 
Seat 6: Manifestorr ($100 in chips) 
kristina77784: posts small blind $0.50
andutu34: posts big blind $1
*** HOLE CARDS ***
Manifestorr: folds 
MaRKiToScoK: raises $1.50 to $2.50
kristina77784: folds 
andutu34: calls $1.50
*** FLOP *** [5h 9h 7c]
andutu34: checks 
LuckyShikari joins the table at seat #4 
MaRKiToScoK: bets $3.92
andutu34: folds 
Uncalled bet ($3.92) returned to MaRKiToScoK
MaRKiToScoK collected $5.22 from pot
*** SUMMARY ***
Total pot $5.50 | Rake $0.28 
Board [5h 9h 7c]
Seat 1: franbasualdo10
Seat 2: MaRKiToScoK (button) collected ($5.22)
Seat 3: kristina77784 (small blind) folded before Flop
Seat 5: andutu34 (big blind) folded on the Flop
Seat 6: Manifestorr folded before Flop (didn't bet)



PokerStars Hand #254777783490:  Hold'em No Limit ($0.50/$1.00 USD) - 2025/02/08 3:22:57 WET [2025/02/08 22:22:57 ET]
Table 'Acamas II' 6-max Seat #3 is the button
Seat 1: franbasualdo10 ($14.28 in chips) is sitting out
Seat 4: LuckyShikari ($100 in chips) is sitting out
Seat 2: MaRKiToScoK ($118.64 in chips) 
Seat 3: kristina77784 ($54.74 in chips) 
Seat 5: andutu34 ($100 in chips) 
Seat 6: Manifestorr ($100 in chips) 
andutu34: posts small blind $0.50
Manifestorr: posts big blind $1
*** HOLE CARDS ***
MaRKiToScoK: raises $1.20 to $2.20
kristina77784: folds 
andutu34: folds 
Manifestorr: folds 
Uncalled bet ($1.20) returned to MaRKiToScoK
MaRKiToScoK collected $2.50 from pot
*** SUMMARY ***
Total pot $2.50 | Rake $0 
Seat 1: franbasualdo10
Seat 4: LuckyShikari
Seat 2: MaRKiToScoK collected ($2.50)
Seat 3: kristina77784 (button) folded before Flop (didn't bet)
Seat 5: andutu34 (small blind) folded before Flop
Seat 6: Manifestorr (big blind) folded before Flop



PokerStars Hand #254777843695:  Hold'em No Limit ($0.50/$1.00 USD) - 2025/02/08 3:30:32 WET [2025/02/08 22:30:32 ET]
Table 'Acamas II' 6-max Seat #3 is the button
Seat 1: franbasualdo10 ($14.28 in chips) is sitting out
Seat 2: MaRKiToScoK ($119.82 in chips) 
Seat 3: kristina77784 ($53.31 in chips) 
Seat 4: LuckyShikari ($105.25 in chips) 
Seat 6: Manifestorr ($109.89 in chips) 
LuckyShikari: posts small blind $0.50
Manifestorr: posts big blind $1
*** HOLE CARDS ***
MaRKiToScoK: raises $1.20 to $2.20
kristina77784: raises $3.20 to $5.40
LuckyShikari: folds 
Manifestorr: folds 
MaRKiToScoK: calls $3.20
*** FLOP *** [Kd 7d 9s]
MaRKiToScoK: checks 
kristina77784: bets $5
vezis3 joins the table at seat #5 
MaRKiToScoK: raises $10.84 to $15.84
kristina77784: calls $10.84
*** TURN *** [Kd 7d 9s] [8c]
MaRKiToScoK: bets $32.23
kristina77784: folds 
Uncalled bet ($32.23) returned to MaRKiToScoK
MaRKiToScoK collected $42.98 from pot
*** SUMMARY ***
Total pot $43.98 | Rake $1 
Board [Kd 7d 9s 8c]
Seat 1: franbasualdo10
Seat 2: MaRKiToScoK collected ($42.98)
Seat 3: kristina77784 (button) folded on the Turn
Seat 4: LuckyShikari (small blind) folded before Flop
Seat 6: Manifestorr (big blind) folded before Flop



PokerStars Hand #254777850414:  Hold'em No Limit ($0.50/$1.00 USD) - 2025/02/08 3:31:23 WET [2025/02/08 22:31:23 ET]
Table 'Acamas II' 6-max Seat #4 is the button
Seat 1: franbasualdo10 ($14.28 in chips) is sitting out
Seat 5: vezis3 ($100 in chips) is sitting out
Seat 2: MaRKiToScoK ($141.56 in chips) 
Seat 3: kristina77784 ($32.07 in chips) 
Seat 4: LuckyShikari ($104.75 in chips) 
Seat 6: Manifestorr ($108.89 in chips) 
Manifestorr: posts small blind $0.50
MaRKiToScoK: posts big blind $1
*** HOLE CARDS ***
kristina77784: folds 
LuckyShikari: raises $2.50 to $3.50
Manifestorr: folds 
MaRKiToScoK: calls $2.50
*** FLOP *** [Qs 8c Ks]
MaRKiToScoK: checks 
LuckyShikari: bets $5.50
MaRKiToScoK: calls $5.50
*** TURN *** [Qs 8c Ks] [2c]
MaRKiToScoK: checks 
LuckyShikari: bets $28.50
MaRKiToScoK: folds 
Uncalled bet ($28.50) returned to LuckyShikari
LuckyShikari collected $17.58 from pot
franbasualdo10 leaves the table
LuckyShikari: doesn't show hand 
*** SUMMARY ***
Total pot $18.50 | Rake $0.92 
Board [Qs 8c Ks 2c]
Seat 1: franbasualdo10
Seat 5: vezis3
Seat 2: MaRKiToScoK (big blind) folded on the Turn
Seat 3: kristina77784 folded before Flop (didn't bet)
Seat 4: LuckyShikari (button) collected ($17.58)
Seat 6: Manifestorr (small blind) folded before Flop



PokerStars Hand #254777857192:  Hold'em No Limit ($0.50/$1.00 USD) - 2025/02/08 3:32:15 WET [2025/02/08 22:32:15 ET]
Table 'Acamas II' 6-max Seat #6 is the button
Seat 5: vezis3 ($100 in chips) is sitting out
Seat 2: MaRKiToScoK ($132.56 in chips) 
Seat 3: kristina77784 ($32.07 in chips) 
Seat 4: LuckyShikari ($113.33 in chips) 
Seat 6: Manifestorr ($108.39 in chips) 
MaRKiToScoK: posts small blind $0.50
kristina77784: posts big blind $1
vezis3: sits out 
*** HOLE CARDS ***
LuckyShikari: folds 
Manifestorr: folds 
MaRKiToScoK: raises $2 to $3
kristina77784: folds 
Uncalled bet ($2) returned to MaRKiToScoK
MaRKiToScoK collected $2 from pot
*** SUMMARY ***
Total pot $2 | Rake $0 
Seat 5: vezis3
Seat 2: MaRKiToScoK (small blind) collected ($2)
Seat 3: kristina77784 (big blind) folded before Flop
Seat 4: LuckyShikari folded before Flop (didn't bet)
Seat 6: Manifestorr (button) folded before Flop (didn't bet)



PokerStars Hand #254777860321:  Hold'em No Limit ($0.50/$1.00 USD) - 2025/02/08 3:32:39 WET [2025/02/08 22:32:39 ET]
Table 'Acamas II' 6-max Seat #2 is the button
Seat 5: vezis3 ($100 in chips) is sitting out
Seat 2: MaRKiToScoK ($133.56 in chips) 
Seat 3: kristina77784 ($31.07 in chips) 
Seat 4: LuckyShikari ($113.33 in chips) 
Seat 6: Manifestorr ($108.39 in chips) 
kristina77784: posts small blind $0.50
LuckyShikari: posts big blind $1
vezis3: sits out 
*** HOLE CARDS ***
Manifestorr: folds 
MaRKiToScoK: raises $1.50 to $2.50
kristina77784: folds 
LuckyShikari: calls $1.50
*** FLOP *** [5h 6d Kd]
LuckyShikari: checks 
MaRKiToScoK: bets $1.72
NutterHarv joins the table at seat #1 
NutterHarv is disconnected 
LuckyShikari: calls $1.72
*** TURN *** [5h 6d Kd] [2d]
LuckyShikari: checks 
MaRKiToScoK: bets $6.37
LuckyShikari: folds 
Uncalled bet ($6.37) returned to MaRKiToScoK
MaRKiToScoK collected $8.49 from pot
MaRKiToScoK: shows [Qh Jc] (high card King)
*** SUMMARY ***
Total pot $8.94 | Rake $0.45 
Board [5h 6d Kd 2d]
Seat 5: vezis3
Seat 2: MaRKiToScoK (button) collected ($8.49)
Seat 3: kristina77784 (small blind) folded before Flop
Seat 4: LuckyShikari (big blind) folded on the Turn
Seat 6: Manifestorr folded before Flop (didn't bet)



PokerStars Hand #254777867200:  Hold'em No Limit ($0.50/$1.00 USD) - 2025/02/08 3:33:32 WET [2025/02/08 22:33:32 ET]
Table 'Acamas II' 6-max Seat #3 is the button
Seat 1: NutterHarv ($31.32 in chips) is sitting out
Seat 2: MaRKiToScoK ($137.83 in chips) 
Seat 3: kristina77784 ($30.57 in chips) 
Seat 4: LuckyShikari ($109.11 in chips) 
Seat 5: vezis3 ($100 in chips) 
Seat 6: Manifestorr ($108.39 in chips) 
LuckyShikari: posts small blind $0.50
vezis3: posts big blind $1
NutterHarv: sits out 
*** HOLE CARDS ***
Manifestorr: folds 
MaRKiToScoK: folds 
kristina77784: calls $1
LuckyShikari: raises $3.50 to $4.50
vezis3: folds 
kristina77784: calls $3.50
*** FLOP *** [9c 6h 3c]
LuckyShikari: checks 
kristina77784: checks 
*** TURN *** [9c 6h 3c] [3d]
LuckyShikari: checks 
kristina77784: checks 
*** RIVER *** [9c 6h 3c 3d] [8c]
LuckyShikari: checks 
kristina77784: checks 
*** SHOW DOWN ***
LuckyShikari: shows [Ad 8d] (two pair, Eights and Threes)
kristina77784: mucks hand 
LuckyShikari collected $9.50 from pot
*** SUMMARY ***
Total pot $10 | Rake $0.50 
Board [9c 6h 3c 3d 8c]
Seat 1: NutterHarv
Seat 2: MaRKiToScoK folded before Flop (didn't bet)
Seat 3: kristina77784 (button) mucked
Seat 4: LuckyShikari (small blind) showed [Ad 8d] and won ($9.50) with two pair, Eights and Threes
Seat 5: vezis3 (big blind) folded before Flop
Seat 6: Manifestorr folded before Flop (didn't bet)



PokerStars Hand #254777872127:  Hold'em No Limit ($0.50/$1.00 USD) - 2025/02/08 3:34:10 WET [2025/02/08 22:34:10 ET]
Table 'Acamas II' 6-max Seat #4 is the button
Seat 1: NutterHarv ($31.32 in chips) is sitting out
Seat 2: MaRKiToScoK ($137.83 in chips) 
Seat 3: kristina77784 ($26.07 in chips) 
Seat 4: LuckyShikari ($114.11 in chips) 
Seat 5: vezis3 ($100 in chips) 
Seat 6: Manifestorr ($108.39 in chips) 
vezis3: posts small blind $0.50
Manifestorr: posts big blind $1
NutterHarv: sits out 
*** HOLE CARDS ***
MaRKiToScoK: folds 
kristina77784: folds 
LuckyShikari: raises $1.50 to $2.50
vezis3: folds 
Manifestorr: folds 
Uncalled bet ($1.50) returned to LuckyShikari
LuckyShikari collected $2.50 from pot
LuckyShikari: doesn't show hand 
*** SUMMARY ***
Total pot $2.50 | Rake $0 
Seat 1: NutterHarv
Seat 2: MaRKiToScoK folded before Flop (didn't bet)
Seat 3: kristina77784 folded before Flop (didn't bet)
Seat 4: LuckyShikari (button) collected ($2.50)
Seat 5: vezis3 (small blind) folded before Flop
Seat 6: Manifestorr (big blind) folded before Flop



PokerStars Hand #254777873966:  Hold'em No Limit ($0.50/$1.00 USD) - 2025/02/08 3:34:24 WET [2025/02/08 22:34:24 ET]
Table 'Acamas II' 6-max Seat #5 is the button
Seat 1: NutterHarv ($31.32 in chips) 
Seat 2: MaRKiToScoK ($137.83 in chips) 
Seat 3: kristina77784 ($26.07 in chips) 
Seat 4: LuckyShikari ($115.61 in chips) 
Seat 5: vezis3 ($100 in chips) 
Seat 6: Manifestorr ($107.39 in chips) 
Manifestorr: posts small blind $0.50
NutterHarv: posts big blind $1
*** HOLE CARDS ***
MaRKiToScoK: folds 
kristina77784: folds 
LuckyShikari: raises $1.50 to $2.50
vezis3: folds 
Manifestorr: folds 
NutterHarv: calls $1.50
*** FLOP *** [3h 8h 6d]
NutterHarv: bets $3
LuckyShikari: folds 
Uncalled bet ($3) returned to NutterHarv
NutterHarv collected $5.22 from pot
*** SUMMARY ***
Total pot $5.50 | Rake $0.28 
Board [3h 8h 6d]
Seat 1: NutterHarv (big blind) collected ($5.22)
Seat 2: MaRKiToScoK folded before Flop (didn't bet)
Seat 3: kristina77784 folded before Flop (didn't bet)
Seat 4: LuckyShikari folded on the Flop
Seat 5: vezis3 (button) folded before Flop (didn't bet)
Seat 6: Manifestorr (small blind) folded before Flop



PokerStars Hand #254777877349:  Hold'em No Limit ($0.50/$1.00 USD) - 2025/02/08 3:34:50 WET [2025/02/08 22:34:50 ET]
Table 'Acamas II' 6-max Seat #6 is the button
Seat 1: NutterHarv ($34.04 in chips) 
Seat 2: MaRKiToScoK ($137.83 in chips) 
Seat 3: kristina77784 ($26.07 in chips) 
Seat 4: LuckyShikari ($113.11 in chips) 
Seat 5: vezis3 ($100 in chips) 
Seat 6: Manifestorr ($106.89 in chips) 
NutterHarv: posts small blind $0.50
MaRKiToScoK: posts big blind $1
*** HOLE CARDS ***
kristina77784: calls $1
LuckyShikari: folds 
vezis3: raises $4 to $5
Manifestorr: folds 
NutterHarv: folds 
MaRKiToScoK: folds 
kristina77784: folds 
Uncalled bet ($4) returned to vezis3
vezis3 collected $3.50 from pot
vezis3: doesn't show hand 
NutterHarv leaves the table
*** SUMMARY ***
Total pot $3.50 | Rake $0 
Seat 1: NutterHarv (small blind) folded before Flop
Seat 2: MaRKiToScoK (big blind) folded before Flop
Seat 3: kristina77784 folded before Flop
Seat 4: LuckyShikari folded before Flop (didn't bet)
Seat 5: vezis3 collected ($3.50)
Seat 6: Manifestorr (button) folded before Flop (didn't bet)



PokerStars Hand #254777879973:  Hold'em No Limit ($0.50/$1.00 USD) - 2025/02/08 3:35:11 WET [2025/02/08 22:35:11 ET]
Table 'Acamas II' 6-max Seat #2 is the button
Seat 2: MaRKiToScoK ($136.83 in chips) 
Seat 3: kristina77784 ($25.07 in chips) 
Seat 4: LuckyShikari ($113.11 in chips) 
Seat 5: vezis3 ($102.50 in chips) 
Seat 6: Manifestorr ($106.89 in chips) 
kristina77784: posts small blind $0.50
LuckyShikari: posts big blind $1
*** HOLE CARDS ***
vezis3: folds 
Manifestorr: folds 
MaRKiToScoK: raises $1.50 to $2.50
kristina77784: folds 
LuckyShikari: raises $10 to $12.50
MaRKiToScoK: folds 
Uncalled bet ($10) returned to LuckyShikari
LuckyShikari collected $5.50 from pot
LuckyShikari: doesn't show hand 
*** SUMMARY ***
Total pot $5.50 | Rake $0 
Seat 2: MaRKiToScoK (button) folded before Flop
Seat 3: kristina77784 (small blind) folded before Flop
Seat 4: LuckyShikari (big blind) collected ($5.50)
Seat 5: vezis3 folded before Flop (didn't bet)
Seat 6: Manifestorr folded before Flop (didn't bet)



PokerStars Hand #254777882494:  Hold'em No Limit ($0.50/$1.00 USD) - 2025/02/08 3:35:31 WET [2025/02/08 22:35:31 ET]
Table 'Acamas II' 6-max Seat #3 is the button
Seat 2: MaRKiToScoK ($134.33 in chips) 
Seat 3: kristina77784 ($24.57 in chips) 
Seat 4: LuckyShikari ($116.11 in chips) 
Seat 5: vezis3 ($102.50 in chips) 
Seat 6: Manifestorr ($106.89 in chips) 
LuckyShikari: posts small blind $0.50
vezis3: posts big blind $1
*** HOLE CARDS ***
Manifestorr: folds 
MaRKiToScoK: folds 
kristina77784: calls $1
LuckyShikari: folds 
vezis3: checks 
*** FLOP *** [7s Tc 2d]
vezis3: checks 
OMAR PABLOS joins the table at seat #1 
kristina77784: checks 
*** TURN *** [7s Tc 2d] [9d]
vezis3: checks 
kristina77784: bets $2
vezis3: calls $2
*** RIVER *** [7s Tc 2d 9d] [5h]
vezis3: checks 
kristina77784: checks 
*** SHOW DOWN ***
vezis3: shows [7c 3h] (a pair of Sevens)
kristina77784: mucks hand 
vezis3 collected $6.18 from pot
*** SUMMARY ***
Total pot $6.50 | Rake $0.32 
Board [7s Tc 2d 9d 5h]
Seat 2: MaRKiToScoK folded before Flop (didn't bet)
Seat 3: kristina77784 (button) mucked
Seat 4: LuckyShikari (small blind) folded before Flop
Seat 5: vezis3 (big blind) showed [7c 3h] and won ($6.18) with a pair of Sevens
Seat 6: Manifestorr folded before Flop (didn't bet)



PokerStars Hand #254777886754:  Hold'em No Limit ($0.50/$1.00 USD) - 2025/02/08 3:36:04 WET [2025/02/08 22:36:04 ET]
Table 'Acamas II' 6-max Seat #4 is the button
Seat 6: Manifestorr ($106.89 in chips) is sitting out
Seat 1: OMAR PABLOS ($59.24 in chips) 
Seat 2: MaRKiToScoK ($134.33 in chips) 
Seat 3: kristina77784 ($21.57 in chips) 
Seat 4: LuckyShikari ($115.61 in chips) 
Seat 5: vezis3 ($105.68 in chips) 
vezis3: posts small blind $0.50
Manifestorr: is sitting out 
OMAR PABLOS: posts big blind $1
*** HOLE CARDS ***
MaRKiToScoK: folds 
kristina77784: calls $1
Manifestorr leaves the table
LuckyShikari: raises $3.50 to $4.50
vezis3: calls $4
OMAR PABLOS: folds 
Xenicide joins the table at seat #6 
kristina77784: calls $3.50
*** FLOP *** [Ad 4d Kh]
vezis3: checks 
kristina77784: checks 
LuckyShikari: checks 
*** TURN *** [Ad 4d Kh] [Td]
vezis3: bets $4.55
kristina77784: folds 
LuckyShikari: calls $4.55
*** RIVER *** [Ad 4d Kh Td] [Jc]
vezis3: checks 
LuckyShikari: bets $22.50
vezis3: calls $22.50
*** SHOW DOWN ***
LuckyShikari: shows [Qs Kc] (a straight, Ten to Ace)
vezis3: mucks hand 
LuckyShikari collected $66.10 from pot
*** SUMMARY ***
Total pot $68.60 | Rake $2.50 
Board [Ad 4d Kh Td Jc]
Seat 6: Manifestorr
Seat 1: OMAR PABLOS (big blind) folded before Flop
Seat 2: MaRKiToScoK folded before Flop (didn't bet)
Seat 3: kristina77784 folded on the Turn
Seat 4: LuckyShikari (button) showed [Qs Kc] and won ($66.10) with a straight, Ten to Ace
Seat 5: vezis3 (small blind) mucked



PokerStars Hand #254777894822:  Hold'em No Limit ($0.50/$1.00 USD) - 2025/02/08 3:37:08 WET [2025/02/08 22:37:08 ET]
Table 'Acamas II' 6-max Seat #5 is the button
Seat 6: Xenicide ($100 in chips) is sitting out
Seat 1: OMAR PABLOS ($58.24 in chips) 
Seat 2: MaRKiToScoK ($134.33 in chips) 
Seat 3: kristina77784 ($17.07 in chips) 
Seat 4: LuckyShikari ($150.16 in chips) 
Seat 5: vezis3 ($100 in chips) 
OMAR PABLOS: posts small blind $0.50
MaRKiToScoK: posts big blind $1
*** HOLE CARDS ***
kristina77784: folds 
LuckyShikari: folds 
vezis3: raises $1.40 to $2.40
OMAR PABLOS: calls $1.90
MaRKiToScoK: calls $1.40
*** FLOP *** [5c 5s Jd]
OMAR PABLOS: checks 
MaRKiToScoK: checks 
vezis3: bets $2.26
OMAR PABLOS: folds 
MaRKiToScoK: folds 
Uncalled bet ($2.26) returned to vezis3
vezis3 collected $6.84 from pot
vezis3: doesn't show hand 
*** SUMMARY ***
Total pot $7.20 | Rake $0.36 
Board [5c 5s Jd]
Seat 6: Xenicide
Seat 1: OMAR PABLOS (small blind) folded on the Flop
Seat 2: MaRKiToScoK (big blind) folded on the Flop
Seat 3: kristina77784 folded before Flop (didn't bet)
Seat 4: LuckyShikari folded before Flop (didn't bet)
Seat 5: vezis3 (button) collected ($6.84)



PokerStars Hand #254777900597:  Hold'em No Limit ($0.50/$1.00 USD) - 2025/02/08 3:37:54 WET [2025/02/08 22:37:54 ET]
Table 'Acamas II' 6-max Seat #1 is the button
Seat 6: Xenicide ($100 in chips) is sitting out
Seat 1: OMAR PABLOS ($55.84 in chips) 
Seat 2: MaRKiToScoK ($131.93 in chips) 
Seat 3: kristina77784 ($17.07 in chips) 
Seat 4: LuckyShikari ($150.16 in chips) 
Seat 5: vezis3 ($104.44 in chips) 
MaRKiToScoK: posts small blind $0.50
kristina77784: posts big blind $1
Xenicide: sits out 
*** HOLE CARDS ***
LuckyShikari: folds 
vezis3: folds 
OMAR PABLOS: calls $1
MaRKiToScoK: folds 
kristina77784: checks 
*** FLOP *** [Ts Ks Qc]
kristina77784: checks 
OMAR PABLOS: checks 
*** TURN *** [Ts Ks Qc] [8d]
kristina77784: bets $2
OMAR PABLOS: folds 
Uncalled bet ($2) returned to kristina77784
kristina77784 collected $2.38 from pot
*** SUMMARY ***
Total pot $2.50 | Rake $0.12 
Board [Ts Ks Qc 8d]
Seat 6: Xenicide
Seat 1: OMAR PABLOS (button) folded on the Turn
Seat 2: MaRKiToScoK (small blind) folded before Flop
Seat 3: kristina77784 (big blind) collected ($2.38)
Seat 4: LuckyShikari folded before Flop (didn't bet)
Seat 5: vezis3 folded before Flop (didn't bet)



PokerStars Hand #254777904629:  Hold'em No Limit ($0.50/$1.00 USD) - 2025/02/08 3:38:26 WET [2025/02/08 22:38:26 ET]
Table 'Acamas II' 6-max Seat #2 is the button
Seat 6: Xenicide ($100 in chips) is sitting out
Seat 1: OMAR PABLOS ($54.84 in chips) 
Seat 2: MaRKiToScoK ($131.43 in chips) 
Seat 3: kristina77784 ($18.45 in chips) 
Seat 4: LuckyShikari ($150.16 in chips) 
Seat 5: vezis3 ($104.44 in chips) 
kristina77784: posts small blind $0.50
LuckyShikari: posts big blind $1
Xenicide: sits out 
*** HOLE CARDS ***
vezis3: folds 
OMAR PABLOS: folds 
MaRKiToScoK: raises $1.50 to $2.50
kristina77784: folds 
LuckyShikari: raises $10.50 to $13
MaRKiToScoK: calls $10.50
*** FLOP *** [9h Kd 3d]
kristina77784 leaves the table
LuckyShikari: checks 
MaRKiToScoK: checks 
*** TURN *** [9h Kd 3d] [5s]
LuckyShikari: checks 
MaRKiToScoK: bets $8.31
50CandyJoe joins the table at seat #3 
LuckyShikari: calls $8.31
*** RIVER *** [9h Kd 3d 5s] [Qh]
LuckyShikari: checks 
MaRKiToScoK: checks 
*** SHOW DOWN ***
LuckyShikari: shows [5c As] (a pair of Fives)
MaRKiToScoK: shows [Ts Tc] (a pair of Tens)
MaRKiToScoK collected $40.96 from pot
*** SUMMARY ***
Total pot $43.12 | Rake $2.16 
Board [9h Kd 3d 5s Qh]
Seat 6: Xenicide
Seat 1: OMAR PABLOS folded before Flop (didn't bet)
Seat 2: MaRKiToScoK (button) showed [Ts Tc] and won ($40.96) with a pair of Tens
Seat 3: kristina77784 (small blind) folded before Flop
Seat 4: LuckyShikari (big blind) showed [5c As] and lost with a pair of Fives
Seat 5: vezis3 folded before Flop (didn't bet)



PokerStars Hand #254777911542:  Hold'em No Limit ($0.50/$1.00 USD) - 2025/02/08 3:39:21 WET [2025/02/08 22:39:21 ET]
Table 'Acamas II' 6-max Seat #4 is the button
Seat 3: 50CandyJoe ($100 in chips) is sitting out
Seat 1: OMAR PABLOS ($54.84 in chips) 
Seat 2: MaRKiToScoK ($151.08 in chips) 
Seat 4: LuckyShikari ($128.85 in chips) 
Seat 5: vezis3 ($104.44 in chips) 
Seat 6: Xenicide ($100 in chips) 
vezis3: posts small blind $0.50
Xenicide: posts big blind $1
50CandyJoe: sits out 
*** HOLE CARDS ***
OMAR PABLOS: folds 
MaRKiToScoK: folds 
LuckyShikari: folds 
vezis3: folds 
Uncalled bet ($0.50) returned to Xenicide
Xenicide collected $1 from pot
*** SUMMARY ***
Total pot $1 | Rake $0 
Seat 3: 50CandyJoe
Seat 1: OMAR PABLOS folded before Flop (didn't bet)
Seat 2: MaRKiToScoK folded before Flop (didn't bet)
Seat 4: LuckyShikari (button) folded before Flop (didn't bet)
Seat 5: vezis3 (small blind) folded before Flop
Seat 6: Xenicide (big blind) collected ($1)



PokerStars Hand #254777913050:  Hold'em No Limit ($0.50/$1.00 USD) - 2025/02/08 3:39:33 WET [2025/02/08 22:39:33 ET]
Table 'Acamas II' 6-max Seat #5 is the button
Seat 3: 50CandyJoe ($100 in chips) is sitting out
Seat 1: OMAR PABLOS ($54.84 in chips) 
Seat 2: MaRKiToScoK ($151.08 in chips) 
Seat 4: LuckyShikari ($128.85 in chips) 
Seat 5: vezis3 ($103.94 in chips) 
Seat 6: Xenicide ($100.50 in chips) 
Xenicide: posts small blind $0.50
OMAR PABLOS: posts big blind $1
50CandyJoe: sits out 
*** HOLE CARDS ***
MaRKiToScoK: folds 
LuckyShikari: folds 
vezis3: raises $1.40 to $2.40
Xenicide: folds 
OMAR PABLOS: calls $1.40
*** FLOP *** [8h 9c 5s]
OMAR PABLOS: checks 
vezis3: checks 
*** TURN *** [8h 9c 5s] [6d]
OMAR PABLOS: checks 
vezis3: checks 
*** RIVER *** [8h 9c 5s 6d] [Kh]
OMAR PABLOS: checks 
vezis3: bets $2.12
OMAR PABLOS: folds 
Uncalled bet ($2.12) returned to vezis3
vezis3 collected $5.04 from pot
vezis3: doesn't show hand 
*** SUMMARY ***
Total pot $5.30 | Rake $0.26 
Board [8h 9c 5s 6d Kh]
Seat 3: 50CandyJoe
Seat 1: OMAR PABLOS (big blind) folded on the River
Seat 2: MaRKiToScoK folded before Flop (didn't bet)
Seat 4: LuckyShikari folded before Flop (didn't bet)
Seat 5: vezis3 (button) collected ($5.04)
Seat 6: Xenicide (small blind) folded before Flop



PokerStars Hand #254777917331:  Hold'em No Limit ($0.50/$1.00 USD) - 2025/02/08 3:40:07 WET [2025/02/08 22:40:07 ET]
Table 'Acamas II' 6-max Seat #6 is the button
Seat 3: 50CandyJoe ($100 in chips) is sitting out
Seat 1: OMAR PABLOS ($52.44 in chips) 
Seat 2: MaRKiToScoK ($151.08 in chips) 
Seat 4: LuckyShikari ($128.85 in chips) 
Seat 5: vezis3 ($106.58 in chips) 
Seat 6: Xenicide ($100 in chips) 
OMAR PABLOS: posts small blind $0.50
MaRKiToScoK: posts big blind $1
50CandyJoe: sits out 
*** HOLE CARDS ***
LuckyShikari: raises $2 to $3
vezis3: folds 
Xenicide: folds 
OMAR PABLOS: calls $2.50
MaRKiToScoK: folds 
*** FLOP *** [Qs Td 7c]
OMAR PABLOS: checks 
LuckyShikari: bets $5
OMAR PABLOS: calls $5
*** TURN *** [Qs Td 7c] [3h]
OMAR PABLOS: checks 
LuckyShikari: bets $12
OMAR PABLOS: folds 
Uncalled bet ($12) returned to LuckyShikari
LuckyShikari collected $16.15 from pot
LuckyShikari: doesn't show hand 
*** SUMMARY ***
Total pot $17 | Rake $0.85 
Board [Qs Td 7c 3h]
Seat 3: 50CandyJoe
Seat 1: OMAR PABLOS (small blind) folded on the Turn
Seat 2: MaRKiToScoK (big blind) folded before Flop
Seat 4: LuckyShikari collected ($16.15)
Seat 5: vezis3 folded before Flop (didn't bet)
Seat 6: Xenicide (button) folded before Flop (didn't bet)



PokerStars Hand #254777922254:  Hold'em No Limit ($0.50/$1.00 USD) - 2025/02/08 3:40:46 WET [2025/02/08 22:40:46 ET]
Table 'Acamas II' 6-max Seat #1 is the button
Seat 1: OMAR PABLOS ($44.44 in chips) 
Seat 2: MaRKiToScoK ($150.08 in chips) 
Seat 3: 50CandyJoe ($100 in chips) 
Seat 4: LuckyShikari ($137 in chips) 
Seat 5: vezis3 ($106.58 in chips) 
Seat 6: Xenicide ($100 in chips) 
MaRKiToScoK: posts small blind $0.50
50CandyJoe: posts big blind $1
*** HOLE CARDS ***
LuckyShikari: raises $2 to $3
vezis3: raises $6 to $9
Xenicide: folds 
OMAR PABLOS: calls $9
MaRKiToScoK: folds 
50CandyJoe: folds 
LuckyShikari: folds 
*** FLOP *** [8c 4h Qd]
vezis3: checks 
OMAR PABLOS: checks 
*** TURN *** [8c 4h Qd] [8d]
vezis3: checks 
OMAR PABLOS: checks 
*** RIVER *** [8c 4h Qd 8d] [Th]
vezis3: bets $16.46
OMAR PABLOS: folds 
Uncalled bet ($16.46) returned to vezis3
vezis3 collected $21.38 from pot
vezis3: doesn't show hand 
*** SUMMARY ***
Total pot $22.50 | Rake $1.12 
Board [8c 4h Qd 8d Th]
Seat 1: OMAR PABLOS (button) folded on the River
Seat 2: MaRKiToScoK (small blind) folded before Flop
Seat 3: 50CandyJoe (big blind) folded before Flop
Seat 4: LuckyShikari folded before Flop
Seat 5: vezis3 collected ($21.38)
Seat 6: Xenicide folded before Flop (didn't bet)



PokerStars Hand #254777927966:  Hold'em No Limit ($0.50/$1.00 USD) - 2025/02/08 3:41:32 WET [2025/02/08 22:41:32 ET]
Table 'Acamas II' 6-max Seat #2 is the button
Seat 1: OMAR PABLOS ($35.44 in chips) 
Seat 2: MaRKiToScoK ($149.58 in chips) 
Seat 3: 50CandyJoe ($100 in chips) 
Seat 4: LuckyShikari ($134 in chips) 
Seat 5: vezis3 ($118.96 in chips) 
Seat 6: Xenicide ($100 in chips) 
50CandyJoe: posts small blind $0.50
LuckyShikari: posts big blind $1
*** HOLE CARDS ***
vezis3: raises $1 to $2
Xenicide: folds 
OMAR PABLOS: calls $2
MaRKiToScoK: calls $2
50CandyJoe: folds 
LuckyShikari: calls $1
*** FLOP *** [2h Kd 4h]
LuckyShikari: checks 
vezis3: checks 
OMAR PABLOS: checks 
MaRKiToScoK: checks 
*** TURN *** [2h Kd 4h] [Jh]
LuckyShikari: checks 
vezis3: checks 
OMAR PABLOS: checks 
MaRKiToScoK: checks 
*** RIVER *** [2h Kd 4h Jh] [6c]
LuckyShikari: checks 
vezis3: checks 
OMAR PABLOS: checks 
MaRKiToScoK: checks 
*** SHOW DOWN ***
LuckyShikari: shows [9s Js] (a pair of Jacks)
vezis3: mucks hand 
OMAR PABLOS: mucks hand 
MaRKiToScoK: mucks hand 
LuckyShikari collected $8.08 from pot
*** SUMMARY ***
Total pot $8.50 | Rake $0.42 
Board [2h Kd 4h Jh 6c]
Seat 1: OMAR PABLOS mucked
Seat 2: MaRKiToScoK (button) mucked
Seat 3: 50CandyJoe (small blind) folded before Flop
Seat 4: LuckyShikari (big blind) showed [9s Js] and won ($8.08) with a pair of Jacks
Seat 5: vezis3 mucked
Seat 6: Xenicide folded before Flop (didn't bet)



PokerStars Hand #254777935231:  Hold'em No Limit ($0.50/$1.00 USD) - 2025/02/08 3:42:30 WET [2025/02/08 22:42:30 ET]
Table 'Acamas II' 6-max Seat #3 is the button
Seat 1: OMAR PABLOS ($33.44 in chips) 
Seat 2: MaRKiToScoK ($147.58 in chips) 
Seat 3: 50CandyJoe ($100 in chips) 
Seat 4: LuckyShikari ($140.08 in chips) 
Seat 5: vezis3 ($116.96 in chips) 
Seat 6: Xenicide ($100 in chips) 
LuckyShikari: posts small blind $0.50
vezis3: posts big blind $1
*** HOLE CARDS ***
Xenicide: folds 
OMAR PABLOS: folds 
MaRKiToScoK: folds 
50CandyJoe: raises $1.50 to $2.50
LuckyShikari: raises $8.50 to $11
vezis3: folds 
50CandyJoe: calls $8.50
*** FLOP *** [Js 2s 3s]
LuckyShikari: bets $7
50CandyJoe: folds 
Uncalled bet ($7) returned to LuckyShikari
LuckyShikari collected $21.85 from pot
LuckyShikari: doesn't show hand 
*** SUMMARY ***
Total pot $23 | Rake $1.15 
Board [Js 2s 3s]
Seat 1: OMAR PABLOS folded before Flop (didn't bet)
Seat 2: MaRKiToScoK folded before Flop (didn't bet)
Seat 3: 50CandyJoe (button) folded on the Flop
Seat 4: LuckyShikari (small blind) collected ($21.85)
Seat 5: vezis3 (big blind) folded before Flop
Seat 6: Xenicide folded before Flop (didn't bet)



PokerStars Hand #254777939811:  Hold'em No Limit ($0.50/$1.00 USD) - 2025/02/08 3:43:07 WET [2025/02/08 22:43:07 ET]
Table 'Acamas II' 6-max Seat #4 is the button
Seat 1: OMAR PABLOS ($33.44 in chips) 
Seat 2: MaRKiToScoK ($147.58 in chips) 
Seat 3: 50CandyJoe ($100 in chips) 
Seat 4: LuckyShikari ($150.93 in chips) 
Seat 5: vezis3 ($115.96 in chips) 
Seat 6: Xenicide ($100 in chips) 
vezis3: posts small blind $0.50
Xenicide: posts big blind $1
*** HOLE CARDS ***
OMAR PABLOS: folds 
MaRKiToScoK: folds 
50CandyJoe: folds 
LuckyShikari: raises $1 to $2
vezis3: folds 
Xenicide: folds 
Uncalled bet ($1) returned to LuckyShikari
LuckyShikari collected $2.50 from pot
LuckyShikari: doesn't show hand 
*** SUMMARY ***
Total pot $2.50 | Rake $0 
Seat 1: OMAR PABLOS folded before Flop (didn't bet)
Seat 2: MaRKiToScoK folded before Flop (didn't bet)
Seat 3: 50CandyJoe folded before Flop (didn't bet)
Seat 4: LuckyShikari (button) collected ($2.50)
Seat 5: vezis3 (small blind) folded before Flop
Seat 6: Xenicide (big blind) folded before Flop



PokerStars Hand #254777941710:  Hold'em No Limit ($0.50/$1.00 USD) - 2025/02/08 3:43:23 WET [2025/02/08 22:43:23 ET]
Table 'Acamas II' 6-max Seat #5 is the button
Seat 1: OMAR PABLOS ($33.44 in chips) 
Seat 2: MaRKiToScoK ($147.58 in chips) 
Seat 3: 50CandyJoe ($100 in chips) 
Seat 4: LuckyShikari ($152.43 in chips) 
Seat 5: vezis3 ($115.46 in chips) 
Seat 6: Xenicide ($100 in chips) 
Xenicide: posts small blind $0.50
OMAR PABLOS: posts big blind $1
*** HOLE CARDS ***
MaRKiToScoK: folds 
50CandyJoe: folds 
LuckyShikari: folds 
vezis3: raises $1.40 to $2.40
MaRKiToScoK leaves the table
Xenicide: folds 
OMAR PABLOS: calls $1.40
*** FLOP *** [5s Tc 4c]
OMAR PABLOS: checks 
vezis3: bets $1.66
OMAR PABLOS: raises $8.36 to $10.02
vezis3: folds 
Uncalled bet ($8.36) returned to OMAR PABLOS
OMAR PABLOS collected $8.19 from pot
OMAR PABLOS: doesn't show hand 
*** SUMMARY ***
Total pot $8.62 | Rake $0.43 
Board [5s Tc 4c]
Seat 1: OMAR PABLOS (big blind) collected ($8.19)
Seat 2: MaRKiToScoK folded before Flop (didn't bet)
Seat 3: 50CandyJoe folded before Flop (didn't bet)
Seat 4: LuckyShikari folded before Flop (didn't bet)
Seat 5: vezis3 (button) folded on the Flop
Seat 6: Xenicide (small blind) folded before Flop



PokerStars Hand #254777946731:  Hold'em No Limit ($0.50/$1.00 USD) - 2025/02/08 3:44:04 WET [2025/02/08 22:44:04 ET]
Table 'Acamas II' 6-max Seat #6 is the button
Seat 1: OMAR PABLOS ($37.57 in chips) 
Seat 3: 50CandyJoe ($100 in chips) 
Seat 4: LuckyShikari ($152.43 in chips) 
Seat 5: vezis3 ($111.40 in chips) 
Seat 6: Xenicide ($100 in chips) 
OMAR PABLOS: posts small blind $0.50
50CandyJoe: posts big blind $1
*** HOLE CARDS ***
LuckyShikari: folds 
vezis3: raises $1.40 to $2.40
Xenicide: folds 
OMAR PABLOS: calls $1.90
50CandyJoe: folds 
*** FLOP *** [Js Kd 4s]
OMAR PABLOS: checks 
vezis3: bets $1.82
OMAR PABLOS: folds 
Uncalled bet ($1.82) returned to vezis3
vezis3 collected $5.51 from pot
vezis3: doesn't show hand 
*** SUMMARY ***
Total pot $5.80 | Rake $0.29 
Board [Js Kd 4s]
Seat 1: OMAR PABLOS (small blind) folded on the Flop
Seat 3: 50CandyJoe (big blind) folded before Flop
Seat 4: LuckyShikari folded before Flop (didn't bet)
Seat 5: vezis3 collected ($5.51)
Seat 6: Xenicide (button) folded before Flop (didn't bet)



PokerStars Hand #254777948983:  Hold'em No Limit ($0.50/$1.00 USD) - 2025/02/08 3:44:22 WET [2025/02/08 22:44:22 ET]
Table 'Acamas II' 6-max Seat #1 is the button
Seat 1: OMAR PABLOS ($35.17 in chips) 
Seat 3: 50CandyJoe ($100 in chips) 
Seat 4: LuckyShikari ($152.43 in chips) 
Seat 5: vezis3 ($114.51 in chips) 
Seat 6: Xenicide ($100 in chips) 
50CandyJoe: posts small blind $0.50
LuckyShikari: posts big blind $1
*** HOLE CARDS ***
vezis3: raises $1 to $2
Xenicide: folds 
OMAR PABLOS: calls $2
50CandyJoe: folds 
LuckyShikari: calls $1
*** FLOP *** [Ks Jh Tc]
LuckyShikari: checks 
vezis3: checks 
OMAR PABLOS: checks 
*** TURN *** [Ks Jh Tc] [7s]
LuckyShikari: checks 
vezis3: checks 
OMAR PABLOS: checks 
*** RIVER *** [Ks Jh Tc 7s] [Jc]
LuckyShikari: checks 
vezis3: checks 
OMAR PABLOS: bets $7
LuckyShikari: folds 
vezis3: calls $7
*** SHOW DOWN ***
OMAR PABLOS: shows [5d 4d] (a pair of Jacks)
vezis3: shows [Ts As] (two pair, Jacks and Tens)
vezis3 collected $19.48 from pot
*** SUMMARY ***
Total pot $20.50 | Rake $1.02 
Board [Ks Jh Tc 7s Jc]
Seat 1: OMAR PABLOS (button) showed [5d 4d] and lost with a pair of Jacks
Seat 3: 50CandyJoe (small blind) folded before Flop
Seat 4: LuckyShikari (big blind) folded on the River
Seat 5: vezis3 showed [Ts As] and won ($19.48) with two pair, Jacks and Tens
Seat 6: Xenicide folded before Flop (didn't bet)



PokerStars Hand #254777954823:  Hold'em No Limit ($0.50/$1.00 USD) - 2025/02/08 3:45:09 WET [2025/02/08 22:45:09 ET]
Table 'Acamas II' 6-max Seat #3 is the button
Seat 1: OMAR PABLOS ($26.17 in chips) 
Seat 3: 50CandyJoe ($100 in chips) 
Seat 4: LuckyShikari ($150.43 in chips) 
Seat 5: vezis3 ($124.99 in chips) 
Seat 6: Xenicide ($100 in chips) 
LuckyShikari: posts small blind $0.50
vezis3: posts big blind $1
*** HOLE CARDS ***
Xenicide: raises $1 to $2
OMAR PABLOS: calls $2
50CandyJoe: raises $8 to $10
LuckyShikari: folds 
vezis3: folds 
Xenicide: folds 
OMAR PABLOS: folds 
Uncalled bet ($8) returned to 50CandyJoe
50CandyJoe collected $7.50 from pot
50CandyJoe: doesn't show hand 
*** SUMMARY ***
Total pot $7.50 | Rake $0 
Seat 1: OMAR PABLOS folded before Flop
Seat 3: 50CandyJoe (button) collected ($7.50)
Seat 4: LuckyShikari (small blind) folded before Flop
Seat 5: vezis3 (big blind) folded before Flop
Seat 6: Xenicide folded before Flop



PokerStars Hand #254777959008:  Hold'em No Limit ($0.50/$1.00 USD) - 2025/02/08 3:45:42 WET [2025/02/08 22:45:42 ET]
Table 'Acamas II' 6-max Seat #4 is the button
Seat 1: OMAR PABLOS ($24.17 in chips) 
Seat 3: 50CandyJoe ($105.50 in chips) 
Seat 4: LuckyShikari ($149.93 in chips) 
Seat 5: vezis3 ($123.99 in chips) 
Seat 6: Xenicide ($100 in chips) 
vezis3: posts small blind $0.50
Xenicide: posts big blind $1
*** HOLE CARDS ***
OMAR PABLOS: calls $1
50CandyJoe: folds 
LuckyShikari: raises $2 to $3
vezis3: folds 
Xenicide: folds 
OMAR PABLOS: calls $2
*** FLOP *** [3s 8c 3d]
OMAR PABLOS: checks 
LuckyShikari: checks 
*** TURN *** [3s 8c 3d] [Kc]
OMAR PABLOS: checks 
LuckyShikari: bets $3.50
OMAR PABLOS: calls $3.50
*** RIVER *** [3s 8c 3d Kc] [Qd]
OMAR PABLOS: bets $17.67 and is all-in
LuckyShikari: calls $17.67
*** SHOW DOWN ***
OMAR PABLOS: shows [Kd Kh] (a full house, Kings full of Threes)
LuckyShikari: shows [Js Ks] (two pair, Kings and Threes)
OMAR PABLOS collected $47.35 from pot
*** SUMMARY ***
Total pot $49.84 | Rake $2.49 
Board [3s 8c 3d Kc Qd]
Seat 1: OMAR PABLOS showed [Kd Kh] and won ($47.35) with a full house, Kings full of Threes
Seat 3: 50CandyJoe folded before Flop (didn't bet)
Seat 4: LuckyShikari (button) showed [Js Ks] and lost with two pair, Kings and Threes
Seat 5: vezis3 (small blind) folded before Flop
Seat 6: Xenicide (big blind) folded before Flop



PokerStars Hand #254777963558:  Hold'em No Limit ($0.50/$1.00 USD) - 2025/02/08 3:46:19 WET [2025/02/08 22:46:19 ET]
Table 'Acamas II' 6-max Seat #5 is the button
Seat 1: OMAR PABLOS ($47.35 in chips) 
Seat 3: 50CandyJoe ($105.50 in chips) 
Seat 4: LuckyShikari ($125.76 in chips) 
Seat 5: vezis3 ($123.49 in chips) 
Seat 6: Xenicide ($100 in chips) 
Xenicide: posts small blind $0.50
OMAR PABLOS: posts big blind $1
*** HOLE CARDS ***
XneferX joins the table at seat #2 
50CandyJoe: raises $1.20 to $2.20
LuckyShikari: folds 
vezis3: folds 
Xenicide: folds 
OMAR PABLOS: calls $1.20
*** FLOP *** [Ah Jh Jd]
OMAR PABLOS: checks 
50CandyJoe: bets $1.54
OMAR PABLOS: folds 
Uncalled bet ($1.54) returned to 50CandyJoe
50CandyJoe collected $4.66 from pot
50CandyJoe: doesn't show hand 
*** SUMMARY ***
Total pot $4.90 | Rake $0.24 
Board [Ah Jh Jd]
Seat 1: OMAR PABLOS (big blind) folded on the Flop
Seat 3: 50CandyJoe collected ($4.66)
Seat 4: LuckyShikari folded before Flop (didn't bet)
Seat 5: vezis3 (button) folded before Flop (didn't bet)
Seat 6: Xenicide (small blind) folded before Flop



