PokerStars Hand #254773118910:  Hold'em No Limit ($0.50/$1.00 USD) - 2025/02/08 21:51:28 WET [2025/02/08 16:51:28 ET]
Table 'Mombasa II' 6-max Seat #5 is the button
Seat 1: EvilReality ($100 in chips) 
Seat 2: CichiChanMarian ($100 in chips) 
Seat 3: Pro-Vok-777 ($100.30 in chips) 
Seat 4: Nice S.P. ($100 in chips) 
Seat 5: SorinS28 ($104 in chips) 
Seat 6: ReVeu710 ($100 in chips) 
ReVeu710: posts small blind $0.50
EvilReality: posts big blind $1
*** HOLE CARDS ***
CichiChanMarian: folds 
Pro-Vok-777: folds 
Nice S.P.: folds 
SorinS28: raises $1.50 to $2.50
ReVeu710: folds 
EvilReality: folds 
Uncalled bet ($1.50) returned to SorinS28
SorinS28 collected $2.50 from pot
SorinS28: doesn't show hand 
*** SUMMARY ***
Total pot $2.50 | Rake $0 
Seat 1: EvilReality (big blind) folded before Flop
Seat 2: CichiChanMarian folded before Flop (didn't bet)
Seat 3: Pro-Vok-777 folded before Flop (didn't bet)
Seat 4: Nice S.P. folded before Flop (didn't bet)
Seat 5: SorinS28 (button) collected ($2.50)
Seat 6: ReVeu710 (small blind) folded before Flop



PokerStars Hand #254773124207:  Hold'em No Limit ($0.50/$1.00 USD) - 2025/02/08 21:51:47 WET [2025/02/08 16:51:47 ET]
Table 'Mombasa II' 6-max Seat #6 is the button
Seat 1: EvilReality ($100 in chips) 
Seat 2: CichiChanMarian ($100 in chips) 
Seat 3: Pro-Vok-777 ($100.30 in chips) 
Seat 4: Nice S.P. ($100 in chips) 
Seat 5: SorinS28 ($105.50 in chips) 
Seat 6: ReVeu710 ($100 in chips) 
EvilReality: posts small blind $0.50
CichiChanMarian: posts big blind $1
*** HOLE CARDS ***
Pro-Vok-777: folds 
Nice S.P.: folds 
SorinS28: folds 
ReVeu710: folds 
EvilReality: folds 
Uncalled bet ($0.50) returned to CichiChanMarian
CichiChanMarian collected $1 from pot
CichiChanMarian: doesn't show hand 
*** SUMMARY ***
Total pot $1 | Rake $0 
Seat 1: EvilReality (small blind) folded before Flop
Seat 2: CichiChanMarian (big blind) collected ($1)
Seat 3: Pro-Vok-777 folded before Flop (didn't bet)
Seat 4: Nice S.P. folded before Flop (didn't bet)
Seat 5: SorinS28 folded before Flop (didn't bet)
Seat 6: ReVeu710 (button) folded before Flop (didn't bet)



PokerStars Hand #254773127745:  Hold'em No Limit ($0.50/$1.00 USD) - 2025/02/08 21:51:59 WET [2025/02/08 16:51:59 ET]
Table 'Mombasa II' 6-max Seat #1 is the button
Seat 1: EvilReality ($100 in chips) 
Seat 2: CichiChanMarian ($100.50 in chips) 
Seat 3: Pro-Vok-777 ($100.30 in chips) 
Seat 4: Nice S.P. ($100 in chips) 
Seat 5: SorinS28 ($105.50 in chips) 
Seat 6: ReVeu710 ($100 in chips) 
CichiChanMarian: posts small blind $0.50
Pro-Vok-777: posts big blind $1
*** HOLE CARDS ***
Nice S.P.: raises $2 to $3
SorinS28: folds 
ReVeu710: raises $6 to $9
EvilReality: raises $13 to $22
CichiChanMarian: folds 
Pro-Vok-777: folds 
Nice S.P.: folds 
ReVeu710: folds 
Uncalled bet ($13) returned to EvilReality
EvilReality collected $22.50 from pot
EvilReality: doesn't show hand 
*** SUMMARY ***
Total pot $22.50 | Rake $0 
Seat 1: EvilReality (button) collected ($22.50)
Seat 2: CichiChanMarian (small blind) folded before Flop
Seat 3: Pro-Vok-777 (big blind) folded before Flop
Seat 4: Nice S.P. folded before Flop
Seat 5: SorinS28 folded before Flop (didn't bet)
Seat 6: ReVeu710 folded before Flop



PokerStars Hand #254773137194:  Hold'em No Limit ($0.50/$1.00 USD) - 2025/02/08 21:52:32 WET [2025/02/08 16:52:32 ET]
Table 'Mombasa II' 6-max Seat #2 is the button
Seat 1: EvilReality ($113.50 in chips) 
Seat 2: CichiChanMarian ($100 in chips) 
Seat 3: Pro-Vok-777 ($99.30 in chips) 
Seat 4: Nice S.P. ($100 in chips) 
Seat 5: SorinS28 ($105.50 in chips) 
Seat 6: ReVeu710 ($100 in chips) 
Pro-Vok-777: posts small blind $0.50
Nice S.P.: posts big blind $1
*** HOLE CARDS ***
SorinS28: folds 
ReVeu710: folds 
EvilReality: folds 
CichiChanMarian: folds 
Pro-Vok-777: calls $0.50
Nice S.P.: raises $2 to $3
Pro-Vok-777: calls $2
*** FLOP *** [5h 8h 5d]
Pro-Vok-777: checks 
Nice S.P.: bets $1.88
Pro-Vok-777: folds 
Uncalled bet ($1.88) returned to Nice S.P.
Nice S.P. collected $5.70 from pot
Nice S.P.: doesn't show hand 
*** SUMMARY ***
Total pot $6 | Rake $0.30 
Board [5h 8h 5d]
Seat 1: EvilReality folded before Flop (didn't bet)
Seat 2: CichiChanMarian (button) folded before Flop (didn't bet)
Seat 3: Pro-Vok-777 (small blind) folded on the Flop
Seat 4: Nice S.P. (big blind) collected ($5.70)
Seat 5: SorinS28 folded before Flop (didn't bet)
Seat 6: ReVeu710 folded before Flop (didn't bet)



PokerStars Hand #254773147386:  Hold'em No Limit ($0.50/$1.00 USD) - 2025/02/08 21:53:07 WET [2025/02/08 16:53:07 ET]
Table 'Mombasa II' 6-max Seat #3 is the button
Seat 1: EvilReality ($113.50 in chips) 
Seat 2: CichiChanMarian ($100 in chips) 
Seat 3: Pro-Vok-777 ($96.30 in chips) 
Seat 4: Nice S.P. ($102.70 in chips) 
Seat 5: SorinS28 ($105.50 in chips) 
Seat 6: ReVeu710 ($100 in chips) 
Nice S.P.: posts small blind $0.50
SorinS28: posts big blind $1
*** HOLE CARDS ***
ReVeu710: folds 
EvilReality: folds 
CichiChanMarian: folds 
Pro-Vok-777: folds 
Nice S.P.: folds 
Uncalled bet ($0.50) returned to SorinS28
SorinS28 collected $1 from pot
SorinS28: doesn't show hand 
*** SUMMARY ***
Total pot $1 | Rake $0 
Seat 1: EvilReality folded before Flop (didn't bet)
Seat 2: CichiChanMarian folded before Flop (didn't bet)
Seat 3: Pro-Vok-777 (button) folded before Flop (didn't bet)
Seat 4: Nice S.P. (small blind) folded before Flop
Seat 5: SorinS28 (big blind) collected ($1)
Seat 6: ReVeu710 folded before Flop (didn't bet)



PokerStars Hand #254773153757:  Hold'em No Limit ($0.50/$1.00 USD) - 2025/02/08 21:53:29 WET [2025/02/08 16:53:29 ET]
Table 'Mombasa II' 6-max Seat #4 is the button
Seat 1: EvilReality ($113.50 in chips) 
Seat 2: CichiChanMarian ($100 in chips) 
Seat 3: Pro-Vok-777 ($96.30 in chips) 
Seat 4: Nice S.P. ($102.20 in chips) 
Seat 5: SorinS28 ($106 in chips) 
Seat 6: ReVeu710 ($100 in chips) 
SorinS28: posts small blind $0.50
ReVeu710: posts big blind $1
*** HOLE CARDS ***
EvilReality: folds 
CichiChanMarian: folds 
Pro-Vok-777: folds 
Nice S.P.: raises $1 to $2
SorinS28: folds 
ReVeu710: folds 
Uncalled bet ($1) returned to Nice S.P.
Nice S.P. collected $2.50 from pot
Nice S.P.: doesn't show hand 
*** SUMMARY ***
Total pot $2.50 | Rake $0 
Seat 1: EvilReality folded before Flop (didn't bet)
Seat 2: CichiChanMarian folded before Flop (didn't bet)
Seat 3: Pro-Vok-777 folded before Flop (didn't bet)
Seat 4: Nice S.P. (button) collected ($2.50)
Seat 5: SorinS28 (small blind) folded before Flop
Seat 6: ReVeu710 (big blind) folded before Flop



PokerStars Hand #254773157676:  Hold'em No Limit ($0.50/$1.00 USD) - 2025/02/08 21:53:43 WET [2025/02/08 16:53:43 ET]
Table 'Mombasa II' 6-max Seat #5 is the button
Seat 1: EvilReality ($113.50 in chips) 
Seat 2: CichiChanMarian ($100 in chips) 
Seat 3: Pro-Vok-777 ($96.30 in chips) 
Seat 4: Nice S.P. ($103.70 in chips) 
Seat 5: SorinS28 ($105.50 in chips) 
Seat 6: ReVeu710 ($100 in chips) 
ReVeu710: posts small blind $0.50
EvilReality: posts big blind $1
*** HOLE CARDS ***
CichiChanMarian: folds 
Pro-Vok-777: folds 
Nice S.P.: folds 
SorinS28: folds 
ReVeu710: raises $2 to $3
EvilReality: calls $2
*** FLOP *** [Tc Ac Qs]
ReVeu710: bets $1.43
EvilReality: raises $6.42 to $7.85
ReVeu710: calls $6.42
*** TURN *** [Tc Ac Qs] [Jh]
ReVeu710: checks 
EvilReality: bets $15.46
ReVeu710: calls $15.46
*** RIVER *** [Tc Ac Qs Jh] [Qc]
ReVeu710: checks 
EvilReality: checks 
*** SHOW DOWN ***
ReVeu710: shows [Ad Kd] (a straight, Ten to Ace)
EvilReality: shows [2c Kc] (a flush, Ace high)
EvilReality collected $50.12 from pot
*** SUMMARY ***
Total pot $52.62 | Rake $2.50 
Board [Tc Ac Qs Jh Qc]
Seat 1: EvilReality (big blind) showed [2c Kc] and won ($50.12) with a flush, Ace high
Seat 2: CichiChanMarian folded before Flop (didn't bet)
Seat 3: Pro-Vok-777 folded before Flop (didn't bet)
Seat 4: Nice S.P. folded before Flop (didn't bet)
Seat 5: SorinS28 (button) folded before Flop (didn't bet)
Seat 6: ReVeu710 (small blind) showed [Ad Kd] and lost with a straight, Ten to Ace



PokerStars Hand #254773171280:  Hold'em No Limit ($0.50/$1.00 USD) - 2025/02/08 21:54:30 WET [2025/02/08 16:54:30 ET]
Table 'Mombasa II' 6-max Seat #6 is the button
Seat 1: EvilReality ($137.31 in chips) 
Seat 2: CichiChanMarian ($100 in chips) 
Seat 3: Pro-Vok-777 ($96.30 in chips) 
Seat 4: Nice S.P. ($103.70 in chips) 
Seat 5: SorinS28 ($105.50 in chips) 
Seat 6: ReVeu710 ($100 in chips) 
EvilReality: posts small blind $0.50
CichiChanMarian: posts big blind $1
*** HOLE CARDS ***
Pro-Vok-777: folds 
Nice S.P.: raises $1 to $2
SorinS28: folds 
ReVeu710: folds 
EvilReality: folds 
CichiChanMarian: calls $1
*** FLOP *** [2d 7h Th]
CichiChanMarian: checks 
Nice S.P.: bets $1.41
CichiChanMarian: folds 
Uncalled bet ($1.41) returned to Nice S.P.
Nice S.P. collected $4.28 from pot
Nice S.P.: doesn't show hand 
*** SUMMARY ***
Total pot $4.50 | Rake $0.22 
Board [2d 7h Th]
Seat 1: EvilReality (small blind) folded before Flop
Seat 2: CichiChanMarian (big blind) folded on the Flop
Seat 3: Pro-Vok-777 folded before Flop (didn't bet)
Seat 4: Nice S.P. collected ($4.28)
Seat 5: SorinS28 folded before Flop (didn't bet)
Seat 6: ReVeu710 (button) folded before Flop (didn't bet)



PokerStars Hand #254773181949:  Hold'em No Limit ($0.50/$1.00 USD) - 2025/02/08 21:55:11 WET [2025/02/08 16:55:11 ET]
Table 'Mombasa II' 6-max Seat #1 is the button
Seat 1: EvilReality ($136.81 in chips) 
Seat 2: CichiChanMarian ($100 in chips) 
Seat 3: Pro-Vok-777 ($96.30 in chips) 
Seat 4: Nice S.P. ($105.98 in chips) 
Seat 5: SorinS28 ($105.50 in chips) 
Seat 6: ReVeu710 ($100 in chips) 
CichiChanMarian: posts small blind $0.50
Pro-Vok-777: posts big blind $1
*** HOLE CARDS ***
Nice S.P.: folds 
SorinS28: folds 
ReVeu710: folds 
EvilReality: folds 
CichiChanMarian: folds 
Uncalled bet ($0.50) returned to Pro-Vok-777
Pro-Vok-777 collected $1 from pot
*** SUMMARY ***
Total pot $1 | Rake $0 
Seat 1: EvilReality (button) folded before Flop (didn't bet)
Seat 2: CichiChanMarian (small blind) folded before Flop
Seat 3: Pro-Vok-777 (big blind) collected ($1)
Seat 4: Nice S.P. folded before Flop (didn't bet)
Seat 5: SorinS28 folded before Flop (didn't bet)
Seat 6: ReVeu710 folded before Flop (didn't bet)



PokerStars Hand #254773184059:  Hold'em No Limit ($0.50/$1.00 USD) - 2025/02/08 21:55:22 WET [2025/02/08 16:55:22 ET]
Table 'Mombasa II' 6-max Seat #2 is the button
Seat 1: EvilReality ($136.81 in chips) 
Seat 2: CichiChanMarian ($100 in chips) 
Seat 3: Pro-Vok-777 ($96.80 in chips) 
Seat 4: Nice S.P. ($105.98 in chips) 
Seat 5: SorinS28 ($105.50 in chips) 
Seat 6: ReVeu710 ($100 in chips) 
Pro-Vok-777: posts small blind $0.50
Nice S.P.: posts big blind $1
*** HOLE CARDS ***
SorinS28: raises $1.02 to $2.02
ReVeu710: folds 
EvilReality: folds 
CichiChanMarian: folds 
Pro-Vok-777: folds 
Nice S.P.: folds 
Uncalled bet ($1.02) returned to SorinS28
SorinS28 collected $2.50 from pot
SorinS28: doesn't show hand 
*** SUMMARY ***
Total pot $2.50 | Rake $0 
Seat 1: EvilReality folded before Flop (didn't bet)
Seat 2: CichiChanMarian (button) folded before Flop (didn't bet)
Seat 3: Pro-Vok-777 (small blind) folded before Flop
Seat 4: Nice S.P. (big blind) folded before Flop
Seat 5: SorinS28 collected ($2.50)
Seat 6: ReVeu710 folded before Flop (didn't bet)



PokerStars Hand #254773187186:  Hold'em No Limit ($0.50/$1.00 USD) - 2025/02/08 21:55:39 WET [2025/02/08 16:55:39 ET]
Table 'Mombasa II' 6-max Seat #3 is the button
Seat 1: EvilReality ($136.81 in chips) 
Seat 2: CichiChanMarian ($100 in chips) 
Seat 3: Pro-Vok-777 ($96.30 in chips) 
Seat 4: Nice S.P. ($104.98 in chips) 
Seat 5: SorinS28 ($107 in chips) 
Seat 6: ReVeu710 ($100 in chips) 
Nice S.P.: posts small blind $0.50
SorinS28: posts big blind $1
*** HOLE CARDS ***
ReVeu710: raises $1 to $2
EvilReality: folds 
CichiChanMarian: folds 
Pro-Vok-777: calls $2
Nice S.P.: folds 
SorinS28: calls $1
*** FLOP *** [Jc Qd Jh]
SorinS28: checks 
ReVeu710: bets $1.54
Pro-Vok-777: folds 
SorinS28: folds 
Uncalled bet ($1.54) returned to ReVeu710
ReVeu710 collected $6.18 from pot
ReVeu710: doesn't show hand 
*** SUMMARY ***
Total pot $6.50 | Rake $0.32 
Board [Jc Qd Jh]
Seat 1: EvilReality folded before Flop (didn't bet)
Seat 2: CichiChanMarian folded before Flop (didn't bet)
Seat 3: Pro-Vok-777 (button) folded on the Flop
Seat 4: Nice S.P. (small blind) folded before Flop
Seat 5: SorinS28 (big blind) folded on the Flop
Seat 6: ReVeu710 collected ($6.18)



PokerStars Hand #254773194380:  Hold'em No Limit ($0.50/$1.00 USD) - 2025/02/08 21:56:15 WET [2025/02/08 16:56:15 ET]
Table 'Mombasa II' 6-max Seat #4 is the button
Seat 1: EvilReality ($136.81 in chips) 
Seat 2: CichiChanMarian ($100 in chips) 
Seat 3: Pro-Vok-777 ($94.30 in chips) 
Seat 4: Nice S.P. ($104.48 in chips) 
Seat 5: SorinS28 ($105 in chips) 
Seat 6: ReVeu710 ($104.18 in chips) 
SorinS28: posts small blind $0.50
ReVeu710: posts big blind $1
*** HOLE CARDS ***
EvilReality: folds 
CichiChanMarian: raises $1.50 to $2.50
Pro-Vok-777: calls $2.50
Nice S.P.: folds 
SorinS28: folds 
ReVeu710: calls $1.50
*** FLOP *** [3c Qh 2d]
ReVeu710: checks 
CichiChanMarian: checks 
Pro-Vok-777: checks 
*** TURN *** [3c Qh 2d] [Td]
ReVeu710: bets $5.85
CichiChanMarian: calls $5.85
Pro-Vok-777: folds 
*** RIVER *** [3c Qh 2d Td] [9h]
ReVeu710: bets $25.65
CichiChanMarian: calls $25.65
*** SHOW DOWN ***
ReVeu710: shows [7s Js] (high card Queen)
CichiChanMarian: shows [As Ah] (a pair of Aces)
CichiChanMarian collected $68.50 from pot
*** SUMMARY ***
Total pot $71 | Rake $2.50 
Board [3c Qh 2d Td 9h]
Seat 1: EvilReality folded before Flop (didn't bet)
Seat 2: CichiChanMarian showed [As Ah] and won ($68.50) with a pair of Aces
Seat 3: Pro-Vok-777 folded on the Turn
Seat 4: Nice S.P. (button) folded before Flop (didn't bet)
Seat 5: SorinS28 (small blind) folded before Flop
Seat 6: ReVeu710 (big blind) showed [7s Js] and lost with high card Queen



PokerStars Hand #254773212061:  Hold'em No Limit ($0.50/$1.00 USD) - 2025/02/08 21:57:45 WET [2025/02/08 16:57:45 ET]
Table 'Mombasa II' 6-max Seat #5 is the button
Seat 1: EvilReality ($136.81 in chips) 
Seat 2: CichiChanMarian ($134.50 in chips) 
Seat 3: Pro-Vok-777 ($91.80 in chips) 
Seat 4: Nice S.P. ($104.48 in chips) 
Seat 5: SorinS28 ($104.50 in chips) 
Seat 6: ReVeu710 ($100 in chips) 
ReVeu710: posts small blind $0.50
EvilReality: posts big blind $1
*** HOLE CARDS ***
CichiChanMarian: folds 
Pro-Vok-777: folds 
Nice S.P.: folds 
SorinS28: raises $1.50 to $2.50
ReVeu710: folds 
EvilReality: folds 
Uncalled bet ($1.50) returned to SorinS28
SorinS28 collected $2.50 from pot
SorinS28: doesn't show hand 
*** SUMMARY ***
Total pot $2.50 | Rake $0 
Seat 1: EvilReality (big blind) folded before Flop
Seat 2: CichiChanMarian folded before Flop (didn't bet)
Seat 3: Pro-Vok-777 folded before Flop (didn't bet)
Seat 4: Nice S.P. folded before Flop (didn't bet)
Seat 5: SorinS28 (button) collected ($2.50)
Seat 6: ReVeu710 (small blind) folded before Flop



PokerStars Hand #254773215352:  Hold'em No Limit ($0.50/$1.00 USD) - 2025/02/08 21:58:00 WET [2025/02/08 16:58:00 ET]
Table 'Mombasa II' 6-max Seat #6 is the button
Seat 1: EvilReality ($135.81 in chips) 
Seat 2: CichiChanMarian ($134.50 in chips) 
Seat 3: Pro-Vok-777 ($91.80 in chips) 
Seat 4: Nice S.P. ($104.48 in chips) 
Seat 5: SorinS28 ($106 in chips) 
Seat 6: ReVeu710 ($100 in chips) 
EvilReality: posts small blind $0.50
CichiChanMarian: posts big blind $1
*** HOLE CARDS ***
Pro-Vok-777: calls $1
Nice S.P.: folds 
SorinS28: folds 
ReVeu710: folds 
EvilReality: folds 
CichiChanMarian: raises $3 to $4
Pro-Vok-777: calls $3
*** FLOP *** [8c 5d 2s]
CichiChanMarian: checks 
Pro-Vok-777: checks 
*** TURN *** [8c 5d 2s] [7d]
CichiChanMarian: checks 
Pro-Vok-777: checks 
*** RIVER *** [8c 5d 2s 7d] [3c]
CichiChanMarian: checks 
Pro-Vok-777: checks 
*** SHOW DOWN ***
CichiChanMarian: shows [4s Ks] (high card King)
Pro-Vok-777: mucks hand 
CichiChanMarian collected $8.08 from pot
*** SUMMARY ***
Total pot $8.50 | Rake $0.42 
Board [8c 5d 2s 7d 3c]
Seat 1: EvilReality (small blind) folded before Flop
Seat 2: CichiChanMarian (big blind) showed [4s Ks] and won ($8.08) with high card King
Seat 3: Pro-Vok-777 mucked
Seat 4: Nice S.P. folded before Flop (didn't bet)
Seat 5: SorinS28 folded before Flop (didn't bet)
Seat 6: ReVeu710 (button) folded before Flop (didn't bet)



PokerStars Hand #254773227810:  Hold'em No Limit ($0.50/$1.00 USD) - 2025/02/08 21:59:02 WET [2025/02/08 16:59:02 ET]
Table 'Mombasa II' 6-max Seat #1 is the button
Seat 1: EvilReality ($135.31 in chips) 
Seat 2: CichiChanMarian ($138.58 in chips) 
Seat 3: Pro-Vok-777 ($87.80 in chips) 
Seat 4: Nice S.P. ($104.48 in chips) 
Seat 5: SorinS28 ($106 in chips) 
Seat 6: ReVeu710 ($100 in chips) 
CichiChanMarian: posts small blind $0.50
Pro-Vok-777: posts big blind $1
*** HOLE CARDS ***
Nice S.P.: folds 
SorinS28: folds 
ReVeu710: raises $1.30 to $2.30
EvilReality: folds 
CichiChanMarian: folds 
Pro-Vok-777: calls $1.30
*** FLOP *** [Ac Th 2d]
Pro-Vok-777: checks 
ReVeu710: bets $1.21
Pro-Vok-777: calls $1.21
*** TURN *** [Ac Th 2d] [Td]
Pro-Vok-777: checks 
ReVeu710: bets $3.86
Pro-Vok-777: folds 
Uncalled bet ($3.86) returned to ReVeu710
ReVeu710 collected $7.14 from pot
ReVeu710: doesn't show hand 
*** SUMMARY ***
Total pot $7.52 | Rake $0.38 
Board [Ac Th 2d Td]
Seat 1: EvilReality (button) folded before Flop (didn't bet)
Seat 2: CichiChanMarian (small blind) folded before Flop
Seat 3: Pro-Vok-777 (big blind) folded on the Turn
Seat 4: Nice S.P. folded before Flop (didn't bet)
Seat 5: SorinS28 folded before Flop (didn't bet)
Seat 6: ReVeu710 collected ($7.14)



PokerStars Hand #254773236658:  Hold'em No Limit ($0.50/$1.00 USD) - 2025/02/08 21:59:45 WET [2025/02/08 16:59:45 ET]
Table 'Mombasa II' 6-max Seat #2 is the button
Seat 1: EvilReality ($135.31 in chips) 
Seat 2: CichiChanMarian ($138.08 in chips) 
Seat 3: Pro-Vok-777 ($84.29 in chips) 
Seat 4: Nice S.P. ($104.48 in chips) 
Seat 5: SorinS28 ($106 in chips) 
Seat 6: ReVeu710 ($103.63 in chips) 
Pro-Vok-777: posts small blind $0.50
Nice S.P.: posts big blind $1
*** HOLE CARDS ***
SorinS28: folds 
ReVeu710: folds 
EvilReality: folds 
CichiChanMarian: folds 
Pro-Vok-777: raises $1 to $2
Nice S.P.: calls $1
*** FLOP *** [8c 8s Ts]
Pro-Vok-777: bets $2
Nice S.P.: calls $2
*** TURN *** [8c 8s Ts] [Qh]
Pro-Vok-777: checks 
Nice S.P.: checks 
*** RIVER *** [8c 8s Ts Qh] [6s]
Pro-Vok-777: checks 
Nice S.P.: checks 
*** SHOW DOWN ***
Pro-Vok-777: shows [7c 7d] (two pair, Eights and Sevens)
Nice S.P.: mucks hand 
Pro-Vok-777 collected $7.60 from pot
*** SUMMARY ***
Total pot $8 | Rake $0.40 
Board [8c 8s Ts Qh 6s]
Seat 1: EvilReality folded before Flop (didn't bet)
Seat 2: CichiChanMarian (button) folded before Flop (didn't bet)
Seat 3: Pro-Vok-777 (small blind) showed [7c 7d] and won ($7.60) with two pair, Eights and Sevens
Seat 4: Nice S.P. (big blind) mucked
Seat 5: SorinS28 folded before Flop (didn't bet)
Seat 6: ReVeu710 folded before Flop (didn't bet)



PokerStars Hand #254773249216:  Hold'em No Limit ($0.50/$1.00 USD) - 2025/02/08 22:00:44 WET [2025/02/08 17:00:44 ET]
Table 'Mombasa II' 6-max Seat #3 is the button
Seat 1: EvilReality ($135.31 in chips) 
Seat 2: CichiChanMarian ($138.08 in chips) 
Seat 3: Pro-Vok-777 ($87.89 in chips) 
Seat 4: Nice S.P. ($100.48 in chips) 
Seat 5: SorinS28 ($106 in chips) 
Seat 6: ReVeu710 ($103.63 in chips) 
Nice S.P.: posts small blind $0.50
SorinS28: posts big blind $1
*** HOLE CARDS ***
ReVeu710: folds 
EvilReality: raises $1.50 to $2.50
CichiChanMarian: folds 
Pro-Vok-777: calls $2.50
Nice S.P.: folds 
SorinS28: calls $1.50
*** FLOP *** [8c Ad 4s]
SorinS28: checks 
EvilReality: checks 
Pro-Vok-777: checks 
*** TURN *** [8c Ad 4s] [Jh]
SorinS28: bets $5.70
EvilReality: folds 
Pro-Vok-777: folds 
Uncalled bet ($5.70) returned to SorinS28
SorinS28 collected $7.60 from pot
SorinS28: doesn't show hand 
*** SUMMARY ***
Total pot $8 | Rake $0.40 
Board [8c Ad 4s Jh]
Seat 1: EvilReality folded on the Turn
Seat 2: CichiChanMarian folded before Flop (didn't bet)
Seat 3: Pro-Vok-777 (button) folded on the Turn
Seat 4: Nice S.P. (small blind) folded before Flop
Seat 5: SorinS28 (big blind) collected ($7.60)
Seat 6: ReVeu710 folded before Flop (didn't bet)



PokerStars Hand #254773262119:  Hold'em No Limit ($0.50/$1.00 USD) - 2025/02/08 22:01:36 WET [2025/02/08 17:01:36 ET]
Table 'Mombasa II' 6-max Seat #4 is the button
Seat 1: EvilReality ($132.81 in chips) 
Seat 2: CichiChanMarian ($138.08 in chips) 
Seat 3: Pro-Vok-777 ($85.39 in chips) 
Seat 4: Nice S.P. ($100 in chips) 
Seat 5: SorinS28 ($111.10 in chips) 
Seat 6: ReVeu710 ($103.63 in chips) 
SorinS28: posts small blind $0.50
ReVeu710: posts big blind $1
*** HOLE CARDS ***
EvilReality: folds 
CichiChanMarian: folds 
Pro-Vok-777: folds 
Nice S.P.: folds 
SorinS28: raises $2 to $3
ReVeu710: raises $7 to $10
SorinS28: calls $7
*** FLOP *** [6d 9d 9s]
SorinS28: checks 
ReVeu710: bets $10.26
SorinS28: folds 
Uncalled bet ($10.26) returned to ReVeu710
ReVeu710 collected $19 from pot
ReVeu710: doesn't show hand 
*** SUMMARY ***
Total pot $20 | Rake $1 
Board [6d 9d 9s]
Seat 1: EvilReality folded before Flop (didn't bet)
Seat 2: CichiChanMarian folded before Flop (didn't bet)
Seat 3: Pro-Vok-777 folded before Flop (didn't bet)
Seat 4: Nice S.P. (button) folded before Flop (didn't bet)
Seat 5: SorinS28 (small blind) folded on the Flop
Seat 6: ReVeu710 (big blind) collected ($19)



PokerStars Hand #254773277373:  Hold'em No Limit ($0.50/$1.00 USD) - 2025/02/08 22:02:29 WET [2025/02/08 17:02:29 ET]
Table 'Mombasa II' 6-max Seat #5 is the button
Seat 1: EvilReality ($132.81 in chips) 
Seat 2: CichiChanMarian ($138.08 in chips) 
Seat 3: Pro-Vok-777 ($85.39 in chips) 
Seat 4: Nice S.P. ($100 in chips) 
Seat 5: SorinS28 ($101.10 in chips) 
Seat 6: ReVeu710 ($112.63 in chips) 
ReVeu710: posts small blind $0.50
EvilReality: posts big blind $1
*** HOLE CARDS ***
CichiChanMarian: folds 
Pro-Vok-777: calls $1
Nice S.P.: folds 
SorinS28: folds 
ReVeu710: folds 
EvilReality: checks 
*** FLOP *** [6s Kc Td]
EvilReality: bets $2
Pro-Vok-777: raises $2 to $4
EvilReality: calls $2
*** TURN *** [6s Kc Td] [6c]
EvilReality: checks 
Pro-Vok-777: checks 
*** RIVER *** [6s Kc Td 6c] [3d]
EvilReality: checks 
Pro-Vok-777: checks 
*** SHOW DOWN ***
EvilReality: shows [9c 8d] (a pair of Sixes)
Pro-Vok-777: shows [8h Kd] (two pair, Kings and Sixes)
Pro-Vok-777 collected $9.98 from pot
*** SUMMARY ***
Total pot $10.50 | Rake $0.52 
Board [6s Kc Td 6c 3d]
Seat 1: EvilReality (big blind) showed [9c 8d] and lost with a pair of Sixes
Seat 2: CichiChanMarian folded before Flop (didn't bet)
Seat 3: Pro-Vok-777 showed [8h Kd] and won ($9.98) with two pair, Kings and Sixes
Seat 4: Nice S.P. folded before Flop (didn't bet)
Seat 5: SorinS28 (button) folded before Flop (didn't bet)
Seat 6: ReVeu710 (small blind) folded before Flop



PokerStars Hand #254773291562:  Hold'em No Limit ($0.50/$1.00 USD) - 2025/02/08 22:03:18 WET [2025/02/08 17:03:18 ET]
Table 'Mombasa II' 6-max Seat #6 is the button
Seat 1: EvilReality ($127.81 in chips) 
Seat 2: CichiChanMarian ($138.08 in chips) 
Seat 3: Pro-Vok-777 ($90.37 in chips) 
Seat 4: Nice S.P. ($100 in chips) 
Seat 5: SorinS28 ($101.10 in chips) 
Seat 6: ReVeu710 ($112.13 in chips) 
EvilReality: posts small blind $0.50
CichiChanMarian: posts big blind $1
*** HOLE CARDS ***
Pro-Vok-777: calls $1
Nice S.P.: raises $2.50 to $3.50
SorinS28: raises $8.50 to $12
ReVeu710: folds 
EvilReality: folds 
CichiChanMarian: folds 
Pro-Vok-777: folds 
Nice S.P.: raises $14 to $26
SorinS28: folds 
Uncalled bet ($14) returned to Nice S.P.
Nice S.P. collected $26.50 from pot
Nice S.P.: doesn't show hand 
*** SUMMARY ***
Total pot $26.50 | Rake $0 
Seat 1: EvilReality (small blind) folded before Flop
Seat 2: CichiChanMarian (big blind) folded before Flop
Seat 3: Pro-Vok-777 folded before Flop
Seat 4: Nice S.P. collected ($26.50)
Seat 5: SorinS28 folded before Flop
Seat 6: ReVeu710 (button) folded before Flop (didn't bet)



PokerStars Hand #254773315070:  Hold'em No Limit ($0.50/$1.00 USD) - 2025/02/08 22:04:38 WET [2025/02/08 17:04:38 ET]
Table 'Mombasa II' 6-max Seat #1 is the button
Seat 1: EvilReality ($127.31 in chips) 
Seat 2: CichiChanMarian ($137.08 in chips) 
Seat 3: Pro-Vok-777 ($89.37 in chips) 
Seat 4: Nice S.P. ($114.50 in chips) 
Seat 5: SorinS28 ($100 in chips) 
Seat 6: ReVeu710 ($112.13 in chips) 
CichiChanMarian: posts small blind $0.50
Pro-Vok-777: posts big blind $1
*** HOLE CARDS ***
Nice S.P.: raises $2 to $3
SorinS28: raises $7 to $10
ReVeu710: folds 
EvilReality: folds 
CichiChanMarian: folds 
Pro-Vok-777: folds 
Nice S.P.: folds 
Uncalled bet ($7) returned to SorinS28
SorinS28 collected $7.50 from pot
SorinS28: doesn't show hand 
*** SUMMARY ***
Total pot $7.50 | Rake $0 
Seat 1: EvilReality (button) folded before Flop (didn't bet)
Seat 2: CichiChanMarian (small blind) folded before Flop
Seat 3: Pro-Vok-777 (big blind) folded before Flop
Seat 4: Nice S.P. folded before Flop
Seat 5: SorinS28 collected ($7.50)
Seat 6: ReVeu710 folded before Flop (didn't bet)



PokerStars Hand #254773325744:  Hold'em No Limit ($0.50/$1.00 USD) - 2025/02/08 22:05:14 WET [2025/02/08 17:05:14 ET]
Table 'Mombasa II' 6-max Seat #2 is the button
Seat 1: EvilReality ($127.31 in chips) 
Seat 2: CichiChanMarian ($136.58 in chips) 
Seat 3: Pro-Vok-777 ($88.37 in chips) 
Seat 4: Nice S.P. ($111.50 in chips) 
Seat 5: SorinS28 ($104.50 in chips) 
Seat 6: ReVeu710 ($112.13 in chips) 
Pro-Vok-777: posts small blind $0.50
Nice S.P.: posts big blind $1
*** HOLE CARDS ***
SorinS28: folds 
ReVeu710: raises $1 to $2
EvilReality: folds 
CichiChanMarian: folds 
Pro-Vok-777: calls $1.50
Nice S.P.: folds 
*** FLOP *** [Ad 6h 4s]
Pro-Vok-777: checks 
ReVeu710: checks 
*** TURN *** [Ad 6h 4s] [As]
Pro-Vok-777: bets $2
ReVeu710: calls $2
*** RIVER *** [Ad 6h 4s As] [Qc]
Pro-Vok-777: checks 
ReVeu710: checks 
*** SHOW DOWN ***
Pro-Vok-777: shows [Qd Kh] (two pair, Aces and Queens)
ReVeu710: mucks hand 
Pro-Vok-777 collected $8.55 from pot
*** SUMMARY ***
Total pot $9 | Rake $0.45 
Board [Ad 6h 4s As Qc]
Seat 1: EvilReality folded before Flop (didn't bet)
Seat 2: CichiChanMarian (button) folded before Flop (didn't bet)
Seat 3: Pro-Vok-777 (small blind) showed [Qd Kh] and won ($8.55) with two pair, Aces and Queens
Seat 4: Nice S.P. (big blind) folded before Flop
Seat 5: SorinS28 folded before Flop (didn't bet)
Seat 6: ReVeu710 mucked



PokerStars Hand #254773335789:  Hold'em No Limit ($0.50/$1.00 USD) - 2025/02/08 22:05:48 WET [2025/02/08 17:05:48 ET]
Table 'Mombasa II' 6-max Seat #3 is the button
Seat 1: EvilReality ($127.31 in chips) 
Seat 2: CichiChanMarian ($136.58 in chips) 
Seat 3: Pro-Vok-777 ($92.92 in chips) 
Seat 4: Nice S.P. ($110.50 in chips) 
Seat 5: SorinS28 ($104.50 in chips) 
Seat 6: ReVeu710 ($108.13 in chips) 
Nice S.P.: posts small blind $0.50
SorinS28: posts big blind $1
*** HOLE CARDS ***
ReVeu710: folds 
EvilReality: folds 
CichiChanMarian: folds 
Pro-Vok-777: calls $1
Nice S.P.: folds 
SorinS28: checks 
*** FLOP *** [As 8d 2h]
SorinS28: checks 
Pro-Vok-777: bets $1
SorinS28: calls $1
*** TURN *** [As 8d 2h] [6s]
SorinS28: checks 
Pro-Vok-777: checks 
*** RIVER *** [As 8d 2h 6s] [Kd]
SorinS28: checks 
Pro-Vok-777: checks 
*** SHOW DOWN ***
SorinS28: shows [8c 3s] (a pair of Eights)
Pro-Vok-777: mucks hand 
SorinS28 collected $4.28 from pot
*** SUMMARY ***
Total pot $4.50 | Rake $0.22 
Board [As 8d 2h 6s Kd]
Seat 1: EvilReality folded before Flop (didn't bet)
Seat 2: CichiChanMarian folded before Flop (didn't bet)
Seat 3: Pro-Vok-777 (button) mucked
Seat 4: Nice S.P. (small blind) folded before Flop
Seat 5: SorinS28 (big blind) showed [8c 3s] and won ($4.28) with a pair of Eights
Seat 6: ReVeu710 folded before Flop (didn't bet)



PokerStars Hand #254773424679:  Hold'em No Limit ($0.50/$1.00 USD) - 2025/02/08 22:10:51 WET [2025/02/08 17:10:51 ET]
Table 'Mombasa II' 6-max Seat #1 is the button
Seat 1: EvilReality ($125.81 in chips) 
Seat 2: CichiChanMarian ($135.58 in chips) 
Seat 4: Nice S.P. ($110 in chips) 
Seat 5: SorinS28 ($169.24 in chips) 
Seat 6: ReVeu710 ($190.92 in chips) 
CichiChanMarian: posts small blind $0.50
Nice S.P.: posts big blind $1
*** HOLE CARDS ***
SorinS28: folds 
ReVeu710: folds 
EvilReality: folds 
iulian_rob joins the table at seat #3 
CichiChanMarian: raises $2 to $3
Nice S.P.: calls $2
*** FLOP *** [Qd 7s 9c]
CichiChanMarian: bets $3.76
Nice S.P.: calls $3.76
*** TURN *** [Qd 7s 9c] [4h]
iulian_rob leaves the table
CichiChanMarian: checks 
EvilReality leaves the table
Nice S.P.: checks 
*** RIVER *** [Qd 7s 9c 4h] [Ks]
ReVeu710 leaves the table
CichiChanMarian: bets $17.08
Nice S.P.: calls $17.08
*** SHOW DOWN ***
CichiChanMarian: shows [Kd 9h] (two pair, Kings and Nines)
Nice S.P.: mucks hand 
CichiChanMarian collected $45.30 from pot
*** SUMMARY ***
Total pot $47.68 | Rake $2.38 
Board [Qd 7s 9c 4h Ks]
Seat 1: EvilReality (button) folded before Flop (didn't bet)
Seat 2: CichiChanMarian (small blind) showed [Kd 9h] and won ($45.30) with two pair, Kings and Nines
Seat 4: Nice S.P. (big blind) mucked
Seat 5: SorinS28 folded before Flop (didn't bet)
Seat 6: ReVeu710 folded before Flop (didn't bet)



PokerStars Hand #254773484248:  Hold'em No Limit ($0.50/$1.00 USD) - 2025/02/08 22:14:14 WET [2025/02/08 17:14:14 ET]
Table 'Mombasa II' 6-max Seat #2 is the button
Seat 1: Maku5a ($47.08 in chips) 
Seat 2: Nice S.P. ($100 in chips) 
Seat 3: EvilReality ($125.81 in chips) 
Seat 4: ReVeu710 ($190.92 in chips) 
Seat 5: vadjkeee ($100 in chips) 
Seat 6: CichiChanMarian ($157.04 in chips) 
EvilReality: posts small blind $0.50
ReVeu710: posts big blind $1
*** HOLE CARDS ***
vadjkeee: folds 
CichiChanMarian: raises $1.50 to $2.50
Maku5a: folds 
Nice S.P.: folds 
EvilReality: folds 
ReVeu710: calls $1.50
*** FLOP *** [Tc 7s Kh]
ReVeu710: checks 
CichiChanMarian: bets $1.72
ReVeu710: folds 
Uncalled bet ($1.72) returned to CichiChanMarian
CichiChanMarian collected $5.22 from pot
CichiChanMarian: doesn't show hand 
*** SUMMARY ***
Total pot $5.50 | Rake $0.28 
Board [Tc 7s Kh]
Seat 1: Maku5a folded before Flop (didn't bet)
Seat 2: Nice S.P. (button) folded before Flop (didn't bet)
Seat 3: EvilReality (small blind) folded before Flop
Seat 4: ReVeu710 (big blind) folded on the Flop
Seat 5: vadjkeee folded before Flop (didn't bet)
Seat 6: CichiChanMarian collected ($5.22)



PokerStars Hand #254773496607:  Hold'em No Limit ($0.50/$1.00 USD) - 2025/02/08 22:14:56 WET [2025/02/08 17:14:56 ET]
Table 'Mombasa II' 6-max Seat #3 is the button
Seat 1: Maku5a ($47.08 in chips) 
Seat 2: Nice S.P. ($100 in chips) 
Seat 3: EvilReality ($125.31 in chips) 
Seat 4: ReVeu710 ($188.42 in chips) 
Seat 5: vadjkeee ($100 in chips) 
Seat 6: CichiChanMarian ($159.76 in chips) 
ReVeu710: posts small blind $0.50
vadjkeee: posts big blind $1
*** HOLE CARDS ***
CichiChanMarian: folds 
Maku5a: folds 
Nice S.P.: folds 
EvilReality: raises $1.50 to $2.50
ReVeu710: folds 
vadjkeee: folds 
Uncalled bet ($1.50) returned to EvilReality
EvilReality collected $2.50 from pot
EvilReality: doesn't show hand 
*** SUMMARY ***
Total pot $2.50 | Rake $0 
Seat 1: Maku5a folded before Flop (didn't bet)
Seat 2: Nice S.P. folded before Flop (didn't bet)
Seat 3: EvilReality (button) collected ($2.50)
Seat 4: ReVeu710 (small blind) folded before Flop
Seat 5: vadjkeee (big blind) folded before Flop
Seat 6: CichiChanMarian folded before Flop (didn't bet)



PokerStars Hand #254773502514:  Hold'em No Limit ($0.50/$1.00 USD) - 2025/02/08 22:15:16 WET [2025/02/08 17:15:16 ET]
Table 'Mombasa II' 6-max Seat #4 is the button
Seat 1: Maku5a ($47.08 in chips) 
Seat 2: Nice S.P. ($100 in chips) 
Seat 3: EvilReality ($126.81 in chips) 
Seat 4: ReVeu710 ($187.92 in chips) 
Seat 5: vadjkeee ($100 in chips) 
Seat 6: CichiChanMarian ($159.76 in chips) 
vadjkeee: posts small blind $0.50
CichiChanMarian: posts big blind $1
*** HOLE CARDS ***
Maku5a: folds 
Nice S.P.: folds 
EvilReality: folds 
ReVeu710: folds 
vadjkeee: raises $2 to $3
CichiChanMarian: calls $2
*** FLOP *** [Td Qc Ad]
vadjkeee: bets $1.77
CichiChanMarian: calls $1.77
*** TURN *** [Td Qc Ad] [5s]
vadjkeee: bets $17.21
CichiChanMarian: folds 
Uncalled bet ($17.21) returned to vadjkeee
vadjkeee collected $9.06 from pot
vadjkeee: doesn't show hand 
*** SUMMARY ***
Total pot $9.54 | Rake $0.48 
Board [Td Qc Ad 5s]
Seat 1: Maku5a folded before Flop (didn't bet)
Seat 2: Nice S.P. folded before Flop (didn't bet)
Seat 3: EvilReality folded before Flop (didn't bet)
Seat 4: ReVeu710 (button) folded before Flop (didn't bet)
Seat 5: vadjkeee (small blind) collected ($9.06)
Seat 6: CichiChanMarian (big blind) folded on the Turn



PokerStars Hand #254773517935:  Hold'em No Limit ($0.50/$1.00 USD) - 2025/02/08 22:16:09 WET [2025/02/08 17:16:09 ET]
Table 'Mombasa II' 6-max Seat #5 is the button
Seat 6: CichiChanMarian ($154.99 in chips) is sitting out
Seat 1: Maku5a ($47.08 in chips) 
Seat 2: Nice S.P. ($100 in chips) 
Seat 3: EvilReality ($126.81 in chips) 
Seat 4: ReVeu710 ($187.92 in chips) 
Seat 5: vadjkeee ($104.29 in chips) 
Maku5a: posts small blind $0.50
Nice S.P.: posts big blind $1
*** HOLE CARDS ***
CichiChanMarian leaves the table
EvilReality: folds 
ReVeu710: folds 
vadjkeee: raises $1.50 to $2.50
Maku5a: folds 
Nice S.P.: folds 
Uncalled bet ($1.50) returned to vadjkeee
vadjkeee collected $2.50 from pot
vadjkeee: doesn't show hand 
*** SUMMARY ***
Total pot $2.50 | Rake $0 
Seat 6: CichiChanMarian
Seat 1: Maku5a (small blind) folded before Flop
Seat 2: Nice S.P. (big blind) folded before Flop
Seat 3: EvilReality folded before Flop (didn't bet)
Seat 4: ReVeu710 folded before Flop (didn't bet)
Seat 5: vadjkeee (button) collected ($2.50)



PokerStars Hand #254773524917:  Hold'em No Limit ($0.50/$1.00 USD) - 2025/02/08 22:16:33 WET [2025/02/08 17:16:33 ET]
Table 'Mombasa II' 6-max Seat #1 is the button
Seat 1: Maku5a ($46.58 in chips) 
Seat 2: Nice S.P. ($100 in chips) 
Seat 3: EvilReality ($126.81 in chips) 
Seat 4: ReVeu710 ($187.92 in chips) 
Seat 5: vadjkeee ($105.79 in chips) 
Nice S.P.: posts small blind $0.50
EvilReality: posts big blind $1
*** HOLE CARDS ***
pr0tecto joins the table at seat #6 
ReVeu710: folds 
vadjkeee: raises $1.50 to $2.50
Maku5a: folds 
ReVeu710 leaves the table
Nice S.P.: folds 
EvilReality: folds 
Uncalled bet ($1.50) returned to vadjkeee
vadjkeee collected $2.50 from pot
vadjkeee: doesn't show hand 
*** SUMMARY ***
Total pot $2.50 | Rake $0 
Seat 1: Maku5a (button) folded before Flop (didn't bet)
Seat 2: Nice S.P. (small blind) folded before Flop
Seat 3: EvilReality (big blind) folded before Flop
Seat 4: ReVeu710 folded before Flop (didn't bet)
Seat 5: vadjkeee collected ($2.50)



PokerStars Hand #254773528582:  Hold'em No Limit ($0.50/$1.00 USD) - 2025/02/08 22:16:46 WET [2025/02/08 17:16:46 ET]
Table 'Mombasa II' 6-max Seat #2 is the button
Seat 5: vadjkeee ($107.29 in chips) is sitting out
Seat 1: Maku5a ($46.58 in chips) 
Seat 2: Nice S.P. ($100 in chips) 
Seat 3: EvilReality ($125.81 in chips) 
Seat 6: pr0tecto ($100 in chips) 
EvilReality: posts small blind $0.50
vadjkeee: is sitting out 
pr0tecto: posts big blind $1
*** HOLE CARDS ***
vadjkeee leaves the table
Maku5a: folds 
Nice S.P.: raises $1 to $2
EvilReality: folds 
pr0tecto: folds 
Uncalled bet ($1) returned to Nice S.P.
Nice S.P. collected $2.50 from pot
Nice S.P.: doesn't show hand 
*** SUMMARY ***
Total pot $2.50 | Rake $0 
Seat 5: vadjkeee
Seat 1: Maku5a folded before Flop (didn't bet)
Seat 2: Nice S.P. (button) collected ($2.50)
Seat 3: EvilReality (small blind) folded before Flop
Seat 6: pr0tecto (big blind) folded before Flop



PokerStars Hand #254773532137:  Hold'em No Limit ($0.50/$1.00 USD) - 2025/02/08 22:16:58 WET [2025/02/08 17:16:58 ET]
Table 'Mombasa II' 6-max Seat #3 is the button
Seat 1: Maku5a ($46.58 in chips) 
Seat 2: Nice S.P. ($101.50 in chips) 
Seat 3: EvilReality ($125.31 in chips) 
Seat 6: pr0tecto ($99 in chips) 
pr0tecto: posts small blind $0.50
Maku5a: posts big blind $1
*** HOLE CARDS ***
Nice S.P.: folds 
EvilReality: folds 
pr0tecto: raises $1.24 to $2.24
Maku5a: folds 
Uncalled bet ($1.24) returned to pr0tecto
pr0tecto collected $2 from pot
pr0tecto: doesn't show hand 
*** SUMMARY ***
Total pot $2 | Rake $0 
Seat 1: Maku5a (big blind) folded before Flop
Seat 2: Nice S.P. folded before Flop (didn't bet)
Seat 3: EvilReality (button) folded before Flop (didn't bet)
Seat 6: pr0tecto (small blind) collected ($2)



PokerStars Hand #254773538303:  Hold'em No Limit ($0.50/$1.00 USD) - 2025/02/08 22:17:19 WET [2025/02/08 17:17:19 ET]
Table 'Mombasa II' 6-max Seat #6 is the button
Seat 2: Nice S.P. ($101.50 in chips) is sitting out
Seat 1: Maku5a ($45.58 in chips) 
Seat 3: EvilReality ($125.31 in chips) 
Seat 6: pr0tecto ($100 in chips) 
Maku5a: posts small blind $0.50
Nice S.P.: is sitting out 
EvilReality: posts big blind $1
*** HOLE CARDS ***
Nice S.P. leaves the table
pr0tecto: raises $2 to $3
Maku5a: folds 
Bejondeiala joins the table at seat #2 
ReVeu710 joins the table at seat #5 
PKRPRO17 joins the table at seat #4 
EvilReality: folds 
Uncalled bet ($2) returned to pr0tecto
pr0tecto collected $2.50 from pot
pr0tecto: doesn't show hand 
*** SUMMARY ***
Total pot $2.50 | Rake $0 
Seat 2: Nice S.P.
Seat 1: Maku5a (small blind) folded before Flop
Seat 3: EvilReality (big blind) folded before Flop
Seat 6: pr0tecto (button) collected ($2.50)



PokerStars Hand #254773543507:  Hold'em No Limit ($0.50/$1.00 USD) - 2025/02/08 22:17:37 WET [2025/02/08 17:17:37 ET]
Table 'Mombasa II' 6-max Seat #1 is the button
Seat 2: Bejondeiala ($100 in chips) is sitting out
Seat 5: ReVeu710 ($187.92 in chips) is sitting out
Seat 1: Maku5a ($45.08 in chips) 
Seat 3: EvilReality ($124.31 in chips) 
Seat 4: PKRPRO17 ($80 in chips) 
Seat 6: pr0tecto ($101.50 in chips) 
EvilReality: posts small blind $0.50
PKRPRO17: posts big blind $1
ReVeu710: sits out 
*** HOLE CARDS ***
pr0tecto: raises $1.20 to $2.20
Maku5a: folds 
EvilReality: folds 
PKRPRO17: folds 
Uncalled bet ($1.20) returned to pr0tecto
pr0tecto collected $2.50 from pot
pr0tecto: doesn't show hand 
*** SUMMARY ***
Total pot $2.50 | Rake $0 
Seat 2: Bejondeiala
Seat 5: ReVeu710
Seat 1: Maku5a (button) folded before Flop (didn't bet)
Seat 3: EvilReality (small blind) folded before Flop
Seat 4: PKRPRO17 (big blind) folded before Flop
Seat 6: pr0tecto collected ($2.50)



PokerStars Hand #254773546788:  Hold'em No Limit ($0.50/$1.00 USD) - 2025/02/08 22:17:48 WET [2025/02/08 17:17:48 ET]
Table 'Mombasa II' 6-max Seat #3 is the button
Seat 2: Bejondeiala ($100 in chips) is sitting out
Seat 1: Maku5a ($45.08 in chips) 
Seat 3: EvilReality ($123.81 in chips) 
Seat 4: PKRPRO17 ($79 in chips) 
Seat 5: ReVeu710 ($187.92 in chips) 
Seat 6: pr0tecto ($103 in chips) 
PKRPRO17: posts small blind $0.50
ReVeu710: posts big blind $1
Bejondeiala: sits out 
*** HOLE CARDS ***
pr0tecto: folds 
Maku5a: folds 
EvilReality: raises $1.50 to $2.50
PKRPRO17: calls $2
ReVeu710: folds 
*** FLOP *** [5c Kd 6h]
PKRPRO17: checks 
EvilReality: bets $2
PKRPRO17: calls $2
*** TURN *** [5c Kd 6h] [2s]
PKRPRO17: checks 
EvilReality: bets $5.04
PKRPRO17: calls $5.04
*** RIVER *** [5c Kd 6h 2s] [7c]
PKRPRO17: checks 
EvilReality: bets $14.31
PKRPRO17: calls $14.31
*** SHOW DOWN ***
EvilReality: shows [7s 7h] (three of a kind, Sevens)
PKRPRO17: mucks hand 
EvilReality collected $46.26 from pot
pr0tecto leaves the table
*** SUMMARY ***
Total pot $48.70 | Rake $2.44 
Board [5c Kd 6h 2s 7c]
Seat 2: Bejondeiala
Seat 1: Maku5a folded before Flop (didn't bet)
Seat 3: EvilReality (button) showed [7s 7h] and won ($46.26) with three of a kind, Sevens
Seat 4: PKRPRO17 (small blind) mucked
Seat 5: ReVeu710 (big blind) folded before Flop
Seat 6: pr0tecto folded before Flop (didn't bet)



PokerStars Hand #254773562474:  Hold'em No Limit ($0.50/$1.00 USD) - 2025/02/08 22:18:42 WET [2025/02/08 17:18:42 ET]
Table 'Mombasa II' 6-max Seat #4 is the button
Seat 2: Bejondeiala ($100 in chips) is sitting out
Seat 1: Maku5a ($45.08 in chips) 
Seat 3: EvilReality ($146.22 in chips) 
Seat 4: PKRPRO17 ($55.15 in chips) 
Seat 5: ReVeu710 ($186.92 in chips) 
ReVeu710: posts small blind $0.50
Maku5a: posts big blind $1
Bejondeiala: sits out 
*** HOLE CARDS ***
EvilReality: folds 
YeeesMan joins the table at seat #6 
PKRPRO17: raises $2 to $3
ReVeu710: folds 
Maku5a: folds 
Uncalled bet ($2) returned to PKRPRO17
PKRPRO17 collected $2.50 from pot
*** SUMMARY ***
Total pot $2.50 | Rake $0 
Seat 2: Bejondeiala
Seat 1: Maku5a (big blind) folded before Flop
Seat 3: EvilReality folded before Flop (didn't bet)
Seat 4: PKRPRO17 (button) collected ($2.50)
Seat 5: ReVeu710 (small blind) folded before Flop



PokerStars Hand #254773566636:  Hold'em No Limit ($0.50/$1.00 USD) - 2025/02/08 22:18:56 WET [2025/02/08 17:18:56 ET]
Table 'Mombasa II' 6-max Seat #5 is the button
Seat 6: YeeesMan ($100 in chips) is sitting out
Seat 1: Maku5a ($44.08 in chips) 
Seat 2: Bejondeiala ($100 in chips) 
Seat 3: EvilReality ($146.22 in chips) 
Seat 4: PKRPRO17 ($56.65 in chips) 
Seat 5: ReVeu710 ($186.42 in chips) 
Maku5a: posts small blind $0.50
Bejondeiala: posts big blind $1
*** HOLE CARDS ***
EvilReality: folds 
PKRPRO17: folds 
ReVeu710: folds 
Maku5a: calls $0.50
Bejondeiala: raises $1.50 to $2.50
Maku5a: calls $1.50
*** FLOP *** [Kh As Qh]
Maku5a: bets $2.38
Bejondeiala: folds 
Uncalled bet ($2.38) returned to Maku5a
Maku5a collected $4.69 from pot
Maku5a: doesn't show hand 
*** SUMMARY ***
Total pot $5 | Rake $0.31 
Board [Kh As Qh]
Seat 6: YeeesMan
Seat 1: Maku5a (small blind) collected ($4.69)
Seat 2: Bejondeiala (big blind) folded on the Flop
Seat 3: EvilReality folded before Flop (didn't bet)
Seat 4: PKRPRO17 folded before Flop (didn't bet)
Seat 5: ReVeu710 (button) folded before Flop (didn't bet)



PokerStars Hand #254773575885:  Hold'em No Limit ($0.50/$1.00 USD) - 2025/02/08 22:19:28 WET [2025/02/08 17:19:28 ET]
Table 'Mombasa II' 6-max Seat #1 is the button
Seat 6: YeeesMan ($100 in chips) is sitting out
Seat 1: Maku5a ($46.27 in chips) 
Seat 2: Bejondeiala ($100 in chips) 
Seat 3: EvilReality ($146.22 in chips) 
Seat 4: PKRPRO17 ($92.65 in chips) 
Seat 5: ReVeu710 ($186.42 in chips) 
Bejondeiala: posts small blind $0.50
EvilReality: posts big blind $1
YeeesMan: sits out 
*** HOLE CARDS ***
PKRPRO17: folds 
ReVeu710: folds 
Maku5a: raises $2 to $3
Bejondeiala: folds 
EvilReality: folds 
Uncalled bet ($2) returned to Maku5a
Maku5a collected $2.50 from pot
Maku5a: doesn't show hand 
*** SUMMARY ***
Total pot $2.50 | Rake $0 
Seat 6: YeeesMan
Seat 1: Maku5a (button) collected ($2.50)
Seat 2: Bejondeiala (small blind) folded before Flop
Seat 3: EvilReality (big blind) folded before Flop
Seat 4: PKRPRO17 folded before Flop (didn't bet)
Seat 5: ReVeu710 folded before Flop (didn't bet)



PokerStars Hand #254773582362:  Hold'em No Limit ($0.50/$1.00 USD) - 2025/02/08 22:19:50 WET [2025/02/08 17:19:50 ET]
Table 'Mombasa II' 6-max Seat #2 is the button
Seat 6: YeeesMan ($100 in chips) is sitting out
Seat 1: Maku5a ($47.77 in chips) 
Seat 2: Bejondeiala ($100 in chips) 
Seat 3: EvilReality ($145.22 in chips) 
Seat 4: PKRPRO17 ($92.65 in chips) 
Seat 5: ReVeu710 ($186.42 in chips) 
EvilReality: posts small blind $0.50
PKRPRO17: posts big blind $1
YeeesMan: sits out 
*** HOLE CARDS ***
ReVeu710: folds 
Maku5a: folds 
Bejondeiala: folds 
EvilReality: folds 
Uncalled bet ($0.50) returned to PKRPRO17
PKRPRO17 collected $1 from pot
*** SUMMARY ***
Total pot $1 | Rake $0 
Seat 6: YeeesMan
Seat 1: Maku5a folded before Flop (didn't bet)
Seat 2: Bejondeiala (button) folded before Flop (didn't bet)
Seat 3: EvilReality (small blind) folded before Flop
Seat 4: PKRPRO17 (big blind) collected ($1)
Seat 5: ReVeu710 folded before Flop (didn't bet)



PokerStars Hand #254773589065:  Hold'em No Limit ($0.50/$1.00 USD) - 2025/02/08 22:20:13 WET [2025/02/08 17:20:13 ET]
Table 'Mombasa II' 6-max Seat #3 is the button
Seat 5: ReVeu710 ($186.42 in chips) is sitting out
Seat 1: Maku5a ($47.77 in chips) 
Seat 2: Bejondeiala ($100 in chips) 
Seat 3: EvilReality ($144.72 in chips) 
Seat 4: PKRPRO17 ($93.15 in chips) 
Seat 6: YeeesMan ($100 in chips) 
PKRPRO17: posts small blind $0.50
ReVeu710: is sitting out 
YeeesMan: posts big blind $1
*** HOLE CARDS ***
ReVeu710 leaves the table
Maku5a: folds 
Bejondeiala: folds 
EvilReality: folds 
PKRPRO17: calls $0.50
EvilReality leaves the table
YeeesMan: raises $2.50 to $3.50
PKRPRO17: calls $2.50
*** FLOP *** [Qs 2c Kd]
PKRPRO17: checks 
henri789 joins the table at seat #5 
YeeesMan: bets $2.19
PKRPRO17: calls $2.19
*** TURN *** [Qs 2c Kd] [4d]
PKRPRO17: checks 
YeeesMan: bets $10.81
PKRPRO17: raises $16.19 to $27
YeeesMan: folds 
Uncalled bet ($16.19) returned to PKRPRO17
reiyser joins the table at seat #3 
PKRPRO17 collected $31.35 from pot
*** SUMMARY ***
Total pot $33 | Rake $1.65 
Board [Qs 2c Kd 4d]
Seat 5: ReVeu710
Seat 1: Maku5a folded before Flop (didn't bet)
Seat 2: Bejondeiala folded before Flop (didn't bet)
Seat 3: EvilReality (button) folded before Flop (didn't bet)
Seat 4: PKRPRO17 (small blind) collected ($31.35)
Seat 6: YeeesMan (big blind) folded on the Turn



PokerStars Hand #254773607402:  Hold'em No Limit ($0.50/$1.00 USD) - 2025/02/08 22:21:17 WET [2025/02/08 17:21:17 ET]
Table 'Mombasa II' 6-max Seat #4 is the button
Seat 3: reiyser ($100 in chips) is sitting out
Seat 5: henri789 ($100 in chips) is sitting out
Seat 1: Maku5a ($47.77 in chips) 
Seat 2: Bejondeiala ($100 in chips) 
Seat 4: PKRPRO17 ($108 in chips) 
Seat 6: YeeesMan ($100 in chips) 
YeeesMan: posts small blind $0.50
Maku5a: posts big blind $1
reiyser: sits out 
*** HOLE CARDS ***
Bejondeiala: raises $1.10 to $2.10
PKRPRO17: folds 
YeeesMan: folds 
Maku5a: folds 
Uncalled bet ($1.10) returned to Bejondeiala
Bejondeiala collected $2.50 from pot
Bejondeiala: doesn't show hand 
*** SUMMARY ***
Total pot $2.50 | Rake $0 
Seat 3: reiyser
Seat 5: henri789
Seat 1: Maku5a (big blind) folded before Flop
Seat 2: Bejondeiala collected ($2.50)
Seat 4: PKRPRO17 (button) folded before Flop (didn't bet)
Seat 6: YeeesMan (small blind) folded before Flop



PokerStars Hand #254773612815:  Hold'em No Limit ($0.50/$1.00 USD) - 2025/02/08 22:21:36 WET [2025/02/08 17:21:36 ET]
Table 'Mombasa II' 6-max Seat #6 is the button
Seat 3: reiyser ($100 in chips) is sitting out
Seat 5: henri789 ($100 in chips) is sitting out
Seat 1: Maku5a ($46.77 in chips) 
Seat 2: Bejondeiala ($101.50 in chips) 
Seat 4: PKRPRO17 ($108 in chips) 
Seat 6: YeeesMan ($100 in chips) 
Maku5a: posts small blind $0.50
Bejondeiala: posts big blind $1
reiyser: sits out 
henri789: sits out 
*** HOLE CARDS ***
PKRPRO17: folds 
YeeesMan: raises $1.50 to $2.50
Maku5a: folds 
Bejondeiala: folds 
Uncalled bet ($1.50) returned to YeeesMan
YeeesMan collected $2.50 from pot
YeeesMan: doesn't show hand 
*** SUMMARY ***
Total pot $2.50 | Rake $0 
Seat 3: reiyser
Seat 5: henri789
Seat 1: Maku5a (small blind) folded before Flop
Seat 2: Bejondeiala (big blind) folded before Flop
Seat 4: PKRPRO17 folded before Flop (didn't bet)
Seat 6: YeeesMan (button) collected ($2.50)



PokerStars Hand #254773617953:  Hold'em No Limit ($0.50/$1.00 USD) - 2025/02/08 22:21:54 WET [2025/02/08 17:21:54 ET]
Table 'Mombasa II' 6-max Seat #1 is the button
Seat 5: henri789 ($100 in chips) is sitting out
Seat 1: Maku5a ($46.27 in chips) 
Seat 2: Bejondeiala ($100.50 in chips) 
Seat 3: reiyser ($100 in chips) 
Seat 4: PKRPRO17 ($108 in chips) 
Seat 6: YeeesMan ($101.50 in chips) 
Bejondeiala: posts small blind $0.50
reiyser: posts big blind $1
henri789: sits out 
*** HOLE CARDS ***
PKRPRO17: calls $1
YeeesMan: raises $2.50 to $3.50
Maku5a: folds 
Bejondeiala: folds 
reiyser: folds 
PKRPRO17: calls $2.50
*** FLOP *** [Jd 4h 2d]
PKRPRO17: checks 
YeeesMan: bets $6.06
PKRPRO17: calls $6.06
*** TURN *** [Jd 4h 2d] [5h]
PKRPRO17: checks 
YeeesMan: bets $14.69
PKRPRO17: folds 
Uncalled bet ($14.69) returned to YeeesMan
YeeesMan collected $19.59 from pot
YeeesMan: doesn't show hand 
*** SUMMARY ***
Total pot $20.62 | Rake $1.03 
Board [Jd 4h 2d 5h]
Seat 5: henri789
Seat 1: Maku5a (button) folded before Flop (didn't bet)
Seat 2: Bejondeiala (small blind) folded before Flop
Seat 3: reiyser (big blind) folded before Flop
Seat 4: PKRPRO17 folded on the Turn
Seat 6: YeeesMan collected ($19.59)



PokerStars Hand #254773632341:  Hold'em No Limit ($0.50/$1.00 USD) - 2025/02/08 22:22:44 WET [2025/02/08 17:22:44 ET]
Table 'Mombasa II' 6-max Seat #2 is the button
Seat 5: henri789 ($100 in chips) is sitting out
Seat 1: Maku5a ($46.27 in chips) 
Seat 2: Bejondeiala ($100 in chips) 
Seat 3: reiyser ($100 in chips) 
Seat 4: PKRPRO17 ($98.44 in chips) 
Seat 6: YeeesMan ($111.53 in chips) 
reiyser: posts small blind $0.50
PKRPRO17: posts big blind $1
henri789: sits out 
*** HOLE CARDS ***
YeeesMan: folds 
Maku5a: raises $2 to $3
Bejondeiala: folds 
reiyser: folds 
PKRPRO17: folds 
Uncalled bet ($2) returned to Maku5a
Maku5a collected $2.50 from pot
Maku5a: doesn't show hand 
*** SUMMARY ***
Total pot $2.50 | Rake $0 
Seat 5: henri789
Seat 1: Maku5a collected ($2.50)
Seat 2: Bejondeiala (button) folded before Flop (didn't bet)
Seat 3: reiyser (small blind) folded before Flop
Seat 4: PKRPRO17 (big blind) folded before Flop
Seat 6: YeeesMan folded before Flop (didn't bet)



PokerStars Hand #254773642610:  Hold'em No Limit ($0.50/$1.00 USD) - 2025/02/08 22:23:19 WET [2025/02/08 17:23:19 ET]
Table 'Mombasa II' 6-max Seat #3 is the button
Seat 1: Maku5a ($47.77 in chips) 
Seat 2: Bejondeiala ($100 in chips) 
Seat 3: reiyser ($100 in chips) 
Seat 4: PKRPRO17 ($97.44 in chips) 
Seat 5: henri789 ($100 in chips) 
Seat 6: YeeesMan ($111.53 in chips) 
PKRPRO17: posts small blind $0.50
henri789: posts big blind $1
*** HOLE CARDS ***
YeeesMan: raises $1.50 to $2.50
Maku5a: folds 
Bejondeiala: folds 
reiyser: folds 
PKRPRO17: calls $2
henri789: calls $1.50
*** FLOP *** [2s Td 3h]
PKRPRO17: checks 
henri789: checks 
YeeesMan: checks 
*** TURN *** [2s Td 3h] [2c]
PKRPRO17: bets $6
henri789: folds 
YeeesMan: folds 
Uncalled bet ($6) returned to PKRPRO17
PKRPRO17 collected $7.12 from pot
*** SUMMARY ***
Total pot $7.50 | Rake $0.38 
Board [2s Td 3h 2c]
Seat 1: Maku5a folded before Flop (didn't bet)
Seat 2: Bejondeiala folded before Flop (didn't bet)
Seat 3: reiyser (button) folded before Flop (didn't bet)
Seat 4: PKRPRO17 (small blind) collected ($7.12)
Seat 5: henri789 (big blind) folded on the Turn
Seat 6: YeeesMan folded on the Turn



PokerStars Hand #254773656338:  Hold'em No Limit ($0.50/$1.00 USD) - 2025/02/08 22:24:07 WET [2025/02/08 17:24:07 ET]
Table 'Mombasa II' 6-max Seat #4 is the button
Seat 6: YeeesMan ($109.03 in chips) is sitting out
Seat 1: Maku5a ($47.77 in chips) 
Seat 2: Bejondeiala ($100 in chips) 
Seat 3: reiyser ($100 in chips) 
Seat 4: PKRPRO17 ($102.06 in chips) 
Seat 5: henri789 ($100 in chips) 
henri789: posts small blind $0.50
YeeesMan: is sitting out 
Maku5a: posts big blind $1
*** HOLE CARDS ***
Bejondeiala: folds 
reiyser: folds 
PKRPRO17: folds 
YeeesMan leaves the table
henri789: raises $2 to $3
Maku5a: folds 
Uncalled bet ($2) returned to henri789
henri789 collected $2 from pot
henri789: doesn't show hand 
*** SUMMARY ***
Total pot $2 | Rake $0 
Seat 6: YeeesMan
Seat 1: Maku5a (big blind) folded before Flop
Seat 2: Bejondeiala folded before Flop (didn't bet)
Seat 3: reiyser folded before Flop (didn't bet)
Seat 4: PKRPRO17 (button) folded before Flop (didn't bet)
Seat 5: henri789 (small blind) collected ($2)



PokerStars Hand #254773660927:  Hold'em No Limit ($0.50/$1.00 USD) - 2025/02/08 22:24:22 WET [2025/02/08 17:24:22 ET]
Table 'Mombasa II' 6-max Seat #5 is the button
Seat 1: Maku5a ($46.77 in chips) 
Seat 2: Bejondeiala ($100 in chips) 
Seat 3: reiyser ($100 in chips) 
Seat 4: PKRPRO17 ($102.06 in chips) 
Seat 5: henri789 ($101 in chips) 
Maku5a: posts small blind $0.50
Bejondeiala: posts big blind $1
*** HOLE CARDS ***
reiyser: folds 
PKRPRO17: raises $1 to $2
henri789: folds 
tintin641 joins the table at seat #6 
Maku5a: calls $1.50
Bejondeiala: folds 
*** FLOP *** [2h 3h 2c]
Maku5a: checks 
PKRPRO17: checks 
*** TURN *** [2h 3h 2c] [Kc]
Maku5a: bets $2
PKRPRO17: raises $7 to $9
Maku5a: raises $18 to $27
PKRPRO17: folds 
Uncalled bet ($18) returned to Maku5a
Maku5a collected $21.56 from pot
Maku5a: doesn't show hand 
*** SUMMARY ***
Total pot $23 | Rake $1.44 
Board [2h 3h 2c Kc]
Seat 1: Maku5a (small blind) collected ($21.56)
Seat 2: Bejondeiala (big blind) folded before Flop
Seat 3: reiyser folded before Flop (didn't bet)
Seat 4: PKRPRO17 folded on the Turn
Seat 5: henri789 (button) folded before Flop (didn't bet)



PokerStars Hand #254773673304:  Hold'em No Limit ($0.50/$1.00 USD) - 2025/02/08 22:25:05 WET [2025/02/08 17:25:05 ET]
Table 'Mombasa II' 6-max Seat #1 is the button
Seat 6: tintin641 ($100 in chips) is sitting out
Seat 1: Maku5a ($57.33 in chips) 
Seat 2: Bejondeiala ($100 in chips) 
Seat 3: reiyser ($100 in chips) 
Seat 4: PKRPRO17 ($91.06 in chips) 
Seat 5: henri789 ($101 in chips) 
Bejondeiala: posts small blind $0.50
reiyser: posts big blind $1
tintin641: sits out 
*** HOLE CARDS ***
PKRPRO17: raises $2 to $3
henri789: folds 
Maku5a: calls $3
Bejondeiala: folds 
reiyser: folds 
*** FLOP *** [Ad 4c Td]
PKRPRO17: checks 
Maku5a: checks 
*** TURN *** [Ad 4c Td] [8s]
PKRPRO17: checks 
Maku5a: checks 
*** RIVER *** [Ad 4c Td 8s] [Jc]
PKRPRO17: checks 
Maku5a: bets $3.56
PKRPRO17: folds 
Uncalled bet ($3.56) returned to Maku5a
Maku5a collected $7.02 from pot
Maku5a: doesn't show hand 
*** SUMMARY ***
Total pot $7.50 | Rake $0.48 
Board [Ad 4c Td 8s Jc]
Seat 6: tintin641
Seat 1: Maku5a (button) collected ($7.02)
Seat 2: Bejondeiala (small blind) folded before Flop
Seat 3: reiyser (big blind) folded before Flop
Seat 4: PKRPRO17 folded on the River
Seat 5: henri789 folded before Flop (didn't bet)



PokerStars Hand #254773685206:  Hold'em No Limit ($0.50/$1.00 USD) - 2025/02/08 22:25:45 WET [2025/02/08 17:25:45 ET]
Table 'Mombasa II' 6-max Seat #2 is the button
Seat 6: tintin641 ($100 in chips) is sitting out
Seat 1: Maku5a ($61.35 in chips) 
Seat 2: Bejondeiala ($100 in chips) 
Seat 3: reiyser ($100 in chips) 
Seat 4: PKRPRO17 ($88.06 in chips) 
Seat 5: henri789 ($101 in chips) 
reiyser: posts small blind $0.50
PKRPRO17: posts big blind $1
tintin641: sits out 
*** HOLE CARDS ***
henri789: raises $1.50 to $2.50
Maku5a: folds 
Bejondeiala: folds 
reiyser: folds 
PKRPRO17: calls $1.50
*** FLOP *** [Th 9d 2h]
PKRPRO17: checks 
henri789: bets $2.61
PKRPRO17: calls $2.61
*** TURN *** [Th 9d 2h] [3h]
PKRPRO17: checks 
henri789: bets $7.33
PKRPRO17: folds 
Uncalled bet ($7.33) returned to henri789
henri789 collected $10.18 from pot
henri789: doesn't show hand 
*** SUMMARY ***
Total pot $10.72 | Rake $0.54 
Board [Th 9d 2h 3h]
Seat 6: tintin641
Seat 1: Maku5a folded before Flop (didn't bet)
Seat 2: Bejondeiala (button) folded before Flop (didn't bet)
Seat 3: reiyser (small blind) folded before Flop
Seat 4: PKRPRO17 (big blind) folded on the Turn
Seat 5: henri789 collected ($10.18)



PokerStars Hand #254773696433:  Hold'em No Limit ($0.50/$1.00 USD) - 2025/02/08 22:26:24 WET [2025/02/08 17:26:24 ET]
Table 'Mombasa II' 6-max Seat #3 is the button
Seat 6: tintin641 ($100 in chips) is sitting out
Seat 1: Maku5a ($61.35 in chips) 
Seat 2: Bejondeiala ($100 in chips) 
Seat 3: reiyser ($100 in chips) 
Seat 4: PKRPRO17 ($82.95 in chips) 
Seat 5: henri789 ($106.07 in chips) 
PKRPRO17: posts small blind $0.50
henri789: posts big blind $1
tintin641: sits out 
*** HOLE CARDS ***
Maku5a: folds 
Bejondeiala: folds 
reiyser: folds 
PKRPRO17: raises $3 to $4
henri789: folds 
Uncalled bet ($3) returned to PKRPRO17
PKRPRO17 collected $2 from pot
*** SUMMARY ***
Total pot $2 | Rake $0 
Seat 6: tintin641
Seat 1: Maku5a folded before Flop (didn't bet)
Seat 2: Bejondeiala folded before Flop (didn't bet)
Seat 3: reiyser (button) folded before Flop (didn't bet)
Seat 4: PKRPRO17 (small blind) collected ($2)
Seat 5: henri789 (big blind) folded before Flop



PokerStars Hand #254773703213:  Hold'em No Limit ($0.50/$1.00 USD) - 2025/02/08 22:26:47 WET [2025/02/08 17:26:47 ET]
Table 'Mombasa II' 6-max Seat #4 is the button
Seat 1: Maku5a ($61.35 in chips) 
Seat 2: Bejondeiala ($100 in chips) 
Seat 3: reiyser ($100 in chips) 
Seat 4: PKRPRO17 ($83.95 in chips) 
Seat 5: henri789 ($105.07 in chips) 
Seat 6: tintin641 ($100 in chips) 
henri789: posts small blind $0.50
tintin641: posts big blind $1
*** HOLE CARDS ***
Maku5a: folds 
Bejondeiala: folds 
reiyser: folds 
PKRPRO17: folds 
henri789: raises $2 to $3
tintin641: raises $7 to $10
henri789: calls $7
*** FLOP *** [Js Kh Td]
henri789: checks 
tintin641: bets $6.27
henri789: folds 
Uncalled bet ($6.27) returned to tintin641
tintin641 collected $19 from pot
tintin641: doesn't show hand 
*** SUMMARY ***
Total pot $20 | Rake $1 
Board [Js Kh Td]
Seat 1: Maku5a folded before Flop (didn't bet)
Seat 2: Bejondeiala folded before Flop (didn't bet)
Seat 3: reiyser folded before Flop (didn't bet)
Seat 4: PKRPRO17 (button) folded before Flop (didn't bet)
Seat 5: henri789 (small blind) folded on the Flop
Seat 6: tintin641 (big blind) collected ($19)



PokerStars Hand #254773721123:  Hold'em No Limit ($0.50/$1.00 USD) - 2025/02/08 22:27:50 WET [2025/02/08 17:27:50 ET]
Table 'Mombasa II' 6-max Seat #5 is the button
Seat 1: Maku5a ($61.35 in chips) 
Seat 2: Bejondeiala ($100 in chips) 
Seat 3: reiyser ($100 in chips) 
Seat 4: PKRPRO17 ($83.95 in chips) 
Seat 5: henri789 ($100 in chips) 
Seat 6: tintin641 ($109 in chips) 
tintin641: posts small blind $0.50
Maku5a: posts big blind $1
*** HOLE CARDS ***
Bejondeiala: raises $1.10 to $2.10
reiyser: raises $4.90 to $7
PKRPRO17: folds 
henri789: folds 
tintin641: folds 
Maku5a: folds 
Bejondeiala: folds 
Uncalled bet ($4.90) returned to reiyser
reiyser collected $5.70 from pot
reiyser: doesn't show hand 
*** SUMMARY ***
Total pot $5.70 | Rake $0 
Seat 1: Maku5a (big blind) folded before Flop
Seat 2: Bejondeiala folded before Flop
Seat 3: reiyser collected ($5.70)
Seat 4: PKRPRO17 folded before Flop (didn't bet)
Seat 5: henri789 (button) folded before Flop (didn't bet)
Seat 6: tintin641 (small blind) folded before Flop



PokerStars Hand #254773728062:  Hold'em No Limit ($0.50/$1.00 USD) - 2025/02/08 22:28:14 WET [2025/02/08 17:28:14 ET]
Table 'Mombasa II' 6-max Seat #6 is the button
Seat 1: Maku5a ($60.35 in chips) 
Seat 2: Bejondeiala ($100 in chips) 
Seat 3: reiyser ($103.60 in chips) 
Seat 4: PKRPRO17 ($83.95 in chips) 
Seat 5: henri789 ($100 in chips) 
Seat 6: tintin641 ($108.50 in chips) 
Maku5a: posts small blind $0.50
Bejondeiala: posts big blind $1
*** HOLE CARDS ***
reiyser: folds 
PKRPRO17: raises $2 to $3
henri789: folds 
tintin641: folds 
Maku5a: folds 
Bejondeiala: calls $2
*** FLOP *** [9d Th Tc]
Bejondeiala: checks 
PKRPRO17: bets $4
Bejondeiala: folds 
Uncalled bet ($4) returned to PKRPRO17
PKRPRO17 collected $6.18 from pot
*** SUMMARY ***
Total pot $6.50 | Rake $0.32 
Board [9d Th Tc]
Seat 1: Maku5a (small blind) folded before Flop
Seat 2: Bejondeiala (big blind) folded on the Flop
Seat 3: reiyser folded before Flop (didn't bet)
Seat 4: PKRPRO17 collected ($6.18)
Seat 5: henri789 folded before Flop (didn't bet)
Seat 6: tintin641 (button) folded before Flop (didn't bet)



PokerStars Hand #254773737457:  Hold'em No Limit ($0.50/$1.00 USD) - 2025/02/08 22:28:47 WET [2025/02/08 17:28:47 ET]
Table 'Mombasa II' 6-max Seat #1 is the button
Seat 1: Maku5a ($59.85 in chips) 
Seat 2: Bejondeiala ($100 in chips) 
Seat 3: reiyser ($103.60 in chips) 
Seat 4: PKRPRO17 ($87.13 in chips) 
Seat 5: henri789 ($100 in chips) 
Seat 6: tintin641 ($108.50 in chips) 
Bejondeiala: posts small blind $0.50
reiyser: posts big blind $1
*** HOLE CARDS ***
PKRPRO17: folds 
henri789: folds 
tintin641: folds 
Maku5a: folds 
Bejondeiala: raises $2 to $3
reiyser: calls $2
*** FLOP *** [2d 4c 5d]
Bejondeiala: checks 
reiyser: bets $2.96
Bejondeiala: calls $2.96
*** TURN *** [2d 4c 5d] [Tc]
Bejondeiala: checks 
reiyser: bets $8.60
Bejondeiala: folds 
Uncalled bet ($8.60) returned to reiyser
reiyser collected $11.32 from pot
reiyser: doesn't show hand 
*** SUMMARY ***
Total pot $11.92 | Rake $0.60 
Board [2d 4c 5d Tc]
Seat 1: Maku5a (button) folded before Flop (didn't bet)
Seat 2: Bejondeiala (small blind) folded on the Turn
Seat 3: reiyser (big blind) collected ($11.32)
Seat 4: PKRPRO17 folded before Flop (didn't bet)
Seat 5: henri789 folded before Flop (didn't bet)
Seat 6: tintin641 folded before Flop (didn't bet)



PokerStars Hand #254773761657:  Hold'em No Limit ($0.50/$1.00 USD) - 2025/02/08 22:30:10 WET [2025/02/08 17:30:10 ET]
Table 'Mombasa II' 6-max Seat #2 is the button
Seat 1: Maku5a ($59.85 in chips) 
Seat 2: Bejondeiala ($100 in chips) 
Seat 3: reiyser ($108.96 in chips) 
Seat 4: PKRPRO17 ($87.13 in chips) 
Seat 5: henri789 ($100 in chips) 
Seat 6: tintin641 ($108.50 in chips) 
reiyser: posts small blind $0.50
PKRPRO17: posts big blind $1
*** HOLE CARDS ***
henri789: folds 
tintin641: folds 
Maku5a: folds 
Bejondeiala: raises $1.50 to $2.50
reiyser: raises $9.50 to $12
PKRPRO17: folds 
Bejondeiala: folds 
Uncalled bet ($9.50) returned to reiyser
reiyser collected $6 from pot
reiyser: doesn't show hand 
*** SUMMARY ***
Total pot $6 | Rake $0 
Seat 1: Maku5a folded before Flop (didn't bet)
Seat 2: Bejondeiala (button) folded before Flop
Seat 3: reiyser (small blind) collected ($6)
Seat 4: PKRPRO17 (big blind) folded before Flop
Seat 5: henri789 folded before Flop (didn't bet)
Seat 6: tintin641 folded before Flop (didn't bet)



PokerStars Hand #254773773886:  Hold'em No Limit ($0.50/$1.00 USD) - 2025/02/08 22:30:53 WET [2025/02/08 17:30:53 ET]
Table 'Mombasa II' 6-max Seat #3 is the button
Seat 1: Maku5a ($59.85 in chips) 
Seat 2: Bejondeiala ($100 in chips) 
Seat 3: reiyser ($112.46 in chips) 
Seat 4: PKRPRO17 ($86.13 in chips) 
Seat 5: henri789 ($100 in chips) 
Seat 6: tintin641 ($108.50 in chips) 
PKRPRO17: posts small blind $0.50
henri789: posts big blind $1
*** HOLE CARDS ***
tintin641: folds 
Maku5a: raises $2 to $3
Bejondeiala: folds 
reiyser: folds 
PKRPRO17: folds 
henri789: folds 
Uncalled bet ($2) returned to Maku5a
Maku5a collected $2.50 from pot
Maku5a: doesn't show hand 
*** SUMMARY ***
Total pot $2.50 | Rake $0 
Seat 1: Maku5a collected ($2.50)
Seat 2: Bejondeiala folded before Flop (didn't bet)
Seat 3: reiyser (button) folded before Flop (didn't bet)
Seat 4: PKRPRO17 (small blind) folded before Flop
Seat 5: henri789 (big blind) folded before Flop
Seat 6: tintin641 folded before Flop (didn't bet)



PokerStars Hand #254773781594:  Hold'em No Limit ($0.50/$1.00 USD) - 2025/02/08 22:31:20 WET [2025/02/08 17:31:20 ET]
Table 'Mombasa II' 6-max Seat #4 is the button
Seat 1: Maku5a ($61.35 in chips) 
Seat 2: Bejondeiala ($100 in chips) 
Seat 3: reiyser ($112.46 in chips) 
Seat 4: PKRPRO17 ($85.63 in chips) 
Seat 5: henri789 ($100 in chips) 
Seat 6: tintin641 ($108.50 in chips) 
henri789: posts small blind $0.50
tintin641: posts big blind $1
*** HOLE CARDS ***
Maku5a: raises $2 to $3
Bejondeiala: folds 
reiyser: folds 
PKRPRO17: calls $3
henri789: folds 
tintin641: folds 
*** FLOP *** [5d Jh 8c]
Maku5a: bets $3.56
PKRPRO17: calls $3.56
*** TURN *** [5d Jh 8c] [Jd]
Maku5a: bets $4
PKRPRO17: calls $4
*** RIVER *** [5d Jh 8c Jd] [Qd]
Maku5a: bets $21.49
PKRPRO17: folds 
Uncalled bet ($21.49) returned to Maku5a
Maku5a collected $21.21 from pot
Maku5a: doesn't show hand 
*** SUMMARY ***
Total pot $22.62 | Rake $1.41 
Board [5d Jh 8c Jd Qd]
Seat 1: Maku5a collected ($21.21)
Seat 2: Bejondeiala folded before Flop (didn't bet)
Seat 3: reiyser folded before Flop (didn't bet)
Seat 4: PKRPRO17 (button) folded on the River
Seat 5: henri789 (small blind) folded before Flop
Seat 6: tintin641 (big blind) folded before Flop



PokerStars Hand #254773794416:  Hold'em No Limit ($0.50/$1.00 USD) - 2025/02/08 22:32:05 WET [2025/02/08 17:32:05 ET]
Table 'Mombasa II' 6-max Seat #5 is the button
Seat 1: Maku5a ($72 in chips) 
Seat 2: Bejondeiala ($100 in chips) 
Seat 3: reiyser ($112.46 in chips) 
Seat 4: PKRPRO17 ($75.07 in chips) 
Seat 5: henri789 ($100 in chips) 
Seat 6: tintin641 ($107.50 in chips) 
tintin641: posts small blind $0.50
Maku5a: posts big blind $1
*** HOLE CARDS ***
Bejondeiala: folds 
reiyser: raises $1.23 to $2.23
PKRPRO17: folds 
henri789: folds 
tintin641: folds 
Maku5a: calls $1.23
*** FLOP *** [3h 8c 5h]
Maku5a: checks 
reiyser: bets $2.45
Maku5a: folds 
Uncalled bet ($2.45) returned to reiyser
reiyser collected $4.71 from pot
reiyser: doesn't show hand 
*** SUMMARY ***
Total pot $4.96 | Rake $0.25 
Board [3h 8c 5h]
Seat 1: Maku5a (big blind) folded on the Flop
Seat 2: Bejondeiala folded before Flop (didn't bet)
Seat 3: reiyser collected ($4.71)
Seat 4: PKRPRO17 folded before Flop (didn't bet)
Seat 5: henri789 (button) folded before Flop (didn't bet)
Seat 6: tintin641 (small blind) folded before Flop



PokerStars Hand #254773803167:  Hold'em No Limit ($0.50/$1.00 USD) - 2025/02/08 22:32:35 WET [2025/02/08 17:32:35 ET]
Table 'Mombasa II' 6-max Seat #6 is the button
Seat 1: Maku5a ($69.77 in chips) 
Seat 2: Bejondeiala ($100 in chips) 
Seat 3: reiyser ($114.94 in chips) 
Seat 4: PKRPRO17 ($75.07 in chips) 
Seat 5: henri789 ($100 in chips) 
Seat 6: tintin641 ($107 in chips) 
Maku5a: posts small blind $0.50
Bejondeiala: posts big blind $1
*** HOLE CARDS ***
reiyser: folds 
PKRPRO17: calls $1
henri789: folds 
tintin641: folds 
Maku5a: folds 
Bejondeiala: checks 
*** FLOP *** [9d As 7c]
Bejondeiala: checks 
PKRPRO17: bets $2.38
Bejondeiala: folds 
Uncalled bet ($2.38) returned to PKRPRO17
PKRPRO17 collected $2.38 from pot
*** SUMMARY ***
Total pot $2.50 | Rake $0.12 
Board [9d As 7c]
Seat 1: Maku5a (small blind) folded before Flop
Seat 2: Bejondeiala (big blind) folded on the Flop
Seat 3: reiyser folded before Flop (didn't bet)
Seat 4: PKRPRO17 collected ($2.38)
Seat 5: henri789 folded before Flop (didn't bet)
Seat 6: tintin641 (button) folded before Flop (didn't bet)



PokerStars Hand #254773810377:  Hold'em No Limit ($0.50/$1.00 USD) - 2025/02/08 22:33:00 WET [2025/02/08 17:33:00 ET]
Table 'Mombasa II' 6-max Seat #1 is the button
Seat 1: Maku5a ($69.27 in chips) 
Seat 2: Bejondeiala ($100 in chips) 
Seat 3: reiyser ($114.94 in chips) 
Seat 4: PKRPRO17 ($76.45 in chips) 
Seat 5: henri789 ($100 in chips) 
Seat 6: tintin641 ($107 in chips) 
Bejondeiala: posts small blind $0.50
reiyser: posts big blind $1
*** HOLE CARDS ***
PKRPRO17: folds 
henri789: folds 
tintin641: folds 
Maku5a: folds 
Bejondeiala: folds 
Uncalled bet ($0.50) returned to reiyser
reiyser collected $1 from pot
reiyser: doesn't show hand 
*** SUMMARY ***
Total pot $1 | Rake $0 
Seat 1: Maku5a (button) folded before Flop (didn't bet)
Seat 2: Bejondeiala (small blind) folded before Flop
Seat 3: reiyser (big blind) collected ($1)
Seat 4: PKRPRO17 folded before Flop (didn't bet)
Seat 5: henri789 folded before Flop (didn't bet)
Seat 6: tintin641 folded before Flop (didn't bet)



PokerStars Hand #254773814346:  Hold'em No Limit ($0.50/$1.00 USD) - 2025/02/08 22:33:14 WET [2025/02/08 17:33:14 ET]
Table 'Mombasa II' 6-max Seat #2 is the button
Seat 1: Maku5a ($69.27 in chips) 
Seat 2: Bejondeiala ($100 in chips) 
Seat 3: reiyser ($115.44 in chips) 
Seat 4: PKRPRO17 ($76.45 in chips) 
Seat 5: henri789 ($100 in chips) 
Seat 6: tintin641 ($107 in chips) 
reiyser: posts small blind $0.50
PKRPRO17: posts big blind $1
*** HOLE CARDS ***
henri789: folds 
tintin641: raises $1.50 to $2.50
Maku5a: folds 
Bejondeiala: folds 
reiyser: folds 
PKRPRO17: calls $1.50
*** FLOP *** [Jh As Qc]
PKRPRO17: checks 
tintin641: checks 
*** TURN *** [Jh As Qc] [Kh]
PKRPRO17: checks 
tintin641: checks 
*** RIVER *** [Jh As Qc Kh] [4c]
PKRPRO17: bets $5
tintin641: folds 
Uncalled bet ($5) returned to PKRPRO17
PKRPRO17 collected $5.22 from pot
PKRPRO17: shows [6h 7d] (high card Ace)
*** SUMMARY ***
Total pot $5.50 | Rake $0.28 
Board [Jh As Qc Kh 4c]
Seat 1: Maku5a folded before Flop (didn't bet)
Seat 2: Bejondeiala (button) folded before Flop (didn't bet)
Seat 3: reiyser (small blind) folded before Flop
Seat 4: PKRPRO17 (big blind) collected ($5.22)
Seat 5: henri789 folded before Flop (didn't bet)
Seat 6: tintin641 folded on the River



PokerStars Hand #254773831935:  Hold'em No Limit ($0.50/$1.00 USD) - 2025/02/08 22:34:15 WET [2025/02/08 17:34:15 ET]
Table 'Mombasa II' 6-max Seat #3 is the button
Seat 1: Maku5a ($69.27 in chips) 
Seat 2: Bejondeiala ($100 in chips) 
Seat 3: reiyser ($114.94 in chips) 
Seat 4: PKRPRO17 ($79.17 in chips) 
Seat 5: henri789 ($100 in chips) 
Seat 6: tintin641 ($104.50 in chips) 
PKRPRO17: posts small blind $0.50
henri789: posts big blind $1
*** HOLE CARDS ***
tintin641: folds 
Maku5a: raises $2 to $3
Bejondeiala: folds 
reiyser: folds 
PKRPRO17: calls $2.50
henri789: calls $2
*** FLOP *** [4d 2s Qc]
PKRPRO17: checks 
henri789: checks 
Maku5a: checks 
*** TURN *** [4d 2s Qc] [7c]
PKRPRO17: checks 
henri789: checks 
Maku5a: checks 
*** RIVER *** [4d 2s Qc 7c] [6c]
PKRPRO17: bets $4.28
henri789: folds 
Maku5a: folds 
Uncalled bet ($4.28) returned to PKRPRO17
PKRPRO17 collected $8.55 from pot
PKRPRO17: shows [Ah 5s] (high card Ace)
*** SUMMARY ***
Total pot $9 | Rake $0.45 
Board [4d 2s Qc 7c 6c]
Seat 1: Maku5a folded on the River
Seat 2: Bejondeiala folded before Flop (didn't bet)
Seat 3: reiyser (button) folded before Flop (didn't bet)
Seat 4: PKRPRO17 (small blind) collected ($8.55)
Seat 5: henri789 (big blind) folded on the River
Seat 6: tintin641 folded before Flop (didn't bet)



PokerStars Hand #254773846289:  Hold'em No Limit ($0.50/$1.00 USD) - 2025/02/08 22:35:04 WET [2025/02/08 17:35:04 ET]
Table 'Mombasa II' 6-max Seat #4 is the button
Seat 1: Maku5a ($66.27 in chips) 
Seat 2: Bejondeiala ($100 in chips) 
Seat 3: reiyser ($114.94 in chips) 
Seat 4: PKRPRO17 ($84.72 in chips) 
Seat 5: henri789 ($100 in chips) 
Seat 6: tintin641 ($104.50 in chips) 
henri789: posts small blind $0.50
tintin641: posts big blind $1
*** HOLE CARDS ***
Maku5a: raises $2 to $3
Bejondeiala: folds 
reiyser: folds 
PKRPRO17: calls $3
henri789: folds 
tintin641: folds 
*** FLOP *** [8s 5h 8d]
Maku5a: checks 
PKRPRO17: checks 
*** TURN *** [8s 5h 8d] [6s]
Maku5a: checks 
PKRPRO17: bets $1
Maku5a: calls $1
*** RIVER *** [8s 5h 8d 6s] [7s]
Maku5a: checks 
PKRPRO17: checks 
*** SHOW DOWN ***
Maku5a: shows [Kh Js] (a pair of Eights)
PKRPRO17: shows [Jh 7h] (two pair, Eights and Sevens)
PKRPRO17 collected $9.02 from pot
*** SUMMARY ***
Total pot $9.50 | Rake $0.48 
Board [8s 5h 8d 6s 7s]
Seat 1: Maku5a showed [Kh Js] and lost with a pair of Eights
Seat 2: Bejondeiala folded before Flop (didn't bet)
Seat 3: reiyser folded before Flop (didn't bet)
Seat 4: PKRPRO17 (button) showed [Jh 7h] and won ($9.02) with two pair, Eights and Sevens
Seat 5: henri789 (small blind) folded before Flop
Seat 6: tintin641 (big blind) folded before Flop



PokerStars Hand #254773859747:  Hold'em No Limit ($0.50/$1.00 USD) - 2025/02/08 22:35:52 WET [2025/02/08 17:35:52 ET]
Table 'Mombasa II' 6-max Seat #5 is the button
Seat 1: Maku5a ($62.27 in chips) 
Seat 2: Bejondeiala ($100 in chips) 
Seat 3: reiyser ($114.94 in chips) 
Seat 4: PKRPRO17 ($89.74 in chips) 
Seat 5: henri789 ($100 in chips) 
Seat 6: tintin641 ($103.50 in chips) 
tintin641: posts small blind $0.50
Maku5a: posts big blind $1
*** HOLE CARDS ***
Bejondeiala: folds 
reiyser: folds 
PKRPRO17: calls $1
henri789: raises $3 to $4
tintin641: folds 
Maku5a: folds 
PKRPRO17: raises $14 to $18
henri789: folds 
Uncalled bet ($14) returned to PKRPRO17
PKRPRO17 collected $9.50 from pot
*** SUMMARY ***
Total pot $9.50 | Rake $0 
Seat 1: Maku5a (big blind) folded before Flop
Seat 2: Bejondeiala folded before Flop (didn't bet)
Seat 3: reiyser folded before Flop (didn't bet)
Seat 4: PKRPRO17 collected ($9.50)
Seat 5: henri789 (button) folded before Flop
Seat 6: tintin641 (small blind) folded before Flop



PokerStars Hand #254773869142:  Hold'em No Limit ($0.50/$1.00 USD) - 2025/02/08 22:36:25 WET [2025/02/08 17:36:25 ET]
Table 'Mombasa II' 6-max Seat #6 is the button
Seat 1: Maku5a ($61.27 in chips) 
Seat 2: Bejondeiala ($100 in chips) 
Seat 3: reiyser ($114.94 in chips) 
Seat 4: PKRPRO17 ($95.24 in chips) 
Seat 5: henri789 ($100 in chips) 
Seat 6: tintin641 ($103 in chips) 
Maku5a: posts small blind $0.50
Bejondeiala: posts big blind $1
*** HOLE CARDS ***
reiyser: raises $1.23 to $2.23
PKRPRO17: folds 
henri789: folds 
tintin641: folds 
Maku5a: folds 
Bejondeiala: folds 
Uncalled bet ($1.23) returned to reiyser
reiyser collected $2.50 from pot
reiyser: doesn't show hand 
*** SUMMARY ***
Total pot $2.50 | Rake $0 
Seat 1: Maku5a (small blind) folded before Flop
Seat 2: Bejondeiala (big blind) folded before Flop
Seat 3: reiyser collected ($2.50)
Seat 4: PKRPRO17 folded before Flop (didn't bet)
Seat 5: henri789 folded before Flop (didn't bet)
Seat 6: tintin641 (button) folded before Flop (didn't bet)



PokerStars Hand #254773872506:  Hold'em No Limit ($0.50/$1.00 USD) - 2025/02/08 22:36:36 WET [2025/02/08 17:36:36 ET]
Table 'Mombasa II' 6-max Seat #1 is the button
Seat 1: Maku5a ($60.77 in chips) 
Seat 2: Bejondeiala ($100 in chips) 
Seat 3: reiyser ($116.44 in chips) 
Seat 4: PKRPRO17 ($95.24 in chips) 
Seat 5: henri789 ($100 in chips) 
Seat 6: tintin641 ($103 in chips) 
Bejondeiala: posts small blind $0.50
reiyser: posts big blind $1
*** HOLE CARDS ***
PKRPRO17: folds 
henri789: folds 
tintin641: folds 
Maku5a: folds 
Bejondeiala: folds 
Uncalled bet ($0.50) returned to reiyser
reiyser collected $1 from pot
reiyser: doesn't show hand 
*** SUMMARY ***
Total pot $1 | Rake $0 
Seat 1: Maku5a (button) folded before Flop (didn't bet)
Seat 2: Bejondeiala (small blind) folded before Flop
Seat 3: reiyser (big blind) collected ($1)
Seat 4: PKRPRO17 folded before Flop (didn't bet)
Seat 5: henri789 folded before Flop (didn't bet)
Seat 6: tintin641 folded before Flop (didn't bet)



PokerStars Hand #254773878105:  Hold'em No Limit ($0.50/$1.00 USD) - 2025/02/08 22:36:56 WET [2025/02/08 17:36:56 ET]
Table 'Mombasa II' 6-max Seat #2 is the button
Seat 1: Maku5a ($60.77 in chips) 
Seat 2: Bejondeiala ($100 in chips) 
Seat 3: reiyser ($116.94 in chips) 
Seat 4: PKRPRO17 ($95.24 in chips) 
Seat 5: henri789 ($100 in chips) 
Seat 6: tintin641 ($103 in chips) 
reiyser: posts small blind $0.50
PKRPRO17: posts big blind $1
*** HOLE CARDS ***
henri789: folds 
tintin641: folds 
Maku5a: folds 
Bejondeiala: folds 
reiyser: raises $1.80 to $2.80
PKRPRO17: calls $1.80
*** FLOP *** [Ks 2s 3c]
reiyser: bets $1.54
PKRPRO17: calls $1.54
*** TURN *** [Ks 2s 3c] [Qs]
reiyser: checks 
PKRPRO17: checks 
*** RIVER *** [Ks 2s 3c Qs] [6h]
reiyser: checks 
PKRPRO17: bets $2
reiyser: calls $2
*** SHOW DOWN ***
PKRPRO17: shows [Qh 9d] (a pair of Queens)
reiyser: mucks hand 
PKRPRO17 collected $12.05 from pot
*** SUMMARY ***
Total pot $12.68 | Rake $0.63 
Board [Ks 2s 3c Qs 6h]
Seat 1: Maku5a folded before Flop (didn't bet)
Seat 2: Bejondeiala (button) folded before Flop (didn't bet)
Seat 3: reiyser (small blind) mucked
Seat 4: PKRPRO17 (big blind) showed [Qh 9d] and won ($12.05) with a pair of Queens
Seat 5: henri789 folded before Flop (didn't bet)
Seat 6: tintin641 folded before Flop (didn't bet)



PokerStars Hand #254773895757:  Hold'em No Limit ($0.50/$1.00 USD) - 2025/02/08 22:37:58 WET [2025/02/08 17:37:58 ET]
Table 'Mombasa II' 6-max Seat #3 is the button
Seat 1: Maku5a ($60.77 in chips) 
Seat 2: Bejondeiala ($100 in chips) 
Seat 3: reiyser ($110.60 in chips) 
Seat 4: PKRPRO17 ($100.95 in chips) 
Seat 5: henri789 ($100 in chips) 
Seat 6: tintin641 ($103 in chips) 
PKRPRO17: posts small blind $0.50
henri789: posts big blind $1
*** HOLE CARDS ***
tintin641: folds 
Maku5a: raises $2 to $3
Bejondeiala: folds 
reiyser: folds 
PKRPRO17: folds 
henri789: folds 
Uncalled bet ($2) returned to Maku5a
Maku5a collected $2.50 from pot
Maku5a: doesn't show hand 
*** SUMMARY ***
Total pot $2.50 | Rake $0 
Seat 1: Maku5a collected ($2.50)
Seat 2: Bejondeiala folded before Flop (didn't bet)
Seat 3: reiyser (button) folded before Flop (didn't bet)
Seat 4: PKRPRO17 (small blind) folded before Flop
Seat 5: henri789 (big blind) folded before Flop
Seat 6: tintin641 folded before Flop (didn't bet)



PokerStars Hand #254773900411:  Hold'em No Limit ($0.50/$1.00 USD) - 2025/02/08 22:38:15 WET [2025/02/08 17:38:15 ET]
Table 'Mombasa II' 6-max Seat #4 is the button
Seat 1: Maku5a ($62.27 in chips) 
Seat 2: Bejondeiala ($100 in chips) 
Seat 3: reiyser ($110.60 in chips) 
Seat 4: PKRPRO17 ($100.45 in chips) 
Seat 5: henri789 ($100 in chips) 
Seat 6: tintin641 ($103 in chips) 
henri789: posts small blind $0.50
tintin641: posts big blind $1
*** HOLE CARDS ***
Maku5a: folds 
Bejondeiala: raises $1.10 to $2.10
reiyser: folds 
PKRPRO17: folds 
henri789: folds 
tintin641: folds 
Uncalled bet ($1.10) returned to Bejondeiala
Bejondeiala collected $2.50 from pot
Bejondeiala: doesn't show hand 
*** SUMMARY ***
Total pot $2.50 | Rake $0 
Seat 1: Maku5a folded before Flop (didn't bet)
Seat 2: Bejondeiala collected ($2.50)
Seat 3: reiyser folded before Flop (didn't bet)
Seat 4: PKRPRO17 (button) folded before Flop (didn't bet)
Seat 5: henri789 (small blind) folded before Flop
Seat 6: tintin641 (big blind) folded before Flop



PokerStars Hand #254773906923:  Hold'em No Limit ($0.50/$1.00 USD) - 2025/02/08 22:38:38 WET [2025/02/08 17:38:38 ET]
Table 'Mombasa II' 6-max Seat #5 is the button
Seat 1: Maku5a ($62.27 in chips) 
Seat 2: Bejondeiala ($101.50 in chips) 
Seat 3: reiyser ($110.60 in chips) 
Seat 4: PKRPRO17 ($100.45 in chips) 
Seat 5: henri789 ($100 in chips) 
Seat 6: tintin641 ($102 in chips) 
tintin641: posts small blind $0.50
Maku5a: posts big blind $1
*** HOLE CARDS ***
Bejondeiala: folds 
reiyser: raises $1.23 to $2.23
PKRPRO17: folds 
henri789: folds 
tintin641: folds 
Maku5a: folds 
Uncalled bet ($1.23) returned to reiyser
reiyser collected $2.50 from pot
reiyser: doesn't show hand 
*** SUMMARY ***
Total pot $2.50 | Rake $0 
Seat 1: Maku5a (big blind) folded before Flop
Seat 2: Bejondeiala folded before Flop (didn't bet)
Seat 3: reiyser collected ($2.50)
Seat 4: PKRPRO17 folded before Flop (didn't bet)
Seat 5: henri789 (button) folded before Flop (didn't bet)
Seat 6: tintin641 (small blind) folded before Flop



PokerStars Hand #254773911994:  Hold'em No Limit ($0.50/$1.00 USD) - 2025/02/08 22:38:56 WET [2025/02/08 17:38:56 ET]
Table 'Mombasa II' 6-max Seat #6 is the button
Seat 1: Maku5a ($61.27 in chips) 
Seat 2: Bejondeiala ($101.50 in chips) 
Seat 3: reiyser ($112.10 in chips) 
Seat 4: PKRPRO17 ($100.45 in chips) 
Seat 5: henri789 ($100 in chips) 
Seat 6: tintin641 ($101.50 in chips) 
Maku5a: posts small blind $0.50
Bejondeiala: posts big blind $1
*** HOLE CARDS ***
reiyser: folds 
PKRPRO17: raises $1 to $2
henri789: folds 
tintin641: folds 
Maku5a: folds 
Bejondeiala: folds 
Uncalled bet ($1) returned to PKRPRO17
PKRPRO17 collected $2.50 from pot
*** SUMMARY ***
Total pot $2.50 | Rake $0 
Seat 1: Maku5a (small blind) folded before Flop
Seat 2: Bejondeiala (big blind) folded before Flop
Seat 3: reiyser folded before Flop (didn't bet)
Seat 4: PKRPRO17 collected ($2.50)
Seat 5: henri789 folded before Flop (didn't bet)
Seat 6: tintin641 (button) folded before Flop (didn't bet)



PokerStars Hand #254773916744:  Hold'em No Limit ($0.50/$1.00 USD) - 2025/02/08 22:39:13 WET [2025/02/08 17:39:13 ET]
Table 'Mombasa II' 6-max Seat #1 is the button
Seat 1: Maku5a ($60.77 in chips) 
Seat 2: Bejondeiala ($100.50 in chips) 
Seat 3: reiyser ($112.10 in chips) 
Seat 4: PKRPRO17 ($101.95 in chips) 
Seat 5: henri789 ($100 in chips) 
Seat 6: tintin641 ($101.50 in chips) 
Bejondeiala: posts small blind $0.50
reiyser: posts big blind $1
*** HOLE CARDS ***
PKRPRO17: folds 
henri789: folds 
tintin641: folds 
Maku5a: raises $2 to $3
Bejondeiala: folds 
reiyser: raises $8 to $11
Maku5a: folds 
Uncalled bet ($8) returned to reiyser
reiyser collected $6.50 from pot
reiyser: doesn't show hand 
*** SUMMARY ***
Total pot $6.50 | Rake $0 
Seat 1: Maku5a (button) folded before Flop
Seat 2: Bejondeiala (small blind) folded before Flop
Seat 3: reiyser (big blind) collected ($6.50)
Seat 4: PKRPRO17 folded before Flop (didn't bet)
Seat 5: henri789 folded before Flop (didn't bet)
Seat 6: tintin641 folded before Flop (didn't bet)



PokerStars Hand #254773925535:  Hold'em No Limit ($0.50/$1.00 USD) - 2025/02/08 22:39:44 WET [2025/02/08 17:39:44 ET]
Table 'Mombasa II' 6-max Seat #2 is the button
Seat 1: Maku5a ($57.77 in chips) 
Seat 2: Bejondeiala ($100 in chips) 
Seat 3: reiyser ($115.60 in chips) 
Seat 4: PKRPRO17 ($101.95 in chips) 
Seat 5: henri789 ($100 in chips) 
Seat 6: tintin641 ($101.50 in chips) 
reiyser: posts small blind $0.50
PKRPRO17: posts big blind $1
*** HOLE CARDS ***
henri789: raises $1.50 to $2.50
tintin641: folds 
Maku5a: folds 
Bejondeiala: folds 
reiyser: folds 
PKRPRO17: folds 
Uncalled bet ($1.50) returned to henri789
henri789 collected $2.50 from pot
henri789: doesn't show hand 
*** SUMMARY ***
Total pot $2.50 | Rake $0 
Seat 1: Maku5a folded before Flop (didn't bet)
Seat 2: Bejondeiala (button) folded before Flop (didn't bet)
Seat 3: reiyser (small blind) folded before Flop
Seat 4: PKRPRO17 (big blind) folded before Flop
Seat 5: henri789 collected ($2.50)
Seat 6: tintin641 folded before Flop (didn't bet)



PokerStars Hand #254773933103:  Hold'em No Limit ($0.50/$1.00 USD) - 2025/02/08 22:40:10 WET [2025/02/08 17:40:10 ET]
Table 'Mombasa II' 6-max Seat #3 is the button
Seat 1: Maku5a ($57.77 in chips) 
Seat 2: Bejondeiala ($100 in chips) 
Seat 3: reiyser ($115.10 in chips) 
Seat 4: PKRPRO17 ($100.95 in chips) 
Seat 5: henri789 ($101.50 in chips) 
Seat 6: tintin641 ($101.50 in chips) 
PKRPRO17: posts small blind $0.50
henri789: posts big blind $1
*** HOLE CARDS ***
tintin641: folds 
Maku5a: folds 
Maku5a leaves the table
Bejondeiala: folds 
reiyser: raises $1.23 to $2.23
BoyLoc0 joins the table at seat #1 
PKRPRO17: calls $1.73
henri789: raises $11.77 to $14
reiyser: folds 
PKRPRO17: calls $11.77
*** FLOP *** [3c 3s 4s]
PKRPRO17: checks 
henri789: bets $9.48
PKRPRO17: folds 
Uncalled bet ($9.48) returned to henri789
henri789 collected $28.72 from pot
henri789: doesn't show hand 
*** SUMMARY ***
Total pot $30.23 | Rake $1.51 
Board [3c 3s 4s]
Seat 1: Maku5a folded before Flop (didn't bet)
Seat 2: Bejondeiala folded before Flop (didn't bet)
Seat 3: reiyser (button) folded before Flop
Seat 4: PKRPRO17 (small blind) folded on the Flop
Seat 5: henri789 (big blind) collected ($28.72)
Seat 6: tintin641 folded before Flop (didn't bet)



PokerStars Hand #254773947890:  Hold'em No Limit ($0.50/$1.00 USD) - 2025/02/08 22:41:02 WET [2025/02/08 17:41:02 ET]
Table 'Mombasa II' 6-max Seat #4 is the button
Seat 1: BoyLoc0 ($100 in chips) is sitting out
Seat 2: Bejondeiala ($100 in chips) 
Seat 3: reiyser ($112.87 in chips) 
Seat 4: PKRPRO17 ($86.95 in chips) 
Seat 5: henri789 ($116.22 in chips) 
Seat 6: tintin641 ($101.50 in chips) 
henri789: posts small blind $0.50
tintin641: posts big blind $1
BoyLoc0: sits out 
*** HOLE CARDS ***
Bejondeiala: folds 
reiyser: folds 
PKRPRO17: folds 
henri789: folds 
Uncalled bet ($0.50) returned to tintin641
tintin641 collected $1 from pot
tintin641: doesn't show hand 
*** SUMMARY ***
Total pot $1 | Rake $0 
Seat 1: BoyLoc0
Seat 2: Bejondeiala folded before Flop (didn't bet)
Seat 3: reiyser folded before Flop (didn't bet)
Seat 4: PKRPRO17 (button) folded before Flop (didn't bet)
Seat 5: henri789 (small blind) folded before Flop
Seat 6: tintin641 (big blind) collected ($1)



PokerStars Hand #254773951964:  Hold'em No Limit ($0.50/$1.00 USD) - 2025/02/08 22:41:17 WET [2025/02/08 17:41:17 ET]
Table 'Mombasa II' 6-max Seat #5 is the button
Seat 1: BoyLoc0 ($100 in chips) 
Seat 2: Bejondeiala ($100 in chips) 
Seat 3: reiyser ($112.87 in chips) 
Seat 4: PKRPRO17 ($86.95 in chips) 
Seat 5: henri789 ($115.72 in chips) 
Seat 6: tintin641 ($102 in chips) 
tintin641: posts small blind $0.50
BoyLoc0: posts big blind $1
*** HOLE CARDS ***
Bejondeiala: raises $1.10 to $2.10
reiyser: folds 
PKRPRO17: folds 
henri789: folds 
tintin641: folds 
BoyLoc0: folds 
Uncalled bet ($1.10) returned to Bejondeiala
Bejondeiala collected $2.50 from pot
Bejondeiala: doesn't show hand 
*** SUMMARY ***
Total pot $2.50 | Rake $0 
Seat 1: BoyLoc0 (big blind) folded before Flop
Seat 2: Bejondeiala collected ($2.50)
Seat 3: reiyser folded before Flop (didn't bet)
Seat 4: PKRPRO17 folded before Flop (didn't bet)
Seat 5: henri789 (button) folded before Flop (didn't bet)
Seat 6: tintin641 (small blind) folded before Flop



PokerStars Hand #254773957412:  Hold'em No Limit ($0.50/$1.00 USD) - 2025/02/08 22:41:36 WET [2025/02/08 17:41:36 ET]
Table 'Mombasa II' 6-max Seat #6 is the button
Seat 2: Bejondeiala ($101.50 in chips) is sitting out
Seat 1: BoyLoc0 ($100 in chips) 
Seat 3: reiyser ($112.87 in chips) 
Seat 4: PKRPRO17 ($86.95 in chips) 
Seat 5: henri789 ($115.72 in chips) 
Seat 6: tintin641 ($101.50 in chips) 
BoyLoc0: posts small blind $0.50
Bejondeiala: is sitting out 
reiyser: posts big blind $1
*** HOLE CARDS ***
PKRPRO17: folds 
Bejondeiala leaves the table
henri789: folds 
tintin641: raises $1.50 to $2.50
BoyLoc0: folds 
reiyser: folds 
Uncalled bet ($1.50) returned to tintin641
tintin641 collected $2.50 from pot
Unipoker11 joins the table at seat #2 
tintin641: doesn't show hand 
*** SUMMARY ***
Total pot $2.50 | Rake $0 
Seat 2: Bejondeiala
Seat 1: BoyLoc0 (small blind) folded before Flop
Seat 3: reiyser (big blind) folded before Flop
Seat 4: PKRPRO17 folded before Flop (didn't bet)
Seat 5: henri789 folded before Flop (didn't bet)
Seat 6: tintin641 (button) collected ($2.50)



PokerStars Hand #254773964646:  Hold'em No Limit ($0.50/$1.00 USD) - 2025/02/08 22:42:02 WET [2025/02/08 17:42:02 ET]
Table 'Mombasa II' 6-max Seat #1 is the button
Seat 2: Unipoker11 ($100 in chips) is sitting out
Seat 1: BoyLoc0 ($100 in chips) 
Seat 3: reiyser ($111.87 in chips) 
Seat 4: PKRPRO17 ($86.95 in chips) 
Seat 5: henri789 ($115.72 in chips) 
Seat 6: tintin641 ($103 in chips) 
reiyser: posts small blind $0.50
PKRPRO17: posts big blind $1
*** HOLE CARDS ***
henri789: folds 
tintin641: raises $1.50 to $2.50
BoyLoc0: folds 
reiyser: raises $9.50 to $12
PKRPRO17: folds 
tintin641: raises $14 to $26
reiyser: folds 
Uncalled bet ($14) returned to tintin641
tintin641 collected $25 from pot
tintin641: doesn't show hand 
*** SUMMARY ***
Total pot $25 | Rake $0 
Seat 2: Unipoker11
Seat 1: BoyLoc0 (button) folded before Flop (didn't bet)
Seat 3: reiyser (small blind) folded before Flop
Seat 4: PKRPRO17 (big blind) folded before Flop
Seat 5: henri789 folded before Flop (didn't bet)
Seat 6: tintin641 collected ($25)



PokerStars Hand #254773973923:  Hold'em No Limit ($0.50/$1.00 USD) - 2025/02/08 22:42:35 WET [2025/02/08 17:42:35 ET]
Table 'Mombasa II' 6-max Seat #3 is the button
Seat 2: Unipoker11 ($100 in chips) is sitting out
Seat 1: BoyLoc0 ($100 in chips) 
Seat 3: reiyser ($100 in chips) 
Seat 4: PKRPRO17 ($85.95 in chips) 
Seat 5: henri789 ($115.72 in chips) 
Seat 6: tintin641 ($116 in chips) 
PKRPRO17: posts small blind $0.50
henri789: posts big blind $1
Unipoker11: sits out 
*** HOLE CARDS ***
tintin641: folds 
BoyLoc0: folds 
reiyser: folds 
PKRPRO17: calls $0.50
henri789: raises $4 to $5
PKRPRO17: raises $20 to $25
henri789: folds 
Uncalled bet ($20) returned to PKRPRO17
PKRPRO17 collected $10 from pot
*** SUMMARY ***
Total pot $10 | Rake $0 
Seat 2: Unipoker11
Seat 1: BoyLoc0 folded before Flop (didn't bet)
Seat 3: reiyser (button) folded before Flop (didn't bet)
Seat 4: PKRPRO17 (small blind) collected ($10)
Seat 5: henri789 (big blind) folded before Flop
Seat 6: tintin641 folded before Flop (didn't bet)



PokerStars Hand #254773980760:  Hold'em No Limit ($0.50/$1.00 USD) - 2025/02/08 22:43:00 WET [2025/02/08 17:43:00 ET]
Table 'Mombasa II' 6-max Seat #4 is the button
Seat 2: Unipoker11 ($100 in chips) is sitting out
Seat 1: BoyLoc0 ($100 in chips) 
Seat 3: reiyser ($100 in chips) 
Seat 4: PKRPRO17 ($90.95 in chips) 
Seat 5: henri789 ($110.72 in chips) 
Seat 6: tintin641 ($116 in chips) 
henri789: posts small blind $0.50
tintin641: posts big blind $1
Unipoker11: sits out 
*** HOLE CARDS ***
BoyLoc0: folds 
reiyser: folds 
PKRPRO17: raises $1 to $2
henri789: folds 
tintin641: calls $1
*** FLOP *** [Ac 8h Ts]
tintin641: checks 
PKRPRO17: checks 
*** TURN *** [Ac 8h Ts] [3c]
tintin641: bets $3.21
PKRPRO17: calls $3.21
*** RIVER *** [Ac 8h Ts 3c] [9h]
tintin641: checks 
PKRPRO17: checks 
*** SHOW DOWN ***
tintin641: shows [Jc 4c] (high card Ace)
PKRPRO17: shows [8s Js] (a pair of Eights)
PKRPRO17 collected $10.37 from pot
*** SUMMARY ***
Total pot $10.92 | Rake $0.55 
Board [Ac 8h Ts 3c 9h]
Seat 2: Unipoker11
Seat 1: BoyLoc0 folded before Flop (didn't bet)
Seat 3: reiyser folded before Flop (didn't bet)
Seat 4: PKRPRO17 (button) showed [8s Js] and won ($10.37) with a pair of Eights
Seat 5: henri789 (small blind) folded before Flop
Seat 6: tintin641 (big blind) showed [Jc 4c] and lost with high card Ace



PokerStars Hand #254773998623:  Hold'em No Limit ($0.50/$1.00 USD) - 2025/02/08 22:44:03 WET [2025/02/08 17:44:03 ET]
Table 'Mombasa II' 6-max Seat #5 is the button
Seat 2: Unipoker11 ($100 in chips) is sitting out
Seat 1: BoyLoc0 ($100 in chips) 
Seat 3: reiyser ($100 in chips) 
Seat 4: PKRPRO17 ($96.11 in chips) 
Seat 5: henri789 ($110.22 in chips) 
Seat 6: tintin641 ($110.79 in chips) 
tintin641: posts small blind $0.50
BoyLoc0: posts big blind $1
Unipoker11: sits out 
*** HOLE CARDS ***
reiyser: folds 
PKRPRO17: folds 
henri789: raises $1.50 to $2.50
tintin641: folds 
BoyLoc0: calls $1.50
*** FLOP *** [6d 9c 7c]
BoyLoc0: checks 
henri789: checks 
*** TURN *** [6d 9c 7c] [2c]
BoyLoc0: checks 
henri789: bets $2.61
BoyLoc0: calls $2.61
*** RIVER *** [6d 9c 7c 2c] [8h]
BoyLoc0: bets $3.36
henri789: calls $3.36
*** SHOW DOWN ***
BoyLoc0: shows [Qh Kc] (high card King)
henri789: shows [5s 5c] (a straight, Five to Nine)
henri789 collected $16.57 from pot
*** SUMMARY ***
Total pot $17.44 | Rake $0.87 
Board [6d 9c 7c 2c 8h]
Seat 2: Unipoker11
Seat 1: BoyLoc0 (big blind) showed [Qh Kc] and lost with high card King
Seat 3: reiyser folded before Flop (didn't bet)
Seat 4: PKRPRO17 folded before Flop (didn't bet)
Seat 5: henri789 (button) showed [5s 5c] and won ($16.57) with a straight, Five to Nine
Seat 6: tintin641 (small blind) folded before Flop



PokerStars Hand #254774022921:  Hold'em No Limit ($0.50/$1.00 USD) - 2025/02/08 22:45:30 WET [2025/02/08 17:45:30 ET]
Table 'Mombasa II' 6-max Seat #6 is the button
Seat 1: BoyLoc0 ($100 in chips) 
Seat 2: Unipoker11 ($100 in chips) 
Seat 3: reiyser ($100 in chips) 
Seat 4: PKRPRO17 ($98.11 in chips) 
Seat 5: henri789 ($118.32 in chips) 
Seat 6: tintin641 ($110.29 in chips) 
BoyLoc0: posts small blind $0.50
Unipoker11: posts big blind $1
*** HOLE CARDS ***
reiyser: folds 
PKRPRO17: raises $2 to $3
henri789: folds 
tintin641: folds 
BoyLoc0: folds 
Unipoker11: folds 
Uncalled bet ($2) returned to PKRPRO17
PKRPRO17 collected $2.50 from pot
*** SUMMARY ***
Total pot $2.50 | Rake $0 
Seat 1: BoyLoc0 (small blind) folded before Flop
Seat 2: Unipoker11 (big blind) folded before Flop
Seat 3: reiyser folded before Flop (didn't bet)
Seat 4: PKRPRO17 collected ($2.50)
Seat 5: henri789 folded before Flop (didn't bet)
Seat 6: tintin641 (button) folded before Flop (didn't bet)



PokerStars Hand #254774026740:  Hold'em No Limit ($0.50/$1.00 USD) - 2025/02/08 22:45:44 WET [2025/02/08 17:45:44 ET]
Table 'Mombasa II' 6-max Seat #1 is the button
Seat 1: BoyLoc0 ($100 in chips) 
Seat 2: Unipoker11 ($100 in chips) 
Seat 3: reiyser ($100 in chips) 
Seat 4: PKRPRO17 ($99.61 in chips) 
Seat 5: henri789 ($118.32 in chips) 
Seat 6: tintin641 ($110.29 in chips) 
Unipoker11: posts small blind $0.50
reiyser: posts big blind $1
*** HOLE CARDS ***
PKRPRO17: folds 
henri789: folds 
tintin641: raises $1.50 to $2.50
BoyLoc0: raises $5 to $7.50
Unipoker11: folds 
reiyser: folds 
tintin641: calls $5
*** FLOP *** [2d 8s Qd]
tintin641: checks 
BoyLoc0: bets $5.17
tintin641: calls $5.17
*** TURN *** [2d 8s Qd] [Qc]
tintin641: checks 
BoyLoc0: bets $17.13
tintin641: calls $17.13
*** RIVER *** [2d 8s Qd Qc] [Ts]
tintin641: checks 
BoyLoc0: checks 
*** SHOW DOWN ***
tintin641: shows [Jh Qh] (three of a kind, Queens)
BoyLoc0: mucks hand 
tintin641 collected $58.60 from pot
*** SUMMARY ***
Total pot $61.10 | Rake $2.50 
Board [2d 8s Qd Qc Ts]
Seat 1: BoyLoc0 (button) mucked
Seat 2: Unipoker11 (small blind) folded before Flop
Seat 3: reiyser (big blind) folded before Flop
Seat 4: PKRPRO17 folded before Flop (didn't bet)
Seat 5: henri789 folded before Flop (didn't bet)
Seat 6: tintin641 showed [Jh Qh] and won ($58.60) with three of a kind, Queens



PokerStars Hand #254774046090:  Hold'em No Limit ($0.50/$1.00 USD) - 2025/02/08 22:46:53 WET [2025/02/08 17:46:53 ET]
Table 'Mombasa II' 6-max Seat #2 is the button
Seat 1: BoyLoc0 ($100 in chips) 
Seat 2: Unipoker11 ($100 in chips) 
Seat 3: reiyser ($100 in chips) 
Seat 4: PKRPRO17 ($99.61 in chips) 
Seat 5: henri789 ($118.32 in chips) 
Seat 6: tintin641 ($139.09 in chips) 
reiyser: posts small blind $0.50
PKRPRO17: posts big blind $1
*** HOLE CARDS ***
henri789: folds 
tintin641: folds 
BoyLoc0: folds 
Unipoker11: folds 
reiyser: folds 
Uncalled bet ($0.50) returned to PKRPRO17
PKRPRO17 collected $1 from pot
*** SUMMARY ***
Total pot $1 | Rake $0 
Seat 1: BoyLoc0 folded before Flop (didn't bet)
Seat 2: Unipoker11 (button) folded before Flop (didn't bet)
Seat 3: reiyser (small blind) folded before Flop
Seat 4: PKRPRO17 (big blind) collected ($1)
Seat 5: henri789 folded before Flop (didn't bet)
Seat 6: tintin641 folded before Flop (didn't bet)



PokerStars Hand #254774050822:  Hold'em No Limit ($0.50/$1.00 USD) - 2025/02/08 22:47:10 WET [2025/02/08 17:47:10 ET]
Table 'Mombasa II' 6-max Seat #3 is the button
Seat 1: BoyLoc0 ($100 in chips) 
Seat 2: Unipoker11 ($100 in chips) 
Seat 3: reiyser ($100 in chips) 
Seat 4: PKRPRO17 ($100.11 in chips) 
Seat 5: henri789 ($118.32 in chips) 
Seat 6: tintin641 ($139.09 in chips) 
PKRPRO17: posts small blind $0.50
henri789: posts big blind $1
*** HOLE CARDS ***
tintin641: folds 
BoyLoc0: raises $1.50 to $2.50
Unipoker11: folds 
reiyser: folds 
PKRPRO17: folds 
henri789: calls $1.50
*** FLOP *** [4s Qd 2c]
henri789: checks 
BoyLoc0: bets $1.72
henri789: folds 
Uncalled bet ($1.72) returned to BoyLoc0
BoyLoc0 collected $5.22 from pot
BoyLoc0: doesn't show hand 
*** SUMMARY ***
Total pot $5.50 | Rake $0.28 
Board [4s Qd 2c]
Seat 1: BoyLoc0 collected ($5.22)
Seat 2: Unipoker11 folded before Flop (didn't bet)
Seat 3: reiyser (button) folded before Flop (didn't bet)
Seat 4: PKRPRO17 (small blind) folded before Flop
Seat 5: henri789 (big blind) folded on the Flop
Seat 6: tintin641 folded before Flop (didn't bet)



PokerStars Hand #254774063401:  Hold'em No Limit ($0.50/$1.00 USD) - 2025/02/08 22:47:54 WET [2025/02/08 17:47:54 ET]
Table 'Mombasa II' 6-max Seat #4 is the button
Seat 1: BoyLoc0 ($102.72 in chips) 
Seat 2: Unipoker11 ($100 in chips) 
Seat 3: reiyser ($100 in chips) 
Seat 4: PKRPRO17 ($99.61 in chips) 
Seat 5: henri789 ($115.82 in chips) 
Seat 6: tintin641 ($139.09 in chips) 
henri789: posts small blind $0.50
tintin641: posts big blind $1
*** HOLE CARDS ***
BoyLoc0: folds 
Unipoker11: folds 
reiyser: folds 
PKRPRO17: calls $1
henri789: folds 
tintin641: checks 
*** FLOP *** [9c Ah Jc]
tintin641: checks 
PKRPRO17: checks 
*** TURN *** [9c Ah Jc] [8s]
tintin641: bets $1.79
PKRPRO17: folds 
Uncalled bet ($1.79) returned to tintin641
tintin641 collected $2.38 from pot
tintin641: doesn't show hand 
*** SUMMARY ***
Total pot $2.50 | Rake $0.12 
Board [9c Ah Jc 8s]
Seat 1: BoyLoc0 folded before Flop (didn't bet)
Seat 2: Unipoker11 folded before Flop (didn't bet)
Seat 3: reiyser folded before Flop (didn't bet)
Seat 4: PKRPRO17 (button) folded on the Turn
Seat 5: henri789 (small blind) folded before Flop
Seat 6: tintin641 (big blind) collected ($2.38)



PokerStars Hand #254774074378:  Hold'em No Limit ($0.50/$1.00 USD) - 2025/02/08 22:48:33 WET [2025/02/08 17:48:33 ET]
Table 'Mombasa II' 6-max Seat #5 is the button
Seat 1: BoyLoc0 ($102.72 in chips) 
Seat 2: Unipoker11 ($100 in chips) 
Seat 3: reiyser ($100 in chips) 
Seat 4: PKRPRO17 ($98.61 in chips) 
Seat 5: henri789 ($115.32 in chips) 
Seat 6: tintin641 ($140.47 in chips) 
tintin641: posts small blind $0.50
BoyLoc0: posts big blind $1
*** HOLE CARDS ***
Unipoker11: folds 
reiyser: raises $1.23 to $2.23
PKRPRO17: calls $2.23
henri789: raises $7.77 to $10
tintin641: folds 
BoyLoc0: folds 
reiyser: folds 
PKRPRO17: folds 
Uncalled bet ($7.77) returned to henri789
henri789 collected $8.19 from pot
henri789: doesn't show hand 
*** SUMMARY ***
Total pot $8.19 | Rake $0 
Seat 1: BoyLoc0 (big blind) folded before Flop
Seat 2: Unipoker11 folded before Flop (didn't bet)
Seat 3: reiyser folded before Flop
Seat 4: PKRPRO17 folded before Flop
Seat 5: henri789 (button) collected ($8.19)
Seat 6: tintin641 (small blind) folded before Flop



PokerStars Hand #254774082078:  Hold'em No Limit ($0.50/$1.00 USD) - 2025/02/08 22:49:01 WET [2025/02/08 17:49:01 ET]
Table 'Mombasa II' 6-max Seat #6 is the button
Seat 1: BoyLoc0 ($101.72 in chips) 
Seat 2: Unipoker11 ($100 in chips) 
Seat 3: reiyser ($100 in chips) 
Seat 4: PKRPRO17 ($96.38 in chips) 
Seat 5: henri789 ($121.28 in chips) 
Seat 6: tintin641 ($139.97 in chips) 
BoyLoc0: posts small blind $0.50
Unipoker11: posts big blind $1
*** HOLE CARDS ***
reiyser: raises $1.23 to $2.23
PKRPRO17: folds 
henri789: folds 
tintin641: folds 
BoyLoc0: folds 
Unipoker11: calls $1.23
*** FLOP *** [2d 6s Kc]
Unipoker11: checks 
reiyser: bets $2.45
Unipoker11: folds 
Uncalled bet ($2.45) returned to reiyser
reiyser collected $4.71 from pot
reiyser: doesn't show hand 
*** SUMMARY ***
Total pot $4.96 | Rake $0.25 
Board [2d 6s Kc]
Seat 1: BoyLoc0 (small blind) folded before Flop
Seat 2: Unipoker11 (big blind) folded on the Flop
Seat 3: reiyser collected ($4.71)
Seat 4: PKRPRO17 folded before Flop (didn't bet)
Seat 5: henri789 folded before Flop (didn't bet)
Seat 6: tintin641 (button) folded before Flop (didn't bet)



PokerStars Hand #254774093594:  Hold'em No Limit ($0.50/$1.00 USD) - 2025/02/08 22:49:43 WET [2025/02/08 17:49:43 ET]
Table 'Mombasa II' 6-max Seat #1 is the button
Seat 1: BoyLoc0 ($101.22 in chips) 
Seat 2: Unipoker11 ($100 in chips) 
Seat 3: reiyser ($102.48 in chips) 
Seat 4: PKRPRO17 ($96.38 in chips) 
Seat 5: henri789 ($121.28 in chips) 
Seat 6: tintin641 ($139.97 in chips) 
Unipoker11: posts small blind $0.50
reiyser: posts big blind $1
*** HOLE CARDS ***
PKRPRO17: folds 
henri789: raises $1.50 to $2.50
tintin641: folds 
BoyLoc0: folds 
Unipoker11: folds 
reiyser: folds 
Uncalled bet ($1.50) returned to henri789
henri789 collected $2.50 from pot
henri789: doesn't show hand 
*** SUMMARY ***
Total pot $2.50 | Rake $0 
Seat 1: BoyLoc0 (button) folded before Flop (didn't bet)
Seat 2: Unipoker11 (small blind) folded before Flop
Seat 3: reiyser (big blind) folded before Flop
Seat 4: PKRPRO17 folded before Flop (didn't bet)
Seat 5: henri789 collected ($2.50)
Seat 6: tintin641 folded before Flop (didn't bet)



PokerStars Hand #254774102744:  Hold'em No Limit ($0.50/$1.00 USD) - 2025/02/08 22:50:15 WET [2025/02/08 17:50:15 ET]
Table 'Mombasa II' 6-max Seat #2 is the button
Seat 1: BoyLoc0 ($101.22 in chips) 
Seat 2: Unipoker11 ($100 in chips) 
Seat 3: reiyser ($101.48 in chips) 
Seat 4: PKRPRO17 ($96.38 in chips) 
Seat 5: henri789 ($122.78 in chips) 
Seat 6: tintin641 ($139.97 in chips) 
reiyser: posts small blind $0.50
PKRPRO17: posts big blind $1
*** HOLE CARDS ***
henri789: folds 
tintin641: folds 
BoyLoc0: folds 
Unipoker11: folds 
reiyser: folds 
Uncalled bet ($0.50) returned to PKRPRO17
PKRPRO17 collected $1 from pot
*** SUMMARY ***
Total pot $1 | Rake $0 
Seat 1: BoyLoc0 folded before Flop (didn't bet)
Seat 2: Unipoker11 (button) folded before Flop (didn't bet)
Seat 3: reiyser (small blind) folded before Flop
Seat 4: PKRPRO17 (big blind) collected ($1)
Seat 5: henri789 folded before Flop (didn't bet)
Seat 6: tintin641 folded before Flop (didn't bet)



PokerStars Hand #254774108257:  Hold'em No Limit ($0.50/$1.00 USD) - 2025/02/08 22:50:35 WET [2025/02/08 17:50:35 ET]
Table 'Mombasa II' 6-max Seat #3 is the button
Seat 1: BoyLoc0 ($101.22 in chips) 
Seat 2: Unipoker11 ($100 in chips) 
Seat 3: reiyser ($100.98 in chips) 
Seat 4: PKRPRO17 ($96.88 in chips) 
Seat 5: henri789 ($122.78 in chips) 
Seat 6: tintin641 ($139.97 in chips) 
PKRPRO17: posts small blind $0.50
henri789: posts big blind $1
*** HOLE CARDS ***
tintin641: folds 
BoyLoc0: folds 
Unipoker11: folds 
reiyser: folds 
PKRPRO17: calls $0.50
henri789: checks 
*** FLOP *** [9s Kc 8s]
PKRPRO17: checks 
henri789: bets $1
PKRPRO17: calls $1
*** TURN *** [9s Kc 8s] [6s]
PKRPRO17: checks 
henri789: checks 
*** RIVER *** [9s Kc 8s 6s] [8h]
PKRPRO17: checks 
henri789: bets $2.74
PKRPRO17: calls $2.74
*** SHOW DOWN ***
henri789: shows [3s Kh] (two pair, Kings and Eights)
PKRPRO17: shows [Kd 6c] (two pair, Kings and Eights)
PKRPRO17 collected $4.51 from pot
henri789 collected $4.50 from pot
*** SUMMARY ***
Total pot $9.48 | Rake $0.47 
Board [9s Kc 8s 6s 8h]
Seat 1: BoyLoc0 folded before Flop (didn't bet)
Seat 2: Unipoker11 folded before Flop (didn't bet)
Seat 3: reiyser (button) folded before Flop (didn't bet)
Seat 4: PKRPRO17 (small blind) showed [Kd 6c] and won ($4.51) with two pair, Kings and Eights
Seat 5: henri789 (big blind) showed [3s Kh] and won ($4.50) with two pair, Kings and Eights
Seat 6: tintin641 folded before Flop (didn't bet)



PokerStars Hand #254774120331:  Hold'em No Limit ($0.50/$1.00 USD) - 2025/02/08 22:51:18 WET [2025/02/08 17:51:18 ET]
Table 'Mombasa II' 6-max Seat #4 is the button
Seat 1: BoyLoc0 ($101.22 in chips) 
Seat 2: Unipoker11 ($100 in chips) 
Seat 3: reiyser ($100.98 in chips) 
Seat 4: PKRPRO17 ($96.65 in chips) 
Seat 5: henri789 ($122.54 in chips) 
Seat 6: tintin641 ($139.97 in chips) 
henri789: posts small blind $0.50
tintin641: posts big blind $1
*** HOLE CARDS ***
BoyLoc0: folds 
Unipoker11: raises $1 to $2
reiyser: raises $5 to $7
PKRPRO17: folds 
henri789: folds 
tintin641: folds 
Unipoker11: folds 
Uncalled bet ($5) returned to reiyser
reiyser collected $5.50 from pot
reiyser: doesn't show hand 
*** SUMMARY ***
Total pot $5.50 | Rake $0 
Seat 1: BoyLoc0 folded before Flop (didn't bet)
Seat 2: Unipoker11 folded before Flop
Seat 3: reiyser collected ($5.50)
Seat 4: PKRPRO17 (button) folded before Flop (didn't bet)
Seat 5: henri789 (small blind) folded before Flop
Seat 6: tintin641 (big blind) folded before Flop



PokerStars Hand #254774131990:  Hold'em No Limit ($0.50/$1.00 USD) - 2025/02/08 22:51:59 WET [2025/02/08 17:51:59 ET]
Table 'Mombasa II' 6-max Seat #5 is the button
Seat 1: BoyLoc0 ($101.22 in chips) 
Seat 2: Unipoker11 ($100 in chips) 
Seat 3: reiyser ($104.48 in chips) 
Seat 4: PKRPRO17 ($96.65 in chips) 
Seat 5: henri789 ($122.04 in chips) 
Seat 6: tintin641 ($138.97 in chips) 
tintin641: posts small blind $0.50
BoyLoc0: posts big blind $1
*** HOLE CARDS ***
Unipoker11: folds 
reiyser: folds 
PKRPRO17: folds 
henri789: folds 
tintin641: raises $2 to $3
BoyLoc0: calls $2
*** FLOP *** [6d Jd 5c]
tintin641: bets $1.88
BoyLoc0: raises $4.73 to $6.61
tintin641: calls $4.73
*** TURN *** [6d Jd 5c] [Jc]
tintin641: checks 
BoyLoc0: checks 
*** RIVER *** [6d Jd 5c Jc] [6h]
tintin641: bets $13.70
BoyLoc0: folds 
Uncalled bet ($13.70) returned to tintin641
tintin641 collected $18.26 from pot
tintin641: doesn't show hand 
*** SUMMARY ***
Total pot $19.22 | Rake $0.96 
Board [6d Jd 5c Jc 6h]
Seat 1: BoyLoc0 (big blind) folded on the River
Seat 2: Unipoker11 folded before Flop (didn't bet)
Seat 3: reiyser folded before Flop (didn't bet)
Seat 4: PKRPRO17 folded before Flop (didn't bet)
Seat 5: henri789 (button) folded before Flop (didn't bet)
Seat 6: tintin641 (small blind) collected ($18.26)



PokerStars Hand #254774252374:  Hold'em No Limit ($0.50/$1.00 USD) - 2025/02/08 23:00:49 WET [2025/02/08 18:00:49 ET]
Table 'Mombasa II' 6-max Seat #5 is the button
Seat 1: Manifestorr ($100 in chips) 
Seat 2: Unipoker11 ($104.38 in chips) 
Seat 3: bogarthump ($98 in chips) 
Seat 4: [FB]Voodoo ($100 in chips) 
Seat 5: ReVeu710 ($185.92 in chips) 
Seat 6: aoish30 ($102.28 in chips) 
aoish30: posts small blind $0.50
Manifestorr: posts big blind $1
*** HOLE CARDS ***
Unipoker11: raises $1 to $2
bogarthump: folds 
[FB]Voodoo: folds 
ReVeu710: folds 
aoish30: folds 
Manifestorr: folds 
Uncalled bet ($1) returned to Unipoker11
Unipoker11 collected $2.50 from pot
Unipoker11: doesn't show hand 
*** SUMMARY ***
Total pot $2.50 | Rake $0 
Seat 1: Manifestorr (big blind) folded before Flop
Seat 2: Unipoker11 collected ($2.50)
Seat 3: bogarthump folded before Flop (didn't bet)
Seat 4: [FB]Voodoo folded before Flop (didn't bet)
Seat 5: ReVeu710 (button) folded before Flop (didn't bet)
Seat 6: aoish30 (small blind) folded before Flop



PokerStars Hand #254774258861:  Hold'em No Limit ($0.50/$1.00 USD) - 2025/02/08 23:01:16 WET [2025/02/08 18:01:16 ET]
Table 'Mombasa II' 6-max Seat #6 is the button
Seat 1: Manifestorr ($100 in chips) 
Seat 2: Unipoker11 ($105.88 in chips) 
Seat 3: bogarthump ($98 in chips) 
Seat 4: [FB]Voodoo ($100 in chips) 
Seat 5: ReVeu710 ($185.92 in chips) 
Seat 6: aoish30 ($101.78 in chips) 
Manifestorr: posts small blind $0.50
Unipoker11: posts big blind $1
*** HOLE CARDS ***
bogarthump: folds 
[FB]Voodoo: folds 
ReVeu710: folds 
aoish30: folds 
Manifestorr: folds 
Uncalled bet ($0.50) returned to Unipoker11
Unipoker11 collected $1 from pot
Unipoker11: doesn't show hand 
*** SUMMARY ***
Total pot $1 | Rake $0 
Seat 1: Manifestorr (small blind) folded before Flop
Seat 2: Unipoker11 (big blind) collected ($1)
Seat 3: bogarthump folded before Flop (didn't bet)
Seat 4: [FB]Voodoo folded before Flop (didn't bet)
Seat 5: ReVeu710 folded before Flop (didn't bet)
Seat 6: aoish30 (button) folded before Flop (didn't bet)



PokerStars Hand #254774262252:  Hold'em No Limit ($0.50/$1.00 USD) - 2025/02/08 23:01:29 WET [2025/02/08 18:01:29 ET]
Table 'Mombasa II' 6-max Seat #1 is the button
Seat 1: Manifestorr ($100 in chips) 
Seat 2: Unipoker11 ($106.38 in chips) 
Seat 3: bogarthump ($98 in chips) 
Seat 4: [FB]Voodoo ($100 in chips) 
Seat 5: ReVeu710 ($185.92 in chips) 
Seat 6: aoish30 ($101.78 in chips) 
Unipoker11: posts small blind $0.50
bogarthump: posts big blind $1
*** HOLE CARDS ***
[FB]Voodoo: folds 
ReVeu710: folds 
aoish30: folds 
Manifestorr: folds 
Unipoker11: folds 
Uncalled bet ($0.50) returned to bogarthump
bogarthump collected $1 from pot
bogarthump: doesn't show hand 
*** SUMMARY ***
Total pot $1 | Rake $0 
Seat 1: Manifestorr (button) folded before Flop (didn't bet)
Seat 2: Unipoker11 (small blind) folded before Flop
Seat 3: bogarthump (big blind) collected ($1)
Seat 4: [FB]Voodoo folded before Flop (didn't bet)
Seat 5: ReVeu710 folded before Flop (didn't bet)
Seat 6: aoish30 folded before Flop (didn't bet)



PokerStars Hand #254774267578:  Hold'em No Limit ($0.50/$1.00 USD) - 2025/02/08 23:01:48 WET [2025/02/08 18:01:48 ET]
Table 'Mombasa II' 6-max Seat #2 is the button
Seat 1: Manifestorr ($100 in chips) 
Seat 2: Unipoker11 ($105.88 in chips) 
Seat 3: bogarthump ($98.50 in chips) 
Seat 4: [FB]Voodoo ($100 in chips) 
Seat 5: ReVeu710 ($185.92 in chips) 
Seat 6: aoish30 ($101.78 in chips) 
bogarthump: posts small blind $0.50
[FB]Voodoo: posts big blind $1
*** HOLE CARDS ***
ReVeu710: folds 
aoish30: raises $1.10 to $2.10
Manifestorr: folds 
Unipoker11: folds 
bogarthump: folds 
[FB]Voodoo: folds 
Uncalled bet ($1.10) returned to aoish30
aoish30 collected $2.50 from pot
aoish30: doesn't show hand 
*** SUMMARY ***
Total pot $2.50 | Rake $0 
Seat 1: Manifestorr folded before Flop (didn't bet)
Seat 2: Unipoker11 (button) folded before Flop (didn't bet)
Seat 3: bogarthump (small blind) folded before Flop
Seat 4: [FB]Voodoo (big blind) folded before Flop
Seat 5: ReVeu710 folded before Flop (didn't bet)
Seat 6: aoish30 collected ($2.50)



PokerStars Hand #254774270296:  Hold'em No Limit ($0.50/$1.00 USD) - 2025/02/08 23:01:59 WET [2025/02/08 18:01:59 ET]
Table 'Mombasa II' 6-max Seat #3 is the button
Seat 1: Manifestorr ($100 in chips) 
Seat 2: Unipoker11 ($105.88 in chips) 
Seat 3: bogarthump ($98 in chips) 
Seat 4: [FB]Voodoo ($100 in chips) 
Seat 5: ReVeu710 ($185.92 in chips) 
Seat 6: aoish30 ($103.28 in chips) 
[FB]Voodoo: posts small blind $0.50
ReVeu710: posts big blind $1
*** HOLE CARDS ***
aoish30: folds 
Manifestorr: raises $1.20 to $2.20
Unipoker11: folds 
Unipoker11 leaves the table
bogarthump: calls $2.20
[FB]Voodoo: folds 
ReVeu710: folds 
*** FLOP *** [Kh Qc As]
Manifestorr: checks 
bogarthump: checks 
*** TURN *** [Kh Qc As] [Ac]
Manifestorr: checks 
bogarthump: bets $2
Manifestorr: calls $2
*** RIVER *** [Kh Qc As Ac] [Qh]
Manifestorr: checks 
bogarthump: checks 
*** SHOW DOWN ***
Manifestorr: shows [Th Kd] (two pair, Aces and Kings)
bogarthump: mucks hand 
Manifestorr collected $9.40 from pot
*** SUMMARY ***
Total pot $9.90 | Rake $0.50 
Board [Kh Qc As Ac Qh]
Seat 1: Manifestorr showed [Th Kd] and won ($9.40) with two pair, Aces and Kings
Seat 2: Unipoker11 folded before Flop (didn't bet)
Seat 3: bogarthump (button) mucked
Seat 4: [FB]Voodoo (small blind) folded before Flop
Seat 5: ReVeu710 (big blind) folded before Flop
Seat 6: aoish30 folded before Flop (didn't bet)



PokerStars Hand #254774282379:  Hold'em No Limit ($0.50/$1.00 USD) - 2025/02/08 23:02:44 WET [2025/02/08 18:02:44 ET]
Table 'Mombasa II' 6-max Seat #4 is the button
Seat 1: Manifestorr ($105.20 in chips) is sitting out
Seat 6: aoish30 ($103.28 in chips) is sitting out
Seat 3: bogarthump ($93.80 in chips) 
Seat 4: [FB]Voodoo ($100 in chips) 
Seat 5: ReVeu710 ($184.92 in chips) 
ReVeu710: posts small blind $0.50
aoish30: is sitting out 
Manifestorr: is sitting out 
bogarthump: posts big blind $1
*** HOLE CARDS ***
aoish30 leaves the table
[FB]Voodoo: folds 
ReVeu710: folds 
Uncalled bet ($0.50) returned to bogarthump
bogarthump collected $1 from pot
bogarthump: doesn't show hand 
[FB]Voodoo leaves the table
*** SUMMARY ***
Total pot $1 | Rake $0 
Seat 1: Manifestorr
Seat 6: aoish30
Seat 3: bogarthump (big blind) collected ($1)
Seat 4: [FB]Voodoo (button) folded before Flop (didn't bet)
Seat 5: ReVeu710 (small blind) folded before Flop



