PokerStars Hand #254770965020:  Hold'em No Limit ($0.50/$1.00 USD) - 2025/02/08 19:46:05 WET [2025/02/08 14:46:05 ET]
Table 'Sham' 6-max Seat #2 is the button
Seat 1: Trojanovich ($100 in chips) 
Seat 2: CichiChanMarian ($106.65 in chips) 
Seat 3: sskripka ($100 in chips) 
Seat 4: Straubje ($46.91 in chips) 
Seat 5: kuhclemO ($100 in chips) 
Seat 6: ReVeu710 ($101.50 in chips) 
sskripka: posts small blind $0.50
Straubje: posts big blind $1
*** HOLE CARDS ***
kuhclemO: folds 
ReVeu710: raises $1 to $2
Trojanovich: folds 
kuhclemO leaves the table
CichiChanMarian: folds 
sskripka: raises $8 to $10
Straubje: folds 
iTrustU21 joins the table at seat #5 
ReVeu710: calls $8
*** FLOP *** [Th 2s 4d]
sskripka: bets $10.97
ReVeu710: calls $10.97
*** TURN *** [Th 2s 4d] [5s]
sskripka: bets $30.59
ReVeu710: calls $30.59
*** RIVER *** [Th 2s 4d 5s] [Kc]
sskripka: bets $48.44 and is all-in
ReVeu710: folds 
Uncalled bet ($48.44) returned to sskripka
sskripka collected $101.62 from pot
sskripka: doesn't show hand 
*** SUMMARY ***
Total pot $104.12 | Rake $2.50 
Board [Th 2s 4d 5s Kc]
Seat 1: Trojanovich folded before Flop (didn't bet)
Seat 2: CichiChanMarian (button) folded before Flop (didn't bet)
Seat 3: sskripka (small blind) collected ($101.62)
Seat 4: Straubje (big blind) folded before Flop
Seat 5: kuhclemO folded before Flop (didn't bet)
Seat 6: ReVeu710 folded on the River



PokerStars Hand #254770989016:  Hold'em No Limit ($0.50/$1.00 USD) - 2025/02/08 19:47:26 WET [2025/02/08 14:47:26 ET]
Table 'Sham' 6-max Seat #3 is the button
Seat 1: Trojanovich ($100 in chips) 
Seat 2: CichiChanMarian ($106.65 in chips) 
Seat 3: sskripka ($150.06 in chips) 
Seat 4: Straubje ($45.91 in chips) 
Seat 5: iTrustU21 ($100 in chips) 
Seat 6: ReVeu710 ($100 in chips) 
Straubje: posts small blind $0.50
iTrustU21: posts big blind $1
*** HOLE CARDS ***
ReVeu710: folds 
Trojanovich: folds 
CichiChanMarian: folds 
sskripka: folds 
Straubje: raises $2 to $3
iTrustU21: calls $2
*** FLOP *** [3d Td Ac]
Straubje: bets $3.42
iTrustU21: folds 
Uncalled bet ($3.42) returned to Straubje
Straubje collected $5.62 from pot
Straubje: doesn't show hand 
*** SUMMARY ***
Total pot $6 | Rake $0.38 
Board [3d Td Ac]
Seat 1: Trojanovich folded before Flop (didn't bet)
Seat 2: CichiChanMarian folded before Flop (didn't bet)
Seat 3: sskripka (button) folded before Flop (didn't bet)
Seat 4: Straubje (small blind) collected ($5.62)
Seat 5: iTrustU21 (big blind) folded on the Flop
Seat 6: ReVeu710 folded before Flop (didn't bet)



PokerStars Hand #254770997124:  Hold'em No Limit ($0.50/$1.00 USD) - 2025/02/08 19:47:54 WET [2025/02/08 14:47:54 ET]
Table 'Sham' 6-max Seat #4 is the button
Seat 1: Trojanovich ($100 in chips) 
Seat 2: CichiChanMarian ($106.65 in chips) 
Seat 3: sskripka ($150.06 in chips) 
Seat 4: Straubje ($48.53 in chips) 
Seat 5: iTrustU21 ($100 in chips) 
Seat 6: ReVeu710 ($100 in chips) 
iTrustU21: posts small blind $0.50
ReVeu710: posts big blind $1
*** HOLE CARDS ***
Trojanovich: folds 
CichiChanMarian: folds 
sskripka: folds 
Straubje: raises $2 to $3
iTrustU21: folds 
ReVeu710: folds 
Uncalled bet ($2) returned to Straubje
Straubje collected $2.50 from pot
Straubje: doesn't show hand 
*** SUMMARY ***
Total pot $2.50 | Rake $0 
Seat 1: Trojanovich folded before Flop (didn't bet)
Seat 2: CichiChanMarian folded before Flop (didn't bet)
Seat 3: sskripka folded before Flop (didn't bet)
Seat 4: Straubje (button) collected ($2.50)
Seat 5: iTrustU21 (small blind) folded before Flop
Seat 6: ReVeu710 (big blind) folded before Flop



PokerStars Hand #254771001865:  Hold'em No Limit ($0.50/$1.00 USD) - 2025/02/08 19:48:10 WET [2025/02/08 14:48:10 ET]
Table 'Sham' 6-max Seat #5 is the button
Seat 1: Trojanovich ($100 in chips) 
Seat 2: CichiChanMarian ($106.65 in chips) 
Seat 3: sskripka ($150.06 in chips) 
Seat 4: Straubje ($50.03 in chips) 
Seat 5: iTrustU21 ($100 in chips) 
Seat 6: ReVeu710 ($100 in chips) 
ReVeu710: posts small blind $0.50
Trojanovich: posts big blind $1
*** HOLE CARDS ***
CichiChanMarian: folds 
sskripka: folds 
Straubje: raises $3 to $4
iTrustU21: folds 
ReVeu710: folds 
Trojanovich: calls $3
*** FLOP *** [3h 2c 5c]
Trojanovich: checks 
Straubje: bets $6.46
Trojanovich: folds 
Uncalled bet ($6.46) returned to Straubje
Straubje collected $7.98 from pot
Straubje: doesn't show hand 
*** SUMMARY ***
Total pot $8.50 | Rake $0.52 
Board [3h 2c 5c]
Seat 1: Trojanovich (big blind) folded on the Flop
Seat 2: CichiChanMarian folded before Flop (didn't bet)
Seat 3: sskripka folded before Flop (didn't bet)
Seat 4: Straubje collected ($7.98)
Seat 5: iTrustU21 (button) folded before Flop (didn't bet)
Seat 6: ReVeu710 (small blind) folded before Flop



PokerStars Hand #254771011755:  Hold'em No Limit ($0.50/$1.00 USD) - 2025/02/08 19:48:44 WET [2025/02/08 14:48:44 ET]
Table 'Sham' 6-max Seat #6 is the button
Seat 2: CichiChanMarian ($106.65 in chips) is sitting out
Seat 3: sskripka ($150.06 in chips) is sitting out
Seat 1: Trojanovich ($100 in chips) 
Seat 4: Straubje ($54.01 in chips) 
Seat 5: iTrustU21 ($100 in chips) 
Seat 6: ReVeu710 ($100 in chips) 
Trojanovich: posts small blind $0.50
CichiChanMarian: is sitting out 
sskripka: is sitting out 
Straubje: posts big blind $1
*** HOLE CARDS ***
iTrustU21: folds 
ReVeu710: raises $1.50 to $2.50
Trojanovich: folds 
sskripka leaves the table
Straubje: folds 
Uncalled bet ($1.50) returned to ReVeu710
ReVeu710 collected $2.50 from pot
ReVeu710: doesn't show hand 
CichiChanMarian leaves the table
*** SUMMARY ***
Total pot $2.50 | Rake $0 
Seat 2: CichiChanMarian
Seat 3: sskripka
Seat 1: Trojanovich (small blind) folded before Flop
Seat 4: Straubje (big blind) folded before Flop
Seat 5: iTrustU21 folded before Flop (didn't bet)
Seat 6: ReVeu710 (button) collected ($2.50)



PokerStars Hand #254771014027:  Hold'em No Limit ($0.50/$1.00 USD) - 2025/02/08 19:48:52 WET [2025/02/08 14:48:52 ET]
Table 'Sham' 6-max Seat #1 is the button
Seat 1: Trojanovich ($100 in chips) 
Seat 4: Straubje ($53.01 in chips) 
Seat 5: iTrustU21 ($100 in chips) 
Seat 6: ReVeu710 ($101.50 in chips) 
Straubje: posts small blind $0.50
iTrustU21: posts big blind $1
*** HOLE CARDS ***
welmuttaja joins the table at seat #3 
ReVeu710: raises $1.30 to $2.30
Trojanovich: folds 
Straubje: folds 
iTrustU21: folds 
Uncalled bet ($1.30) returned to ReVeu710
ReVeu710 collected $2.50 from pot
ReVeu710: doesn't show hand 
*** SUMMARY ***
Total pot $2.50 | Rake $0 
Seat 1: Trojanovich (button) folded before Flop (didn't bet)
Seat 4: Straubje (small blind) folded before Flop
Seat 5: iTrustU21 (big blind) folded before Flop
Seat 6: ReVeu710 collected ($2.50)



PokerStars Hand #254771017271:  Hold'em No Limit ($0.50/$1.00 USD) - 2025/02/08 19:49:03 WET [2025/02/08 14:49:03 ET]
Table 'Sham' 6-max Seat #4 is the button
Seat 3: welmuttaja ($100 in chips) is sitting out
Seat 1: Trojanovich ($100 in chips) 
Seat 4: Straubje ($52.51 in chips) 
Seat 5: iTrustU21 ($100 in chips) 
Seat 6: ReVeu710 ($103 in chips) 
iTrustU21: posts small blind $0.50
ReVeu710: posts big blind $1
welmuttaja: sits out 
*** HOLE CARDS ***
Trojanovich: folds 
z00mba joins the table at seat #2 
Straubje: raises $2 to $3
iTrustU21: folds 
ReVeu710: calls $2
*** FLOP *** [4c Qd 5d]
ReVeu710: checks 
Straubje: bets $3.71
ReVeu710: folds 
Uncalled bet ($3.71) returned to Straubje
Straubje collected $6.10 from pot
Straubje: doesn't show hand 
*** SUMMARY ***
Total pot $6.50 | Rake $0.40 
Board [4c Qd 5d]
Seat 3: welmuttaja
Seat 1: Trojanovich folded before Flop (didn't bet)
Seat 4: Straubje (button) collected ($6.10)
Seat 5: iTrustU21 (small blind) folded before Flop
Seat 6: ReVeu710 (big blind) folded on the Flop



PokerStars Hand #254771023112:  Hold'em No Limit ($0.50/$1.00 USD) - 2025/02/08 19:49:23 WET [2025/02/08 14:49:23 ET]
Table 'Sham' 6-max Seat #5 is the button
Seat 2: z00mba ($100 in chips) is sitting out
Seat 3: welmuttaja ($100 in chips) is sitting out
Seat 1: Trojanovich ($100 in chips) 
Seat 4: Straubje ($55.61 in chips) 
Seat 5: iTrustU21 ($100 in chips) 
Seat 6: ReVeu710 ($100 in chips) 
ReVeu710: posts small blind $0.50
Trojanovich: posts big blind $1
z00mba: sits out 
welmuttaja: sits out 
*** HOLE CARDS ***
Straubje: folds 
iTrustU21: raises $1.20 to $2.20
ReVeu710: raises $9.80 to $12
Trojanovich: folds 
iTrustU21: raises $12 to $24
z00mba leaves the table
ReVeu710: folds 
Uncalled bet ($12) returned to iTrustU21
iTrustU21 collected $25 from pot
iTrustU21: doesn't show hand 
*** SUMMARY ***
Total pot $25 | Rake $0 
Seat 2: z00mba
Seat 3: welmuttaja
Seat 1: Trojanovich (big blind) folded before Flop
Seat 4: Straubje folded before Flop (didn't bet)
Seat 5: iTrustU21 (button) collected ($25)
Seat 6: ReVeu710 (small blind) folded before Flop



PokerStars Hand #254771035009:  Hold'em No Limit ($0.50/$1.00 USD) - 2025/02/08 19:50:04 WET [2025/02/08 14:50:04 ET]
Table 'Sham' 6-max Seat #6 is the button
Seat 1: Trojanovich ($100 in chips) 
Seat 3: welmuttaja ($100 in chips) 
Seat 4: Straubje ($55.61 in chips) 
Seat 5: iTrustU21 ($113 in chips) 
Seat 6: ReVeu710 ($100 in chips) 
Trojanovich: posts small blind $0.50
welmuttaja: posts big blind $1
*** HOLE CARDS ***
Straubje: folds 
ojeriza joins the table at seat #2 
iTrustU21: folds 
ReVeu710: folds 
Trojanovich: raises $2 to $3
welmuttaja: folds 
Uncalled bet ($2) returned to Trojanovich
Trojanovich collected $2 from pot
Trojanovich: doesn't show hand 
*** SUMMARY ***
Total pot $2 | Rake $0 
Seat 1: Trojanovich (small blind) collected ($2)
Seat 3: welmuttaja (big blind) folded before Flop
Seat 4: Straubje folded before Flop (didn't bet)
Seat 5: iTrustU21 folded before Flop (didn't bet)
Seat 6: ReVeu710 (button) folded before Flop (didn't bet)



PokerStars Hand #254771038696:  Hold'em No Limit ($0.50/$1.00 USD) - 2025/02/08 19:50:17 WET [2025/02/08 14:50:17 ET]
Table 'Sham' 6-max Seat #1 is the button
Seat 2: ojeriza ($100 in chips) is sitting out
Seat 1: Trojanovich ($101 in chips) 
Seat 3: welmuttaja ($100 in chips) 
Seat 4: Straubje ($55.61 in chips) 
Seat 5: iTrustU21 ($113 in chips) 
Seat 6: ReVeu710 ($100 in chips) 
welmuttaja: posts small blind $0.50
Straubje: posts big blind $1
*** HOLE CARDS ***
iTrustU21: folds 
ReVeu710: raises $1.30 to $2.30
Trojanovich: raises $5.20 to $7.50
welmuttaja: folds 
Straubje: folds 
ReVeu710: folds 
Uncalled bet ($5.20) returned to Trojanovich
Trojanovich collected $6.10 from pot
Trojanovich: doesn't show hand 
*** SUMMARY ***
Total pot $6.10 | Rake $0 
Seat 2: ojeriza
Seat 1: Trojanovich (button) collected ($6.10)
Seat 3: welmuttaja (small blind) folded before Flop
Seat 4: Straubje (big blind) folded before Flop
Seat 5: iTrustU21 folded before Flop (didn't bet)
Seat 6: ReVeu710 folded before Flop



PokerStars Hand #254771043647:  Hold'em No Limit ($0.50/$1.00 USD) - 2025/02/08 19:50:35 WET [2025/02/08 14:50:35 ET]
Table 'Sham' 6-max Seat #3 is the button
Seat 2: ojeriza ($100 in chips) is sitting out
Seat 1: Trojanovich ($104.80 in chips) 
Seat 3: welmuttaja ($100 in chips) 
Seat 4: Straubje ($54.61 in chips) 
Seat 5: iTrustU21 ($113 in chips) 
Seat 6: ReVeu710 ($100 in chips) 
Straubje: posts small blind $0.50
iTrustU21: posts big blind $1
ojeriza: sits out 
*** HOLE CARDS ***
ReVeu710: raises $1 to $2
Trojanovich: folds 
welmuttaja: folds 
Straubje: folds 
iTrustU21: calls $1
*** FLOP *** [8s Jd 6c]
iTrustU21: checks 
ReVeu710: bets $2.61
iTrustU21: calls $2.61
*** TURN *** [8s Jd 6c] [Qd]
iTrustU21: checks 
ReVeu710: checks 
*** RIVER *** [8s Jd 6c Qd] [2c]
iTrustU21: checks 
ReVeu710: bets $9.32
iTrustU21: folds 
Uncalled bet ($9.32) returned to ReVeu710
ReVeu710 collected $9.23 from pot
ReVeu710: doesn't show hand 
*** SUMMARY ***
Total pot $9.72 | Rake $0.49 
Board [8s Jd 6c Qd 2c]
Seat 2: ojeriza
Seat 1: Trojanovich folded before Flop (didn't bet)
Seat 3: welmuttaja (button) folded before Flop (didn't bet)
Seat 4: Straubje (small blind) folded before Flop
Seat 5: iTrustU21 (big blind) folded on the River
Seat 6: ReVeu710 collected ($9.23)



PokerStars Hand #254771063664:  Hold'em No Limit ($0.50/$1.00 USD) - 2025/02/08 19:51:44 WET [2025/02/08 14:51:44 ET]
Table 'Sham' 6-max Seat #4 is the button
Seat 2: ojeriza ($100 in chips) is sitting out
Seat 1: Trojanovich ($104.80 in chips) 
Seat 3: welmuttaja ($100 in chips) 
Seat 4: Straubje ($54.11 in chips) 
Seat 5: iTrustU21 ($108.39 in chips) 
Seat 6: ReVeu710 ($104.62 in chips) 
iTrustU21: posts small blind $0.50
ReVeu710: posts big blind $1
ojeriza: sits out 
*** HOLE CARDS ***
Trojanovich: folds 
welmuttaja: raises $1.25 to $2.25
Straubje: folds 
iTrustU21: folds 
ReVeu710: folds 
Uncalled bet ($1.25) returned to welmuttaja
welmuttaja collected $2.50 from pot
welmuttaja: doesn't show hand 
*** SUMMARY ***
Total pot $2.50 | Rake $0 
Seat 2: ojeriza
Seat 1: Trojanovich folded before Flop (didn't bet)
Seat 3: welmuttaja collected ($2.50)
Seat 4: Straubje (button) folded before Flop (didn't bet)
Seat 5: iTrustU21 (small blind) folded before Flop
Seat 6: ReVeu710 (big blind) folded before Flop



PokerStars Hand #254771069668:  Hold'em No Limit ($0.50/$1.00 USD) - 2025/02/08 19:52:04 WET [2025/02/08 14:52:04 ET]
Table 'Sham' 6-max Seat #5 is the button
Seat 2: ojeriza ($100 in chips) is sitting out
Seat 1: Trojanovich ($104.80 in chips) 
Seat 3: welmuttaja ($101.50 in chips) 
Seat 4: Straubje ($54.11 in chips) 
Seat 5: iTrustU21 ($107.89 in chips) 
Seat 6: ReVeu710 ($103.62 in chips) 
ReVeu710: posts small blind $0.50
Trojanovich: posts big blind $1
ojeriza: sits out 
*** HOLE CARDS ***
welmuttaja: folds 
Straubje: folds 
iTrustU21: raises $1.20 to $2.20
ReVeu710: folds 
Trojanovich: raises $8.30 to $10.50
iTrustU21: raises $12 to $22.50
Trojanovich: folds 
Uncalled bet ($12) returned to iTrustU21
iTrustU21 collected $21.50 from pot
iTrustU21: doesn't show hand 
*** SUMMARY ***
Total pot $21.50 | Rake $0 
Seat 2: ojeriza
Seat 1: Trojanovich (big blind) folded before Flop
Seat 3: welmuttaja folded before Flop (didn't bet)
Seat 4: Straubje folded before Flop (didn't bet)
Seat 5: iTrustU21 (button) collected ($21.50)
Seat 6: ReVeu710 (small blind) folded before Flop



PokerStars Hand #254771077191:  Hold'em No Limit ($0.50/$1.00 USD) - 2025/02/08 19:52:31 WET [2025/02/08 14:52:31 ET]
Table 'Sham' 6-max Seat #6 is the button
Seat 1: Trojanovich ($100 in chips) 
Seat 2: ojeriza ($100 in chips) 
Seat 3: welmuttaja ($101.50 in chips) 
Seat 4: Straubje ($54.11 in chips) 
Seat 5: iTrustU21 ($118.89 in chips) 
Seat 6: ReVeu710 ($103.12 in chips) 
Trojanovich: posts small blind $0.50
ojeriza: posts big blind $1
*** HOLE CARDS ***
welmuttaja: folds 
Straubje: folds 
iTrustU21: raises $1.20 to $2.20
ReVeu710: folds 
Trojanovich: folds 
ojeriza: folds 
Uncalled bet ($1.20) returned to iTrustU21
iTrustU21 collected $2.50 from pot
iTrustU21: doesn't show hand 
*** SUMMARY ***
Total pot $2.50 | Rake $0 
Seat 1: Trojanovich (small blind) folded before Flop
Seat 2: ojeriza (big blind) folded before Flop
Seat 3: welmuttaja folded before Flop (didn't bet)
Seat 4: Straubje folded before Flop (didn't bet)
Seat 5: iTrustU21 collected ($2.50)
Seat 6: ReVeu710 (button) folded before Flop (didn't bet)



PokerStars Hand #254771083576:  Hold'em No Limit ($0.50/$1.00 USD) - 2025/02/08 19:52:52 WET [2025/02/08 14:52:52 ET]
Table 'Sham' 6-max Seat #1 is the button
Seat 1: Trojanovich ($100 in chips) 
Seat 2: ojeriza ($100 in chips) 
Seat 3: welmuttaja ($101.50 in chips) 
Seat 4: Straubje ($54.11 in chips) 
Seat 5: iTrustU21 ($120.39 in chips) 
Seat 6: ReVeu710 ($103.12 in chips) 
ojeriza: posts small blind $0.50
welmuttaja: posts big blind $1
*** HOLE CARDS ***
Straubje: folds 
iTrustU21: folds 
ReVeu710: raises $1.30 to $2.30
Trojanovich: folds 
ojeriza: folds 
welmuttaja: folds 
Uncalled bet ($1.30) returned to ReVeu710
ReVeu710 collected $2.50 from pot
ReVeu710: doesn't show hand 
*** SUMMARY ***
Total pot $2.50 | Rake $0 
Seat 1: Trojanovich (button) folded before Flop (didn't bet)
Seat 2: ojeriza (small blind) folded before Flop
Seat 3: welmuttaja (big blind) folded before Flop
Seat 4: Straubje folded before Flop (didn't bet)
Seat 5: iTrustU21 folded before Flop (didn't bet)
Seat 6: ReVeu710 collected ($2.50)



PokerStars Hand #254771087974:  Hold'em No Limit ($0.50/$1.00 USD) - 2025/02/08 19:53:08 WET [2025/02/08 14:53:08 ET]
Table 'Sham' 6-max Seat #2 is the button
Seat 1: Trojanovich ($100 in chips) 
Seat 2: ojeriza ($100 in chips) 
Seat 3: welmuttaja ($100.50 in chips) 
Seat 4: Straubje ($54.11 in chips) 
Seat 5: iTrustU21 ($120.39 in chips) 
Seat 6: ReVeu710 ($104.62 in chips) 
welmuttaja: posts small blind $0.50
Straubje: posts big blind $1
*** HOLE CARDS ***
iTrustU21: folds 
ReVeu710: raises $1 to $2
Trojanovich: folds 
ojeriza: folds 
welmuttaja: folds 
Straubje: folds 
Uncalled bet ($1) returned to ReVeu710
ReVeu710 collected $2.50 from pot
ReVeu710: doesn't show hand 
*** SUMMARY ***
Total pot $2.50 | Rake $0 
Seat 1: Trojanovich folded before Flop (didn't bet)
Seat 2: ojeriza (button) folded before Flop (didn't bet)
Seat 3: welmuttaja (small blind) folded before Flop
Seat 4: Straubje (big blind) folded before Flop
Seat 5: iTrustU21 folded before Flop (didn't bet)
Seat 6: ReVeu710 collected ($2.50)



PokerStars Hand #254771093825:  Hold'em No Limit ($0.50/$1.00 USD) - 2025/02/08 19:53:28 WET [2025/02/08 14:53:28 ET]
Table 'Sham' 6-max Seat #3 is the button
Seat 5: iTrustU21 ($120.39 in chips) is sitting out
Seat 1: Trojanovich ($100 in chips) 
Seat 2: ojeriza ($100 in chips) 
Seat 3: welmuttaja ($100 in chips) 
Seat 4: Straubje ($53.11 in chips) 
Seat 6: ReVeu710 ($106.12 in chips) 
Straubje: posts small blind $0.50
iTrustU21: is sitting out 
ReVeu710: posts big blind $1
*** HOLE CARDS ***
Trojanovich: folds 
ojeriza: folds 
iTrustU21 leaves the table
welmuttaja: raises $1.50 to $2.50
Straubje: folds 
ReVeu710: folds 
Uncalled bet ($1.50) returned to welmuttaja
welmuttaja collected $2.50 from pot
welmuttaja: doesn't show hand 
*** SUMMARY ***
Total pot $2.50 | Rake $0 
Seat 5: iTrustU21
Seat 1: Trojanovich folded before Flop (didn't bet)
Seat 2: ojeriza folded before Flop (didn't bet)
Seat 3: welmuttaja (button) collected ($2.50)
Seat 4: Straubje (small blind) folded before Flop
Seat 6: ReVeu710 (big blind) folded before Flop



PokerStars Hand #254771096561:  Hold'em No Limit ($0.50/$1.00 USD) - 2025/02/08 19:53:37 WET [2025/02/08 14:53:37 ET]
Table 'Sham' 6-max Seat #4 is the button
Seat 1: Trojanovich ($100 in chips) 
Seat 2: ojeriza ($100 in chips) 
Seat 3: welmuttaja ($101.50 in chips) 
Seat 4: Straubje ($52.61 in chips) 
Seat 6: ReVeu710 ($105.12 in chips) 
ReVeu710: posts small blind $0.50
Trojanovich: posts big blind $1
*** HOLE CARDS ***
ojeriza: folds 
welmuttaja: folds 
Straubje: folds 
sta$igk joins the table at seat #5 
ReVeu710: folds 
Uncalled bet ($0.50) returned to Trojanovich
Trojanovich collected $1 from pot
Trojanovich: doesn't show hand 
*** SUMMARY ***
Total pot $1 | Rake $0 
Seat 1: Trojanovich (big blind) collected ($1)
Seat 2: ojeriza folded before Flop (didn't bet)
Seat 3: welmuttaja folded before Flop (didn't bet)
Seat 4: Straubje (button) folded before Flop (didn't bet)
Seat 6: ReVeu710 (small blind) folded before Flop



PokerStars Hand #254771099425:  Hold'em No Limit ($0.50/$1.00 USD) - 2025/02/08 19:53:47 WET [2025/02/08 14:53:47 ET]
Table 'Sham' 6-max Seat #6 is the button
Seat 5: sta$igk ($68.54 in chips) is sitting out
Seat 1: Trojanovich ($100.50 in chips) 
Seat 2: ojeriza ($100 in chips) 
Seat 3: welmuttaja ($101.50 in chips) 
Seat 4: Straubje ($52.61 in chips) 
Seat 6: ReVeu710 ($104.62 in chips) 
Trojanovich: posts small blind $0.50
ojeriza: posts big blind $1
sta$igk: sits out 
*** HOLE CARDS ***
welmuttaja: folds 
Straubje: folds 
ReVeu710: folds 
Trojanovich: folds 
Uncalled bet ($0.50) returned to ojeriza
ojeriza collected $1 from pot
ojeriza: doesn't show hand 
*** SUMMARY ***
Total pot $1 | Rake $0 
Seat 5: sta$igk
Seat 1: Trojanovich (small blind) folded before Flop
Seat 2: ojeriza (big blind) collected ($1)
Seat 3: welmuttaja folded before Flop (didn't bet)
Seat 4: Straubje folded before Flop (didn't bet)
Seat 6: ReVeu710 (button) folded before Flop (didn't bet)



PokerStars Hand #254771101288:  Hold'em No Limit ($0.50/$1.00 USD) - 2025/02/08 19:53:54 WET [2025/02/08 14:53:54 ET]
Table 'Sham' 6-max Seat #1 is the button
Seat 5: sta$igk ($68.54 in chips) is sitting out
Seat 1: Trojanovich ($100 in chips) 
Seat 2: ojeriza ($100.50 in chips) 
Seat 3: welmuttaja ($101.50 in chips) 
Seat 4: Straubje ($52.61 in chips) 
Seat 6: ReVeu710 ($104.62 in chips) 
ojeriza: posts small blind $0.50
welmuttaja: posts big blind $1
sta$igk: sits out 
*** HOLE CARDS ***
Straubje: raises $3 to $4
ReVeu710: folds 
Trojanovich: folds 
ojeriza: folds 
welmuttaja: folds 
Uncalled bet ($3) returned to Straubje
Straubje collected $2.50 from pot
Straubje: doesn't show hand 
*** SUMMARY ***
Total pot $2.50 | Rake $0 
Seat 5: sta$igk
Seat 1: Trojanovich (button) folded before Flop (didn't bet)
Seat 2: ojeriza (small blind) folded before Flop
Seat 3: welmuttaja (big blind) folded before Flop
Seat 4: Straubje collected ($2.50)
Seat 6: ReVeu710 folded before Flop (didn't bet)



PokerStars Hand #254771105435:  Hold'em No Limit ($0.50/$1.00 USD) - 2025/02/08 19:54:08 WET [2025/02/08 14:54:08 ET]
Table 'Sham' 6-max Seat #2 is the button
Seat 5: sta$igk ($68.54 in chips) is sitting out
Seat 1: Trojanovich ($100 in chips) 
Seat 2: ojeriza ($100 in chips) 
Seat 3: welmuttaja ($100.50 in chips) 
Seat 4: Straubje ($54.11 in chips) 
Seat 6: ReVeu710 ($104.62 in chips) 
welmuttaja: posts small blind $0.50
Straubje: posts big blind $1
sta$igk: sits out 
*** HOLE CARDS ***
ReVeu710: folds 
Trojanovich: folds 
ojeriza: raises $1.50 to $2.50
welmuttaja: folds 
Straubje: calls $1.50
*** FLOP *** [3h 8s 7c]
Straubje: checks 
ojeriza: bets $3.92
Straubje: folds 
Uncalled bet ($3.92) returned to ojeriza
ojeriza collected $5.22 from pot
ojeriza: doesn't show hand 
*** SUMMARY ***
Total pot $5.50 | Rake $0.28 
Board [3h 8s 7c]
Seat 5: sta$igk
Seat 1: Trojanovich folded before Flop (didn't bet)
Seat 2: ojeriza (button) collected ($5.22)
Seat 3: welmuttaja (small blind) folded before Flop
Seat 4: Straubje (big blind) folded on the Flop
Seat 6: ReVeu710 folded before Flop (didn't bet)



PokerStars Hand #254771112348:  Hold'em No Limit ($0.50/$1.00 USD) - 2025/02/08 19:54:32 WET [2025/02/08 14:54:32 ET]
Table 'Sham' 6-max Seat #3 is the button
Seat 1: Trojanovich ($100 in chips) 
Seat 2: ojeriza ($102.72 in chips) 
Seat 3: welmuttaja ($100 in chips) 
Seat 4: Straubje ($51.61 in chips) 
Seat 5: sta$igk ($68.54 in chips) 
Seat 6: ReVeu710 ($104.62 in chips) 
Straubje: posts small blind $0.50
sta$igk: posts big blind $1
*** HOLE CARDS ***
ReVeu710: folds 
Trojanovich: raises $1.50 to $2.50
ojeriza: folds 
welmuttaja: folds 
Straubje: folds 
sta$igk: folds 
Uncalled bet ($1.50) returned to Trojanovich
Trojanovich collected $2.50 from pot
Trojanovich: doesn't show hand 
*** SUMMARY ***
Total pot $2.50 | Rake $0 
Seat 1: Trojanovich collected ($2.50)
Seat 2: ojeriza folded before Flop (didn't bet)
Seat 3: welmuttaja (button) folded before Flop (didn't bet)
Seat 4: Straubje (small blind) folded before Flop
Seat 5: sta$igk (big blind) folded before Flop
Seat 6: ReVeu710 folded before Flop (didn't bet)



PokerStars Hand #254771115719:  Hold'em No Limit ($0.50/$1.00 USD) - 2025/02/08 19:54:43 WET [2025/02/08 14:54:43 ET]
Table 'Sham' 6-max Seat #4 is the button
Seat 1: Trojanovich ($101.50 in chips) 
Seat 2: ojeriza ($102.72 in chips) 
Seat 3: welmuttaja ($100 in chips) 
Seat 4: Straubje ($51.11 in chips) 
Seat 5: sta$igk ($67.54 in chips) 
Seat 6: ReVeu710 ($104.62 in chips) 
sta$igk: posts small blind $0.50
ReVeu710: posts big blind $1
*** HOLE CARDS ***
Trojanovich: folds 
ojeriza: folds 
welmuttaja: raises $1.25 to $2.25
Straubje: folds 
sta$igk: folds 
ReVeu710: folds 
Uncalled bet ($1.25) returned to welmuttaja
welmuttaja collected $2.50 from pot
welmuttaja: doesn't show hand 
*** SUMMARY ***
Total pot $2.50 | Rake $0 
Seat 1: Trojanovich folded before Flop (didn't bet)
Seat 2: ojeriza folded before Flop (didn't bet)
Seat 3: welmuttaja collected ($2.50)
Seat 4: Straubje (button) folded before Flop (didn't bet)
Seat 5: sta$igk (small blind) folded before Flop
Seat 6: ReVeu710 (big blind) folded before Flop



PokerStars Hand #254771119248:  Hold'em No Limit ($0.50/$1.00 USD) - 2025/02/08 19:54:55 WET [2025/02/08 14:54:55 ET]
Table 'Sham' 6-max Seat #5 is the button
Seat 1: Trojanovich ($101.50 in chips) 
Seat 2: ojeriza ($102.72 in chips) 
Seat 3: welmuttaja ($101.50 in chips) 
Seat 4: Straubje ($51.11 in chips) 
Seat 5: sta$igk ($67.04 in chips) 
Seat 6: ReVeu710 ($103.62 in chips) 
ReVeu710: posts small blind $0.50
Trojanovich: posts big blind $1
*** HOLE CARDS ***
ojeriza: folds 
welmuttaja: folds 
Straubje: folds 
sta$igk: raises $1.50 to $2.50
ReVeu710: folds 
Trojanovich: calls $1.50
*** FLOP *** [Js 4s Kh]
Trojanovich: checks 
sta$igk: bets $3.92
Trojanovich: folds 
Uncalled bet ($3.92) returned to sta$igk
sta$igk collected $5.22 from pot
sta$igk: doesn't show hand 
*** SUMMARY ***
Total pot $5.50 | Rake $0.28 
Board [Js 4s Kh]
Seat 1: Trojanovich (big blind) folded on the Flop
Seat 2: ojeriza folded before Flop (didn't bet)
Seat 3: welmuttaja folded before Flop (didn't bet)
Seat 4: Straubje folded before Flop (didn't bet)
Seat 5: sta$igk (button) collected ($5.22)
Seat 6: ReVeu710 (small blind) folded before Flop



PokerStars Hand #254771124614:  Hold'em No Limit ($0.50/$1.00 USD) - 2025/02/08 19:55:20 WET [2025/02/08 14:55:20 ET]
Table 'Sham' 6-max Seat #6 is the button
Seat 1: Trojanovich ($100 in chips) 
Seat 2: ojeriza ($102.72 in chips) 
Seat 3: welmuttaja ($101.50 in chips) 
Seat 4: Straubje ($51.11 in chips) 
Seat 5: sta$igk ($69.76 in chips) 
Seat 6: ReVeu710 ($103.12 in chips) 
Trojanovich: posts small blind $0.50
ojeriza: posts big blind $1
*** HOLE CARDS ***
welmuttaja: folds 
Straubje: folds 
sta$igk: raises $1.50 to $2.50
ReVeu710: folds 
Trojanovich: folds 
ojeriza: folds 
Uncalled bet ($1.50) returned to sta$igk
sta$igk collected $2.50 from pot
sta$igk: doesn't show hand 
*** SUMMARY ***
Total pot $2.50 | Rake $0 
Seat 1: Trojanovich (small blind) folded before Flop
Seat 2: ojeriza (big blind) folded before Flop
Seat 3: welmuttaja folded before Flop (didn't bet)
Seat 4: Straubje folded before Flop (didn't bet)
Seat 5: sta$igk collected ($2.50)
Seat 6: ReVeu710 (button) folded before Flop (didn't bet)



PokerStars Hand #254771128088:  Hold'em No Limit ($0.50/$1.00 USD) - 2025/02/08 19:55:38 WET [2025/02/08 14:55:38 ET]
Table 'Sham' 6-max Seat #1 is the button
Seat 1: Trojanovich ($100 in chips) 
Seat 2: ojeriza ($101.72 in chips) 
Seat 3: welmuttaja ($101.50 in chips) 
Seat 4: Straubje ($51.11 in chips) 
Seat 5: sta$igk ($71.26 in chips) 
Seat 6: ReVeu710 ($103.12 in chips) 
ojeriza: posts small blind $0.50
welmuttaja: posts big blind $1
*** HOLE CARDS ***
Straubje: folds 
sta$igk: folds 
ReVeu710: folds 
Trojanovich: folds 
ojeriza: folds 
Uncalled bet ($0.50) returned to welmuttaja
welmuttaja collected $1 from pot
welmuttaja: doesn't show hand 
*** SUMMARY ***
Total pot $1 | Rake $0 
Seat 1: Trojanovich (button) folded before Flop (didn't bet)
Seat 2: ojeriza (small blind) folded before Flop
Seat 3: welmuttaja (big blind) collected ($1)
Seat 4: Straubje folded before Flop (didn't bet)
Seat 5: sta$igk folded before Flop (didn't bet)
Seat 6: ReVeu710 folded before Flop (didn't bet)



PokerStars Hand #254771130059:  Hold'em No Limit ($0.50/$1.00 USD) - 2025/02/08 19:55:49 WET [2025/02/08 14:55:49 ET]
Table 'Sham' 6-max Seat #2 is the button
Seat 1: Trojanovich ($100 in chips) 
Seat 2: ojeriza ($101.22 in chips) 
Seat 3: welmuttaja ($102 in chips) 
Seat 4: Straubje ($51.11 in chips) 
Seat 5: sta$igk ($100 in chips) 
Seat 6: ReVeu710 ($103.12 in chips) 
welmuttaja: posts small blind $0.50
Straubje: posts big blind $1
*** HOLE CARDS ***
sta$igk: folds 
ReVeu710: folds 
Trojanovich: raises $1.50 to $2.50
ojeriza: folds 
welmuttaja: folds 
Straubje: folds 
Uncalled bet ($1.50) returned to Trojanovich
Trojanovich collected $2.50 from pot
Trojanovich: doesn't show hand 
*** SUMMARY ***
Total pot $2.50 | Rake $0 
Seat 1: Trojanovich collected ($2.50)
Seat 2: ojeriza (button) folded before Flop (didn't bet)
Seat 3: welmuttaja (small blind) folded before Flop
Seat 4: Straubje (big blind) folded before Flop
Seat 5: sta$igk folded before Flop (didn't bet)
Seat 6: ReVeu710 folded before Flop (didn't bet)



PokerStars Hand #254771132604:  Hold'em No Limit ($0.50/$1.00 USD) - 2025/02/08 19:56:02 WET [2025/02/08 14:56:02 ET]
Table 'Sham' 6-max Seat #3 is the button
Seat 1: Trojanovich ($101.50 in chips) 
Seat 2: ojeriza ($101.22 in chips) 
Seat 3: welmuttaja ($101.50 in chips) 
Seat 4: Straubje ($50.11 in chips) 
Seat 5: sta$igk ($100 in chips) 
Seat 6: ReVeu710 ($103.12 in chips) 
Straubje: posts small blind $0.50
sta$igk: posts big blind $1
*** HOLE CARDS ***
ReVeu710: folds 
Trojanovich: folds 
ojeriza: raises $1.28 to $2.28
welmuttaja: folds 
Straubje: folds 
sta$igk: folds 
Uncalled bet ($1.28) returned to ojeriza
ojeriza collected $2.50 from pot
ojeriza: doesn't show hand 
*** SUMMARY ***
Total pot $2.50 | Rake $0 
Seat 1: Trojanovich folded before Flop (didn't bet)
Seat 2: ojeriza collected ($2.50)
Seat 3: welmuttaja (button) folded before Flop (didn't bet)
Seat 4: Straubje (small blind) folded before Flop
Seat 5: sta$igk (big blind) folded before Flop
Seat 6: ReVeu710 folded before Flop (didn't bet)



PokerStars Hand #254771136467:  Hold'em No Limit ($0.50/$1.00 USD) - 2025/02/08 19:56:23 WET [2025/02/08 14:56:23 ET]
Table 'Sham' 6-max Seat #4 is the button
Seat 1: Trojanovich ($101.50 in chips) 
Seat 2: ojeriza ($102.72 in chips) 
Seat 3: welmuttaja ($101.50 in chips) 
Seat 4: Straubje ($49.61 in chips) 
Seat 5: sta$igk ($100 in chips) 
Seat 6: ReVeu710 ($103.12 in chips) 
sta$igk: posts small blind $0.50
ReVeu710: posts big blind $1
*** HOLE CARDS ***
Trojanovich: folds 
ojeriza: folds 
welmuttaja: folds 
Straubje: folds 
sta$igk: folds 
Uncalled bet ($0.50) returned to ReVeu710
ReVeu710 collected $1 from pot
ReVeu710: doesn't show hand 
*** SUMMARY ***
Total pot $1 | Rake $0 
Seat 1: Trojanovich folded before Flop (didn't bet)
Seat 2: ojeriza folded before Flop (didn't bet)
Seat 3: welmuttaja folded before Flop (didn't bet)
Seat 4: Straubje (button) folded before Flop (didn't bet)
Seat 5: sta$igk (small blind) folded before Flop
Seat 6: ReVeu710 (big blind) collected ($1)



PokerStars Hand #254771140208:  Hold'em No Limit ($0.50/$1.00 USD) - 2025/02/08 19:56:42 WET [2025/02/08 14:56:42 ET]
Table 'Sham' 6-max Seat #5 is the button
Seat 1: Trojanovich ($101.50 in chips) 
Seat 2: ojeriza ($102.72 in chips) 
Seat 3: welmuttaja ($101.50 in chips) 
Seat 4: Straubje ($49.61 in chips) 
Seat 5: sta$igk ($100 in chips) 
Seat 6: ReVeu710 ($103.62 in chips) 
ReVeu710: posts small blind $0.50
Trojanovich: posts big blind $1
*** HOLE CARDS ***
ojeriza: folds 
welmuttaja: raises $1 to $2
Straubje: calls $2
sta$igk: raises $8.50 to $10.50
ReVeu710: folds 
Trojanovich: folds 
welmuttaja: folds 
Straubje: calls $8.50
*** FLOP *** [3c 7d 3d]
Straubje: checks 
sta$igk: bets $11.64
Straubje: folds 
Uncalled bet ($11.64) returned to sta$igk
sta$igk collected $23.28 from pot
sta$igk: doesn't show hand 
*** SUMMARY ***
Total pot $24.50 | Rake $1.22 
Board [3c 7d 3d]
Seat 1: Trojanovich (big blind) folded before Flop
Seat 2: ojeriza folded before Flop (didn't bet)
Seat 3: welmuttaja folded before Flop
Seat 4: Straubje folded on the Flop
Seat 5: sta$igk (button) collected ($23.28)
Seat 6: ReVeu710 (small blind) folded before Flop



PokerStars Hand #254771148058:  Hold'em No Limit ($0.50/$1.00 USD) - 2025/02/08 19:57:23 WET [2025/02/08 14:57:23 ET]
Table 'Sham' 6-max Seat #6 is the button
Seat 1: Trojanovich ($100.50 in chips) 
Seat 2: ojeriza ($102.72 in chips) 
Seat 3: welmuttaja ($100 in chips) 
Seat 4: Straubje ($39.11 in chips) 
Seat 5: sta$igk ($112.78 in chips) 
Seat 6: ReVeu710 ($103.12 in chips) 
Trojanovich: posts small blind $0.50
ojeriza: posts big blind $1
*** HOLE CARDS ***
welmuttaja: folds 
Straubje: folds 
sta$igk: folds 
ReVeu710: folds 
Trojanovich: folds 
Uncalled bet ($0.50) returned to ojeriza
ojeriza collected $1 from pot
ojeriza: doesn't show hand 
*** SUMMARY ***
Total pot $1 | Rake $0 
Seat 1: Trojanovich (small blind) folded before Flop
Seat 2: ojeriza (big blind) collected ($1)
Seat 3: welmuttaja folded before Flop (didn't bet)
Seat 4: Straubje folded before Flop (didn't bet)
Seat 5: sta$igk folded before Flop (didn't bet)
Seat 6: ReVeu710 (button) folded before Flop (didn't bet)



PokerStars Hand #254771150174:  Hold'em No Limit ($0.50/$1.00 USD) - 2025/02/08 19:57:34 WET [2025/02/08 14:57:34 ET]
Table 'Sham' 6-max Seat #1 is the button
Seat 1: Trojanovich ($100 in chips) 
Seat 2: ojeriza ($103.22 in chips) 
Seat 3: welmuttaja ($100 in chips) 
Seat 4: Straubje ($39.11 in chips) 
Seat 5: sta$igk ($112.78 in chips) 
Seat 6: ReVeu710 ($103.12 in chips) 
ojeriza: posts small blind $0.50
welmuttaja: posts big blind $1
*** HOLE CARDS ***
Straubje: folds 
sta$igk: folds 
ReVeu710: folds 
Trojanovich: raises $1.50 to $2.50
ojeriza: raises $8.90 to $11.40
welmuttaja: folds 
Trojanovich: calls $8.90
*** FLOP *** [4s 7d 8d]
ojeriza: checks 
Trojanovich: bets $7.46
ojeriza: raises $14.26 to $21.72
Trojanovich: calls $14.26
*** TURN *** [4s 7d 8d] [3s]
ojeriza: bets $70.10 and is all-in
Trojanovich: calls $66.88 and is all-in
Uncalled bet ($3.22) returned to ojeriza
*** RIVER *** [4s 7d 8d 3s] [4d]
*** SHOW DOWN ***
ojeriza: shows [Qh Qd] (two pair, Queens and Fours)
Trojanovich: shows [9s 9c] (two pair, Nines and Fours)
ojeriza collected $198.50 from pot
*** SUMMARY ***
Total pot $201 | Rake $2.50 
Board [4s 7d 8d 3s 4d]
Seat 1: Trojanovich (button) showed [9s 9c] and lost with two pair, Nines and Fours
Seat 2: ojeriza (small blind) showed [Qh Qd] and won ($198.50) with two pair, Queens and Fours
Seat 3: welmuttaja (big blind) folded before Flop
Seat 4: Straubje folded before Flop (didn't bet)
Seat 5: sta$igk folded before Flop (didn't bet)
Seat 6: ReVeu710 folded before Flop (didn't bet)



PokerStars Hand #254771173870:  Hold'em No Limit ($0.50/$1.00 USD) - 2025/02/08 19:59:36 WET [2025/02/08 14:59:36 ET]
Table 'Sham' 6-max Seat #2 is the button
Seat 1: Trojanovich ($100 in chips) 
Seat 2: ojeriza ($201.72 in chips) 
Seat 3: welmuttaja ($100 in chips) 
Seat 4: Straubje ($39.11 in chips) 
Seat 5: sta$igk ($112.78 in chips) 
Seat 6: ReVeu710 ($103.12 in chips) 
welmuttaja: posts small blind $0.50
Straubje: posts big blind $1
*** HOLE CARDS ***
sta$igk: folds 
ReVeu710: folds 
Trojanovich: folds 
ojeriza: folds 
welmuttaja: folds 
Uncalled bet ($0.50) returned to Straubje
Straubje collected $1 from pot
Straubje: doesn't show hand 
*** SUMMARY ***
Total pot $1 | Rake $0 
Seat 1: Trojanovich folded before Flop (didn't bet)
Seat 2: ojeriza (button) folded before Flop (didn't bet)
Seat 3: welmuttaja (small blind) folded before Flop
Seat 4: Straubje (big blind) collected ($1)
Seat 5: sta$igk folded before Flop (didn't bet)
Seat 6: ReVeu710 folded before Flop (didn't bet)



PokerStars Hand #254771176458:  Hold'em No Limit ($0.50/$1.00 USD) - 2025/02/08 19:59:48 WET [2025/02/08 14:59:48 ET]
Table 'Sham' 6-max Seat #3 is the button
Seat 1: Trojanovich ($100 in chips) 
Seat 2: ojeriza ($201.72 in chips) 
Seat 3: welmuttaja ($100 in chips) 
Seat 4: Straubje ($39.61 in chips) 
Seat 5: sta$igk ($112.78 in chips) 
Seat 6: ReVeu710 ($103.12 in chips) 
Straubje: posts small blind $0.50
sta$igk: posts big blind $1
*** HOLE CARDS ***
ReVeu710: folds 
Trojanovich: folds 
ojeriza: folds 
welmuttaja: folds 
Straubje: raises $2 to $3
sta$igk: folds 
Uncalled bet ($2) returned to Straubje
Straubje collected $2 from pot
Straubje: doesn't show hand 
*** SUMMARY ***
Total pot $2 | Rake $0 
Seat 1: Trojanovich folded before Flop (didn't bet)
Seat 2: ojeriza folded before Flop (didn't bet)
Seat 3: welmuttaja (button) folded before Flop (didn't bet)
Seat 4: Straubje (small blind) collected ($2)
Seat 5: sta$igk (big blind) folded before Flop
Seat 6: ReVeu710 folded before Flop (didn't bet)



PokerStars Hand #254771180809:  Hold'em No Limit ($0.50/$1.00 USD) - 2025/02/08 20:00:10 WET [2025/02/08 15:00:10 ET]
Table 'Sham' 6-max Seat #4 is the button
Seat 1: Trojanovich ($100 in chips) 
Seat 2: ojeriza ($201.72 in chips) 
Seat 3: welmuttaja ($100 in chips) 
Seat 4: Straubje ($40.61 in chips) 
Seat 5: sta$igk ($111.78 in chips) 
Seat 6: ReVeu710 ($103.12 in chips) 
sta$igk: posts small blind $0.50
ReVeu710: posts big blind $1
*** HOLE CARDS ***
Trojanovich: folds 
ojeriza: folds 
welmuttaja: raises $1.25 to $2.25
Straubje: folds 
sta$igk: folds 
ReVeu710: calls $1.25
*** FLOP *** [8h Qh Th]
ReVeu710: checks 
welmuttaja: bets $1.57
ReVeu710: calls $1.57
*** TURN *** [8h Qh Th] [Js]
ReVeu710: checks 
welmuttaja: bets $3.94
ReVeu710: calls $3.94
*** RIVER *** [8h Qh Th Js] [3d]
ReVeu710: checks 
welmuttaja: bets $11.42
ReVeu710: raises $29.31 to $40.73
welmuttaja: folds 
Uncalled bet ($29.31) returned to ReVeu710
ReVeu710 collected $36.92 from pot
ReVeu710: doesn't show hand 
*** SUMMARY ***
Total pot $38.86 | Rake $1.94 
Board [8h Qh Th Js 3d]
Seat 1: Trojanovich folded before Flop (didn't bet)
Seat 2: ojeriza folded before Flop (didn't bet)
Seat 3: welmuttaja folded on the River
Seat 4: Straubje (button) folded before Flop (didn't bet)
Seat 5: sta$igk (small blind) folded before Flop
Seat 6: ReVeu710 (big blind) collected ($36.92)



PokerStars Hand #254771206545:  Hold'em No Limit ($0.50/$1.00 USD) - 2025/02/08 20:01:58 WET [2025/02/08 15:01:58 ET]
Table 'Sham' 6-max Seat #5 is the button
Seat 1: Trojanovich ($100 in chips) 
Seat 2: ojeriza ($201.72 in chips) 
Seat 3: welmuttaja ($100 in chips) 
Seat 4: Straubje ($40.61 in chips) 
Seat 5: sta$igk ($111.28 in chips) 
Seat 6: ReVeu710 ($120.86 in chips) 
ReVeu710: posts small blind $0.50
Trojanovich: posts big blind $1
*** HOLE CARDS ***
ojeriza: raises $1.12 to $2.12
welmuttaja: folds 
Straubje: folds 
sta$igk: folds 
ReVeu710: folds 
Trojanovich: folds 
Uncalled bet ($1.12) returned to ojeriza
ojeriza collected $2.50 from pot
ojeriza: doesn't show hand 
*** SUMMARY ***
Total pot $2.50 | Rake $0 
Seat 1: Trojanovich (big blind) folded before Flop
Seat 2: ojeriza collected ($2.50)
Seat 3: welmuttaja folded before Flop (didn't bet)
Seat 4: Straubje folded before Flop (didn't bet)
Seat 5: sta$igk (button) folded before Flop (didn't bet)
Seat 6: ReVeu710 (small blind) folded before Flop



PokerStars Hand #254771210077:  Hold'em No Limit ($0.50/$1.00 USD) - 2025/02/08 20:02:12 WET [2025/02/08 15:02:12 ET]
Table 'Sham' 6-max Seat #6 is the button
Seat 1: Trojanovich ($100 in chips) 
Seat 2: ojeriza ($203.22 in chips) 
Seat 3: welmuttaja ($100 in chips) 
Seat 4: Straubje ($40.61 in chips) 
Seat 5: sta$igk ($111.28 in chips) 
Seat 6: ReVeu710 ($120.36 in chips) 
Trojanovich: posts small blind $0.50
ojeriza: posts big blind $1
*** HOLE CARDS ***
welmuttaja: folds 
Straubje: calls $1
sta$igk: folds 
ReVeu710: folds 
Trojanovich: raises $5 to $6
ojeriza: folds 
Straubje: folds 
Uncalled bet ($5) returned to Trojanovich
Trojanovich collected $3 from pot
Trojanovich: doesn't show hand 
*** SUMMARY ***
Total pot $3 | Rake $0 
Seat 1: Trojanovich (small blind) collected ($3)
Seat 2: ojeriza (big blind) folded before Flop
Seat 3: welmuttaja folded before Flop (didn't bet)
Seat 4: Straubje folded before Flop
Seat 5: sta$igk folded before Flop (didn't bet)
Seat 6: ReVeu710 (button) folded before Flop (didn't bet)



PokerStars Hand #254771217080:  Hold'em No Limit ($0.50/$1.00 USD) - 2025/02/08 20:02:35 WET [2025/02/08 15:02:35 ET]
Table 'Sham' 6-max Seat #1 is the button
Seat 1: Trojanovich ($102 in chips) 
Seat 2: ojeriza ($202.22 in chips) 
Seat 3: welmuttaja ($100 in chips) 
Seat 4: Straubje ($39.61 in chips) 
Seat 5: sta$igk ($111.28 in chips) 
Seat 6: ReVeu710 ($120.36 in chips) 
ojeriza: posts small blind $0.50
welmuttaja: posts big blind $1
*** HOLE CARDS ***
Straubje: calls $1
sta$igk: folds 
ReVeu710: raises $3 to $4
Trojanovich: raises $5 to $9
ojeriza: folds 
welmuttaja: folds 
Straubje: folds 
ReVeu710: folds 
Uncalled bet ($5) returned to Trojanovich
Trojanovich collected $10.50 from pot
Trojanovich: doesn't show hand 
*** SUMMARY ***
Total pot $10.50 | Rake $0 
Seat 1: Trojanovich (button) collected ($10.50)
Seat 2: ojeriza (small blind) folded before Flop
Seat 3: welmuttaja (big blind) folded before Flop
Seat 4: Straubje folded before Flop
Seat 5: sta$igk folded before Flop (didn't bet)
Seat 6: ReVeu710 folded before Flop



PokerStars Hand #254771224306:  Hold'em No Limit ($0.50/$1.00 USD) - 2025/02/08 20:03:01 WET [2025/02/08 15:03:01 ET]
Table 'Sham' 6-max Seat #2 is the button
Seat 1: Trojanovich ($108.50 in chips) 
Seat 2: ojeriza ($201.72 in chips) 
Seat 3: welmuttaja ($100 in chips) 
Seat 4: Straubje ($38.61 in chips) 
Seat 5: sta$igk ($111.28 in chips) 
Seat 6: ReVeu710 ($116.36 in chips) 
welmuttaja: posts small blind $0.50
Straubje: posts big blind $1
*** HOLE CARDS ***
sta$igk: folds 
ReVeu710: folds 
Trojanovich: folds 
ojeriza: raises $1.50 to $2.50
welmuttaja: folds 
Straubje: folds 
Uncalled bet ($1.50) returned to ojeriza
ojeriza collected $2.50 from pot
ojeriza: doesn't show hand 
*** SUMMARY ***
Total pot $2.50 | Rake $0 
Seat 1: Trojanovich folded before Flop (didn't bet)
Seat 2: ojeriza (button) collected ($2.50)
Seat 3: welmuttaja (small blind) folded before Flop
Seat 4: Straubje (big blind) folded before Flop
Seat 5: sta$igk folded before Flop (didn't bet)
Seat 6: ReVeu710 folded before Flop (didn't bet)



PokerStars Hand #254771227814:  Hold'em No Limit ($0.50/$1.00 USD) - 2025/02/08 20:03:13 WET [2025/02/08 15:03:13 ET]
Table 'Sham' 6-max Seat #3 is the button
Seat 1: Trojanovich ($108.50 in chips) 
Seat 2: ojeriza ($203.22 in chips) 
Seat 3: welmuttaja ($100 in chips) 
Seat 4: Straubje ($37.61 in chips) 
Seat 5: sta$igk ($111.28 in chips) 
Seat 6: ReVeu710 ($116.36 in chips) 
Straubje: posts small blind $0.50
sta$igk: posts big blind $1
*** HOLE CARDS ***
ReVeu710: folds 
Trojanovich: folds 
ReVeu710 leaves the table
ojeriza: folds 
welmuttaja: raises $1.50 to $2.50
Straubje: calls $2
sta$igk: folds 
*** FLOP *** [5c 7c Ts]
Straubje: checks 
welmuttaja: checks 
*** TURN *** [5c 7c Ts] [Kd]
Straubje: checks 
KarP93 joins the table at seat #6 
welmuttaja: bets $1.88
Straubje: folds 
Uncalled bet ($1.88) returned to welmuttaja
welmuttaja collected $5.70 from pot
welmuttaja: doesn't show hand 
*** SUMMARY ***
Total pot $6 | Rake $0.30 
Board [5c 7c Ts Kd]
Seat 1: Trojanovich folded before Flop (didn't bet)
Seat 2: ojeriza folded before Flop (didn't bet)
Seat 3: welmuttaja (button) collected ($5.70)
Seat 4: Straubje (small blind) folded on the Turn
Seat 5: sta$igk (big blind) folded before Flop
Seat 6: ReVeu710 folded before Flop (didn't bet)



PokerStars Hand #254771240792:  Hold'em No Limit ($0.50/$1.00 USD) - 2025/02/08 20:03:59 WET [2025/02/08 15:03:59 ET]
Table 'Sham' 6-max Seat #4 is the button
Seat 1: Trojanovich ($108.50 in chips) 
Seat 2: ojeriza ($203.22 in chips) 
Seat 3: welmuttaja ($103.20 in chips) 
Seat 4: Straubje ($35.11 in chips) 
Seat 5: sta$igk ($110.28 in chips) 
Seat 6: KarP93 ($100 in chips) 
sta$igk: posts small blind $0.50
KarP93: posts big blind $1
*** HOLE CARDS ***
Trojanovich: folds 
ojeriza: folds 
welmuttaja: folds 
Straubje: raises $3 to $4
sta$igk: folds 
KarP93: folds 
Uncalled bet ($3) returned to Straubje
Straubje collected $2.50 from pot
Straubje: doesn't show hand 
*** SUMMARY ***
Total pot $2.50 | Rake $0 
Seat 1: Trojanovich folded before Flop (didn't bet)
Seat 2: ojeriza folded before Flop (didn't bet)
Seat 3: welmuttaja folded before Flop (didn't bet)
Seat 4: Straubje (button) collected ($2.50)
Seat 5: sta$igk (small blind) folded before Flop
Seat 6: KarP93 (big blind) folded before Flop



PokerStars Hand #254771245687:  Hold'em No Limit ($0.50/$1.00 USD) - 2025/02/08 20:04:15 WET [2025/02/08 15:04:15 ET]
Table 'Sham' 6-max Seat #5 is the button
Seat 1: Trojanovich ($108.50 in chips) 
Seat 2: ojeriza ($203.22 in chips) 
Seat 3: welmuttaja ($103.20 in chips) 
Seat 4: Straubje ($36.61 in chips) 
Seat 5: sta$igk ($109.78 in chips) 
Seat 6: KarP93 ($100 in chips) 
KarP93: posts small blind $0.50
Trojanovich: posts big blind $1
*** HOLE CARDS ***
ojeriza: raises $1.12 to $2.12
welmuttaja: folds 
Straubje: folds 
sta$igk: folds 
KarP93: raises $8.88 to $11
Trojanovich: folds 
ojeriza: calls $8.88
*** FLOP *** [Qh 8c 4s]
KarP93: checks 
ojeriza: bets $5.46
KarP93: folds 
Uncalled bet ($5.46) returned to ojeriza
ojeriza collected $21.85 from pot
ojeriza: doesn't show hand 
*** SUMMARY ***
Total pot $23 | Rake $1.15 
Board [Qh 8c 4s]
Seat 1: Trojanovich (big blind) folded before Flop
Seat 2: ojeriza collected ($21.85)
Seat 3: welmuttaja folded before Flop (didn't bet)
Seat 4: Straubje folded before Flop (didn't bet)
Seat 5: sta$igk (button) folded before Flop (didn't bet)
Seat 6: KarP93 (small blind) folded on the Flop



PokerStars Hand #254771260654:  Hold'em No Limit ($0.50/$1.00 USD) - 2025/02/08 20:05:05 WET [2025/02/08 15:05:05 ET]
Table 'Sham' 6-max Seat #6 is the button
Seat 1: Trojanovich ($107.50 in chips) 
Seat 2: ojeriza ($214.07 in chips) 
Seat 3: welmuttaja ($103.20 in chips) 
Seat 4: Straubje ($36.61 in chips) 
Seat 5: sta$igk ($109.78 in chips) 
Seat 6: KarP93 ($100 in chips) 
Trojanovich: posts small blind $0.50
ojeriza: posts big blind $1
*** HOLE CARDS ***
welmuttaja: folds 
Straubje: folds 
sta$igk: folds 
KarP93: folds 
Trojanovich: folds 
Uncalled bet ($0.50) returned to ojeriza
ojeriza collected $1 from pot
ojeriza: doesn't show hand 
*** SUMMARY ***
Total pot $1 | Rake $0 
Seat 1: Trojanovich (small blind) folded before Flop
Seat 2: ojeriza (big blind) collected ($1)
Seat 3: welmuttaja folded before Flop (didn't bet)
Seat 4: Straubje folded before Flop (didn't bet)
Seat 5: sta$igk folded before Flop (didn't bet)
Seat 6: KarP93 (button) folded before Flop (didn't bet)



PokerStars Hand #254771267437:  Hold'em No Limit ($0.50/$1.00 USD) - 2025/02/08 20:05:28 WET [2025/02/08 15:05:28 ET]
Table 'Sham' 6-max Seat #1 is the button
Seat 1: Trojanovich ($107 in chips) 
Seat 2: ojeriza ($214.57 in chips) 
Seat 3: welmuttaja ($103.20 in chips) 
Seat 4: Straubje ($36.61 in chips) 
Seat 5: sta$igk ($109.78 in chips) 
Seat 6: KarP93 ($100 in chips) 
ojeriza: posts small blind $0.50
welmuttaja: posts big blind $1
*** HOLE CARDS ***
Straubje: folds 
sta$igk: folds 
KarP93: folds 
Trojanovich: raises $1.50 to $2.50
ojeriza: folds 
welmuttaja: calls $1.50
*** FLOP *** [8c 2s Qh]
welmuttaja: checks 
Trojanovich: bets $1.72
welmuttaja: calls $1.72
*** TURN *** [8c 2s Qh] [7c]
welmuttaja: checks 
Trojanovich: bets $12.74
welmuttaja: folds 
Uncalled bet ($12.74) returned to Trojanovich
Trojanovich collected $8.49 from pot
Trojanovich: doesn't show hand 
*** SUMMARY ***
Total pot $8.94 | Rake $0.45 
Board [8c 2s Qh 7c]
Seat 1: Trojanovich (button) collected ($8.49)
Seat 2: ojeriza (small blind) folded before Flop
Seat 3: welmuttaja (big blind) folded on the Turn
Seat 4: Straubje folded before Flop (didn't bet)
Seat 5: sta$igk folded before Flop (didn't bet)
Seat 6: KarP93 folded before Flop (didn't bet)



PokerStars Hand #254771281111:  Hold'em No Limit ($0.50/$1.00 USD) - 2025/02/08 20:06:14 WET [2025/02/08 15:06:14 ET]
Table 'Sham' 6-max Seat #2 is the button
Seat 1: Trojanovich ($111.27 in chips) 
Seat 2: ojeriza ($214.07 in chips) 
Seat 3: welmuttaja ($100 in chips) 
Seat 4: Straubje ($36.61 in chips) 
Seat 5: sta$igk ($109.78 in chips) 
Seat 6: KarP93 ($100 in chips) 
welmuttaja: posts small blind $0.50
Straubje: posts big blind $1
*** HOLE CARDS ***
sta$igk: folds 
KarP93: folds 
Trojanovich: folds 
ojeriza: folds 
welmuttaja: raises $2 to $3
Straubje is disconnected 
Straubje has timed out while disconnected
Straubje: folds 
Uncalled bet ($2) returned to welmuttaja
welmuttaja collected $2 from pot
welmuttaja: doesn't show hand 
*** SUMMARY ***
Total pot $2 | Rake $0 
Seat 1: Trojanovich folded before Flop (didn't bet)
Seat 2: ojeriza (button) folded before Flop (didn't bet)
Seat 3: welmuttaja (small blind) collected ($2)
Seat 4: Straubje (big blind) folded before Flop
Seat 5: sta$igk folded before Flop (didn't bet)
Seat 6: KarP93 folded before Flop (didn't bet)



PokerStars Hand #254771289647:  Hold'em No Limit ($0.50/$1.00 USD) - 2025/02/08 20:06:43 WET [2025/02/08 15:06:43 ET]
Table 'Sham' 6-max Seat #3 is the button
Seat 4: Straubje ($35.61 in chips) is sitting out
Seat 6: KarP93 ($100 in chips) is sitting out
Seat 1: Trojanovich ($111.27 in chips) 
Seat 2: ojeriza ($214.07 in chips) 
Seat 3: welmuttaja ($101 in chips) 
Seat 5: sta$igk ($109.78 in chips) 
sta$igk: posts small blind $0.50
KarP93: is sitting out 
Trojanovich: posts big blind $1
*** HOLE CARDS ***
ojeriza: folds 
welmuttaja: folds 
sta$igk: folds 
Uncalled bet ($0.50) returned to Trojanovich
Trojanovich collected $1 from pot
Trojanovich: doesn't show hand 
*** SUMMARY ***
Total pot $1 | Rake $0 
Seat 4: Straubje
Seat 6: KarP93
Seat 1: Trojanovich (big blind) collected ($1)
Seat 2: ojeriza folded before Flop (didn't bet)
Seat 3: welmuttaja (button) folded before Flop (didn't bet)
Seat 5: sta$igk (small blind) folded before Flop



PokerStars Hand #254771292169:  Hold'em No Limit ($0.50/$1.00 USD) - 2025/02/08 20:06:51 WET [2025/02/08 15:06:51 ET]
Table 'Sham' 6-max Seat #5 is the button
Seat 4: Straubje ($35.61 in chips) is sitting out
Seat 6: KarP93 ($100 in chips) is sitting out
Seat 1: Trojanovich ($111.77 in chips) 
Seat 2: ojeriza ($214.07 in chips) 
Seat 3: welmuttaja ($101 in chips) 
Seat 5: sta$igk ($109.28 in chips) 
Trojanovich: posts small blind $0.50
ojeriza: posts big blind $1
Straubje: sits out 
*** HOLE CARDS ***
KarP93 leaves the table
welmuttaja: raises $1.25 to $2.25
sta$igk: folds 
Trojanovich: folds 
ojeriza: folds 
Uncalled bet ($1.25) returned to welmuttaja
welmuttaja collected $2.50 from pot
welmuttaja: doesn't show hand 
*** SUMMARY ***
Total pot $2.50 | Rake $0 
Seat 4: Straubje
Seat 6: KarP93
Seat 1: Trojanovich (small blind) folded before Flop
Seat 2: ojeriza (big blind) folded before Flop
Seat 3: welmuttaja collected ($2.50)
Seat 5: sta$igk (button) folded before Flop (didn't bet)



PokerStars Hand #254771295687:  Hold'em No Limit ($0.50/$1.00 USD) - 2025/02/08 20:07:03 WET [2025/02/08 15:07:03 ET]
Table 'Sham' 6-max Seat #1 is the button
Seat 1: Trojanovich ($111.27 in chips) 
Seat 2: ojeriza ($213.07 in chips) 
Seat 3: welmuttaja ($102.50 in chips) 
Seat 4: Straubje ($35.61 in chips) 
Seat 5: sta$igk ($109.28 in chips) 
ojeriza: posts small blind $0.50
welmuttaja: posts big blind $1
Straubje: posts small blind $0.50
*** HOLE CARDS ***
Christianzt1 joins the table at seat #6 
Straubje: calls $1
sta$igk: folds 
Trojanovich: raises $2 to $3
ojeriza: folds 
welmuttaja: folds 
Straubje: calls $2
*** FLOP *** [Ts Jh Js]
Straubje: checks 
Trojanovich: bets $2.51
Straubje: folds 
Uncalled bet ($2.51) returned to Trojanovich
Trojanovich collected $7.60 from pot
Trojanovich: doesn't show hand 
*** SUMMARY ***
Total pot $8 | Rake $0.40 
Board [Ts Jh Js]
Seat 1: Trojanovich (button) collected ($7.60)
Seat 2: ojeriza (small blind) folded before Flop
Seat 3: welmuttaja (big blind) folded before Flop
Seat 4: Straubje folded on the Flop
Seat 5: sta$igk folded before Flop (didn't bet)



PokerStars Hand #254771308074:  Hold'em No Limit ($0.50/$1.00 USD) - 2025/02/08 20:07:44 WET [2025/02/08 15:07:44 ET]
Table 'Sham' 6-max Seat #2 is the button
Seat 6: Christianzt1 ($100 in chips) is sitting out
Seat 1: Trojanovich ($115.87 in chips) 
Seat 2: ojeriza ($212.57 in chips) 
Seat 3: welmuttaja ($101.50 in chips) 
Seat 4: Straubje ($32.11 in chips) 
Seat 5: sta$igk ($109.28 in chips) 
welmuttaja: posts small blind $0.50
Straubje: posts big blind $1
Christianzt1: sits out 
*** HOLE CARDS ***
sta$igk: folds 
Trojanovich: folds 
ojeriza: raises $1.50 to $2.50
welmuttaja: folds 
Straubje: calls $1.50
*** FLOP *** [7h 8c 6h]
Straubje: checks 
ojeriza: checks 
*** TURN *** [7h 8c 6h] [7c]
Straubje: bets $3.13
ojeriza: calls $3.13
*** RIVER *** [7h 8c 6h 7c] [7d]
Straubje: checks 
ojeriza: bets $8.38
Straubje: folds 
Uncalled bet ($8.38) returned to ojeriza
ojeriza collected $11.17 from pot
ojeriza: doesn't show hand 
*** SUMMARY ***
Total pot $11.76 | Rake $0.59 
Board [7h 8c 6h 7c 7d]
Seat 6: Christianzt1
Seat 1: Trojanovich folded before Flop (didn't bet)
Seat 2: ojeriza (button) collected ($11.17)
Seat 3: welmuttaja (small blind) folded before Flop
Seat 4: Straubje (big blind) folded on the River
Seat 5: sta$igk folded before Flop (didn't bet)



PokerStars Hand #254771318377:  Hold'em No Limit ($0.50/$1.00 USD) - 2025/02/08 20:08:18 WET [2025/02/08 15:08:18 ET]
Table 'Sham' 6-max Seat #3 is the button
Seat 6: Christianzt1 ($100 in chips) is sitting out
Seat 1: Trojanovich ($115.87 in chips) 
Seat 2: ojeriza ($218.11 in chips) 
Seat 3: welmuttaja ($101 in chips) 
Seat 4: Straubje ($26.48 in chips) 
Seat 5: sta$igk ($109.28 in chips) 
Straubje: posts small blind $0.50
sta$igk: posts big blind $1
Christianzt1: sits out 
*** HOLE CARDS ***
Trojanovich: folds 
ojeriza: folds 
welmuttaja: raises $1.50 to $2.50
Straubje: folds 
sta$igk: calls $1.50
*** FLOP *** [7d Qd Tc]
sta$igk: checks 
welmuttaja: bets $2.66
sta$igk: calls $2.66
*** TURN *** [7d Qd Tc] [7h]
sta$igk: checks 
welmuttaja: checks 
*** RIVER *** [7d Qd Tc 7h] [4s]
sta$igk: checks 
welmuttaja: checks 
*** SHOW DOWN ***
sta$igk: shows [Th 9s] (two pair, Tens and Sevens)
welmuttaja: mucks hand 
sta$igk collected $10.28 from pot
*** SUMMARY ***
Total pot $10.82 | Rake $0.54 
Board [7d Qd Tc 7h 4s]
Seat 6: Christianzt1
Seat 1: Trojanovich folded before Flop (didn't bet)
Seat 2: ojeriza folded before Flop (didn't bet)
Seat 3: welmuttaja (button) mucked
Seat 4: Straubje (small blind) folded before Flop
Seat 5: sta$igk (big blind) showed [Th 9s] and won ($10.28) with two pair, Tens and Sevens



PokerStars Hand #254771337948:  Hold'em No Limit ($0.50/$1.00 USD) - 2025/02/08 20:09:24 WET [2025/02/08 15:09:24 ET]
Table 'Sham' 6-max Seat #4 is the button
Seat 1: Trojanovich ($115.87 in chips) 
Seat 2: ojeriza ($218.11 in chips) 
Seat 3: welmuttaja ($100 in chips) 
Seat 4: Straubje ($25.98 in chips) 
Seat 5: sta$igk ($114.40 in chips) 
Seat 6: Christianzt1 ($100 in chips) 
sta$igk: posts small blind $0.50
Christianzt1: posts big blind $1
*** HOLE CARDS ***
Trojanovich: folds 
ojeriza: folds 
welmuttaja: raises $1.25 to $2.25
Straubje: folds 
sta$igk: folds 
Christianzt1: folds 
Uncalled bet ($1.25) returned to welmuttaja
welmuttaja collected $2.50 from pot
welmuttaja: doesn't show hand 
*** SUMMARY ***
Total pot $2.50 | Rake $0 
Seat 1: Trojanovich folded before Flop (didn't bet)
Seat 2: ojeriza folded before Flop (didn't bet)
Seat 3: welmuttaja collected ($2.50)
Seat 4: Straubje (button) folded before Flop (didn't bet)
Seat 5: sta$igk (small blind) folded before Flop
Seat 6: Christianzt1 (big blind) folded before Flop



PokerStars Hand #254771342429:  Hold'em No Limit ($0.50/$1.00 USD) - 2025/02/08 20:09:38 WET [2025/02/08 15:09:38 ET]
Table 'Sham' 6-max Seat #5 is the button
Seat 1: Trojanovich ($115.87 in chips) 
Seat 2: ojeriza ($218.11 in chips) 
Seat 3: welmuttaja ($101.50 in chips) 
Seat 4: Straubje ($25.98 in chips) 
Seat 5: sta$igk ($113.90 in chips) 
Seat 6: Christianzt1 ($100 in chips) 
Christianzt1: posts small blind $0.50
Trojanovich: posts big blind $1
*** HOLE CARDS ***
ojeriza: folds 
welmuttaja: raises $1 to $2
Straubje: folds 
sta$igk: folds 
Christianzt1: folds 
Trojanovich: calls $1
*** FLOP *** [5s Ac 3s]
Trojanovich: checks 
welmuttaja: bets $1.41
Trojanovich: calls $1.41
*** TURN *** [5s Ac 3s] [7c]
Trojanovich: checks 
welmuttaja: checks 
*** RIVER *** [5s Ac 3s 7c] [2c]
Trojanovich: bets $5.21
welmuttaja: calls $5.21
*** SHOW DOWN ***
Trojanovich: shows [Js Ad] (a pair of Aces)
welmuttaja: mucks hand 
Trojanovich collected $16.85 from pot
*** SUMMARY ***
Total pot $17.74 | Rake $0.89 
Board [5s Ac 3s 7c 2c]
Seat 1: Trojanovich (big blind) showed [Js Ad] and won ($16.85) with a pair of Aces
Seat 2: ojeriza folded before Flop (didn't bet)
Seat 3: welmuttaja mucked
Seat 4: Straubje folded before Flop (didn't bet)
Seat 5: sta$igk (button) folded before Flop (didn't bet)
Seat 6: Christianzt1 (small blind) folded before Flop



PokerStars Hand #254771364934:  Hold'em No Limit ($0.50/$1.00 USD) - 2025/02/08 20:10:53 WET [2025/02/08 15:10:53 ET]
Table 'Sham' 6-max Seat #6 is the button
Seat 1: Trojanovich ($124.10 in chips) 
Seat 2: ojeriza ($218.11 in chips) 
Seat 3: welmuttaja ($100 in chips) 
Seat 4: Straubje ($25.98 in chips) 
Seat 5: sta$igk ($113.90 in chips) 
Seat 6: Christianzt1 ($100 in chips) 
Trojanovich: posts small blind $0.50
ojeriza: posts big blind $1
*** HOLE CARDS ***
welmuttaja: raises $1 to $2
Straubje: folds 
sta$igk: folds 
Christianzt1: folds 
Trojanovich: folds 
ojeriza: folds 
Uncalled bet ($1) returned to welmuttaja
welmuttaja collected $2.50 from pot
welmuttaja: doesn't show hand 
*** SUMMARY ***
Total pot $2.50 | Rake $0 
Seat 1: Trojanovich (small blind) folded before Flop
Seat 2: ojeriza (big blind) folded before Flop
Seat 3: welmuttaja collected ($2.50)
Seat 4: Straubje folded before Flop (didn't bet)
Seat 5: sta$igk folded before Flop (didn't bet)
Seat 6: Christianzt1 (button) folded before Flop (didn't bet)



PokerStars Hand #254771372696:  Hold'em No Limit ($0.50/$1.00 USD) - 2025/02/08 20:11:19 WET [2025/02/08 15:11:19 ET]
Table 'Sham' 6-max Seat #1 is the button
Seat 1: Trojanovich ($123.60 in chips) 
Seat 2: ojeriza ($217.11 in chips) 
Seat 3: welmuttaja ($101.50 in chips) 
Seat 4: Straubje ($25.98 in chips) 
Seat 5: sta$igk ($113.90 in chips) 
Seat 6: Christianzt1 ($100 in chips) 
ojeriza: posts small blind $0.50
welmuttaja: posts big blind $1
*** HOLE CARDS ***
Straubje: folds 
sta$igk: folds 
Christianzt1: raises $1.30 to $2.30
Trojanovich: calls $2.30
ojeriza: folds 
welmuttaja: folds 
*** FLOP *** [7s 4s 3h]
Christianzt1: checks 
Trojanovich: bets $1.91
Christianzt1: folds 
Uncalled bet ($1.91) returned to Trojanovich
Trojanovich collected $5.80 from pot
Trojanovich: doesn't show hand 
*** SUMMARY ***
Total pot $6.10 | Rake $0.30 
Board [7s 4s 3h]
Seat 1: Trojanovich (button) collected ($5.80)
Seat 2: ojeriza (small blind) folded before Flop
Seat 3: welmuttaja (big blind) folded before Flop
Seat 4: Straubje folded before Flop (didn't bet)
Seat 5: sta$igk folded before Flop (didn't bet)
Seat 6: Christianzt1 folded on the Flop



PokerStars Hand #254771385515:  Hold'em No Limit ($0.50/$1.00 USD) - 2025/02/08 20:12:01 WET [2025/02/08 15:12:01 ET]
Table 'Sham' 6-max Seat #2 is the button
Seat 1: Trojanovich ($127.10 in chips) 
Seat 2: ojeriza ($216.61 in chips) 
Seat 3: welmuttaja ($100.50 in chips) 
Seat 4: Straubje ($25.98 in chips) 
Seat 5: sta$igk ($113.90 in chips) 
Seat 6: Christianzt1 ($100 in chips) 
welmuttaja: posts small blind $0.50
Straubje: posts big blind $1
*** HOLE CARDS ***
sta$igk: folds 
Christianzt1: raises $1 to $2
Trojanovich: folds 
ojeriza: folds 
welmuttaja: folds 
Straubje: raises $5 to $7
Christianzt1: folds 
Uncalled bet ($5) returned to Straubje
Straubje collected $4.50 from pot
Straubje: doesn't show hand 
*** SUMMARY ***
Total pot $4.50 | Rake $0 
Seat 1: Trojanovich folded before Flop (didn't bet)
Seat 2: ojeriza (button) folded before Flop (didn't bet)
Seat 3: welmuttaja (small blind) folded before Flop
Seat 4: Straubje (big blind) collected ($4.50)
Seat 5: sta$igk folded before Flop (didn't bet)
Seat 6: Christianzt1 folded before Flop



PokerStars Hand #254771393135:  Hold'em No Limit ($0.50/$1.00 USD) - 2025/02/08 20:12:27 WET [2025/02/08 15:12:27 ET]
Table 'Sham' 6-max Seat #3 is the button
Seat 1: Trojanovich ($127.10 in chips) 
Seat 2: ojeriza ($216.61 in chips) 
Seat 3: welmuttaja ($100 in chips) 
Seat 4: Straubje ($28.48 in chips) 
Seat 5: sta$igk ($113.90 in chips) 
Seat 6: Christianzt1 ($100 in chips) 
Straubje: posts small blind $0.50
sta$igk: posts big blind $1
*** HOLE CARDS ***
Christianzt1: folds 
Trojanovich: folds 
ojeriza: folds 
welmuttaja: folds 
Straubje: raises $2 to $3
sta$igk: folds 
Uncalled bet ($2) returned to Straubje
Straubje collected $2 from pot
Straubje: doesn't show hand 
*** SUMMARY ***
Total pot $2 | Rake $0 
Seat 1: Trojanovich folded before Flop (didn't bet)
Seat 2: ojeriza folded before Flop (didn't bet)
Seat 3: welmuttaja (button) folded before Flop (didn't bet)
Seat 4: Straubje (small blind) collected ($2)
Seat 5: sta$igk (big blind) folded before Flop
Seat 6: Christianzt1 folded before Flop (didn't bet)



PokerStars Hand #254771395916:  Hold'em No Limit ($0.50/$1.00 USD) - 2025/02/08 20:12:36 WET [2025/02/08 15:12:36 ET]
Table 'Sham' 6-max Seat #4 is the button
Seat 6: Christianzt1 ($100 in chips) is sitting out
Seat 1: Trojanovich ($127.10 in chips) 
Seat 2: ojeriza ($216.61 in chips) 
Seat 3: welmuttaja ($100 in chips) 
Seat 4: Straubje ($29.48 in chips) 
Seat 5: sta$igk ($112.90 in chips) 
sta$igk: posts small blind $0.50
Christianzt1: is sitting out 
Trojanovich: posts big blind $1
*** HOLE CARDS ***
Christianzt1 leaves the table
michasia joins the table at seat #6 
ojeriza: folds 
welmuttaja: raises $1.25 to $2.25
Straubje: calls $2.25
sta$igk: folds 
Trojanovich: folds 
*** FLOP *** [4s Js 2d]
welmuttaja: bets $4.28
Straubje: raises $8.56 to $12.84
welmuttaja: folds 
Uncalled bet ($8.56) returned to Straubje
Straubje collected $13.65 from pot
Straubje: doesn't show hand 
*** SUMMARY ***
Total pot $14.56 | Rake $0.91 
Board [4s Js 2d]
Seat 6: Christianzt1
Seat 1: Trojanovich (big blind) folded before Flop
Seat 2: ojeriza folded before Flop (didn't bet)
Seat 3: welmuttaja folded on the Flop
Seat 4: Straubje (button) collected ($13.65)
Seat 5: sta$igk (small blind) folded before Flop



PokerStars Hand #254771411552:  Hold'em No Limit ($0.50/$1.00 USD) - 2025/02/08 20:13:28 WET [2025/02/08 15:13:28 ET]
Table 'Sham' 6-max Seat #5 is the button
Seat 6: michasia ($100 in chips) is sitting out
Seat 1: Trojanovich ($126.10 in chips) 
Seat 2: ojeriza ($216.61 in chips) 
Seat 3: welmuttaja ($100 in chips) 
Seat 4: Straubje ($36.60 in chips) 
Seat 5: sta$igk ($112.40 in chips) 
Trojanovich: posts small blind $0.50
ojeriza: posts big blind $1
*** HOLE CARDS ***
welmuttaja: folds 
Straubje: folds 
sta$igk: folds 
Trojanovich: raises $2 to $3
ojeriza: raises $6.90 to $9.90
Trojanovich: calls $6.90
*** FLOP *** [7c 9s 5c]
Trojanovich: checks 
ojeriza: checks 
*** TURN *** [7c 9s 5c] [Ts]
Trojanovich: checks 
ojeriza: checks 
*** RIVER *** [7c 9s 5c Ts] [4c]
Trojanovich: checks 
ojeriza: checks 
*** SHOW DOWN ***
Trojanovich: shows [Ac Jd] (high card Ace)
ojeriza: shows [Ah Jh] (high card Ace)
Trojanovich collected $9.41 from pot
ojeriza collected $9.40 from pot
*** SUMMARY ***
Total pot $19.80 | Rake $0.99 
Board [7c 9s 5c Ts 4c]
Seat 6: michasia
Seat 1: Trojanovich (small blind) showed [Ac Jd] and won ($9.41) with high card Ace
Seat 2: ojeriza (big blind) showed [Ah Jh] and won ($9.40) with high card Ace
Seat 3: welmuttaja folded before Flop (didn't bet)
Seat 4: Straubje folded before Flop (didn't bet)
Seat 5: sta$igk (button) folded before Flop (didn't bet)



PokerStars Hand #254771443353:  Hold'em No Limit ($0.50/$1.00 USD) - 2025/02/08 20:15:15 WET [2025/02/08 15:15:15 ET]
Table 'Sham' 6-max Seat #1 is the button
Seat 6: michasia ($100 in chips) is sitting out
Seat 1: Trojanovich ($125.61 in chips) 
Seat 2: ojeriza ($216.11 in chips) 
Seat 3: welmuttaja ($100 in chips) 
Seat 4: Straubje ($36.60 in chips) 
Seat 5: sta$igk ($112.40 in chips) 
ojeriza: posts small blind $0.50
welmuttaja: posts big blind $1
michasia: sits out 
*** HOLE CARDS ***
Straubje: folds 
sta$igk: raises $1.50 to $2.50
Trojanovich: folds 
ojeriza: folds 
welmuttaja: calls $1.50
*** FLOP *** [Qc 4c 7s]
welmuttaja: checks 
sta$igk: bets $1.72
welmuttaja: calls $1.72
*** TURN *** [Qc 4c 7s] [2s]
welmuttaja: checks 
sta$igk: checks 
*** RIVER *** [Qc 4c 7s 2s] [Th]
welmuttaja: checks 
sta$igk: bets $6.37
welmuttaja: folds 
Uncalled bet ($6.37) returned to sta$igk
sta$igk collected $8.49 from pot
sta$igk: doesn't show hand 
*** SUMMARY ***
Total pot $8.94 | Rake $0.45 
Board [Qc 4c 7s 2s Th]
Seat 6: michasia
Seat 1: Trojanovich (button) folded before Flop (didn't bet)
Seat 2: ojeriza (small blind) folded before Flop
Seat 3: welmuttaja (big blind) folded on the River
Seat 4: Straubje folded before Flop (didn't bet)
Seat 5: sta$igk collected ($8.49)



PokerStars Hand #254771469365:  Hold'em No Limit ($0.50/$1.00 USD) - 2025/02/08 20:16:43 WET [2025/02/08 15:16:43 ET]
Table 'Sham' 6-max Seat #2 is the button
Seat 6: michasia ($100 in chips) is sitting out
Seat 1: Trojanovich ($125.61 in chips) 
Seat 2: ojeriza ($215.61 in chips) 
Seat 3: welmuttaja ($100 in chips) 
Seat 4: Straubje ($36.60 in chips) 
Seat 5: sta$igk ($116.67 in chips) 
welmuttaja: posts small blind $0.50
Straubje: posts big blind $1
michasia: sits out 
*** HOLE CARDS ***
sta$igk: raises $1.50 to $2.50
Trojanovich: folds 
ojeriza: folds 
welmuttaja: folds 
Straubje: folds 
Uncalled bet ($1.50) returned to sta$igk
sta$igk collected $2.50 from pot
sta$igk: doesn't show hand 
*** SUMMARY ***
Total pot $2.50 | Rake $0 
Seat 6: michasia
Seat 1: Trojanovich folded before Flop (didn't bet)
Seat 2: ojeriza (button) folded before Flop (didn't bet)
Seat 3: welmuttaja (small blind) folded before Flop
Seat 4: Straubje (big blind) folded before Flop
Seat 5: sta$igk collected ($2.50)



PokerStars Hand #254771476278:  Hold'em No Limit ($0.50/$1.00 USD) - 2025/02/08 20:17:06 WET [2025/02/08 15:17:06 ET]
Table 'Sham' 6-max Seat #3 is the button
Seat 6: michasia ($100 in chips) is sitting out
Seat 1: Trojanovich ($125.61 in chips) 
Seat 2: ojeriza ($215.61 in chips) 
Seat 3: welmuttaja ($100 in chips) 
Seat 4: Straubje ($35.60 in chips) 
Seat 5: sta$igk ($118.17 in chips) 
Straubje: posts small blind $0.50
sta$igk: posts big blind $1
michasia: sits out 
*** HOLE CARDS ***
Trojanovich: folds 
ojeriza: folds 
welmuttaja: folds 
Straubje: folds 
Uncalled bet ($0.50) returned to sta$igk
sta$igk collected $1 from pot
sta$igk: doesn't show hand 
*** SUMMARY ***
Total pot $1 | Rake $0 
Seat 6: michasia
Seat 1: Trojanovich folded before Flop (didn't bet)
Seat 2: ojeriza folded before Flop (didn't bet)
Seat 3: welmuttaja (button) folded before Flop (didn't bet)
Seat 4: Straubje (small blind) folded before Flop
Seat 5: sta$igk (big blind) collected ($1)



PokerStars Hand #254771478249:  Hold'em No Limit ($0.50/$1.00 USD) - 2025/02/08 20:17:12 WET [2025/02/08 15:17:12 ET]
Table 'Sham' 6-max Seat #4 is the button
Seat 1: Trojanovich ($125.61 in chips) 
Seat 2: ojeriza ($215.61 in chips) 
Seat 3: welmuttaja ($100 in chips) 
Seat 4: Straubje ($35.10 in chips) 
Seat 5: sta$igk ($118.67 in chips) 
Seat 6: michasia ($100 in chips) 
sta$igk: posts small blind $0.50
michasia: posts big blind $1
*** HOLE CARDS ***
Trojanovich: folds 
ojeriza: folds 
welmuttaja: raises $1.25 to $2.25
Straubje: folds 
sta$igk: folds 
michasia: folds 
Uncalled bet ($1.25) returned to welmuttaja
welmuttaja collected $2.50 from pot
welmuttaja: doesn't show hand 
*** SUMMARY ***
Total pot $2.50 | Rake $0 
Seat 1: Trojanovich folded before Flop (didn't bet)
Seat 2: ojeriza folded before Flop (didn't bet)
Seat 3: welmuttaja collected ($2.50)
Seat 4: Straubje (button) folded before Flop (didn't bet)
Seat 5: sta$igk (small blind) folded before Flop
Seat 6: michasia (big blind) folded before Flop



PokerStars Hand #254771483784:  Hold'em No Limit ($0.50/$1.00 USD) - 2025/02/08 20:17:31 WET [2025/02/08 15:17:31 ET]
Table 'Sham' 6-max Seat #5 is the button
Seat 1: Trojanovich ($125.61 in chips) 
Seat 2: ojeriza ($215.61 in chips) 
Seat 3: welmuttaja ($101.50 in chips) 
Seat 4: Straubje ($35.10 in chips) 
Seat 5: sta$igk ($118.17 in chips) 
Seat 6: michasia ($100 in chips) 
michasia: posts small blind $0.50
Trojanovich: posts big blind $1
*** HOLE CARDS ***
ojeriza: folds 
welmuttaja: raises $1 to $2
Straubje: folds 
sta$igk: folds 
michasia: folds 
Trojanovich: calls $1
*** FLOP *** [2d 5d Ks]
Trojanovich: checks 
welmuttaja: bets $1.41
Trojanovich: raises $8.50 to $9.91
welmuttaja: folds 
Uncalled bet ($8.50) returned to Trojanovich
Trojanovich collected $6.95 from pot
Trojanovich: doesn't show hand 
*** SUMMARY ***
Total pot $7.32 | Rake $0.37 
Board [2d 5d Ks]
Seat 1: Trojanovich (big blind) collected ($6.95)
Seat 2: ojeriza folded before Flop (didn't bet)
Seat 3: welmuttaja folded on the Flop
Seat 4: Straubje folded before Flop (didn't bet)
Seat 5: sta$igk (button) folded before Flop (didn't bet)
Seat 6: michasia (small blind) folded before Flop



PokerStars Hand #254771497396:  Hold'em No Limit ($0.50/$1.00 USD) - 2025/02/08 20:18:17 WET [2025/02/08 15:18:17 ET]
Table 'Sham' 6-max Seat #6 is the button
Seat 1: Trojanovich ($129.15 in chips) 
Seat 2: ojeriza ($215.61 in chips) 
Seat 3: welmuttaja ($100 in chips) 
Seat 4: Straubje ($35.10 in chips) 
Seat 5: sta$igk ($118.17 in chips) 
Seat 6: michasia ($100 in chips) 
Trojanovich: posts small blind $0.50
ojeriza: posts big blind $1
*** HOLE CARDS ***
welmuttaja: folds 
Straubje: folds 
sta$igk: folds 
michasia: raises $1.80 to $2.80
Trojanovich: folds 
ojeriza: folds 
Uncalled bet ($1.80) returned to michasia
michasia collected $2.50 from pot
michasia: doesn't show hand 
*** SUMMARY ***
Total pot $2.50 | Rake $0 
Seat 1: Trojanovich (small blind) folded before Flop
Seat 2: ojeriza (big blind) folded before Flop
Seat 3: welmuttaja folded before Flop (didn't bet)
Seat 4: Straubje folded before Flop (didn't bet)
Seat 5: sta$igk folded before Flop (didn't bet)
Seat 6: michasia (button) collected ($2.50)



PokerStars Hand #254771500766:  Hold'em No Limit ($0.50/$1.00 USD) - 2025/02/08 20:18:29 WET [2025/02/08 15:18:29 ET]
Table 'Sham' 6-max Seat #1 is the button
Seat 1: Trojanovich ($128.65 in chips) 
Seat 2: ojeriza ($214.61 in chips) 
Seat 3: welmuttaja ($100 in chips) 
Seat 4: Straubje ($35.10 in chips) 
Seat 5: sta$igk ($118.17 in chips) 
Seat 6: michasia ($101.50 in chips) 
ojeriza: posts small blind $0.50
welmuttaja: posts big blind $1
*** HOLE CARDS ***
Straubje: folds 
sta$igk: folds 
michasia: folds 
Trojanovich: folds 
ojeriza: raises $1.76 to $2.76
welmuttaja: calls $1.76
*** FLOP *** [7d 4d 7c]
ojeriza: bets $1.99
welmuttaja: calls $1.99
*** TURN *** [7d 4d 7c] [Ah]
ojeriza: checks 
welmuttaja: checks 
*** RIVER *** [7d 4d 7c Ah] [Jh]
ojeriza: checks 
welmuttaja: bets $6.77
ojeriza: folds 
Uncalled bet ($6.77) returned to welmuttaja
welmuttaja collected $9.02 from pot
welmuttaja: doesn't show hand 
*** SUMMARY ***
Total pot $9.50 | Rake $0.48 
Board [7d 4d 7c Ah Jh]
Seat 1: Trojanovich (button) folded before Flop (didn't bet)
Seat 2: ojeriza (small blind) folded on the River
Seat 3: welmuttaja (big blind) collected ($9.02)
Seat 4: Straubje folded before Flop (didn't bet)
Seat 5: sta$igk folded before Flop (didn't bet)
Seat 6: michasia folded before Flop (didn't bet)



PokerStars Hand #254771532208:  Hold'em No Limit ($0.50/$1.00 USD) - 2025/02/08 20:20:16 WET [2025/02/08 15:20:16 ET]
Table 'Sham' 6-max Seat #2 is the button
Seat 1: Trojanovich ($128.65 in chips) 
Seat 2: ojeriza ($209.86 in chips) 
Seat 3: welmuttaja ($104.27 in chips) 
Seat 4: Straubje ($35.10 in chips) 
Seat 5: sta$igk ($118.17 in chips) 
Seat 6: michasia ($101.50 in chips) 
welmuttaja: posts small blind $0.50
Straubje: posts big blind $1
*** HOLE CARDS ***
sta$igk: raises $1.50 to $2.50
michasia: folds 
Trojanovich: folds 
ojeriza: folds 
welmuttaja: folds 
Straubje: folds 
Uncalled bet ($1.50) returned to sta$igk
sta$igk collected $2.50 from pot
sta$igk: doesn't show hand 
*** SUMMARY ***
Total pot $2.50 | Rake $0 
Seat 1: Trojanovich folded before Flop (didn't bet)
Seat 2: ojeriza (button) folded before Flop (didn't bet)
Seat 3: welmuttaja (small blind) folded before Flop
Seat 4: Straubje (big blind) folded before Flop
Seat 5: sta$igk collected ($2.50)
Seat 6: michasia folded before Flop (didn't bet)



PokerStars Hand #254771536020:  Hold'em No Limit ($0.50/$1.00 USD) - 2025/02/08 20:20:29 WET [2025/02/08 15:20:29 ET]
Table 'Sham' 6-max Seat #3 is the button
Seat 1: Trojanovich ($128.65 in chips) 
Seat 2: ojeriza ($209.86 in chips) 
Seat 3: welmuttaja ($103.77 in chips) 
Seat 4: Straubje ($34.10 in chips) 
Seat 5: sta$igk ($119.67 in chips) 
Seat 6: michasia ($101.50 in chips) 
Straubje: posts small blind $0.50
sta$igk: posts big blind $1
*** HOLE CARDS ***
michasia: folds 
Trojanovich: folds 
ojeriza: folds 
welmuttaja: folds 
Straubje: folds 
Uncalled bet ($0.50) returned to sta$igk
sta$igk collected $1 from pot
sta$igk: doesn't show hand 
*** SUMMARY ***
Total pot $1 | Rake $0 
Seat 1: Trojanovich folded before Flop (didn't bet)
Seat 2: ojeriza folded before Flop (didn't bet)
Seat 3: welmuttaja (button) folded before Flop (didn't bet)
Seat 4: Straubje (small blind) folded before Flop
Seat 5: sta$igk (big blind) collected ($1)
Seat 6: michasia folded before Flop (didn't bet)



PokerStars Hand #254771538532:  Hold'em No Limit ($0.50/$1.00 USD) - 2025/02/08 20:20:37 WET [2025/02/08 15:20:37 ET]
Table 'Sham' 6-max Seat #4 is the button
Seat 1: Trojanovich ($128.65 in chips) 
Seat 2: ojeriza ($209.86 in chips) 
Seat 3: welmuttaja ($103.77 in chips) 
Seat 4: Straubje ($33.60 in chips) 
Seat 5: sta$igk ($120.17 in chips) 
Seat 6: michasia ($101.50 in chips) 
sta$igk: posts small blind $0.50
michasia: posts big blind $1
*** HOLE CARDS ***
Trojanovich: folds 
ojeriza: folds 
welmuttaja: raises $1.25 to $2.25
Straubje: folds 
sta$igk: folds 
michasia: folds 
Uncalled bet ($1.25) returned to welmuttaja
welmuttaja collected $2.50 from pot
welmuttaja: doesn't show hand 
*** SUMMARY ***
Total pot $2.50 | Rake $0 
Seat 1: Trojanovich folded before Flop (didn't bet)
Seat 2: ojeriza folded before Flop (didn't bet)
Seat 3: welmuttaja collected ($2.50)
Seat 4: Straubje (button) folded before Flop (didn't bet)
Seat 5: sta$igk (small blind) folded before Flop
Seat 6: michasia (big blind) folded before Flop



PokerStars Hand #254771542301:  Hold'em No Limit ($0.50/$1.00 USD) - 2025/02/08 20:20:50 WET [2025/02/08 15:20:50 ET]
Table 'Sham' 6-max Seat #5 is the button
Seat 1: Trojanovich ($128.65 in chips) 
Seat 2: ojeriza ($209.86 in chips) 
Seat 3: welmuttaja ($105.27 in chips) 
Seat 4: Straubje ($33.60 in chips) 
Seat 5: sta$igk ($119.67 in chips) 
Seat 6: michasia ($100.50 in chips) 
michasia: posts small blind $0.50
Trojanovich: posts big blind $1
*** HOLE CARDS ***
ojeriza: folds 
welmuttaja: raises $1 to $2
Straubje: folds 
sta$igk: folds 
michasia: folds 
Trojanovich: folds 
Uncalled bet ($1) returned to welmuttaja
welmuttaja collected $2.50 from pot
welmuttaja: doesn't show hand 
*** SUMMARY ***
Total pot $2.50 | Rake $0 
Seat 1: Trojanovich (big blind) folded before Flop
Seat 2: ojeriza folded before Flop (didn't bet)
Seat 3: welmuttaja collected ($2.50)
Seat 4: Straubje folded before Flop (didn't bet)
Seat 5: sta$igk (button) folded before Flop (didn't bet)
Seat 6: michasia (small blind) folded before Flop



PokerStars Hand #254771548439:  Hold'em No Limit ($0.50/$1.00 USD) - 2025/02/08 20:21:10 WET [2025/02/08 15:21:10 ET]
Table 'Sham' 6-max Seat #6 is the button
Seat 1: Trojanovich ($127.65 in chips) 
Seat 2: ojeriza ($209.86 in chips) 
Seat 3: welmuttaja ($106.77 in chips) 
Seat 4: Straubje ($33.60 in chips) 
Seat 5: sta$igk ($119.67 in chips) 
Seat 6: michasia ($100 in chips) 
Trojanovich: posts small blind $0.50
ojeriza: posts big blind $1
*** HOLE CARDS ***
welmuttaja: folds 
Straubje: calls $1
sta$igk: folds 
michasia: raises $2.50 to $3.50
Trojanovich: folds 
ojeriza: folds 
Straubje: calls $2.50
*** FLOP *** [Kd 9d 4c]
Straubje: checks 
michasia: bets $2.67
Straubje: calls $2.67
*** TURN *** [Kd 9d 4c] [Ad]
Straubje: checks 
michasia: checks 
*** RIVER *** [Kd 9d 4c Ad] [Kc]
Straubje: bets $7.89
michasia: folds 
Uncalled bet ($7.89) returned to Straubje
Straubje collected $12.98 from pot
Straubje: doesn't show hand 
*** SUMMARY ***
Total pot $13.84 | Rake $0.86 
Board [Kd 9d 4c Ad Kc]
Seat 1: Trojanovich (small blind) folded before Flop
Seat 2: ojeriza (big blind) folded before Flop
Seat 3: welmuttaja folded before Flop (didn't bet)
Seat 4: Straubje collected ($12.98)
Seat 5: sta$igk folded before Flop (didn't bet)
Seat 6: michasia (button) folded on the River



PokerStars Hand #254771557835:  Hold'em No Limit ($0.50/$1.00 USD) - 2025/02/08 20:21:42 WET [2025/02/08 15:21:42 ET]
Table 'Sham' 6-max Seat #1 is the button
Seat 1: Trojanovich ($127.15 in chips) 
Seat 2: ojeriza ($208.86 in chips) 
Seat 3: welmuttaja ($106.77 in chips) 
Seat 4: Straubje ($40.41 in chips) 
Seat 5: sta$igk ($119.67 in chips) 
Seat 6: michasia ($100 in chips) 
ojeriza: posts small blind $0.50
welmuttaja: posts big blind $1
*** HOLE CARDS ***
Straubje: folds 
sta$igk: folds 
michasia: raises $1.80 to $2.80
Trojanovich: folds 
ojeriza: folds 
welmuttaja: folds 
Uncalled bet ($1.80) returned to michasia
michasia collected $2.50 from pot
michasia: doesn't show hand 
*** SUMMARY ***
Total pot $2.50 | Rake $0 
Seat 1: Trojanovich (button) folded before Flop (didn't bet)
Seat 2: ojeriza (small blind) folded before Flop
Seat 3: welmuttaja (big blind) folded before Flop
Seat 4: Straubje folded before Flop (didn't bet)
Seat 5: sta$igk folded before Flop (didn't bet)
Seat 6: michasia collected ($2.50)



PokerStars Hand #254771564373:  Hold'em No Limit ($0.50/$1.00 USD) - 2025/02/08 20:22:04 WET [2025/02/08 15:22:04 ET]
Table 'Sham' 6-max Seat #2 is the button
Seat 1: Trojanovich ($127.15 in chips) 
Seat 2: ojeriza ($208.36 in chips) 
Seat 3: welmuttaja ($105.77 in chips) 
Seat 4: Straubje ($40.41 in chips) 
Seat 5: sta$igk ($119.67 in chips) 
Seat 6: michasia ($101.50 in chips) 
welmuttaja: posts small blind $0.50
Straubje: posts big blind $1
*** HOLE CARDS ***
sta$igk: folds 
michasia: raises $1.60 to $2.60
Trojanovich: raises $4.90 to $7.50
ojeriza: folds 
welmuttaja: folds 
Straubje: folds 
michasia: folds 
Uncalled bet ($4.90) returned to Trojanovich
Trojanovich collected $6.70 from pot
Trojanovich: doesn't show hand 
*** SUMMARY ***
Total pot $6.70 | Rake $0 
Seat 1: Trojanovich collected ($6.70)
Seat 2: ojeriza (button) folded before Flop (didn't bet)
Seat 3: welmuttaja (small blind) folded before Flop
Seat 4: Straubje (big blind) folded before Flop
Seat 5: sta$igk folded before Flop (didn't bet)
Seat 6: michasia folded before Flop



PokerStars Hand #254771573050:  Hold'em No Limit ($0.50/$1.00 USD) - 2025/02/08 20:22:34 WET [2025/02/08 15:22:34 ET]
Table 'Sham' 6-max Seat #3 is the button
Seat 1: Trojanovich ($131.25 in chips) 
Seat 2: ojeriza ($208.36 in chips) 
Seat 3: welmuttaja ($105.27 in chips) 
Seat 4: Straubje ($39.41 in chips) 
Seat 5: sta$igk ($119.67 in chips) 
Seat 6: michasia ($100 in chips) 
Straubje: posts small blind $0.50
sta$igk: posts big blind $1
*** HOLE CARDS ***
michasia: folds 
Trojanovich: folds 
ojeriza: folds 
welmuttaja: raises $1.50 to $2.50
Straubje: calls $2
sta$igk: folds 
*** FLOP *** [8c Qc Kh]
Straubje: checks 
welmuttaja: checks 
*** TURN *** [8c Qc Kh] [Ks]
Straubje: checks 
welmuttaja: bets $1.88
Straubje: folds 
Uncalled bet ($1.88) returned to welmuttaja
welmuttaja collected $5.70 from pot
welmuttaja: doesn't show hand 
*** SUMMARY ***
Total pot $6 | Rake $0.30 
Board [8c Qc Kh Ks]
Seat 1: Trojanovich folded before Flop (didn't bet)
Seat 2: ojeriza folded before Flop (didn't bet)
Seat 3: welmuttaja (button) collected ($5.70)
Seat 4: Straubje (small blind) folded on the Turn
Seat 5: sta$igk (big blind) folded before Flop
Seat 6: michasia folded before Flop (didn't bet)



PokerStars Hand #254771584915:  Hold'em No Limit ($0.50/$1.00 USD) - 2025/02/08 20:23:14 WET [2025/02/08 15:23:14 ET]
Table 'Sham' 6-max Seat #4 is the button
Seat 1: Trojanovich ($131.25 in chips) 
Seat 2: ojeriza ($208.36 in chips) 
Seat 3: welmuttaja ($108.47 in chips) 
Seat 4: Straubje ($36.91 in chips) 
Seat 5: sta$igk ($118.67 in chips) 
Seat 6: michasia ($100 in chips) 
sta$igk: posts small blind $0.50
michasia: posts big blind $1
*** HOLE CARDS ***
Trojanovich: folds 
ojeriza: folds 
welmuttaja: folds 
Straubje: folds 
sta$igk: raises $2 to $3
michasia: folds 
Uncalled bet ($2) returned to sta$igk
sta$igk collected $2 from pot
sta$igk: doesn't show hand 
*** SUMMARY ***
Total pot $2 | Rake $0 
Seat 1: Trojanovich folded before Flop (didn't bet)
Seat 2: ojeriza folded before Flop (didn't bet)
Seat 3: welmuttaja folded before Flop (didn't bet)
Seat 4: Straubje (button) folded before Flop (didn't bet)
Seat 5: sta$igk (small blind) collected ($2)
Seat 6: michasia (big blind) folded before Flop



PokerStars Hand #254771588983:  Hold'em No Limit ($0.50/$1.00 USD) - 2025/02/08 20:23:27 WET [2025/02/08 15:23:27 ET]
Table 'Sham' 6-max Seat #5 is the button
Seat 1: Trojanovich ($131.25 in chips) 
Seat 2: ojeriza ($208.36 in chips) 
Seat 3: welmuttaja ($108.47 in chips) 
Seat 4: Straubje ($36.91 in chips) 
Seat 5: sta$igk ($119.67 in chips) 
Seat 6: michasia ($100 in chips) 
michasia: posts small blind $0.50
Trojanovich: posts big blind $1
*** HOLE CARDS ***
ojeriza: folds 
welmuttaja: folds 
Straubje: folds 
sta$igk: raises $1.50 to $2.50
michasia: folds 
Trojanovich: folds 
Uncalled bet ($1.50) returned to sta$igk
sta$igk collected $2.50 from pot
sta$igk: doesn't show hand 
*** SUMMARY ***
Total pot $2.50 | Rake $0 
Seat 1: Trojanovich (big blind) folded before Flop
Seat 2: ojeriza folded before Flop (didn't bet)
Seat 3: welmuttaja folded before Flop (didn't bet)
Seat 4: Straubje folded before Flop (didn't bet)
Seat 5: sta$igk (button) collected ($2.50)
Seat 6: michasia (small blind) folded before Flop



PokerStars Hand #254771595512:  Hold'em No Limit ($0.50/$1.00 USD) - 2025/02/08 20:23:50 WET [2025/02/08 15:23:50 ET]
Table 'Sham' 6-max Seat #6 is the button
Seat 1: Trojanovich ($130.25 in chips) 
Seat 2: ojeriza ($208.36 in chips) 
Seat 3: welmuttaja ($108.47 in chips) 
Seat 4: Straubje ($36.91 in chips) 
Seat 5: sta$igk ($121.17 in chips) 
Seat 6: michasia ($100 in chips) 
Trojanovich: posts small blind $0.50
ojeriza: posts big blind $1
*** HOLE CARDS ***
welmuttaja: folds 
Straubje: folds 
sta$igk: raises $1.50 to $2.50
michasia: folds 
Trojanovich: raises $8.50 to $11
ojeriza: folds 
sta$igk: calls $8.50
*** FLOP *** [Kc 9c Qd]
Trojanovich: checks 
sta$igk: checks 
*** TURN *** [Kc 9c Qd] [7h]
Trojanovich: bets $7.21
sta$igk: folds 
Uncalled bet ($7.21) returned to Trojanovich
Trojanovich collected $21.85 from pot
Trojanovich: doesn't show hand 
*** SUMMARY ***
Total pot $23 | Rake $1.15 
Board [Kc 9c Qd 7h]
Seat 1: Trojanovich (small blind) collected ($21.85)
Seat 2: ojeriza (big blind) folded before Flop
Seat 3: welmuttaja folded before Flop (didn't bet)
Seat 4: Straubje folded before Flop (didn't bet)
Seat 5: sta$igk folded on the Turn
Seat 6: michasia (button) folded before Flop (didn't bet)



PokerStars Hand #254771615768:  Hold'em No Limit ($0.50/$1.00 USD) - 2025/02/08 20:24:58 WET [2025/02/08 15:24:58 ET]
Table 'Sham' 6-max Seat #1 is the button
Seat 1: Trojanovich ($141.10 in chips) 
Seat 2: ojeriza ($207.36 in chips) 
Seat 3: welmuttaja ($108.47 in chips) 
Seat 4: Straubje ($36.91 in chips) 
Seat 5: sta$igk ($110.17 in chips) 
Seat 6: michasia ($100 in chips) 
ojeriza: posts small blind $0.50
welmuttaja: posts big blind $1
*** HOLE CARDS ***
Straubje: folds 
sta$igk: folds 
michasia: raises $1.80 to $2.80
Trojanovich: folds 
ojeriza: folds 
welmuttaja: calls $1.80
*** FLOP *** [Ts Ac 6h]
welmuttaja: checks 
michasia: bets $3.87
welmuttaja: folds 
Uncalled bet ($3.87) returned to michasia
michasia collected $5.80 from pot
michasia: doesn't show hand 
*** SUMMARY ***
Total pot $6.10 | Rake $0.30 
Board [Ts Ac 6h]
Seat 1: Trojanovich (button) folded before Flop (didn't bet)
Seat 2: ojeriza (small blind) folded before Flop
Seat 3: welmuttaja (big blind) folded on the Flop
Seat 4: Straubje folded before Flop (didn't bet)
Seat 5: sta$igk folded before Flop (didn't bet)
Seat 6: michasia collected ($5.80)



PokerStars Hand #254771624570:  Hold'em No Limit ($0.50/$1.00 USD) - 2025/02/08 20:25:28 WET [2025/02/08 15:25:28 ET]
Table 'Sham' 6-max Seat #2 is the button
Seat 1: Trojanovich ($141.10 in chips) 
Seat 2: ojeriza ($206.86 in chips) 
Seat 3: welmuttaja ($105.67 in chips) 
Seat 4: Straubje ($36.91 in chips) 
Seat 5: sta$igk ($110.17 in chips) 
Seat 6: michasia ($103 in chips) 
welmuttaja: posts small blind $0.50
Straubje: posts big blind $1
*** HOLE CARDS ***
sta$igk: folds 
michasia: folds 
Trojanovich: folds 
ojeriza: folds 
welmuttaja: raises $2 to $3
Straubje: folds 
Uncalled bet ($2) returned to welmuttaja
welmuttaja collected $2 from pot
welmuttaja: doesn't show hand 
*** SUMMARY ***
Total pot $2 | Rake $0 
Seat 1: Trojanovich folded before Flop (didn't bet)
Seat 2: ojeriza (button) folded before Flop (didn't bet)
Seat 3: welmuttaja (small blind) collected ($2)
Seat 4: Straubje (big blind) folded before Flop
Seat 5: sta$igk folded before Flop (didn't bet)
Seat 6: michasia folded before Flop (didn't bet)



PokerStars Hand #254771628292:  Hold'em No Limit ($0.50/$1.00 USD) - 2025/02/08 20:25:41 WET [2025/02/08 15:25:41 ET]
Table 'Sham' 6-max Seat #3 is the button
Seat 1: Trojanovich ($141.10 in chips) 
Seat 2: ojeriza ($206.86 in chips) 
Seat 3: welmuttaja ($106.67 in chips) 
Seat 4: Straubje ($35.91 in chips) 
Seat 5: sta$igk ($110.17 in chips) 
Seat 6: michasia ($103 in chips) 
Straubje: posts small blind $0.50
sta$igk: posts big blind $1
*** HOLE CARDS ***
michasia: folds 
Trojanovich: folds 
ojeriza: folds 
welmuttaja: folds 
Straubje: raises $2 to $3
sta$igk: folds 
Uncalled bet ($2) returned to Straubje
Straubje collected $2 from pot
Straubje: doesn't show hand 
*** SUMMARY ***
Total pot $2 | Rake $0 
Seat 1: Trojanovich folded before Flop (didn't bet)
Seat 2: ojeriza folded before Flop (didn't bet)
Seat 3: welmuttaja (button) folded before Flop (didn't bet)
Seat 4: Straubje (small blind) collected ($2)
Seat 5: sta$igk (big blind) folded before Flop
Seat 6: michasia folded before Flop (didn't bet)



PokerStars Hand #254771635948:  Hold'em No Limit ($0.50/$1.00 USD) - 2025/02/08 20:26:07 WET [2025/02/08 15:26:07 ET]
Table 'Sham' 6-max Seat #4 is the button
Seat 1: Trojanovich ($141.10 in chips) 
Seat 2: ojeriza ($206.86 in chips) 
Seat 3: welmuttaja ($106.67 in chips) 
Seat 4: Straubje ($36.91 in chips) 
Seat 5: sta$igk ($109.17 in chips) 
Seat 6: michasia ($103 in chips) 
sta$igk: posts small blind $0.50
michasia: posts big blind $1
*** HOLE CARDS ***
Trojanovich: folds 
ojeriza: raises $1.12 to $2.12
welmuttaja: folds 
Straubje: folds 
sta$igk: folds 
michasia: folds 
Uncalled bet ($1.12) returned to ojeriza
ojeriza collected $2.50 from pot
ojeriza: doesn't show hand 
*** SUMMARY ***
Total pot $2.50 | Rake $0 
Seat 1: Trojanovich folded before Flop (didn't bet)
Seat 2: ojeriza collected ($2.50)
Seat 3: welmuttaja folded before Flop (didn't bet)
Seat 4: Straubje (button) folded before Flop (didn't bet)
Seat 5: sta$igk (small blind) folded before Flop
Seat 6: michasia (big blind) folded before Flop



PokerStars Hand #254771641787:  Hold'em No Limit ($0.50/$1.00 USD) - 2025/02/08 20:26:27 WET [2025/02/08 15:26:27 ET]
Table 'Sham' 6-max Seat #5 is the button
Seat 1: Trojanovich ($141.10 in chips) 
Seat 2: ojeriza ($208.36 in chips) 
Seat 3: welmuttaja ($106.67 in chips) 
Seat 4: Straubje ($36.91 in chips) 
Seat 5: sta$igk ($108.67 in chips) 
Seat 6: michasia ($102 in chips) 
michasia: posts small blind $0.50
Trojanovich: posts big blind $1
*** HOLE CARDS ***
ojeriza: folds 
welmuttaja: folds 
Straubje is disconnected 
Straubje is connected 
Straubje: raises $3 to $4
sta$igk: folds 
michasia: folds 
Trojanovich: folds 
Uncalled bet ($3) returned to Straubje
Straubje collected $2.50 from pot
Straubje: doesn't show hand 
*** SUMMARY ***
Total pot $2.50 | Rake $0 
Seat 1: Trojanovich (big blind) folded before Flop
Seat 2: ojeriza folded before Flop (didn't bet)
Seat 3: welmuttaja folded before Flop (didn't bet)
Seat 4: Straubje collected ($2.50)
Seat 5: sta$igk (button) folded before Flop (didn't bet)
Seat 6: michasia (small blind) folded before Flop



PokerStars Hand #254771654146:  Hold'em No Limit ($0.50/$1.00 USD) - 2025/02/08 20:27:09 WET [2025/02/08 15:27:09 ET]
Table 'Sham' 6-max Seat #6 is the button
Seat 1: Trojanovich ($140.10 in chips) 
Seat 2: ojeriza ($208.36 in chips) 
Seat 3: welmuttaja ($106.67 in chips) 
Seat 4: Straubje ($38.41 in chips) 
Seat 5: sta$igk ($108.67 in chips) 
Seat 6: michasia ($101.50 in chips) 
Trojanovich: posts small blind $0.50
ojeriza: posts big blind $1
*** HOLE CARDS ***
welmuttaja: raises $1 to $2
Straubje: folds 
sta$igk: folds 
michasia: folds 
Trojanovich: folds 
ojeriza: folds 
Uncalled bet ($1) returned to welmuttaja
welmuttaja collected $2.50 from pot
welmuttaja: doesn't show hand 
*** SUMMARY ***
Total pot $2.50 | Rake $0 
Seat 1: Trojanovich (small blind) folded before Flop
Seat 2: ojeriza (big blind) folded before Flop
Seat 3: welmuttaja collected ($2.50)
Seat 4: Straubje folded before Flop (didn't bet)
Seat 5: sta$igk folded before Flop (didn't bet)
Seat 6: michasia (button) folded before Flop (didn't bet)



PokerStars Hand #254771658504:  Hold'em No Limit ($0.50/$1.00 USD) - 2025/02/08 20:27:24 WET [2025/02/08 15:27:24 ET]
Table 'Sham' 6-max Seat #1 is the button
Seat 1: Trojanovich ($139.60 in chips) 
Seat 2: ojeriza ($207.36 in chips) 
Seat 3: welmuttaja ($108.17 in chips) 
Seat 4: Straubje ($38.41 in chips) 
Seat 5: sta$igk ($108.67 in chips) 
Seat 6: michasia ($101.50 in chips) 
ojeriza: posts small blind $0.50
welmuttaja: posts big blind $1
*** HOLE CARDS ***
Straubje: folds 
sta$igk: folds 
michasia: folds 
Trojanovich: raises $1.50 to $2.50
ojeriza: raises $8.90 to $11.40
welmuttaja: folds 
Trojanovich: folds 
Uncalled bet ($8.90) returned to ojeriza
ojeriza collected $6 from pot
ojeriza: doesn't show hand 
*** SUMMARY ***
Total pot $6 | Rake $0 
Seat 1: Trojanovich (button) folded before Flop
Seat 2: ojeriza (small blind) collected ($6)
Seat 3: welmuttaja (big blind) folded before Flop
Seat 4: Straubje folded before Flop (didn't bet)
Seat 5: sta$igk folded before Flop (didn't bet)
Seat 6: michasia folded before Flop (didn't bet)



PokerStars Hand #254771667023:  Hold'em No Limit ($0.50/$1.00 USD) - 2025/02/08 20:27:52 WET [2025/02/08 15:27:52 ET]
Table 'Sham' 6-max Seat #2 is the button
Seat 4: Straubje ($38.41 in chips) is sitting out
Seat 1: Trojanovich ($137.10 in chips) 
Seat 2: ojeriza ($210.86 in chips) 
Seat 3: welmuttaja ($107.17 in chips) 
Seat 5: sta$igk ($108.67 in chips) 
Seat 6: michasia ($101.50 in chips) 
welmuttaja: posts small blind $0.50
Straubje has timed out
Straubje: is sitting out 
sta$igk: posts big blind $1
*** HOLE CARDS ***
michasia: folds 
Trojanovich: folds 
ojeriza: raises $1.50 to $2.50
welmuttaja: folds 
sta$igk: folds 
Uncalled bet ($1.50) returned to ojeriza
ojeriza collected $2.50 from pot
ojeriza: doesn't show hand 
*** SUMMARY ***
Total pot $2.50 | Rake $0 
Seat 4: Straubje
Seat 1: Trojanovich folded before Flop (didn't bet)
Seat 2: ojeriza (button) collected ($2.50)
Seat 3: welmuttaja (small blind) folded before Flop
Seat 5: sta$igk (big blind) folded before Flop
Seat 6: michasia folded before Flop (didn't bet)



PokerStars Hand #254771673681:  Hold'em No Limit ($0.50/$1.00 USD) - 2025/02/08 20:28:15 WET [2025/02/08 15:28:15 ET]
Table 'Sham' 6-max Seat #3 is the button
Seat 4: Straubje ($38.41 in chips) is sitting out
Seat 1: Trojanovich ($137.10 in chips) 
Seat 2: ojeriza ($212.36 in chips) 
Seat 3: welmuttaja ($106.67 in chips) 
Seat 5: sta$igk ($107.67 in chips) 
Seat 6: michasia ($101.50 in chips) 
sta$igk: posts small blind $0.50
michasia: posts big blind $1
*** HOLE CARDS ***
Trojanovich: folds 
ojeriza: folds 
welmuttaja: folds 
sta$igk: raises $2 to $3
michasia: calls $2
*** FLOP *** [Ad Kc 6s]
sta$igk: bets $1.88
michasia: folds 
Uncalled bet ($1.88) returned to sta$igk
sta$igk collected $5.70 from pot
sta$igk: doesn't show hand 
*** SUMMARY ***
Total pot $6 | Rake $0.30 
Board [Ad Kc 6s]
Seat 4: Straubje
Seat 1: Trojanovich folded before Flop (didn't bet)
Seat 2: ojeriza folded before Flop (didn't bet)
Seat 3: welmuttaja (button) folded before Flop (didn't bet)
Seat 5: sta$igk (small blind) collected ($5.70)
Seat 6: michasia (big blind) folded on the Flop



PokerStars Hand #254771712030:  Hold'em No Limit ($0.50/$1.00 USD) - 2025/02/08 20:30:26 WET [2025/02/08 15:30:26 ET]
Table 'Sham' 6-max Seat #3 is the button
Seat 4: Straubje ($39.72 in chips) is sitting out
Seat 1: Trojanovich ($141.40 in chips) 
Seat 2: ojeriza ($210.86 in chips) 
Seat 3: welmuttaja ($105.17 in chips) 
Seat 5: sta$igk ($110.87 in chips) 
Seat 6: michasia ($100 in chips) 
sta$igk: posts small blind $0.50
michasia: posts big blind $1
*** HOLE CARDS ***
Trojanovich: folds 
ojeriza: folds 
welmuttaja: folds 
sta$igk: raises $2 to $3
michasia: calls $2
*** FLOP *** [Qh 5h 8s]
sta$igk: checks 
michasia: checks 
*** TURN *** [Qh 5h 8s] [7h]
sta$igk: bets $5.70
michasia: calls $5.70
*** RIVER *** [Qh 5h 8s 7h] [3s]
sta$igk: bets $16.53
michasia: folds 
Uncalled bet ($16.53) returned to sta$igk
sta$igk collected $16.53 from pot
sta$igk: doesn't show hand 
*** SUMMARY ***
Total pot $17.40 | Rake $0.87 
Board [Qh 5h 8s 7h 3s]
Seat 4: Straubje
Seat 1: Trojanovich folded before Flop (didn't bet)
Seat 2: ojeriza folded before Flop (didn't bet)
Seat 3: welmuttaja (button) folded before Flop (didn't bet)
Seat 5: sta$igk (small blind) collected ($16.53)
Seat 6: michasia (big blind) folded on the River



PokerStars Hand #254771728039:  Hold'em No Limit ($0.50/$1.00 USD) - 2025/02/08 20:31:19 WET [2025/02/08 15:31:19 ET]
Table 'Sham' 6-max Seat #5 is the button
Seat 1: Trojanovich ($141.40 in chips) 
Seat 2: ojeriza ($210.86 in chips) 
Seat 3: welmuttaja ($105.17 in chips) 
Seat 4: Straubje ($39.72 in chips) 
Seat 5: sta$igk ($118.70 in chips) 
Seat 6: michasia ($100 in chips) 
michasia: posts small blind $0.50
Trojanovich: posts big blind $1
Straubje: posts small & big blinds $1.50
*** HOLE CARDS ***
ojeriza: folds 
welmuttaja: folds 
Straubje: checks 
sta$igk: folds 
michasia: folds 
Trojanovich: checks 
*** FLOP *** [5s 8s 2c]
Trojanovich: checks 
Straubje: bets $1.71
Trojanovich: raises $3.14 to $4.85
Straubje: folds 
Uncalled bet ($3.14) returned to Trojanovich
Trojanovich collected $6.10 from pot
Trojanovich: doesn't show hand 
*** SUMMARY ***
Total pot $6.42 | Rake $0.32 
Board [5s 8s 2c]
Seat 1: Trojanovich (big blind) collected ($6.10)
Seat 2: ojeriza folded before Flop (didn't bet)
Seat 3: welmuttaja folded before Flop (didn't bet)
Seat 4: Straubje folded on the Flop
Seat 5: sta$igk (button) folded before Flop (didn't bet)
Seat 6: michasia (small blind) folded before Flop



PokerStars Hand #254771740096:  Hold'em No Limit ($0.50/$1.00 USD) - 2025/02/08 20:32:00 WET [2025/02/08 15:32:00 ET]
Table 'Sham' 6-max Seat #6 is the button
Seat 1: Trojanovich ($144.79 in chips) 
Seat 2: ojeriza ($210.86 in chips) 
Seat 3: welmuttaja ($105.17 in chips) 
Seat 4: Straubje ($36.51 in chips) 
Seat 5: sta$igk ($118.70 in chips) 
Seat 6: michasia ($100 in chips) 
Trojanovich: posts small blind $0.50
ojeriza: posts big blind $1
*** HOLE CARDS ***
welmuttaja: folds 
Straubje: folds 
sta$igk: folds 
michasia: folds 
Trojanovich: folds 
Uncalled bet ($0.50) returned to ojeriza
ojeriza collected $1 from pot
ojeriza: doesn't show hand 
*** SUMMARY ***
Total pot $1 | Rake $0 
Seat 1: Trojanovich (small blind) folded before Flop
Seat 2: ojeriza (big blind) collected ($1)
Seat 3: welmuttaja folded before Flop (didn't bet)
Seat 4: Straubje folded before Flop (didn't bet)
Seat 5: sta$igk folded before Flop (didn't bet)
Seat 6: michasia (button) folded before Flop (didn't bet)



PokerStars Hand #254771745311:  Hold'em No Limit ($0.50/$1.00 USD) - 2025/02/08 20:32:18 WET [2025/02/08 15:32:18 ET]
Table 'Sham' 6-max Seat #1 is the button
Seat 1: Trojanovich ($144.29 in chips) 
Seat 2: ojeriza ($211.36 in chips) 
Seat 3: welmuttaja ($105.17 in chips) 
Seat 4: Straubje ($36.51 in chips) 
Seat 5: sta$igk ($118.70 in chips) 
Seat 6: michasia ($100 in chips) 
ojeriza: posts small blind $0.50
welmuttaja: posts big blind $1
*** HOLE CARDS ***
Straubje: folds 
sta$igk: folds 
michasia: raises $1.80 to $2.80
Trojanovich: folds 
ojeriza: folds 
welmuttaja: folds 
Uncalled bet ($1.80) returned to michasia
michasia collected $2.50 from pot
michasia: doesn't show hand 
*** SUMMARY ***
Total pot $2.50 | Rake $0 
Seat 1: Trojanovich (button) folded before Flop (didn't bet)
Seat 2: ojeriza (small blind) folded before Flop
Seat 3: welmuttaja (big blind) folded before Flop
Seat 4: Straubje folded before Flop (didn't bet)
Seat 5: sta$igk folded before Flop (didn't bet)
Seat 6: michasia collected ($2.50)



PokerStars Hand #254771749036:  Hold'em No Limit ($0.50/$1.00 USD) - 2025/02/08 20:32:30 WET [2025/02/08 15:32:30 ET]
Table 'Sham' 6-max Seat #2 is the button
Seat 4: Straubje ($36.51 in chips) is sitting out
Seat 1: Trojanovich ($144.29 in chips) 
Seat 2: ojeriza ($210.86 in chips) 
Seat 3: welmuttaja ($104.17 in chips) 
Seat 5: sta$igk ($118.70 in chips) 
Seat 6: michasia ($101.50 in chips) 
welmuttaja: posts small blind $0.50
Straubje has timed out
Straubje: is sitting out 
sta$igk: posts big blind $1
*** HOLE CARDS ***
michasia: folds 
Trojanovich: raises $1.50 to $2.50
ojeriza: raises $5.50 to $8
welmuttaja: folds 
sta$igk: folds 
Trojanovich: folds 
Uncalled bet ($5.50) returned to ojeriza
ojeriza collected $6.50 from pot
ojeriza: doesn't show hand 
*** SUMMARY ***
Total pot $6.50 | Rake $0 
Seat 4: Straubje
Seat 1: Trojanovich folded before Flop
Seat 2: ojeriza (button) collected ($6.50)
Seat 3: welmuttaja (small blind) folded before Flop
Seat 5: sta$igk (big blind) folded before Flop
Seat 6: michasia folded before Flop (didn't bet)



PokerStars Hand #254771759610:  Hold'em No Limit ($0.50/$1.00 USD) - 2025/02/08 20:33:05 WET [2025/02/08 15:33:05 ET]
Table 'Sham' 6-max Seat #3 is the button
Seat 4: Straubje ($36.51 in chips) is sitting out
Seat 1: Trojanovich ($141.79 in chips) 
Seat 2: ojeriza ($214.86 in chips) 
Seat 3: welmuttaja ($103.67 in chips) 
Seat 5: sta$igk ($117.70 in chips) 
Seat 6: michasia ($101.50 in chips) 
sta$igk: posts small blind $0.50
michasia: posts big blind $1
*** HOLE CARDS ***
Trojanovich: raises $1.50 to $2.50
ojeriza: folds 
welmuttaja: folds 
sta$igk: raises $8.50 to $11
michasia: folds 
Trojanovich: calls $8.50
*** FLOP *** [2c 4d Td]
sta$igk: bets $16.39
Trojanovich: calls $16.39
*** TURN *** [2c 4d Td] [Qh]
sta$igk: checks 
Trojanovich: checks 
*** RIVER *** [2c 4d Td Qh] [5s]
sta$igk: bets $31.97
Trojanovich: folds 
Uncalled bet ($31.97) returned to sta$igk
sta$igk collected $53.28 from pot
sta$igk: doesn't show hand 
*** SUMMARY ***
Total pot $55.78 | Rake $2.50 
Board [2c 4d Td Qh 5s]
Seat 4: Straubje
Seat 1: Trojanovich folded on the River
Seat 2: ojeriza folded before Flop (didn't bet)
Seat 3: welmuttaja (button) folded before Flop (didn't bet)
Seat 5: sta$igk (small blind) collected ($53.28)
Seat 6: michasia (big blind) folded before Flop



PokerStars Hand #254771788071:  Hold'em No Limit ($0.50/$1.00 USD) - 2025/02/08 20:34:42 WET [2025/02/08 15:34:42 ET]
Table 'Sham' 6-max Seat #5 is the button
Seat 1: Trojanovich ($114.40 in chips) 
Seat 2: ojeriza ($214.86 in chips) 
Seat 3: welmuttaja ($103.67 in chips) 
Seat 4: Straubje ($36.51 in chips) 
Seat 5: sta$igk ($143.59 in chips) 
Seat 6: michasia ($100.50 in chips) 
michasia: posts small blind $0.50
Trojanovich: posts big blind $1
Straubje: posts small & big blinds $1.50
*** HOLE CARDS ***
ojeriza: folds 
welmuttaja: folds 
Straubje: checks 
sta$igk: folds 
michasia: raises $4 to $5
Trojanovich: folds 
Straubje: folds 
Uncalled bet ($4) returned to michasia
michasia collected $3.50 from pot
michasia: doesn't show hand 
*** SUMMARY ***
Total pot $3.50 | Rake $0 
Seat 1: Trojanovich (big blind) folded before Flop
Seat 2: ojeriza folded before Flop (didn't bet)
Seat 3: welmuttaja folded before Flop (didn't bet)
Seat 4: Straubje folded before Flop (didn't bet)
Seat 5: sta$igk (button) folded before Flop (didn't bet)
Seat 6: michasia (small blind) collected ($3.50)



PokerStars Hand #254771793265:  Hold'em No Limit ($0.50/$1.00 USD) - 2025/02/08 20:35:00 WET [2025/02/08 15:35:00 ET]
Table 'Sham' 6-max Seat #6 is the button
Seat 2: ojeriza ($214.86 in chips) is sitting out
Seat 1: Trojanovich ($113.40 in chips) 
Seat 3: welmuttaja ($103.67 in chips) 
Seat 4: Straubje ($35.01 in chips) 
Seat 5: sta$igk ($143.59 in chips) 
Seat 6: michasia ($103 in chips) 
Trojanovich: posts small blind $0.50
ojeriza: is sitting out 
welmuttaja: posts big blind $1
*** HOLE CARDS ***
Straubje: folds 
sta$igk: raises $1.50 to $2.50
ojeriza leaves the table
michasia: folds 
Trojanovich: folds 
welmuttaja: folds 
Uncalled bet ($1.50) returned to sta$igk
sta$igk collected $2.50 from pot
sta$igk: doesn't show hand 
*** SUMMARY ***
Total pot $2.50 | Rake $0 
Seat 2: ojeriza
Seat 1: Trojanovich (small blind) folded before Flop
Seat 3: welmuttaja (big blind) folded before Flop
Seat 4: Straubje folded before Flop (didn't bet)
Seat 5: sta$igk collected ($2.50)
Seat 6: michasia (button) folded before Flop (didn't bet)



PokerStars Hand #254771797894:  Hold'em No Limit ($0.50/$1.00 USD) - 2025/02/08 20:35:16 WET [2025/02/08 15:35:16 ET]
Table 'Sham' 6-max Seat #1 is the button
Seat 1: Trojanovich ($112.90 in chips) 
Seat 3: welmuttaja ($102.67 in chips) 
Seat 4: Straubje ($35.01 in chips) 
Seat 5: sta$igk ($145.09 in chips) 
Seat 6: michasia ($103 in chips) 
welmuttaja: posts small blind $0.50
reiyser joins the table at seat #2 
Straubje: posts big blind $1
*** HOLE CARDS ***
sta$igk: raises $1.50 to $2.50
michasia: raises $5 to $7.50
Trojanovich: folds 
welmuttaja: folds 
Straubje: folds 
sta$igk: folds 
Uncalled bet ($5) returned to michasia
michasia collected $6.50 from pot
michasia: doesn't show hand 
*** SUMMARY ***
Total pot $6.50 | Rake $0 
Seat 1: Trojanovich (button) folded before Flop (didn't bet)
Seat 3: welmuttaja (small blind) folded before Flop
Seat 4: Straubje (big blind) folded before Flop
Seat 5: sta$igk folded before Flop
Seat 6: michasia collected ($6.50)



PokerStars Hand #254771804846:  Hold'em No Limit ($0.50/$1.00 USD) - 2025/02/08 20:35:40 WET [2025/02/08 15:35:40 ET]
Table 'Sham' 6-max Seat #3 is the button
Seat 2: reiyser ($100 in chips) is sitting out
Seat 1: Trojanovich ($112.90 in chips) 
Seat 3: welmuttaja ($102.17 in chips) 
Seat 4: Straubje ($34.01 in chips) 
Seat 5: sta$igk ($142.59 in chips) 
Seat 6: michasia ($107 in chips) 
Straubje: posts small blind $0.50
sta$igk: posts big blind $1
reiyser: sits out 
*** HOLE CARDS ***
michasia: folds 
Trojanovich: folds 
welmuttaja: folds 
Straubje: raises $3 to $4
sta$igk: calls $3
*** FLOP *** [3h 5h Ts]
Straubje: bets $4.56
sta$igk: folds 
Uncalled bet ($4.56) returned to Straubje
Straubje collected $7.50 from pot
Straubje: doesn't show hand 
*** SUMMARY ***
Total pot $8 | Rake $0.50 
Board [3h 5h Ts]
Seat 2: reiyser
Seat 1: Trojanovich folded before Flop (didn't bet)
Seat 3: welmuttaja (button) folded before Flop (didn't bet)
Seat 4: Straubje (small blind) collected ($7.50)
Seat 5: sta$igk (big blind) folded on the Flop
Seat 6: michasia folded before Flop (didn't bet)



PokerStars Hand #254771811964:  Hold'em No Limit ($0.50/$1.00 USD) - 2025/02/08 20:36:03 WET [2025/02/08 15:36:03 ET]
Table 'Sham' 6-max Seat #4 is the button
Seat 2: reiyser ($100 in chips) is sitting out
Seat 1: Trojanovich ($112.90 in chips) 
Seat 3: welmuttaja ($102.17 in chips) 
Seat 4: Straubje ($37.51 in chips) 
Seat 5: sta$igk ($138.59 in chips) 
Seat 6: michasia ($107 in chips) 
sta$igk: posts small blind $0.50
michasia: posts big blind $1
reiyser: sits out 
*** HOLE CARDS ***
Trojanovich: raises $1.50 to $2.50
welmuttaja: folds 
Straubje: folds 
sta$igk: folds 
michasia: folds 
Uncalled bet ($1.50) returned to Trojanovich
Trojanovich collected $2.50 from pot
Trojanovich: doesn't show hand 
*** SUMMARY ***
Total pot $2.50 | Rake $0 
Seat 2: reiyser
Seat 1: Trojanovich collected ($2.50)
Seat 3: welmuttaja folded before Flop (didn't bet)
Seat 4: Straubje (button) folded before Flop (didn't bet)
Seat 5: sta$igk (small blind) folded before Flop
Seat 6: michasia (big blind) folded before Flop



PokerStars Hand #254771818862:  Hold'em No Limit ($0.50/$1.00 USD) - 2025/02/08 20:36:26 WET [2025/02/08 15:36:26 ET]
Table 'Sham' 6-max Seat #5 is the button
Seat 1: Trojanovich ($114.40 in chips) is sitting out
Seat 2: reiyser ($100 in chips) 
Seat 3: welmuttaja ($102.17 in chips) 
Seat 4: Straubje ($37.51 in chips) 
Seat 5: sta$igk ($138.09 in chips) 
Seat 6: michasia ($106 in chips) 
michasia: posts small blind $0.50
Trojanovich: is sitting out 
reiyser: posts big blind $1
*** HOLE CARDS ***
Trojanovich leaves the table
welmuttaja: folds 
Straubje: calls $1
sta$igk: raises $3 to $4
michasia: folds 
BoyLoc0 joins the table at seat #1 
reiyser: raises $11 to $15
Straubje: folds 
sta$igk: calls $11
*** FLOP *** [8c 2c Qc]
reiyser: bets $8.68
sta$igk: calls $8.68
*** TURN *** [8c 2c Qc] [6c]
reiyser: checks 
sta$igk: checks 
*** RIVER *** [8c 2c Qc 6c] [7d]
reiyser: checks 
sta$igk: bets $23.21
reiyser: folds 
Uncalled bet ($23.21) returned to sta$igk
sta$igk collected $46.42 from pot
sta$igk: doesn't show hand 
*** SUMMARY ***
Total pot $48.86 | Rake $2.44 
Board [8c 2c Qc 6c 7d]
Seat 1: Trojanovich
Seat 2: reiyser (big blind) folded on the River
Seat 3: welmuttaja folded before Flop (didn't bet)
Seat 4: Straubje folded before Flop
Seat 5: sta$igk (button) collected ($46.42)
Seat 6: michasia (small blind) folded before Flop



PokerStars Hand #254771843184:  Hold'em No Limit ($0.50/$1.00 USD) - 2025/02/08 20:37:49 WET [2025/02/08 15:37:49 ET]
Table 'Sham' 6-max Seat #2 is the button
Seat 1: BoyLoc0 ($100 in chips) is sitting out
Seat 6: michasia ($105.50 in chips) is sitting out
Seat 2: reiyser ($100 in chips) 
Seat 3: welmuttaja ($102.17 in chips) 
Seat 4: Straubje ($36.51 in chips) 
Seat 5: sta$igk ($160.83 in chips) 
welmuttaja: posts small blind $0.50
Straubje: posts big blind $1
BoyLoc0: sits out 
*** HOLE CARDS ***
sta$igk: raises $1.50 to $2.50
reiyser: calls $2.50
welmuttaja: folds 
Straubje: folds 
*** FLOP *** [Kh 9h 8c]
sta$igk: checks 
reiyser: checks 
*** TURN *** [Kh 9h 8c] [Td]
sta$igk: checks 
reiyser: bets $4.70
sta$igk: calls $4.70
*** RIVER *** [Kh 9h 8c Td] [8s]
sta$igk: checks 
reiyser: checks 
*** SHOW DOWN ***
sta$igk: shows [Ah Tc] (two pair, Tens and Eights)
reiyser: mucks hand 
sta$igk collected $15.10 from pot
*** SUMMARY ***
Total pot $15.90 | Rake $0.80 
Board [Kh 9h 8c Td 8s]
Seat 1: BoyLoc0
Seat 6: michasia
Seat 2: reiyser (button) mucked
Seat 3: welmuttaja (small blind) folded before Flop
Seat 4: Straubje (big blind) folded before Flop
Seat 5: sta$igk showed [Ah Tc] and won ($15.10) with two pair, Tens and Eights



PokerStars Hand #254771860417:  Hold'em No Limit ($0.50/$1.00 USD) - 2025/02/08 20:38:47 WET [2025/02/08 15:38:47 ET]
Table 'Sham' 6-max Seat #3 is the button
Seat 1: BoyLoc0 ($100 in chips) is sitting out
Seat 6: michasia ($105.50 in chips) is sitting out
Seat 2: reiyser ($100 in chips) 
Seat 3: welmuttaja ($101.67 in chips) 
Seat 4: Straubje ($35.51 in chips) 
Seat 5: sta$igk ($168.73 in chips) 
Straubje: posts small blind $0.50
sta$igk: posts big blind $1
BoyLoc0: sits out 
*** HOLE CARDS ***
reiyser: folds 
welmuttaja: raises $1.50 to $2.50
Straubje: folds 
sta$igk: folds 
Uncalled bet ($1.50) returned to welmuttaja
welmuttaja collected $2.50 from pot
welmuttaja: doesn't show hand 
*** SUMMARY ***
Total pot $2.50 | Rake $0 
Seat 1: BoyLoc0
Seat 6: michasia
Seat 2: reiyser folded before Flop (didn't bet)
Seat 3: welmuttaja (button) collected ($2.50)
Seat 4: Straubje (small blind) folded before Flop
Seat 5: sta$igk (big blind) folded before Flop



PokerStars Hand #254771863655:  Hold'em No Limit ($0.50/$1.00 USD) - 2025/02/08 20:38:58 WET [2025/02/08 15:38:58 ET]
Table 'Sham' 6-max Seat #4 is the button
Seat 6: michasia ($105.50 in chips) is sitting out
Seat 1: BoyLoc0 ($100 in chips) 
Seat 2: reiyser ($100 in chips) 
Seat 3: welmuttaja ($103.17 in chips) 
Seat 4: Straubje ($35.01 in chips) 
Seat 5: sta$igk ($167.73 in chips) 
sta$igk: posts small blind $0.50
BoyLoc0: posts big blind $1
*** HOLE CARDS ***
reiyser: raises $1.23 to $2.23
welmuttaja: folds 
Straubje: folds 
sta$igk: folds 
BoyLoc0: folds 
Uncalled bet ($1.23) returned to reiyser
reiyser collected $2.50 from pot
reiyser: doesn't show hand 
*** SUMMARY ***
Total pot $2.50 | Rake $0 
Seat 6: michasia
Seat 1: BoyLoc0 (big blind) folded before Flop
Seat 2: reiyser collected ($2.50)
Seat 3: welmuttaja folded before Flop (didn't bet)
Seat 4: Straubje (button) folded before Flop (didn't bet)
Seat 5: sta$igk (small blind) folded before Flop



PokerStars Hand #254771867519:  Hold'em No Limit ($0.50/$1.00 USD) - 2025/02/08 20:39:11 WET [2025/02/08 15:39:11 ET]
Table 'Sham' 6-max Seat #5 is the button
Seat 6: michasia ($105.50 in chips) is sitting out
Seat 1: BoyLoc0 ($100 in chips) 
Seat 2: reiyser ($101.50 in chips) 
Seat 3: welmuttaja ($103.17 in chips) 
Seat 4: Straubje ($35.01 in chips) 
Seat 5: sta$igk ($167.23 in chips) 
BoyLoc0: posts small blind $0.50
reiyser: posts big blind $1
*** HOLE CARDS ***
welmuttaja: folds 
Straubje: folds 
sta$igk: folds 
BoyLoc0: folds 
Uncalled bet ($0.50) returned to reiyser
reiyser collected $1 from pot
reiyser: doesn't show hand 
*** SUMMARY ***
Total pot $1 | Rake $0 
Seat 6: michasia
Seat 1: BoyLoc0 (small blind) folded before Flop
Seat 2: reiyser (big blind) collected ($1)
Seat 3: welmuttaja folded before Flop (didn't bet)
Seat 4: Straubje folded before Flop (didn't bet)
Seat 5: sta$igk (button) folded before Flop (didn't bet)



PokerStars Hand #254771870177:  Hold'em No Limit ($0.50/$1.00 USD) - 2025/02/08 20:39:20 WET [2025/02/08 15:39:20 ET]
Table 'Sham' 6-max Seat #1 is the button
Seat 6: michasia ($105.50 in chips) is sitting out
Seat 1: BoyLoc0 ($100 in chips) 
Seat 2: reiyser ($102 in chips) 
Seat 3: welmuttaja ($103.17 in chips) 
Seat 4: Straubje ($35.01 in chips) 
Seat 5: sta$igk ($167.23 in chips) 
reiyser: posts small blind $0.50
welmuttaja: posts big blind $1
*** HOLE CARDS ***
Straubje: calls $1
sta$igk: folds 
BoyLoc0: raises $3 to $4
reiyser: folds 
welmuttaja: folds 
Straubje: calls $3
*** FLOP *** [9d Tc Qh]
Straubje: checks 
BoyLoc0: checks 
*** TURN *** [9d Tc Qh] [3c]
Straubje: bets $5.41
BoyLoc0: folds 
Uncalled bet ($5.41) returned to Straubje
Straubje collected $8.90 from pot
Straubje: doesn't show hand 
*** SUMMARY ***
Total pot $9.50 | Rake $0.60 
Board [9d Tc Qh 3c]
Seat 6: michasia
Seat 1: BoyLoc0 (button) folded on the Turn
Seat 2: reiyser (small blind) folded before Flop
Seat 3: welmuttaja (big blind) folded before Flop
Seat 4: Straubje collected ($8.90)
Seat 5: sta$igk folded before Flop (didn't bet)



PokerStars Hand #254771881392:  Hold'em No Limit ($0.50/$1.00 USD) - 2025/02/08 20:39:58 WET [2025/02/08 15:39:58 ET]
Table 'Sham' 6-max Seat #2 is the button
Seat 6: michasia ($105.50 in chips) is sitting out
Seat 1: BoyLoc0 ($100 in chips) 
Seat 2: reiyser ($101.50 in chips) 
Seat 3: welmuttaja ($102.17 in chips) 
Seat 4: Straubje ($39.91 in chips) 
Seat 5: sta$igk ($167.23 in chips) 
welmuttaja: posts small blind $0.50
Straubje: posts big blind $1
*** HOLE CARDS ***
sta$igk: folds 
BoyLoc0: folds 
reiyser: raises $1.23 to $2.23
welmuttaja: folds 
Straubje: folds 
Uncalled bet ($1.23) returned to reiyser
reiyser collected $2.50 from pot
reiyser: doesn't show hand 
*** SUMMARY ***
Total pot $2.50 | Rake $0 
Seat 6: michasia
Seat 1: BoyLoc0 folded before Flop (didn't bet)
Seat 2: reiyser (button) collected ($2.50)
Seat 3: welmuttaja (small blind) folded before Flop
Seat 4: Straubje (big blind) folded before Flop
Seat 5: sta$igk folded before Flop (didn't bet)



PokerStars Hand #254771885053:  Hold'em No Limit ($0.50/$1.00 USD) - 2025/02/08 20:40:10 WET [2025/02/08 15:40:10 ET]
Table 'Sham' 6-max Seat #3 is the button
Seat 6: michasia ($105.50 in chips) is sitting out
Seat 1: BoyLoc0 ($100 in chips) 
Seat 2: reiyser ($103 in chips) 
Seat 3: welmuttaja ($101.67 in chips) 
Seat 4: Straubje ($38.91 in chips) 
Seat 5: sta$igk ($167.23 in chips) 
Straubje: posts small blind $0.50
sta$igk: posts big blind $1
*** HOLE CARDS ***
BoyLoc0: raises $1.50 to $2.50
reiyser: folds 
welmuttaja: folds 
Straubje: folds 
sta$igk: folds 
Uncalled bet ($1.50) returned to BoyLoc0
BoyLoc0 collected $2.50 from pot
BoyLoc0: doesn't show hand 
*** SUMMARY ***
Total pot $2.50 | Rake $0 
Seat 6: michasia
Seat 1: BoyLoc0 collected ($2.50)
Seat 2: reiyser folded before Flop (didn't bet)
Seat 3: welmuttaja (button) folded before Flop (didn't bet)
Seat 4: Straubje (small blind) folded before Flop
Seat 5: sta$igk (big blind) folded before Flop



PokerStars Hand #254771889689:  Hold'em No Limit ($0.50/$1.00 USD) - 2025/02/08 20:40:25 WET [2025/02/08 15:40:25 ET]
Table 'Sham' 6-max Seat #4 is the button
Seat 6: michasia ($105.50 in chips) is sitting out
Seat 1: BoyLoc0 ($101.50 in chips) 
Seat 2: reiyser ($103 in chips) 
Seat 3: welmuttaja ($101.67 in chips) 
Seat 4: Straubje ($38.41 in chips) 
Seat 5: sta$igk ($166.23 in chips) 
sta$igk: posts small blind $0.50
BoyLoc0: posts big blind $1
*** HOLE CARDS ***
reiyser: folds 
welmuttaja: folds 
Straubje: folds 
sta$igk: folds 
Uncalled bet ($0.50) returned to BoyLoc0
BoyLoc0 collected $1 from pot
BoyLoc0: doesn't show hand 
*** SUMMARY ***
Total pot $1 | Rake $0 
Seat 6: michasia
Seat 1: BoyLoc0 (big blind) collected ($1)
Seat 2: reiyser folded before Flop (didn't bet)
Seat 3: welmuttaja folded before Flop (didn't bet)
Seat 4: Straubje (button) folded before Flop (didn't bet)
Seat 5: sta$igk (small blind) folded before Flop



PokerStars Hand #254771892120:  Hold'em No Limit ($0.50/$1.00 USD) - 2025/02/08 20:40:33 WET [2025/02/08 15:40:33 ET]
Table 'Sham' 6-max Seat #5 is the button
Seat 6: michasia ($105.50 in chips) is sitting out
Seat 1: BoyLoc0 ($102 in chips) 
Seat 2: reiyser ($103 in chips) 
Seat 3: welmuttaja ($101.67 in chips) 
Seat 4: Straubje ($38.41 in chips) 
Seat 5: sta$igk ($165.73 in chips) 
BoyLoc0: posts small blind $0.50
reiyser: posts big blind $1
*** HOLE CARDS ***
welmuttaja: folds 
Straubje: folds 
sta$igk: folds 
BoyLoc0: raises $2 to $3
reiyser: calls $2
*** FLOP *** [2h 6c 3s]
BoyLoc0: checks 
reiyser: bets $2.96
BoyLoc0: folds 
Uncalled bet ($2.96) returned to reiyser
reiyser collected $5.70 from pot
reiyser: doesn't show hand 
*** SUMMARY ***
Total pot $6 | Rake $0.30 
Board [2h 6c 3s]
Seat 6: michasia
Seat 1: BoyLoc0 (small blind) folded on the Flop
Seat 2: reiyser (big blind) collected ($5.70)
Seat 3: welmuttaja folded before Flop (didn't bet)
Seat 4: Straubje folded before Flop (didn't bet)
Seat 5: sta$igk (button) folded before Flop (didn't bet)



PokerStars Hand #254771901449:  Hold'em No Limit ($0.50/$1.00 USD) - 2025/02/08 20:41:04 WET [2025/02/08 15:41:04 ET]
Table 'Sham' 6-max Seat #1 is the button
Seat 3: welmuttaja ($101.67 in chips) is sitting out
Seat 6: michasia ($105.50 in chips) is sitting out
Seat 1: BoyLoc0 ($100 in chips) 
Seat 2: reiyser ($105.70 in chips) 
Seat 4: Straubje ($38.41 in chips) 
Seat 5: sta$igk ($165.73 in chips) 
reiyser: posts small blind $0.50
welmuttaja: is sitting out 
Straubje: posts big blind $1
michasia: sits out 
*** HOLE CARDS ***
welmuttaja leaves the table
sta$igk: raises $1.50 to $2.50
BoyLoc0: folds 
reiyser: folds 
Straubje: calls $1.50
*** FLOP *** [3d 8d Js]
Straubje: checks 
BGS013 joins the table at seat #3 
sta$igk: checks 
*** TURN *** [3d 8d Js] [4c]
Straubje: checks 
sta$igk: bets $2.61
Straubje: folds 
Uncalled bet ($2.61) returned to sta$igk
sta$igk collected $5.22 from pot
sta$igk: doesn't show hand 
*** SUMMARY ***
Total pot $5.50 | Rake $0.28 
Board [3d 8d Js 4c]
Seat 3: welmuttaja
Seat 6: michasia
Seat 1: BoyLoc0 (button) folded before Flop (didn't bet)
Seat 2: reiyser (small blind) folded before Flop
Seat 4: Straubje (big blind) folded on the Turn
Seat 5: sta$igk collected ($5.22)



PokerStars Hand #254771911709:  Hold'em No Limit ($0.50/$1.00 USD) - 2025/02/08 20:41:39 WET [2025/02/08 15:41:39 ET]
Table 'Sham' 6-max Seat #2 is the button
Seat 3: BGS013 ($100 in chips) is sitting out
Seat 6: michasia ($105.50 in chips) is sitting out
Seat 1: BoyLoc0 ($100 in chips) 
Seat 2: reiyser ($105.20 in chips) 
Seat 4: Straubje ($35.91 in chips) 
Seat 5: sta$igk ($168.45 in chips) 
Straubje: posts small blind $0.50
sta$igk: posts big blind $1
michasia: sits out 
*** HOLE CARDS ***
BoyLoc0: folds 
reiyser: raises $1.23 to $2.23
Straubje: folds 
sta$igk: folds 
Uncalled bet ($1.23) returned to reiyser
reiyser collected $2.50 from pot
reiyser: doesn't show hand 
*** SUMMARY ***
Total pot $2.50 | Rake $0 
Seat 3: BGS013
Seat 6: michasia
Seat 1: BoyLoc0 folded before Flop (didn't bet)
Seat 2: reiyser (button) collected ($2.50)
Seat 4: Straubje (small blind) folded before Flop
Seat 5: sta$igk (big blind) folded before Flop



PokerStars Hand #254771915621:  Hold'em No Limit ($0.50/$1.00 USD) - 2025/02/08 20:41:53 WET [2025/02/08 15:41:53 ET]
Table 'Sham' 6-max Seat #4 is the button
Seat 3: BGS013 ($100 in chips) is sitting out
Seat 1: BoyLoc0 ($100 in chips) 
Seat 2: reiyser ($106.70 in chips) 
Seat 4: Straubje ($35.41 in chips) 
Seat 5: sta$igk ($167.45 in chips) 
Seat 6: michasia ($105.50 in chips) 
sta$igk: posts small blind $0.50
michasia: posts big blind $1
BGS013: sits out 
*** HOLE CARDS ***
BoyLoc0: folds 
reiyser: folds 
Straubje: folds 
sta$igk: raises $2 to $3
michasia: folds 
Uncalled bet ($2) returned to sta$igk
sta$igk collected $2 from pot
sta$igk: doesn't show hand 
*** SUMMARY ***
Total pot $2 | Rake $0 
Seat 3: BGS013
Seat 1: BoyLoc0 folded before Flop (didn't bet)
Seat 2: reiyser folded before Flop (didn't bet)
Seat 4: Straubje (button) folded before Flop (didn't bet)
Seat 5: sta$igk (small blind) collected ($2)
Seat 6: michasia (big blind) folded before Flop



PokerStars Hand #254771920935:  Hold'em No Limit ($0.50/$1.00 USD) - 2025/02/08 20:42:11 WET [2025/02/08 15:42:11 ET]
Table 'Sham' 6-max Seat #5 is the button
Seat 3: BGS013 ($100 in chips) is sitting out
Seat 1: BoyLoc0 ($100 in chips) 
Seat 2: reiyser ($106.70 in chips) 
Seat 4: Straubje ($35.41 in chips) 
Seat 5: sta$igk ($168.45 in chips) 
Seat 6: michasia ($104.50 in chips) 
michasia: posts small blind $0.50
BoyLoc0: posts big blind $1
BGS013: sits out 
*** HOLE CARDS ***
reiyser: raises $1.23 to $2.23
Straubje: calls $2.23
sta$igk: folds 
michasia: folds 
BoyLoc0: calls $1.23
*** FLOP *** [8s 7c 9h]
BoyLoc0: checks 
reiyser: checks 
Straubje: bets $4.10
BoyLoc0: calls $4.10
reiyser: calls $4.10
*** TURN *** [8s 7c 9h] [9d]
BoyLoc0: checks 
reiyser: checks 
Straubje: bets $14.82
BoyLoc0: folds 
reiyser: raises $36.60 to $51.42
Straubje: calls $14.26 and is all-in
Uncalled bet ($22.34) returned to reiyser
*** RIVER *** [8s 7c 9h 9d] [6h]
*** SHOW DOWN ***
reiyser: shows [Kc Ks] (two pair, Kings and Nines)
Straubje: shows [Tc Jc] (a straight, Seven to Jack)
Straubje collected $74.53 from pot
*** SUMMARY ***
Total pot $77.65 | Rake $3.12 
Board [8s 7c 9h 9d 6h]
Seat 3: BGS013
Seat 1: BoyLoc0 (big blind) folded on the Turn
Seat 2: reiyser showed [Kc Ks] and lost with two pair, Kings and Nines
Seat 4: Straubje showed [Tc Jc] and won ($74.53) with a straight, Seven to Jack
Seat 5: sta$igk (button) folded before Flop (didn't bet)
Seat 6: michasia (small blind) folded before Flop



PokerStars Hand #254771945473:  Hold'em No Limit ($0.50/$1.00 USD) - 2025/02/08 20:43:34 WET [2025/02/08 15:43:34 ET]
Table 'Sham' 6-max Seat #6 is the button
Seat 3: BGS013 ($100 in chips) is sitting out
Seat 1: BoyLoc0 ($100 in chips) 
Seat 2: reiyser ($100 in chips) 
Seat 4: Straubje ($74.53 in chips) 
Seat 5: sta$igk ($168.45 in chips) 
Seat 6: michasia ($104 in chips) 
BoyLoc0: posts small blind $0.50
reiyser: posts big blind $1
BGS013: sits out 
*** HOLE CARDS ***
Straubje: folds 
sta$igk: folds 
michasia: folds 
BoyLoc0: folds 
Uncalled bet ($0.50) returned to reiyser
reiyser collected $1 from pot
reiyser: doesn't show hand 
*** SUMMARY ***
Total pot $1 | Rake $0 
Seat 3: BGS013
Seat 1: BoyLoc0 (small blind) folded before Flop
Seat 2: reiyser (big blind) collected ($1)
Seat 4: Straubje folded before Flop (didn't bet)
Seat 5: sta$igk folded before Flop (didn't bet)
Seat 6: michasia (button) folded before Flop (didn't bet)



PokerStars Hand #254771948831:  Hold'em No Limit ($0.50/$1.00 USD) - 2025/02/08 20:43:45 WET [2025/02/08 15:43:45 ET]
Table 'Sham' 6-max Seat #1 is the button
Seat 1: BoyLoc0 ($100 in chips) 
Seat 2: reiyser ($100.50 in chips) 
Seat 3: BGS013 ($100 in chips) 
Seat 4: Straubje ($74.53 in chips) 
Seat 5: sta$igk ($168.45 in chips) 
Seat 6: michasia ($104 in chips) 
reiyser: posts small blind $0.50
BGS013: posts big blind $1
*** HOLE CARDS ***
Straubje: folds 
sta$igk: folds 
michasia: folds 
BoyLoc0: raises $1.50 to $2.50
reiyser: folds 
BGS013: folds 
Uncalled bet ($1.50) returned to BoyLoc0
BoyLoc0 collected $2.50 from pot
BoyLoc0: doesn't show hand 
*** SUMMARY ***
Total pot $2.50 | Rake $0 
Seat 1: BoyLoc0 (button) collected ($2.50)
Seat 2: reiyser (small blind) folded before Flop
Seat 3: BGS013 (big blind) folded before Flop
Seat 4: Straubje folded before Flop (didn't bet)
Seat 5: sta$igk folded before Flop (didn't bet)
Seat 6: michasia folded before Flop (didn't bet)



PokerStars Hand #254771954124:  Hold'em No Limit ($0.50/$1.00 USD) - 2025/02/08 20:44:02 WET [2025/02/08 15:44:02 ET]
Table 'Sham' 6-max Seat #2 is the button
Seat 1: BoyLoc0 ($101.50 in chips) 
Seat 2: reiyser ($100 in chips) 
Seat 3: BGS013 ($100 in chips) 
Seat 4: Straubje ($74.53 in chips) 
Seat 5: sta$igk ($168.45 in chips) 
Seat 6: michasia ($104 in chips) 
BGS013: posts small blind $0.50
Straubje: posts big blind $1
*** HOLE CARDS ***
sta$igk: folds 
michasia: folds 
BoyLoc0: folds 
reiyser: folds 
BGS013: raises $2 to $3
Straubje: folds 
Uncalled bet ($2) returned to BGS013
BGS013 collected $2 from pot
BGS013: doesn't show hand 
*** SUMMARY ***
Total pot $2 | Rake $0 
Seat 1: BoyLoc0 folded before Flop (didn't bet)
Seat 2: reiyser (button) folded before Flop (didn't bet)
Seat 3: BGS013 (small blind) collected ($2)
Seat 4: Straubje (big blind) folded before Flop
Seat 5: sta$igk folded before Flop (didn't bet)
Seat 6: michasia folded before Flop (didn't bet)



PokerStars Hand #254771959428:  Hold'em No Limit ($0.50/$1.00 USD) - 2025/02/08 20:44:20 WET [2025/02/08 15:44:20 ET]
Table 'Sham' 6-max Seat #3 is the button
Seat 1: BoyLoc0 ($101.50 in chips) 
Seat 2: reiyser ($100 in chips) 
Seat 3: BGS013 ($101 in chips) 
Seat 4: Straubje ($73.53 in chips) 
Seat 5: sta$igk ($168.45 in chips) 
Seat 6: michasia ($104 in chips) 
Straubje: posts small blind $0.50
sta$igk: posts big blind $1
*** HOLE CARDS ***
michasia: folds 
BoyLoc0: folds 
reiyser: raises $1.23 to $2.23
BGS013: folds 
Straubje: folds 
sta$igk: folds 
Uncalled bet ($1.23) returned to reiyser
reiyser collected $2.50 from pot
reiyser: doesn't show hand 
*** SUMMARY ***
Total pot $2.50 | Rake $0 
Seat 1: BoyLoc0 folded before Flop (didn't bet)
Seat 2: reiyser collected ($2.50)
Seat 3: BGS013 (button) folded before Flop (didn't bet)
Seat 4: Straubje (small blind) folded before Flop
Seat 5: sta$igk (big blind) folded before Flop
Seat 6: michasia folded before Flop (didn't bet)



PokerStars Hand #254771965412:  Hold'em No Limit ($0.50/$1.00 USD) - 2025/02/08 20:44:41 WET [2025/02/08 15:44:41 ET]
Table 'Sham' 6-max Seat #4 is the button
Seat 1: BoyLoc0 ($101.50 in chips) 
Seat 2: reiyser ($101.50 in chips) 
Seat 3: BGS013 ($101 in chips) 
Seat 4: Straubje ($73.03 in chips) 
Seat 5: sta$igk ($167.45 in chips) 
Seat 6: michasia ($104 in chips) 
sta$igk: posts small blind $0.50
michasia: posts big blind $1
*** HOLE CARDS ***
BoyLoc0: raises $1.50 to $2.50
reiyser: folds 
BGS013: folds 
Straubje: folds 
sta$igk: folds 
michasia: calls $1.50
*** FLOP *** [Td 8s 9s]
michasia: checks 
BoyLoc0: checks 
*** TURN *** [Td 8s 9s] [Kc]
michasia: checks 
BoyLoc0: checks 
*** RIVER *** [Td 8s 9s Kc] [3s]
michasia: bets $3.48
BoyLoc0: folds 
Uncalled bet ($3.48) returned to michasia
michasia collected $5.22 from pot
michasia: doesn't show hand 
*** SUMMARY ***
Total pot $5.50 | Rake $0.28 
Board [Td 8s 9s Kc 3s]
Seat 1: BoyLoc0 folded on the River
Seat 2: reiyser folded before Flop (didn't bet)
Seat 3: BGS013 folded before Flop (didn't bet)
Seat 4: Straubje (button) folded before Flop (didn't bet)
Seat 5: sta$igk (small blind) folded before Flop
Seat 6: michasia (big blind) collected ($5.22)



PokerStars Hand #254771982064:  Hold'em No Limit ($0.50/$1.00 USD) - 2025/02/08 20:45:37 WET [2025/02/08 15:45:37 ET]
Table 'Sham' 6-max Seat #5 is the button
Seat 1: BoyLoc0 ($100 in chips) 
Seat 2: reiyser ($101.50 in chips) 
Seat 3: BGS013 ($101 in chips) 
Seat 4: Straubje ($73.03 in chips) 
Seat 5: sta$igk ($166.95 in chips) 
Seat 6: michasia ($106.72 in chips) 
michasia: posts small blind $0.50
BoyLoc0: posts big blind $1
*** HOLE CARDS ***
reiyser: folds 
BGS013: raises $1 to $2
Straubje: folds 
sta$igk: folds 
michasia: folds 
BoyLoc0: calls $1
*** FLOP *** [Td 2c Kd]
BoyLoc0: checks 
BGS013: bets $1.11
BoyLoc0: folds 
Uncalled bet ($1.11) returned to BGS013
BGS013 collected $4.28 from pot
BGS013: doesn't show hand 
*** SUMMARY ***
Total pot $4.50 | Rake $0.22 
Board [Td 2c Kd]
Seat 1: BoyLoc0 (big blind) folded on the Flop
Seat 2: reiyser folded before Flop (didn't bet)
Seat 3: BGS013 collected ($4.28)
Seat 4: Straubje folded before Flop (didn't bet)
Seat 5: sta$igk (button) folded before Flop (didn't bet)
Seat 6: michasia (small blind) folded before Flop



PokerStars Hand #254771991793:  Hold'em No Limit ($0.50/$1.00 USD) - 2025/02/08 20:46:10 WET [2025/02/08 15:46:10 ET]
Table 'Sham' 6-max Seat #6 is the button
Seat 1: BoyLoc0 ($100 in chips) 
Seat 2: reiyser ($101.50 in chips) 
Seat 3: BGS013 ($103.28 in chips) 
Seat 4: Straubje ($73.03 in chips) 
Seat 5: sta$igk ($166.95 in chips) 
Seat 6: michasia ($106.22 in chips) 
BoyLoc0: posts small blind $0.50
reiyser: posts big blind $1
*** HOLE CARDS ***
BGS013: folds 
Straubje: folds 
sta$igk: folds 
michasia: raises $1.80 to $2.80
BoyLoc0: folds 
reiyser: folds 
Uncalled bet ($1.80) returned to michasia
michasia collected $2.50 from pot
michasia: doesn't show hand 
*** SUMMARY ***
Total pot $2.50 | Rake $0 
Seat 1: BoyLoc0 (small blind) folded before Flop
Seat 2: reiyser (big blind) folded before Flop
Seat 3: BGS013 folded before Flop (didn't bet)
Seat 4: Straubje folded before Flop (didn't bet)
Seat 5: sta$igk folded before Flop (didn't bet)
Seat 6: michasia (button) collected ($2.50)



PokerStars Hand #254771995503:  Hold'em No Limit ($0.50/$1.00 USD) - 2025/02/08 20:46:23 WET [2025/02/08 15:46:23 ET]
Table 'Sham' 6-max Seat #1 is the button
Seat 1: BoyLoc0 ($100 in chips) 
Seat 2: reiyser ($100.50 in chips) 
Seat 3: BGS013 ($103.28 in chips) 
Seat 4: Straubje ($73.03 in chips) 
Seat 5: sta$igk ($166.95 in chips) 
Seat 6: michasia ($107.72 in chips) 
reiyser: posts small blind $0.50
BGS013: posts big blind $1
*** HOLE CARDS ***
Straubje: folds 
sta$igk: folds 
michasia: folds 
BoyLoc0: folds 
reiyser: folds 
Uncalled bet ($0.50) returned to BGS013
BGS013 collected $1 from pot
BGS013: doesn't show hand 
*** SUMMARY ***
Total pot $1 | Rake $0 
Seat 1: BoyLoc0 (button) folded before Flop (didn't bet)
Seat 2: reiyser (small blind) folded before Flop
Seat 3: BGS013 (big blind) collected ($1)
Seat 4: Straubje folded before Flop (didn't bet)
Seat 5: sta$igk folded before Flop (didn't bet)
Seat 6: michasia folded before Flop (didn't bet)



PokerStars Hand #254771680523:  Hold'em No Limit ($0.50/$1.00 USD) - 2025/02/08 20:28:38 WET [2025/02/08 15:28:38 ET]
Table 'Sham' 6-max Seat #5 is the button
Seat 1: Trojanovich ($137.10 in chips) 
Seat 2: ojeriza ($212.36 in chips) 
Seat 3: welmuttaja ($106.67 in chips) 
Seat 4: Straubje ($38.41 in chips) 
Seat 5: sta$igk ($110.37 in chips) 
Seat 6: michasia ($100 in chips) 
michasia: posts small blind $0.50
Trojanovich: posts big blind $1
Straubje: posts small & big blinds $1.50
*** HOLE CARDS ***
ojeriza: folds 
welmuttaja: folds 
Straubje: checks 
sta$igk: folds 
michasia: folds 
Trojanovich: checks 
*** FLOP *** [6h 4d Jc]
Trojanovich: checks 
Straubje: bets $1.71
Trojanovich: folds 
Uncalled bet ($1.71) returned to Straubje
Straubje collected $2.81 from pot
Straubje: doesn't show hand 
*** SUMMARY ***
Total pot $3 | Rake $0.19 
Board [6h 4d Jc]
Seat 1: Trojanovich (big blind) folded on the Flop
Seat 2: ojeriza folded before Flop (didn't bet)
Seat 3: welmuttaja folded before Flop (didn't bet)
Seat 4: Straubje collected ($2.81)
Seat 5: sta$igk (button) folded before Flop (didn't bet)
Seat 6: michasia (small blind) folded before Flop



PokerStars Hand #254771691397:  Hold'em No Limit ($0.50/$1.00 USD) - 2025/02/08 20:29:16 WET [2025/02/08 15:29:16 ET]
Table 'Sham' 6-max Seat #6 is the button
Seat 1: Trojanovich ($136.10 in chips) 
Seat 2: ojeriza ($212.36 in chips) 
Seat 3: welmuttaja ($106.67 in chips) 
Seat 4: Straubje ($39.72 in chips) 
Seat 5: sta$igk ($110.37 in chips) 
Seat 6: michasia ($100 in chips) 
Trojanovich: posts small blind $0.50
ojeriza: posts big blind $1
*** HOLE CARDS ***
welmuttaja: folds 
Straubje: folds 
sta$igk: folds 
michasia: raises $1.80 to $2.80
Trojanovich: raises $9.20 to $12
ojeriza: folds 
michasia: folds 
Uncalled bet ($9.20) returned to Trojanovich
Trojanovich collected $6.60 from pot
Trojanovich: doesn't show hand 
*** SUMMARY ***
Total pot $6.60 | Rake $0 
Seat 1: Trojanovich (small blind) collected ($6.60)
Seat 2: ojeriza (big blind) folded before Flop
Seat 3: welmuttaja folded before Flop (didn't bet)
Seat 4: Straubje folded before Flop (didn't bet)
Seat 5: sta$igk folded before Flop (didn't bet)
Seat 6: michasia (button) folded before Flop



PokerStars Hand #254771697271:  Hold'em No Limit ($0.50/$1.00 USD) - 2025/02/08 20:29:36 WET [2025/02/08 15:29:36 ET]
Table 'Sham' 6-max Seat #1 is the button
Seat 1: Trojanovich ($139.90 in chips) 
Seat 2: ojeriza ($211.36 in chips) 
Seat 3: welmuttaja ($106.67 in chips) 
Seat 4: Straubje ($39.72 in chips) 
Seat 5: sta$igk ($110.37 in chips) 
Seat 6: michasia ($100 in chips) 
ojeriza: posts small blind $0.50
welmuttaja: posts big blind $1
*** HOLE CARDS ***
Straubje: folds 
sta$igk: folds 
michasia: folds 
Trojanovich: raises $1.50 to $2.50
ojeriza: folds 
welmuttaja: folds 
Uncalled bet ($1.50) returned to Trojanovich
Trojanovich collected $2.50 from pot
Trojanovich: doesn't show hand 
*** SUMMARY ***
Total pot $2.50 | Rake $0 
Seat 1: Trojanovich (button) collected ($2.50)
Seat 2: ojeriza (small blind) folded before Flop
Seat 3: welmuttaja (big blind) folded before Flop
Seat 4: Straubje folded before Flop (didn't bet)
Seat 5: sta$igk folded before Flop (didn't bet)
Seat 6: michasia folded before Flop (didn't bet)



PokerStars Hand #254771706235:  Hold'em No Limit ($0.50/$1.00 USD) - 2025/02/08 20:30:06 WET [2025/02/08 15:30:06 ET]
Table 'Sham' 6-max Seat #2 is the button
Seat 4: Straubje ($39.72 in chips) is sitting out
Seat 1: Trojanovich ($141.40 in chips) 
Seat 2: ojeriza ($210.86 in chips) 
Seat 3: welmuttaja ($105.67 in chips) 
Seat 5: sta$igk ($110.37 in chips) 
Seat 6: michasia ($100 in chips) 
welmuttaja: posts small blind $0.50
Straubje has timed out
Straubje: is sitting out 
sta$igk: posts big blind $1
*** HOLE CARDS ***
michasia: folds 
Trojanovich: folds 
ojeriza: folds 
welmuttaja: folds 
Uncalled bet ($0.50) returned to sta$igk
sta$igk collected $1 from pot
sta$igk: doesn't show hand 
*** SUMMARY ***
Total pot $1 | Rake $0 
Seat 4: Straubje
Seat 1: Trojanovich folded before Flop (didn't bet)
Seat 2: ojeriza (button) folded before Flop (didn't bet)
Seat 3: welmuttaja (small blind) folded before Flop
Seat 5: sta$igk (big blind) collected ($1)
Seat 6: michasia folded before Flop (didn't bet)



PokerStars Hand #254771998500:  Hold'em No Limit ($0.50/$1.00 USD) - 2025/02/08 20:46:34 WET [2025/02/08 15:46:34 ET]
Table 'Sham' 6-max Seat #2 is the button
Seat 1: BoyLoc0 ($100 in chips) 
Seat 2: reiyser ($100 in chips) 
Seat 3: BGS013 ($103.78 in chips) 
Seat 4: Straubje ($73.03 in chips) 
Seat 5: sta$igk ($166.95 in chips) 
Seat 6: michasia ($107.72 in chips) 
BGS013: posts small blind $0.50
Straubje: posts big blind $1
*** HOLE CARDS ***
sta$igk: raises $1.50 to $2.50
michasia: folds 
BoyLoc0: folds 
reiyser: folds 
BGS013: folds 
Straubje: calls $1.50
*** FLOP *** [Jd 2c Ad]
Straubje: checks 
sta$igk: checks 
*** TURN *** [Jd 2c Ad] [Ks]
Straubje: checks 
sta$igk: bets $3.92
Straubje: calls $3.92
*** RIVER *** [Jd 2c Ad Ks] [9d]
Straubje: bets $10.14
sta$igk: calls $10.14
*** SHOW DOWN ***
Straubje: shows [Qd 7d] (a flush, Ace high)
sta$igk: mucks hand 
Straubje collected $31.52 from pot
*** SUMMARY ***
Total pot $33.62 | Rake $2.10 
Board [Jd 2c Ad Ks 9d]
Seat 1: BoyLoc0 folded before Flop (didn't bet)
Seat 2: reiyser (button) folded before Flop (didn't bet)
Seat 3: BGS013 (small blind) folded before Flop
Seat 4: Straubje (big blind) showed [Qd 7d] and won ($31.52) with a flush, Ace high
Seat 5: sta$igk mucked
Seat 6: michasia folded before Flop (didn't bet)



PokerStars Hand #254772017971:  Hold'em No Limit ($0.50/$1.00 USD) - 2025/02/08 20:47:41 WET [2025/02/08 15:47:41 ET]
Table 'Sham' 6-max Seat #3 is the button
Seat 1: BoyLoc0 ($100 in chips) 
Seat 2: reiyser ($100 in chips) 
Seat 3: BGS013 ($103.28 in chips) 
Seat 4: Straubje ($87.99 in chips) 
Seat 5: sta$igk ($150.39 in chips) 
Seat 6: michasia ($107.72 in chips) 
Straubje: posts small blind $0.50
sta$igk: posts big blind $1
*** HOLE CARDS ***
michasia: raises $1.60 to $2.60
BoyLoc0: folds 
reiyser: folds 
BGS013: folds 
Straubje: folds 
sta$igk: folds 
Uncalled bet ($1.60) returned to michasia
michasia collected $2.50 from pot
michasia: doesn't show hand 
*** SUMMARY ***
Total pot $2.50 | Rake $0 
Seat 1: BoyLoc0 folded before Flop (didn't bet)
Seat 2: reiyser folded before Flop (didn't bet)
Seat 3: BGS013 (button) folded before Flop (didn't bet)
Seat 4: Straubje (small blind) folded before Flop
Seat 5: sta$igk (big blind) folded before Flop
Seat 6: michasia collected ($2.50)



PokerStars Hand #254772023609:  Hold'em No Limit ($0.50/$1.00 USD) - 2025/02/08 20:48:00 WET [2025/02/08 15:48:00 ET]
Table 'Sham' 6-max Seat #4 is the button
Seat 1: BoyLoc0 ($100 in chips) 
Seat 2: reiyser ($100 in chips) 
Seat 3: BGS013 ($103.28 in chips) 
Seat 4: Straubje ($87.49 in chips) 
Seat 5: sta$igk ($149.39 in chips) 
Seat 6: michasia ($109.22 in chips) 
sta$igk: posts small blind $0.50
michasia: posts big blind $1
*** HOLE CARDS ***
BoyLoc0: raises $1.50 to $2.50
reiyser: folds 
BGS013: folds 
Straubje: folds 
sta$igk: folds 
michasia: folds 
Uncalled bet ($1.50) returned to BoyLoc0
BoyLoc0 collected $2.50 from pot
BoyLoc0: doesn't show hand 
*** SUMMARY ***
Total pot $2.50 | Rake $0 
Seat 1: BoyLoc0 collected ($2.50)
Seat 2: reiyser folded before Flop (didn't bet)
Seat 3: BGS013 folded before Flop (didn't bet)
Seat 4: Straubje (button) folded before Flop (didn't bet)
Seat 5: sta$igk (small blind) folded before Flop
Seat 6: michasia (big blind) folded before Flop



PokerStars Hand #254772028298:  Hold'em No Limit ($0.50/$1.00 USD) - 2025/02/08 20:48:16 WET [2025/02/08 15:48:16 ET]
Table 'Sham' 6-max Seat #5 is the button
Seat 1: BoyLoc0 ($101.50 in chips) 
Seat 2: reiyser ($100 in chips) 
Seat 3: BGS013 ($103.28 in chips) 
Seat 4: Straubje ($87.49 in chips) 
Seat 5: sta$igk ($148.89 in chips) 
Seat 6: michasia ($108.22 in chips) 
michasia: posts small blind $0.50
BoyLoc0: posts big blind $1
*** HOLE CARDS ***
reiyser: folds 
BGS013: folds 
Straubje: folds 
sta$igk: raises $1.50 to $2.50
michasia: folds 
BoyLoc0: folds 
Uncalled bet ($1.50) returned to sta$igk
sta$igk collected $2.50 from pot
sta$igk: doesn't show hand 
*** SUMMARY ***
Total pot $2.50 | Rake $0 
Seat 1: BoyLoc0 (big blind) folded before Flop
Seat 2: reiyser folded before Flop (didn't bet)
Seat 3: BGS013 folded before Flop (didn't bet)
Seat 4: Straubje folded before Flop (didn't bet)
Seat 5: sta$igk (button) collected ($2.50)
Seat 6: michasia (small blind) folded before Flop



PokerStars Hand #254772031543:  Hold'em No Limit ($0.50/$1.00 USD) - 2025/02/08 20:48:27 WET [2025/02/08 15:48:27 ET]
Table 'Sham' 6-max Seat #6 is the button
Seat 1: BoyLoc0 ($100.50 in chips) 
Seat 2: reiyser ($100 in chips) 
Seat 3: BGS013 ($103.28 in chips) 
Seat 4: Straubje ($87.49 in chips) 
Seat 5: sta$igk ($150.39 in chips) 
Seat 6: michasia ($107.72 in chips) 
BoyLoc0: posts small blind $0.50
reiyser: posts big blind $1
*** HOLE CARDS ***
BGS013: folds 
Straubje: folds 
sta$igk: folds 
michasia: folds 
BoyLoc0: raises $2 to $3
reiyser: folds 
Uncalled bet ($2) returned to BoyLoc0
BoyLoc0 collected $2 from pot
BoyLoc0: doesn't show hand 
*** SUMMARY ***
Total pot $2 | Rake $0 
Seat 1: BoyLoc0 (small blind) collected ($2)
Seat 2: reiyser (big blind) folded before Flop
Seat 3: BGS013 folded before Flop (didn't bet)
Seat 4: Straubje folded before Flop (didn't bet)
Seat 5: sta$igk folded before Flop (didn't bet)
Seat 6: michasia (button) folded before Flop (didn't bet)



PokerStars Hand #254772035557:  Hold'em No Limit ($0.50/$1.00 USD) - 2025/02/08 20:48:41 WET [2025/02/08 15:48:41 ET]
Table 'Sham' 6-max Seat #1 is the button
Seat 1: BoyLoc0 ($101.50 in chips) 
Seat 2: reiyser ($100 in chips) 
Seat 3: BGS013 ($103.28 in chips) 
Seat 4: Straubje ($87.49 in chips) 
Seat 5: sta$igk ($150.39 in chips) 
Seat 6: michasia ($107.72 in chips) 
reiyser: posts small blind $0.50
BGS013: posts big blind $1
*** HOLE CARDS ***
Straubje: folds 
sta$igk: folds 
michasia: folds 
BoyLoc0: folds 
reiyser: raises $1.80 to $2.80
BGS013: folds 
Uncalled bet ($1.80) returned to reiyser
reiyser collected $2 from pot
reiyser: doesn't show hand 
*** SUMMARY ***
Total pot $2 | Rake $0 
Seat 1: BoyLoc0 (button) folded before Flop (didn't bet)
Seat 2: reiyser (small blind) collected ($2)
Seat 3: BGS013 (big blind) folded before Flop
Seat 4: Straubje folded before Flop (didn't bet)
Seat 5: sta$igk folded before Flop (didn't bet)
Seat 6: michasia folded before Flop (didn't bet)



PokerStars Hand #254772041953:  Hold'em No Limit ($0.50/$1.00 USD) - 2025/02/08 20:49:03 WET [2025/02/08 15:49:03 ET]
Table 'Sham' 6-max Seat #2 is the button
Seat 1: BoyLoc0 ($101.50 in chips) 
Seat 2: reiyser ($101 in chips) 
Seat 3: BGS013 ($102.28 in chips) 
Seat 4: Straubje ($87.49 in chips) 
Seat 5: sta$igk ($150.39 in chips) 
Seat 6: michasia ($107.72 in chips) 
BGS013: posts small blind $0.50
Straubje: posts big blind $1
*** HOLE CARDS ***
sta$igk: folds 
michasia: folds 
BoyLoc0: raises $1.50 to $2.50
reiyser: folds 
BGS013: folds 
Straubje: folds 
Uncalled bet ($1.50) returned to BoyLoc0
BoyLoc0 collected $2.50 from pot
BoyLoc0: doesn't show hand 
*** SUMMARY ***
Total pot $2.50 | Rake $0 
Seat 1: BoyLoc0 collected ($2.50)
Seat 2: reiyser (button) folded before Flop (didn't bet)
Seat 3: BGS013 (small blind) folded before Flop
Seat 4: Straubje (big blind) folded before Flop
Seat 5: sta$igk folded before Flop (didn't bet)
Seat 6: michasia folded before Flop (didn't bet)



PokerStars Hand #254772046729:  Hold'em No Limit ($0.50/$1.00 USD) - 2025/02/08 20:49:19 WET [2025/02/08 15:49:19 ET]
Table 'Sham' 6-max Seat #3 is the button
Seat 1: BoyLoc0 ($103 in chips) 
Seat 2: reiyser ($101 in chips) 
Seat 3: BGS013 ($101.78 in chips) 
Seat 4: Straubje ($86.49 in chips) 
Seat 5: sta$igk ($150.39 in chips) 
Seat 6: michasia ($107.72 in chips) 
Straubje: posts small blind $0.50
sta$igk: posts big blind $1
*** HOLE CARDS ***
michasia: folds 
BoyLoc0: folds 
reiyser: folds 
BGS013: raises $1.50 to $2.50
Straubje: folds 
sta$igk: folds 
Uncalled bet ($1.50) returned to BGS013
BGS013 collected $2.50 from pot
BGS013: doesn't show hand 
*** SUMMARY ***
Total pot $2.50 | Rake $0 
Seat 1: BoyLoc0 folded before Flop (didn't bet)
Seat 2: reiyser folded before Flop (didn't bet)
Seat 3: BGS013 (button) collected ($2.50)
Seat 4: Straubje (small blind) folded before Flop
Seat 5: sta$igk (big blind) folded before Flop
Seat 6: michasia folded before Flop (didn't bet)



PokerStars Hand #254772050487:  Hold'em No Limit ($0.50/$1.00 USD) - 2025/02/08 20:49:32 WET [2025/02/08 15:49:32 ET]
Table 'Sham' 6-max Seat #4 is the button
Seat 1: BoyLoc0 ($103 in chips) 
Seat 2: reiyser ($101 in chips) 
Seat 3: BGS013 ($103.28 in chips) 
Seat 4: Straubje ($85.99 in chips) 
Seat 5: sta$igk ($149.39 in chips) 
Seat 6: michasia ($107.72 in chips) 
sta$igk: posts small blind $0.50
michasia: posts big blind $1
*** HOLE CARDS ***
BoyLoc0: folds 
reiyser: folds 
BGS013: folds 
Straubje: raises $2 to $3
sta$igk: folds 
michasia: folds 
Uncalled bet ($2) returned to Straubje
Straubje collected $2.50 from pot
Straubje: doesn't show hand 
*** SUMMARY ***
Total pot $2.50 | Rake $0 
Seat 1: BoyLoc0 folded before Flop (didn't bet)
Seat 2: reiyser folded before Flop (didn't bet)
Seat 3: BGS013 folded before Flop (didn't bet)
Seat 4: Straubje (button) collected ($2.50)
Seat 5: sta$igk (small blind) folded before Flop
Seat 6: michasia (big blind) folded before Flop



PokerStars Hand #254772056993:  Hold'em No Limit ($0.50/$1.00 USD) - 2025/02/08 20:49:54 WET [2025/02/08 15:49:54 ET]
Table 'Sham' 6-max Seat #5 is the button
Seat 1: BoyLoc0 ($103 in chips) 
Seat 2: reiyser ($101 in chips) 
Seat 3: BGS013 ($103.28 in chips) 
Seat 4: Straubje ($87.49 in chips) 
Seat 5: sta$igk ($148.89 in chips) 
Seat 6: michasia ($106.72 in chips) 
michasia: posts small blind $0.50
BoyLoc0: posts big blind $1
*** HOLE CARDS ***
reiyser: folds 
BGS013: folds 
Straubje: folds 
sta$igk: raises $1.50 to $2.50
michasia: folds 
BoyLoc0: folds 
Uncalled bet ($1.50) returned to sta$igk
sta$igk collected $2.50 from pot
sta$igk: doesn't show hand 
*** SUMMARY ***
Total pot $2.50 | Rake $0 
Seat 1: BoyLoc0 (big blind) folded before Flop
Seat 2: reiyser folded before Flop (didn't bet)
Seat 3: BGS013 folded before Flop (didn't bet)
Seat 4: Straubje folded before Flop (didn't bet)
Seat 5: sta$igk (button) collected ($2.50)
Seat 6: michasia (small blind) folded before Flop



PokerStars Hand #254772059479:  Hold'em No Limit ($0.50/$1.00 USD) - 2025/02/08 20:50:03 WET [2025/02/08 15:50:03 ET]
Table 'Sham' 6-max Seat #6 is the button
Seat 1: BoyLoc0 ($102 in chips) 
Seat 2: reiyser ($101 in chips) 
Seat 3: BGS013 ($103.28 in chips) 
Seat 4: Straubje ($87.49 in chips) 
Seat 5: sta$igk ($150.39 in chips) 
Seat 6: michasia ($106.22 in chips) 
BoyLoc0: posts small blind $0.50
reiyser: posts big blind $1
*** HOLE CARDS ***
BGS013: folds 
Straubje: folds 
sta$igk: folds 
michasia: raises $1.80 to $2.80
BoyLoc0: folds 
reiyser: folds 
Uncalled bet ($1.80) returned to michasia
michasia collected $2.50 from pot
michasia: doesn't show hand 
*** SUMMARY ***
Total pot $2.50 | Rake $0 
Seat 1: BoyLoc0 (small blind) folded before Flop
Seat 2: reiyser (big blind) folded before Flop
Seat 3: BGS013 folded before Flop (didn't bet)
Seat 4: Straubje folded before Flop (didn't bet)
Seat 5: sta$igk folded before Flop (didn't bet)
Seat 6: michasia (button) collected ($2.50)



PokerStars Hand #254772064104:  Hold'em No Limit ($0.50/$1.00 USD) - 2025/02/08 20:50:19 WET [2025/02/08 15:50:19 ET]
Table 'Sham' 6-max Seat #1 is the button
Seat 1: BoyLoc0 ($101.50 in chips) 
Seat 2: reiyser ($100 in chips) 
Seat 3: BGS013 ($103.28 in chips) 
Seat 4: Straubje ($87.49 in chips) 
Seat 5: sta$igk ($150.39 in chips) 
Seat 6: michasia ($107.72 in chips) 
reiyser: posts small blind $0.50
BGS013: posts big blind $1
*** HOLE CARDS ***
Straubje: folds 
sta$igk: folds 
michasia: folds 
BoyLoc0: folds 
reiyser: folds 
Uncalled bet ($0.50) returned to BGS013
BGS013 collected $1 from pot
BGS013: doesn't show hand 
*** SUMMARY ***
Total pot $1 | Rake $0 
Seat 1: BoyLoc0 (button) folded before Flop (didn't bet)
Seat 2: reiyser (small blind) folded before Flop
Seat 3: BGS013 (big blind) collected ($1)
Seat 4: Straubje folded before Flop (didn't bet)
Seat 5: sta$igk folded before Flop (didn't bet)
Seat 6: michasia folded before Flop (didn't bet)



PokerStars Hand #254772066915:  Hold'em No Limit ($0.50/$1.00 USD) - 2025/02/08 20:50:28 WET [2025/02/08 15:50:28 ET]
Table 'Sham' 6-max Seat #2 is the button
Seat 1: BoyLoc0 ($101.50 in chips) 
Seat 2: reiyser ($100 in chips) 
Seat 3: BGS013 ($103.78 in chips) 
Seat 4: Straubje ($87.49 in chips) 
Seat 5: sta$igk ($150.39 in chips) 
Seat 6: michasia ($107.72 in chips) 
BGS013: posts small blind $0.50
Straubje: posts big blind $1
*** HOLE CARDS ***
sta$igk: folds 
michasia: folds 
BoyLoc0: raises $1.50 to $2.50
reiyser: folds 
BGS013: folds 
Straubje: raises $3.50 to $6
BoyLoc0: raises $12.50 to $18.50
Straubje: calls $12.50
*** FLOP *** [Qh Kd Ac]
Straubje: bets $21.37
BoyLoc0: raises $61.63 to $83 and is all-in
Straubje: calls $47.62 and is all-in
Uncalled bet ($14.01) returned to BoyLoc0
*** TURN *** [Qh Kd Ac] [2h]
*** RIVER *** [Qh Kd Ac 2h] [8s]
*** SHOW DOWN ***
Straubje: shows [Ks Ad] (two pair, Aces and Kings)
BoyLoc0: shows [As Kh] (two pair, Aces and Kings)
Straubje collected $86.18 from pot
BoyLoc0 collected $86.49 from pot
*** SUMMARY ***
Total pot $175.48 | Rake $2.81 
Board [Qh Kd Ac 2h 8s]
Seat 1: BoyLoc0 showed [As Kh] and won ($86.49) with two pair, Aces and Kings
Seat 2: reiyser (button) folded before Flop (didn't bet)
Seat 3: BGS013 (small blind) folded before Flop
Seat 4: Straubje (big blind) showed [Ks Ad] and won ($86.18) with two pair, Aces and Kings
Seat 5: sta$igk folded before Flop (didn't bet)
Seat 6: michasia folded before Flop (didn't bet)



PokerStars Hand #254772079394:  Hold'em No Limit ($0.50/$1.00 USD) - 2025/02/08 20:51:11 WET [2025/02/08 15:51:11 ET]
Table 'Sham' 6-max Seat #3 is the button
Seat 1: BoyLoc0 ($100.50 in chips) 
Seat 2: reiyser ($100 in chips) 
Seat 3: BGS013 ($103.28 in chips) 
Seat 4: Straubje ($86.18 in chips) 
Seat 5: sta$igk ($150.39 in chips) 
Seat 6: michasia ($107.72 in chips) 
Straubje: posts small blind $0.50
sta$igk: posts big blind $1
*** HOLE CARDS ***
michasia: raises $1.60 to $2.60
BoyLoc0: folds 
reiyser: raises $5.40 to $8
BGS013: folds 
Straubje: folds 
sta$igk: folds 
michasia: folds 
Uncalled bet ($5.40) returned to reiyser
reiyser collected $6.70 from pot
reiyser: doesn't show hand 
*** SUMMARY ***
Total pot $6.70 | Rake $0 
Seat 1: BoyLoc0 folded before Flop (didn't bet)
Seat 2: reiyser collected ($6.70)
Seat 3: BGS013 (button) folded before Flop (didn't bet)
Seat 4: Straubje (small blind) folded before Flop
Seat 5: sta$igk (big blind) folded before Flop
Seat 6: michasia folded before Flop



PokerStars Hand #254772085338:  Hold'em No Limit ($0.50/$1.00 USD) - 2025/02/08 20:51:31 WET [2025/02/08 15:51:31 ET]
Table 'Sham' 6-max Seat #4 is the button
Seat 1: BoyLoc0 ($100.50 in chips) 
Seat 2: reiyser ($104.10 in chips) 
Seat 3: BGS013 ($103.28 in chips) 
Seat 4: Straubje ($85.68 in chips) 
Seat 5: sta$igk ($149.39 in chips) 
Seat 6: michasia ($105.12 in chips) 
sta$igk: posts small blind $0.50
michasia: posts big blind $1
*** HOLE CARDS ***
BoyLoc0: raises $1.50 to $2.50
reiyser: folds 
BGS013: raises $5.50 to $8
Straubje: folds 
sta$igk: folds 
michasia: folds 
BoyLoc0: raises $14 to $22
BGS013: calls $14
*** FLOP *** [9s 4h 4d]
BoyLoc0: bets $21.61
BGS013: folds 
Uncalled bet ($21.61) returned to BoyLoc0
BoyLoc0 collected $43.22 from pot
BoyLoc0: doesn't show hand 
*** SUMMARY ***
Total pot $45.50 | Rake $2.28 
Board [9s 4h 4d]
Seat 1: BoyLoc0 collected ($43.22)
Seat 2: reiyser folded before Flop (didn't bet)
Seat 3: BGS013 folded on the Flop
Seat 4: Straubje (button) folded before Flop (didn't bet)
Seat 5: sta$igk (small blind) folded before Flop
Seat 6: michasia (big blind) folded before Flop



PokerStars Hand #254772100242:  Hold'em No Limit ($0.50/$1.00 USD) - 2025/02/08 20:52:22 WET [2025/02/08 15:52:22 ET]
Table 'Sham' 6-max Seat #5 is the button
Seat 1: BoyLoc0 ($121.72 in chips) 
Seat 2: reiyser ($104.10 in chips) 
Seat 3: BGS013 ($100 in chips) 
Seat 4: Straubje ($85.68 in chips) 
Seat 5: sta$igk ($148.89 in chips) 
Seat 6: michasia ($104.12 in chips) 
michasia: posts small blind $0.50
BoyLoc0: posts big blind $1
*** HOLE CARDS ***
reiyser: folds 
BGS013: raises $1 to $2
Straubje: folds 
sta$igk: folds 
michasia: folds 
BoyLoc0: folds 
Uncalled bet ($1) returned to BGS013
BGS013 collected $2.50 from pot
BGS013: doesn't show hand 
*** SUMMARY ***
Total pot $2.50 | Rake $0 
Seat 1: BoyLoc0 (big blind) folded before Flop
Seat 2: reiyser folded before Flop (didn't bet)
Seat 3: BGS013 collected ($2.50)
Seat 4: Straubje folded before Flop (didn't bet)
Seat 5: sta$igk (button) folded before Flop (didn't bet)
Seat 6: michasia (small blind) folded before Flop



PokerStars Hand #254772103079:  Hold'em No Limit ($0.50/$1.00 USD) - 2025/02/08 20:52:32 WET [2025/02/08 15:52:32 ET]
Table 'Sham' 6-max Seat #6 is the button
Seat 1: BoyLoc0 ($120.72 in chips) 
Seat 2: reiyser ($104.10 in chips) 
Seat 3: BGS013 ($101.50 in chips) 
Seat 4: Straubje ($85.68 in chips) 
Seat 5: sta$igk ($148.89 in chips) 
Seat 6: michasia ($103.62 in chips) 
BoyLoc0: posts small blind $0.50
reiyser: posts big blind $1
*** HOLE CARDS ***
BGS013: folds 
Straubje: folds 
sta$igk: raises $1.50 to $2.50
michasia: folds 
BoyLoc0: folds 
reiyser: calls $1.50
*** FLOP *** [7c 6s 9c]
reiyser: checks 
sta$igk: checks 
*** TURN *** [7c 6s 9c] [Qs]
reiyser: checks 
sta$igk: bets $7.83
reiyser: folds 
Uncalled bet ($7.83) returned to sta$igk
sta$igk collected $5.22 from pot
sta$igk: doesn't show hand 
*** SUMMARY ***
Total pot $5.50 | Rake $0.28 
Board [7c 6s 9c Qs]
Seat 1: BoyLoc0 (small blind) folded before Flop
Seat 2: reiyser (big blind) folded on the Turn
Seat 3: BGS013 folded before Flop (didn't bet)
Seat 4: Straubje folded before Flop (didn't bet)
Seat 5: sta$igk collected ($5.22)
Seat 6: michasia (button) folded before Flop (didn't bet)



PokerStars Hand #254772117322:  Hold'em No Limit ($0.50/$1.00 USD) - 2025/02/08 20:53:21 WET [2025/02/08 15:53:21 ET]
Table 'Sham' 6-max Seat #1 is the button
Seat 1: BoyLoc0 ($120.22 in chips) 
Seat 2: reiyser ($101.60 in chips) 
Seat 3: BGS013 ($101.50 in chips) 
Seat 4: Straubje ($85.68 in chips) 
Seat 5: sta$igk ($151.61 in chips) 
Seat 6: michasia ($103.62 in chips) 
reiyser: posts small blind $0.50
BGS013: posts big blind $1
*** HOLE CARDS ***
Straubje: folds 
sta$igk: raises $1.50 to $2.50
michasia: folds 
BoyLoc0: raises $5 to $7.50
reiyser: folds 
BGS013: folds 
sta$igk: folds 
Uncalled bet ($5) returned to BoyLoc0
BoyLoc0 collected $6.50 from pot
BoyLoc0: doesn't show hand 
*** SUMMARY ***
Total pot $6.50 | Rake $0 
Seat 1: BoyLoc0 (button) collected ($6.50)
Seat 2: reiyser (small blind) folded before Flop
Seat 3: BGS013 (big blind) folded before Flop
Seat 4: Straubje folded before Flop (didn't bet)
Seat 5: sta$igk folded before Flop
Seat 6: michasia folded before Flop (didn't bet)



PokerStars Hand #254772123513:  Hold'em No Limit ($0.50/$1.00 USD) - 2025/02/08 20:53:42 WET [2025/02/08 15:53:42 ET]
Table 'Sham' 6-max Seat #2 is the button
Seat 1: BoyLoc0 ($124.22 in chips) 
Seat 2: reiyser ($101.10 in chips) 
Seat 3: BGS013 ($100.50 in chips) 
Seat 4: Straubje ($85.68 in chips) 
Seat 5: sta$igk ($149.11 in chips) 
Seat 6: michasia ($103.62 in chips) 
BGS013: posts small blind $0.50
Straubje: posts big blind $1
*** HOLE CARDS ***
sta$igk: folds 
michasia: folds 
BoyLoc0: folds 
reiyser: folds 
BGS013: folds 
Uncalled bet ($0.50) returned to Straubje
Straubje collected $1 from pot
Straubje: doesn't show hand 
*** SUMMARY ***
Total pot $1 | Rake $0 
Seat 1: BoyLoc0 folded before Flop (didn't bet)
Seat 2: reiyser (button) folded before Flop (didn't bet)
Seat 3: BGS013 (small blind) folded before Flop
Seat 4: Straubje (big blind) collected ($1)
Seat 5: sta$igk folded before Flop (didn't bet)
Seat 6: michasia folded before Flop (didn't bet)



PokerStars Hand #254772131072:  Hold'em No Limit ($0.50/$1.00 USD) - 2025/02/08 20:54:08 WET [2025/02/08 15:54:08 ET]
Table 'Sham' 6-max Seat #3 is the button
Seat 1: BoyLoc0 ($124.22 in chips) 
Seat 2: reiyser ($101.10 in chips) 
Seat 3: BGS013 ($100 in chips) 
Seat 4: Straubje ($86.18 in chips) 
Seat 5: sta$igk ($149.11 in chips) 
Seat 6: michasia ($103.62 in chips) 
Straubje: posts small blind $0.50
sta$igk: posts big blind $1
*** HOLE CARDS ***
michasia: folds 
BoyLoc0: folds 
reiyser: folds 
BGS013: raises $1.50 to $2.50
Straubje: folds 
sta$igk: folds 
Uncalled bet ($1.50) returned to BGS013
BGS013 collected $2.50 from pot
BGS013: doesn't show hand 
*** SUMMARY ***
Total pot $2.50 | Rake $0 
Seat 1: BoyLoc0 folded before Flop (didn't bet)
Seat 2: reiyser folded before Flop (didn't bet)
Seat 3: BGS013 (button) collected ($2.50)
Seat 4: Straubje (small blind) folded before Flop
Seat 5: sta$igk (big blind) folded before Flop
Seat 6: michasia folded before Flop (didn't bet)



PokerStars Hand #254772136306:  Hold'em No Limit ($0.50/$1.00 USD) - 2025/02/08 20:54:26 WET [2025/02/08 15:54:26 ET]
Table 'Sham' 6-max Seat #4 is the button
Seat 1: BoyLoc0 ($124.22 in chips) 
Seat 2: reiyser ($101.10 in chips) 
Seat 3: BGS013 ($101.50 in chips) 
Seat 4: Straubje ($85.68 in chips) 
Seat 5: sta$igk ($148.11 in chips) 
Seat 6: michasia ($103.62 in chips) 
sta$igk: posts small blind $0.50
michasia: posts big blind $1
*** HOLE CARDS ***
BoyLoc0: folds 
reiyser: folds 
BGS013: folds 
Straubje: folds 
sta$igk: raises $2 to $3
michasia: calls $2
*** FLOP *** [4s 3h 3s]
sta$igk: checks 
michasia: checks 
*** TURN *** [4s 3h 3s] [8s]
sta$igk: bets $1.88
michasia: folds 
Uncalled bet ($1.88) returned to sta$igk
sta$igk collected $5.70 from pot
sta$igk: doesn't show hand 
*** SUMMARY ***
Total pot $6 | Rake $0.30 
Board [4s 3h 3s 8s]
Seat 1: BoyLoc0 folded before Flop (didn't bet)
Seat 2: reiyser folded before Flop (didn't bet)
Seat 3: BGS013 folded before Flop (didn't bet)
Seat 4: Straubje (button) folded before Flop (didn't bet)
Seat 5: sta$igk (small blind) collected ($5.70)
Seat 6: michasia (big blind) folded on the Turn



PokerStars Hand #254772148112:  Hold'em No Limit ($0.50/$1.00 USD) - 2025/02/08 20:55:09 WET [2025/02/08 15:55:09 ET]
Table 'Sham' 6-max Seat #5 is the button
Seat 1: BoyLoc0 ($124.22 in chips) 
Seat 2: reiyser ($101.10 in chips) 
Seat 3: BGS013 ($101.50 in chips) 
Seat 4: Straubje ($85.68 in chips) 
Seat 5: sta$igk ($150.81 in chips) 
Seat 6: michasia ($100.62 in chips) 
michasia: posts small blind $0.50
BoyLoc0: posts big blind $1
*** HOLE CARDS ***
reiyser: folds 
BGS013: folds 
Straubje: calls $1
sta$igk: folds 
michasia: folds 
BoyLoc0: raises $4 to $5
Straubje: calls $4
*** FLOP *** [Kd Ad 8d]
BoyLoc0: bets $3
Straubje: raises $8.59 to $11.59
BoyLoc0: folds 
Uncalled bet ($8.59) returned to Straubje
Straubje collected $15.48 from pot
Straubje: doesn't show hand 
*** SUMMARY ***
Total pot $16.50 | Rake $1.02 
Board [Kd Ad 8d]
Seat 1: BoyLoc0 (big blind) folded on the Flop
Seat 2: reiyser folded before Flop (didn't bet)
Seat 3: BGS013 folded before Flop (didn't bet)
Seat 4: Straubje collected ($15.48)
Seat 5: sta$igk (button) folded before Flop (didn't bet)
Seat 6: michasia (small blind) folded before Flop



PokerStars Hand #254772154014:  Hold'em No Limit ($0.50/$1.00 USD) - 2025/02/08 20:55:41 WET [2025/02/08 15:55:41 ET]
Table 'Sham' 6-max Seat #6 is the button
Seat 1: BoyLoc0 ($116.22 in chips) 
Seat 2: reiyser ($101.10 in chips) 
Seat 3: BGS013 ($101.50 in chips) 
Seat 4: Straubje ($93.16 in chips) 
Seat 5: sta$igk ($150.81 in chips) 
Seat 6: michasia ($100.12 in chips) 
BoyLoc0: posts small blind $0.50
reiyser: posts big blind $1
*** HOLE CARDS ***
BGS013: folds 
Straubje: folds 
sta$igk: folds 
michasia: folds 
BoyLoc0: raises $2 to $3
reiyser: folds 
Uncalled bet ($2) returned to BoyLoc0
BoyLoc0 collected $2 from pot
BoyLoc0: doesn't show hand 
*** SUMMARY ***
Total pot $2 | Rake $0 
Seat 1: BoyLoc0 (small blind) collected ($2)
Seat 2: reiyser (big blind) folded before Flop
Seat 3: BGS013 folded before Flop (didn't bet)
Seat 4: Straubje folded before Flop (didn't bet)
Seat 5: sta$igk folded before Flop (didn't bet)
Seat 6: michasia (button) folded before Flop (didn't bet)



PokerStars Hand #254772156197:  Hold'em No Limit ($0.50/$1.00 USD) - 2025/02/08 20:55:52 WET [2025/02/08 15:55:52 ET]
Table 'Sham' 6-max Seat #1 is the button
Seat 1: BoyLoc0 ($117.22 in chips) 
Seat 2: reiyser ($100.10 in chips) 
Seat 3: BGS013 ($101.50 in chips) 
Seat 4: Straubje ($93.16 in chips) 
Seat 5: sta$igk ($150.81 in chips) 
Seat 6: michasia ($100.12 in chips) 
reiyser: posts small blind $0.50
BGS013: posts big blind $1
*** HOLE CARDS ***
Straubje: folds 
sta$igk: folds 
michasia: raises $1.80 to $2.80
BoyLoc0: folds 
reiyser: folds 
BGS013: folds 
Uncalled bet ($1.80) returned to michasia
michasia collected $2.50 from pot
michasia: doesn't show hand 
*** SUMMARY ***
Total pot $2.50 | Rake $0 
Seat 1: BoyLoc0 (button) folded before Flop (didn't bet)
Seat 2: reiyser (small blind) folded before Flop
Seat 3: BGS013 (big blind) folded before Flop
Seat 4: Straubje folded before Flop (didn't bet)
Seat 5: sta$igk folded before Flop (didn't bet)
Seat 6: michasia collected ($2.50)



PokerStars Hand #254772159815:  Hold'em No Limit ($0.50/$1.00 USD) - 2025/02/08 20:56:11 WET [2025/02/08 15:56:11 ET]
Table 'Sham' 6-max Seat #2 is the button
Seat 1: BoyLoc0 ($117.22 in chips) 
Seat 2: reiyser ($100 in chips) 
Seat 3: BGS013 ($100.50 in chips) 
Seat 4: Straubje ($93.16 in chips) 
Seat 5: sta$igk ($150.81 in chips) 
Seat 6: michasia ($101.62 in chips) 
BGS013: posts small blind $0.50
Straubje: posts big blind $1
*** HOLE CARDS ***
sta$igk: folds 
michasia: folds 
BoyLoc0: folds 
reiyser: raises $1.23 to $2.23
BGS013: folds 
Straubje: folds 
Uncalled bet ($1.23) returned to reiyser
reiyser collected $2.50 from pot
reiyser: doesn't show hand 
*** SUMMARY ***
Total pot $2.50 | Rake $0 
Seat 1: BoyLoc0 folded before Flop (didn't bet)
Seat 2: reiyser (button) collected ($2.50)
Seat 3: BGS013 (small blind) folded before Flop
Seat 4: Straubje (big blind) folded before Flop
Seat 5: sta$igk folded before Flop (didn't bet)
Seat 6: michasia folded before Flop (didn't bet)



PokerStars Hand #254772163046:  Hold'em No Limit ($0.50/$1.00 USD) - 2025/02/08 20:56:28 WET [2025/02/08 15:56:28 ET]
Table 'Sham' 6-max Seat #3 is the button
Seat 1: BoyLoc0 ($117.22 in chips) 
Seat 2: reiyser ($101.50 in chips) 
Seat 3: BGS013 ($100 in chips) 
Seat 4: Straubje ($92.16 in chips) 
Seat 5: sta$igk ($150.81 in chips) 
Seat 6: michasia ($101.62 in chips) 
Straubje: posts small blind $0.50
sta$igk: posts big blind $1
*** HOLE CARDS ***
michasia: folds 
BoyLoc0: folds 
reiyser: raises $1.23 to $2.23
BGS013: folds 
Straubje: calls $1.73
sta$igk: folds 
*** FLOP *** [Kd 3d 3s]
Straubje: checks 
reiyser: bets $1.51
Straubje: folds 
Uncalled bet ($1.51) returned to reiyser
reiyser collected $5.19 from pot
reiyser: doesn't show hand 
*** SUMMARY ***
Total pot $5.46 | Rake $0.27 
Board [Kd 3d 3s]
Seat 1: BoyLoc0 folded before Flop (didn't bet)
Seat 2: reiyser collected ($5.19)
Seat 3: BGS013 (button) folded before Flop (didn't bet)
Seat 4: Straubje (small blind) folded on the Flop
Seat 5: sta$igk (big blind) folded before Flop
Seat 6: michasia folded before Flop (didn't bet)



PokerStars Hand #254772169944:  Hold'em No Limit ($0.50/$1.00 USD) - 2025/02/08 20:57:04 WET [2025/02/08 15:57:04 ET]
Table 'Sham' 6-max Seat #4 is the button
Seat 1: BoyLoc0 ($117.22 in chips) 
Seat 2: reiyser ($104.46 in chips) 
Seat 3: BGS013 ($100 in chips) 
Seat 4: Straubje ($89.93 in chips) 
Seat 5: sta$igk ($149.81 in chips) 
Seat 6: michasia ($101.62 in chips) 
sta$igk: posts small blind $0.50
michasia: posts big blind $1
*** HOLE CARDS ***
BoyLoc0: folds 
reiyser: folds 
BGS013: raises $1.50 to $2.50
BoyLoc0 leaves the table
Straubje: folds 
sta$igk: folds 
michasia: calls $1.50
*** FLOP *** [Th 8d Tc]
michasia: checks 
BGS013: bets $1.36
michasia: calls $1.36
*** TURN *** [Th 8d Tc] [6h]
michasia: checks 
BGS013: bets $5.50
michasia: calls $5.50
*** RIVER *** [Th 8d Tc 6h] [2d]
michasia: checks 
BGS013: bets $18
Nicedaymybro joins the table at seat #1 
michasia: folds 
Uncalled bet ($18) returned to BGS013
BGS013 collected $18.26 from pot
BGS013: doesn't show hand 
*** SUMMARY ***
Total pot $19.22 | Rake $0.96 
Board [Th 8d Tc 6h 2d]
Seat 1: BoyLoc0 folded before Flop (didn't bet)
Seat 2: reiyser folded before Flop (didn't bet)
Seat 3: BGS013 collected ($18.26)
Seat 4: Straubje (button) folded before Flop (didn't bet)
Seat 5: sta$igk (small blind) folded before Flop
Seat 6: michasia (big blind) folded on the River



PokerStars Hand #254772182933:  Hold'em No Limit ($0.50/$1.00 USD) - 2025/02/08 20:58:10 WET [2025/02/08 15:58:10 ET]
Table 'Sham' 6-max Seat #5 is the button
Seat 1: Nicedaymybro ($100 in chips) 
Seat 2: reiyser ($104.46 in chips) 
Seat 3: BGS013 ($108.90 in chips) 
Seat 4: Straubje ($89.93 in chips) 
Seat 5: sta$igk ($149.31 in chips) 
Seat 6: michasia ($100 in chips) 
michasia: posts small blind $0.50
Nicedaymybro: posts big blind $1
*** HOLE CARDS ***
reiyser: folds 
BGS013: folds 
Straubje: folds 
sta$igk: raises $1.50 to $2.50
michasia: folds 
Nicedaymybro: folds 
Uncalled bet ($1.50) returned to sta$igk
sta$igk collected $2.50 from pot
sta$igk: doesn't show hand 
*** SUMMARY ***
Total pot $2.50 | Rake $0 
Seat 1: Nicedaymybro (big blind) folded before Flop
Seat 2: reiyser folded before Flop (didn't bet)
Seat 3: BGS013 folded before Flop (didn't bet)
Seat 4: Straubje folded before Flop (didn't bet)
Seat 5: sta$igk (button) collected ($2.50)
Seat 6: michasia (small blind) folded before Flop



PokerStars Hand #254772187629:  Hold'em No Limit ($0.50/$1.00 USD) - 2025/02/08 20:58:35 WET [2025/02/08 15:58:35 ET]
Table 'Sham' 6-max Seat #6 is the button
Seat 1: Nicedaymybro ($100 in chips) 
Seat 2: reiyser ($104.46 in chips) 
Seat 3: BGS013 ($108.90 in chips) 
Seat 4: Straubje ($89.93 in chips) 
Seat 5: sta$igk ($150.81 in chips) 
Seat 6: michasia ($100 in chips) 
Nicedaymybro: posts small blind $0.50
reiyser: posts big blind $1
*** HOLE CARDS ***
BGS013: folds 
Straubje: raises $3 to $4
sta$igk: folds 
michasia: folds 
Nicedaymybro: folds 
reiyser: folds 
Uncalled bet ($3) returned to Straubje
Straubje collected $2.50 from pot
Straubje: doesn't show hand 
*** SUMMARY ***
Total pot $2.50 | Rake $0 
Seat 1: Nicedaymybro (small blind) folded before Flop
Seat 2: reiyser (big blind) folded before Flop
Seat 3: BGS013 folded before Flop (didn't bet)
Seat 4: Straubje collected ($2.50)
Seat 5: sta$igk folded before Flop (didn't bet)
Seat 6: michasia (button) folded before Flop (didn't bet)



PokerStars Hand #254772191096:  Hold'em No Limit ($0.50/$1.00 USD) - 2025/02/08 20:58:52 WET [2025/02/08 15:58:52 ET]
Table 'Sham' 6-max Seat #1 is the button
Seat 1: Nicedaymybro ($100 in chips) 
Seat 2: reiyser ($103.46 in chips) 
Seat 3: BGS013 ($108.90 in chips) 
Seat 4: Straubje ($91.43 in chips) 
Seat 5: sta$igk ($150.81 in chips) 
Seat 6: michasia ($100 in chips) 
reiyser: posts small blind $0.50
BGS013: posts big blind $1
*** HOLE CARDS ***
Straubje: folds 
sta$igk: folds 
michasia: folds 
Nicedaymybro: folds 
reiyser: folds 
Uncalled bet ($0.50) returned to BGS013
BGS013 collected $1 from pot
BGS013: doesn't show hand 
*** SUMMARY ***
Total pot $1 | Rake $0 
Seat 1: Nicedaymybro (button) folded before Flop (didn't bet)
Seat 2: reiyser (small blind) folded before Flop
Seat 3: BGS013 (big blind) collected ($1)
Seat 4: Straubje folded before Flop (didn't bet)
Seat 5: sta$igk folded before Flop (didn't bet)
Seat 6: michasia folded before Flop (didn't bet)



PokerStars Hand #254772193276:  Hold'em No Limit ($0.50/$1.00 USD) - 2025/02/08 20:59:03 WET [2025/02/08 15:59:03 ET]
Table 'Sham' 6-max Seat #2 is the button
Seat 1: Nicedaymybro ($100 in chips) 
Seat 2: reiyser ($102.96 in chips) 
Seat 3: BGS013 ($109.40 in chips) 
Seat 4: Straubje ($91.43 in chips) 
Seat 5: sta$igk ($150.81 in chips) 
Seat 6: michasia ($100 in chips) 
BGS013: posts small blind $0.50
Straubje: posts big blind $1
*** HOLE CARDS ***
sta$igk: folds 
michasia: folds 
Nicedaymybro: raises $1.50 to $2.50
reiyser: folds 
BGS013: raises $8.50 to $11
Straubje: folds 
Nicedaymybro: raises $13 to $24
BGS013: raises $85.40 to $109.40 and is all-in
Nicedaymybro: calls $76 and is all-in
Uncalled bet ($9.40) returned to BGS013
*** FLOP *** [Qd 9d 3d]
*** TURN *** [Qd 9d 3d] [Jd]
*** RIVER *** [Qd 9d 3d Jd] [4c]
*** SHOW DOWN ***
BGS013: shows [Ad Kd] (a flush, Ace high)
Nicedaymybro: shows [Kc As] (high card Ace)
BGS013 collected $198.50 from pot
*** SUMMARY ***
Total pot $201 | Rake $2.50 
Board [Qd 9d 3d Jd 4c]
Seat 1: Nicedaymybro showed [Kc As] and lost with high card Ace
Seat 2: reiyser (button) folded before Flop (didn't bet)
Seat 3: BGS013 (small blind) showed [Ad Kd] and won ($198.50) with a flush, Ace high
Seat 4: Straubje (big blind) folded before Flop
Seat 5: sta$igk folded before Flop (didn't bet)
Seat 6: michasia folded before Flop (didn't bet)



PokerStars Hand #254772199610:  Hold'em No Limit ($0.50/$1.00 USD) - 2025/02/08 20:59:35 WET [2025/02/08 15:59:35 ET]
Table 'Sham' 6-max Seat #3 is the button
Seat 1: Nicedaymybro ($100 in chips) 
Seat 2: reiyser ($102.96 in chips) 
Seat 3: BGS013 ($207.90 in chips) 
Seat 4: Straubje ($90.43 in chips) 
Seat 5: sta$igk ($150.81 in chips) 
Seat 6: michasia ($100 in chips) 
Straubje: posts small blind $0.50
sta$igk: posts big blind $1
*** HOLE CARDS ***
michasia: folds 
Nicedaymybro: raises $1.50 to $2.50
reiyser: raises $5.50 to $8
BGS013: folds 
Straubje: folds 
sta$igk: folds 
Nicedaymybro: calls $5.50
*** FLOP *** [7c 2s 9d]
Nicedaymybro: checks 
reiyser: bets $8.64
Nicedaymybro: folds 
Uncalled bet ($8.64) returned to reiyser
reiyser collected $16.62 from pot
reiyser: doesn't show hand 
*** SUMMARY ***
Total pot $17.50 | Rake $0.88 
Board [7c 2s 9d]
Seat 1: Nicedaymybro folded on the Flop
Seat 2: reiyser collected ($16.62)
Seat 3: BGS013 (button) folded before Flop (didn't bet)
Seat 4: Straubje (small blind) folded before Flop
Seat 5: sta$igk (big blind) folded before Flop
Seat 6: michasia folded before Flop (didn't bet)



PokerStars Hand #254772206676:  Hold'em No Limit ($0.50/$1.00 USD) - 2025/02/08 21:00:09 WET [2025/02/08 16:00:09 ET]
Table 'Sham' 6-max Seat #4 is the button
Seat 1: Nicedaymybro ($100 in chips) 
Seat 2: reiyser ($111.58 in chips) 
Seat 3: BGS013 ($207.90 in chips) 
Seat 4: Straubje ($89.93 in chips) 
Seat 5: sta$igk ($149.81 in chips) 
Seat 6: michasia ($100 in chips) 
sta$igk: posts small blind $0.50
michasia: posts big blind $1
*** HOLE CARDS ***
Nicedaymybro: folds 
reiyser: folds 
BGS013: folds 
Straubje: folds 
sta$igk: raises $2 to $3
michasia: folds 
Uncalled bet ($2) returned to sta$igk
sta$igk collected $2 from pot
sta$igk: doesn't show hand 
*** SUMMARY ***
Total pot $2 | Rake $0 
Seat 1: Nicedaymybro folded before Flop (didn't bet)
Seat 2: reiyser folded before Flop (didn't bet)
Seat 3: BGS013 folded before Flop (didn't bet)
Seat 4: Straubje (button) folded before Flop (didn't bet)
Seat 5: sta$igk (small blind) collected ($2)
Seat 6: michasia (big blind) folded before Flop



PokerStars Hand #254772209365:  Hold'em No Limit ($0.50/$1.00 USD) - 2025/02/08 21:00:22 WET [2025/02/08 16:00:22 ET]
Table 'Sham' 6-max Seat #5 is the button
Seat 1: Nicedaymybro ($100 in chips) 
Seat 2: reiyser ($111.58 in chips) 
Seat 3: BGS013 ($207.90 in chips) 
Seat 4: Straubje ($89.93 in chips) 
Seat 5: sta$igk ($150.81 in chips) 
Seat 6: michasia ($100 in chips) 
michasia: posts small blind $0.50
Nicedaymybro: posts big blind $1
*** HOLE CARDS ***
reiyser: folds 
BGS013: raises $1 to $2
Straubje: folds 
sta$igk: folds 
michasia: folds 
Nicedaymybro: folds 
Uncalled bet ($1) returned to BGS013
BGS013 collected $2.50 from pot
BGS013: doesn't show hand 
*** SUMMARY ***
Total pot $2.50 | Rake $0 
Seat 1: Nicedaymybro (big blind) folded before Flop
Seat 2: reiyser folded before Flop (didn't bet)
Seat 3: BGS013 collected ($2.50)
Seat 4: Straubje folded before Flop (didn't bet)
Seat 5: sta$igk (button) folded before Flop (didn't bet)
Seat 6: michasia (small blind) folded before Flop



PokerStars Hand #254772211873:  Hold'em No Limit ($0.50/$1.00 USD) - 2025/02/08 21:00:34 WET [2025/02/08 16:00:34 ET]
Table 'Sham' 6-max Seat #6 is the button
Seat 1: Nicedaymybro ($100 in chips) 
Seat 2: reiyser ($111.58 in chips) 
Seat 3: BGS013 ($209.40 in chips) 
Seat 4: Straubje ($89.93 in chips) 
Seat 5: sta$igk ($150.81 in chips) 
Seat 6: michasia ($100 in chips) 
Nicedaymybro: posts small blind $0.50
reiyser: posts big blind $1
*** HOLE CARDS ***
BGS013: folds 
Straubje: folds 
sta$igk: raises $1.50 to $2.50
michasia: folds 
Nicedaymybro: folds 
reiyser: calls $1.50
*** FLOP *** [Ks Kc Ah]
reiyser: checks 
BGS013 leaves the table
sta$igk: bets $1.72
reiyser: calls $1.72
*** TURN *** [Ks Kc Ah] [Js]
reiyser: checks 
sta$igk: bets $6.37
reiyser: calls $6.37
*** RIVER *** [Ks Kc Ah Js] [7d]
reiyser: checks 
sta$igk: bets $30.90
henri789 joins the table at seat #3 
reiyser: folds 
Uncalled bet ($30.90) returned to sta$igk
sta$igk collected $20.60 from pot
sta$igk: doesn't show hand 
*** SUMMARY ***
Total pot $21.68 | Rake $1.08 
Board [Ks Kc Ah Js 7d]
Seat 1: Nicedaymybro (small blind) folded before Flop
Seat 2: reiyser (big blind) folded on the River
Seat 3: BGS013 folded before Flop (didn't bet)
Seat 4: Straubje folded before Flop (didn't bet)
Seat 5: sta$igk collected ($20.60)
Seat 6: michasia (button) folded before Flop (didn't bet)



PokerStars Hand #254772226917:  Hold'em No Limit ($0.50/$1.00 USD) - 2025/02/08 21:01:34 WET [2025/02/08 16:01:34 ET]
Table 'Sham' 6-max Seat #1 is the button
Seat 1: Nicedaymybro ($100 in chips) 
Seat 2: reiyser ($100.99 in chips) 
Seat 3: henri789 ($100 in chips) 
Seat 4: Straubje ($89.93 in chips) 
Seat 5: sta$igk ($160.82 in chips) 
Seat 6: michasia ($100 in chips) 
reiyser: posts small blind $0.50
henri789: posts big blind $1
*** HOLE CARDS ***
Straubje: folds 
sta$igk: raises $1.50 to $2.50
michasia: folds 
Nicedaymybro: folds 
reiyser: folds 
henri789: raises $9.50 to $12
sta$igk: folds 
Uncalled bet ($9.50) returned to henri789
henri789 collected $5.50 from pot
henri789: doesn't show hand 
*** SUMMARY ***
Total pot $5.50 | Rake $0 
Seat 1: Nicedaymybro (button) folded before Flop (didn't bet)
Seat 2: reiyser (small blind) folded before Flop
Seat 3: henri789 (big blind) collected ($5.50)
Seat 4: Straubje folded before Flop (didn't bet)
Seat 5: sta$igk folded before Flop
Seat 6: michasia folded before Flop (didn't bet)



PokerStars Hand #254772233378:  Hold'em No Limit ($0.50/$1.00 USD) - 2025/02/08 21:01:57 WET [2025/02/08 16:01:57 ET]
Table 'Sham' 6-max Seat #2 is the button
Seat 1: Nicedaymybro ($100 in chips) 
Seat 2: reiyser ($100.49 in chips) 
Seat 3: henri789 ($103 in chips) 
Seat 4: Straubje ($89.93 in chips) 
Seat 5: sta$igk ($158.32 in chips) 
Seat 6: michasia ($100 in chips) 
henri789: posts small blind $0.50
Straubje: posts big blind $1
*** HOLE CARDS ***
sta$igk: folds 
michasia: folds 
Nicedaymybro: folds 
reiyser: folds 
henri789: raises $2 to $3
Straubje: calls $2
*** FLOP *** [Ad Qc Th]
henri789: checks 
Straubje: bets $3.42
henri789: folds 
Uncalled bet ($3.42) returned to Straubje
Straubje collected $5.62 from pot
Straubje: doesn't show hand 
*** SUMMARY ***
Total pot $6 | Rake $0.38 
Board [Ad Qc Th]
Seat 1: Nicedaymybro folded before Flop (didn't bet)
Seat 2: reiyser (button) folded before Flop (didn't bet)
Seat 3: henri789 (small blind) folded on the Flop
Seat 4: Straubje (big blind) collected ($5.62)
Seat 5: sta$igk folded before Flop (didn't bet)
Seat 6: michasia folded before Flop (didn't bet)



PokerStars Hand #254772243420:  Hold'em No Limit ($0.50/$1.00 USD) - 2025/02/08 21:02:32 WET [2025/02/08 16:02:32 ET]
Table 'Sham' 6-max Seat #3 is the button
Seat 1: Nicedaymybro ($100 in chips) 
Seat 2: reiyser ($100.49 in chips) 
Seat 3: henri789 ($100 in chips) 
Seat 4: Straubje ($92.55 in chips) 
Seat 5: sta$igk ($158.32 in chips) 
Seat 6: michasia ($100 in chips) 
Straubje: posts small blind $0.50
sta$igk: posts big blind $1
*** HOLE CARDS ***
michasia: folds 
Nicedaymybro: folds 
reiyser: raises $1.23 to $2.23
henri789: folds 
Straubje: folds 
sta$igk: folds 
Uncalled bet ($1.23) returned to reiyser
reiyser collected $2.50 from pot
reiyser: doesn't show hand 
*** SUMMARY ***
Total pot $2.50 | Rake $0 
Seat 1: Nicedaymybro folded before Flop (didn't bet)
Seat 2: reiyser collected ($2.50)
Seat 3: henri789 (button) folded before Flop (didn't bet)
Seat 4: Straubje (small blind) folded before Flop
Seat 5: sta$igk (big blind) folded before Flop
Seat 6: michasia folded before Flop (didn't bet)



PokerStars Hand #254772249810:  Hold'em No Limit ($0.50/$1.00 USD) - 2025/02/08 21:02:53 WET [2025/02/08 16:02:53 ET]
Table 'Sham' 6-max Seat #4 is the button
Seat 1: Nicedaymybro ($100 in chips) 
Seat 2: reiyser ($101.99 in chips) 
Seat 3: henri789 ($100 in chips) 
Seat 4: Straubje ($92.05 in chips) 
Seat 5: sta$igk ($157.32 in chips) 
Seat 6: michasia ($100 in chips) 
sta$igk: posts small blind $0.50
michasia: posts big blind $1
*** HOLE CARDS ***
Nicedaymybro: folds 
reiyser: folds 
henri789: raises $1.50 to $2.50
Straubje: folds 
sta$igk: folds 
michasia: folds 
Uncalled bet ($1.50) returned to henri789
henri789 collected $2.50 from pot
henri789: doesn't show hand 
*** SUMMARY ***
Total pot $2.50 | Rake $0 
Seat 1: Nicedaymybro folded before Flop (didn't bet)
Seat 2: reiyser folded before Flop (didn't bet)
Seat 3: henri789 collected ($2.50)
Seat 4: Straubje (button) folded before Flop (didn't bet)
Seat 5: sta$igk (small blind) folded before Flop
Seat 6: michasia (big blind) folded before Flop



PokerStars Hand #254772255984:  Hold'em No Limit ($0.50/$1.00 USD) - 2025/02/08 21:03:14 WET [2025/02/08 16:03:14 ET]
Table 'Sham' 6-max Seat #5 is the button
Seat 1: Nicedaymybro ($100 in chips) 
Seat 2: reiyser ($101.99 in chips) 
Seat 3: henri789 ($101.50 in chips) 
Seat 4: Straubje ($92.05 in chips) 
Seat 5: sta$igk ($156.82 in chips) 
Seat 6: michasia ($100 in chips) 
michasia: posts small blind $0.50
Nicedaymybro: posts big blind $1
*** HOLE CARDS ***
reiyser: folds 
henri789: folds 
Straubje: folds 
sta$igk: folds 
michasia: folds 
Uncalled bet ($0.50) returned to Nicedaymybro
Nicedaymybro collected $1 from pot
Nicedaymybro: doesn't show hand 
*** SUMMARY ***
Total pot $1 | Rake $0 
Seat 1: Nicedaymybro (big blind) collected ($1)
Seat 2: reiyser folded before Flop (didn't bet)
Seat 3: henri789 folded before Flop (didn't bet)
Seat 4: Straubje folded before Flop (didn't bet)
Seat 5: sta$igk (button) folded before Flop (didn't bet)
Seat 6: michasia (small blind) folded before Flop



PokerStars Hand #254772258467:  Hold'em No Limit ($0.50/$1.00 USD) - 2025/02/08 21:03:23 WET [2025/02/08 16:03:23 ET]
Table 'Sham' 6-max Seat #6 is the button
Seat 1: Nicedaymybro ($100.50 in chips) 
Seat 2: reiyser ($101.99 in chips) 
Seat 3: henri789 ($101.50 in chips) 
Seat 4: Straubje ($92.05 in chips) 
Seat 5: sta$igk ($156.82 in chips) 
Seat 6: michasia ($100 in chips) 
Nicedaymybro: posts small blind $0.50
reiyser: posts big blind $1
*** HOLE CARDS ***
henri789: folds 
Straubje: calls $1
sta$igk: raises $3 to $4
michasia: folds 
Nicedaymybro: folds 
reiyser: folds 
Straubje: calls $3
*** FLOP *** [5h As 2d]
Straubje: checks 
sta$igk: bets $2.98
Straubje: calls $2.98
*** TURN *** [5h As 2d] [3d]
Straubje: checks 
sta$igk: checks 
*** RIVER *** [5h As 2d 3d] [9c]
Straubje: bets $11.75
sta$igk: folds 
Uncalled bet ($11.75) returned to Straubje
Straubje collected $14.50 from pot
Straubje: doesn't show hand 
*** SUMMARY ***
Total pot $15.46 | Rake $0.96 
Board [5h As 2d 3d 9c]
Seat 1: Nicedaymybro (small blind) folded before Flop
Seat 2: reiyser (big blind) folded before Flop
Seat 3: henri789 folded before Flop (didn't bet)
Seat 4: Straubje collected ($14.50)
Seat 5: sta$igk folded on the River
Seat 6: michasia (button) folded before Flop (didn't bet)



PokerStars Hand #254772270598:  Hold'em No Limit ($0.50/$1.00 USD) - 2025/02/08 21:04:03 WET [2025/02/08 16:04:03 ET]
Table 'Sham' 6-max Seat #1 is the button
Seat 1: Nicedaymybro ($100 in chips) 
Seat 2: reiyser ($100.99 in chips) 
Seat 3: henri789 ($101.50 in chips) 
Seat 4: Straubje ($99.57 in chips) 
Seat 5: sta$igk ($149.84 in chips) 
Seat 6: michasia ($100 in chips) 
reiyser: posts small blind $0.50
henri789: posts big blind $1
*** HOLE CARDS ***
Straubje: folds 
sta$igk: folds 
michasia: folds 
Nicedaymybro: folds 
reiyser: folds 
Uncalled bet ($0.50) returned to henri789
henri789 collected $1 from pot
henri789: doesn't show hand 
*** SUMMARY ***
Total pot $1 | Rake $0 
Seat 1: Nicedaymybro (button) folded before Flop (didn't bet)
Seat 2: reiyser (small blind) folded before Flop
Seat 3: henri789 (big blind) collected ($1)
Seat 4: Straubje folded before Flop (didn't bet)
Seat 5: sta$igk folded before Flop (didn't bet)
Seat 6: michasia folded before Flop (didn't bet)



PokerStars Hand #254772274551:  Hold'em No Limit ($0.50/$1.00 USD) - 2025/02/08 21:04:16 WET [2025/02/08 16:04:16 ET]
Table 'Sham' 6-max Seat #2 is the button
Seat 1: Nicedaymybro ($100 in chips) 
Seat 2: reiyser ($100.49 in chips) 
Seat 3: henri789 ($102 in chips) 
Seat 4: Straubje ($99.57 in chips) 
Seat 5: sta$igk ($149.84 in chips) 
Seat 6: michasia ($100 in chips) 
henri789: posts small blind $0.50
Straubje: posts big blind $1
*** HOLE CARDS ***
sta$igk: folds 
michasia: folds 
Nicedaymybro: folds 
reiyser: raises $1.23 to $2.23
henri789: folds 
sta$igk leaves the table
Straubje: folds 
Uncalled bet ($1.23) returned to reiyser
reiyser collected $2.50 from pot
reiyser: doesn't show hand 
tintin641 joins the table at seat #5 
*** SUMMARY ***
Total pot $2.50 | Rake $0 
Seat 1: Nicedaymybro folded before Flop (didn't bet)
Seat 2: reiyser (button) collected ($2.50)
Seat 3: henri789 (small blind) folded before Flop
Seat 4: Straubje (big blind) folded before Flop
Seat 5: sta$igk folded before Flop (didn't bet)
Seat 6: michasia folded before Flop (didn't bet)



PokerStars Hand #254772279618:  Hold'em No Limit ($0.50/$1.00 USD) - 2025/02/08 21:04:32 WET [2025/02/08 16:04:32 ET]
Table 'Sham' 6-max Seat #3 is the button
Seat 1: Nicedaymybro ($100 in chips) 
Seat 2: reiyser ($101.99 in chips) 
Seat 3: henri789 ($101.50 in chips) 
Seat 4: Straubje ($98.57 in chips) 
Seat 5: tintin641 ($100 in chips) 
Seat 6: michasia ($100 in chips) 
Straubje: posts small blind $0.50
tintin641 is connected 
tintin641: posts big blind $1
*** HOLE CARDS ***
michasia: folds 
Nicedaymybro: folds 
reiyser: raises $1.23 to $2.23
henri789: folds 
Straubje: folds 
tintin641: calls $1.23
*** FLOP *** [5d 7d 8d]
tintin641: checks 
reiyser: checks 
*** TURN *** [5d 7d 8d] [3d]
tintin641: checks 
reiyser: bets $3.58
tintin641: calls $3.58
*** RIVER *** [5d 7d 8d 3d] [7s]
tintin641: checks 
reiyser: checks 
*** SHOW DOWN ***
tintin641: shows [9d Ac] (a flush, Nine high)
reiyser: mucks hand 
tintin641 collected $11.51 from pot
*** SUMMARY ***
Total pot $12.12 | Rake $0.61 
Board [5d 7d 8d 3d 7s]
Seat 1: Nicedaymybro folded before Flop (didn't bet)
Seat 2: reiyser mucked
Seat 3: henri789 (button) folded before Flop (didn't bet)
Seat 4: Straubje (small blind) folded before Flop
Seat 5: tintin641 (big blind) showed [9d Ac] and won ($11.51) with a flush, Nine high
Seat 6: michasia folded before Flop (didn't bet)



PokerStars Hand #254772302283:  Hold'em No Limit ($0.50/$1.00 USD) - 2025/02/08 21:05:46 WET [2025/02/08 16:05:46 ET]
Table 'Sham' 6-max Seat #4 is the button
Seat 1: Nicedaymybro ($100 in chips) is sitting out
Seat 2: reiyser ($100 in chips) 
Seat 3: henri789 ($101.50 in chips) 
Seat 4: Straubje ($98.07 in chips) 
Seat 5: tintin641 ($105.70 in chips) 
Seat 6: michasia ($100 in chips) 
tintin641: posts small blind $0.50
michasia: posts big blind $1
*** HOLE CARDS ***
reiyser: folds 
henri789: folds 
Straubje: folds 
tintin641: raises $2 to $3
michasia: folds 
Uncalled bet ($2) returned to tintin641
tintin641 collected $2 from pot
tintin641: doesn't show hand 
*** SUMMARY ***
Total pot $2 | Rake $0 
Seat 1: Nicedaymybro
Seat 2: reiyser folded before Flop (didn't bet)
Seat 3: henri789 folded before Flop (didn't bet)
Seat 4: Straubje (button) folded before Flop (didn't bet)
Seat 5: tintin641 (small blind) collected ($2)
Seat 6: michasia (big blind) folded before Flop



PokerStars Hand #254772307602:  Hold'em No Limit ($0.50/$1.00 USD) - 2025/02/08 21:06:04 WET [2025/02/08 16:06:04 ET]
Table 'Sham' 6-max Seat #5 is the button
Seat 1: Nicedaymybro ($100 in chips) is sitting out
Seat 2: reiyser ($100 in chips) 
Seat 3: henri789 ($101.50 in chips) 
Seat 4: Straubje ($98.07 in chips) 
Seat 5: tintin641 ($106.70 in chips) 
Seat 6: michasia ($100 in chips) 
michasia: posts small blind $0.50
reiyser: posts big blind $1
*** HOLE CARDS ***
henri789: folds 
Straubje: calls $1
tintin641: raises $3 to $4
michasia: folds 
reiyser: folds 
Straubje: calls $3
*** FLOP *** [9h Ks Qd]
Straubje: checks 
tintin641: bets $2.98
Straubje: folds 
Uncalled bet ($2.98) returned to tintin641
tintin641 collected $9.02 from pot
tintin641: doesn't show hand 
*** SUMMARY ***
Total pot $9.50 | Rake $0.48 
Board [9h Ks Qd]
Seat 1: Nicedaymybro
Seat 2: reiyser (big blind) folded before Flop
Seat 3: henri789 folded before Flop (didn't bet)
Seat 4: Straubje folded on the Flop
Seat 5: tintin641 (button) collected ($9.02)
Seat 6: michasia (small blind) folded before Flop



PokerStars Hand #254772319431:  Hold'em No Limit ($0.50/$1.00 USD) - 2025/02/08 21:06:43 WET [2025/02/08 16:06:43 ET]
Table 'Sham' 6-max Seat #6 is the button
Seat 1: Nicedaymybro ($100 in chips) is sitting out
Seat 2: reiyser ($100 in chips) 
Seat 3: henri789 ($101.50 in chips) 
Seat 4: Straubje ($94.07 in chips) 
Seat 5: tintin641 ($111.72 in chips) 
Seat 6: michasia ($100 in chips) 
reiyser: posts small blind $0.50
henri789: posts big blind $1
*** HOLE CARDS ***
Straubje: folds 
tintin641: folds 
michasia: folds 
reiyser: folds 
Uncalled bet ($0.50) returned to henri789
henri789 collected $1 from pot
henri789: doesn't show hand 
*** SUMMARY ***
Total pot $1 | Rake $0 
Seat 1: Nicedaymybro
Seat 2: reiyser (small blind) folded before Flop
Seat 3: henri789 (big blind) collected ($1)
Seat 4: Straubje folded before Flop (didn't bet)
Seat 5: tintin641 folded before Flop (didn't bet)
Seat 6: michasia (button) folded before Flop (didn't bet)



PokerStars Hand #254772322491:  Hold'em No Limit ($0.50/$1.00 USD) - 2025/02/08 21:06:53 WET [2025/02/08 16:06:53 ET]
Table 'Sham' 6-max Seat #2 is the button
Seat 1: Nicedaymybro ($100 in chips) is sitting out
Seat 2: reiyser ($100 in chips) 
Seat 3: henri789 ($102 in chips) 
Seat 4: Straubje ($94.07 in chips) 
Seat 5: tintin641 ($111.72 in chips) 
Seat 6: michasia ($100 in chips) 
henri789: posts small blind $0.50
Straubje: posts big blind $1
*** HOLE CARDS ***
tintin641: folds 
michasia: folds 
reiyser: folds 
henri789: raises $2 to $3
Straubje: calls $2
*** FLOP *** [7c Ts Td]
henri789: bets $1.88
Straubje: calls $1.88
*** TURN *** [7c Ts Td] [4d]
henri789: checks 
Straubje: bets $5.56
henri789: folds 
Uncalled bet ($5.56) returned to Straubje
Straubje collected $9.15 from pot
Straubje: doesn't show hand 
*** SUMMARY ***
Total pot $9.76 | Rake $0.61 
Board [7c Ts Td 4d]
Seat 1: Nicedaymybro
Seat 2: reiyser (button) folded before Flop (didn't bet)
Seat 3: henri789 (small blind) folded on the Turn
Seat 4: Straubje (big blind) collected ($9.15)
Seat 5: tintin641 folded before Flop (didn't bet)
Seat 6: michasia folded before Flop (didn't bet)



