PokerStars Hand #254765915338:  Hold'em No Limit ($0.50/$1.00 USD) - 2025/02/08 14:50:50 WET [2025/02/08 9:50:50 ET]
Table 'Baize II' 6-max Seat #5 is the button
Seat 6: AngelovAlexMKD ($100 in chips) is sitting out
Seat 1: EBoshered ($100 in chips) 
Seat 5: vitalik_sw ($100 in chips) 
vitalik_sw: posts small blind $0.50
EBoshered: posts big blind $1
*** HOLE CARDS ***
vitalik_sw: raises $1.50 to $2.50
EBoshered: calls $1.50
*** FLOP *** [2c 6d 2h]
EBoshered: checks 
vitalik_sw: checks 
*** TURN *** [2c 6d 2h] [3c]
EBoshered: bets $1.57
vitalik_sw: folds 
Uncalled bet ($1.57) returned to EBoshered
EBoshered collected $4.75 from pot
EBoshered: doesn't show hand 
CichiChanMarian joins the table at seat #2 
*** SUMMARY ***
Total pot $5 | Rake $0.25 
Board [2c 6d 2h 3c]
Seat 6: AngelovAlexMKD
Seat 1: EBoshered (big blind) collected ($4.75)
Seat 5: vitalik_sw (button) (small blind) folded on the Turn



PokerStars Hand #254765921910:  Hold'em No Limit ($0.50/$1.00 USD) - 2025/02/08 14:51:21 WET [2025/02/08 9:51:21 ET]
Table 'Baize II' 6-max Seat #1 is the button
Seat 2: CichiChanMarian ($100 in chips) is sitting out
Seat 1: EBoshered ($102.25 in chips) 
Seat 5: vitalik_sw ($100 in chips) 
Seat 6: AngelovAlexMKD ($100 in chips) 
vitalik_sw: posts small blind $0.50
AngelovAlexMKD: posts big blind $1
*** HOLE CARDS ***
EBoshered: raises $1.50 to $2.50
vitalik_sw: folds 
AngelovAlexMKD: raises $8.50 to $11
EBoshered: folds 
Uncalled bet ($8.50) returned to AngelovAlexMKD
AngelovAlexMKD collected $5.50 from pot
AngelovAlexMKD: doesn't show hand 
*** SUMMARY ***
Total pot $5.50 | Rake $0 
Seat 2: CichiChanMarian
Seat 1: EBoshered (button) folded before Flop
Seat 5: vitalik_sw (small blind) folded before Flop
Seat 6: AngelovAlexMKD (big blind) collected ($5.50)



PokerStars Hand #254765927390:  Hold'em No Limit ($0.50/$1.00 USD) - 2025/02/08 14:51:47 WET [2025/02/08 9:51:47 ET]
Table 'Baize II' 6-max Seat #5 is the button
Seat 2: CichiChanMarian ($100 in chips) is sitting out
Seat 1: EBoshered ($100 in chips) 
Seat 5: vitalik_sw ($100 in chips) 
Seat 6: AngelovAlexMKD ($103 in chips) 
AngelovAlexMKD: posts small blind $0.50
EBoshered: posts big blind $1
CichiChanMarian: sits out 
*** HOLE CARDS ***
vitalik_sw: raises $1.50 to $2.50
AngelovAlexMKD: folds 
EBoshered: calls $1.50
*** FLOP *** [As Th 8h]
EBoshered: checks 
vitalik_sw: checks 
*** TURN *** [As Th 8h] [8s]
EBoshered: checks 
vitalik_sw: checks 
*** RIVER *** [As Th 8h 8s] [Qd]
EBoshered: checks 
vitalik_sw: checks 
*** SHOW DOWN ***
EBoshered: shows [5s 5c] (two pair, Eights and Fives)
vitalik_sw: shows [Tc Jd] (two pair, Tens and Eights)
vitalik_sw collected $5.22 from pot
*** SUMMARY ***
Total pot $5.50 | Rake $0.28 
Board [As Th 8h 8s Qd]
Seat 2: CichiChanMarian
Seat 1: EBoshered (big blind) showed [5s 5c] and lost with two pair, Eights and Fives
Seat 5: vitalik_sw (button) showed [Tc Jd] and won ($5.22) with two pair, Tens and Eights
Seat 6: AngelovAlexMKD (small blind) folded before Flop



PokerStars Hand #254765934609:  Hold'em No Limit ($0.50/$1.00 USD) - 2025/02/08 14:52:20 WET [2025/02/08 9:52:20 ET]
Table 'Baize II' 6-max Seat #6 is the button
Seat 1: EBoshered ($100 in chips) 
Seat 2: CichiChanMarian ($100 in chips) 
Seat 5: vitalik_sw ($102.72 in chips) 
Seat 6: AngelovAlexMKD ($102.50 in chips) 
EBoshered: posts small blind $0.50
CichiChanMarian: posts big blind $1
*** HOLE CARDS ***
vitalik_sw: raises $1.50 to $2.50
AngelovAlexMKD: folds 
EBoshered: folds 
CichiChanMarian: folds 
Uncalled bet ($1.50) returned to vitalik_sw
vitalik_sw collected $2.50 from pot
vitalik_sw: doesn't show hand 
*** SUMMARY ***
Total pot $2.50 | Rake $0 
Seat 1: EBoshered (small blind) folded before Flop
Seat 2: CichiChanMarian (big blind) folded before Flop
Seat 5: vitalik_sw collected ($2.50)
Seat 6: AngelovAlexMKD (button) folded before Flop (didn't bet)



PokerStars Hand #254765937485:  Hold'em No Limit ($0.50/$1.00 USD) - 2025/02/08 14:52:34 WET [2025/02/08 9:52:34 ET]
Table 'Baize II' 6-max Seat #1 is the button
Seat 1: EBoshered ($100 in chips) 
Seat 2: CichiChanMarian ($100 in chips) 
Seat 5: vitalik_sw ($104.22 in chips) 
Seat 6: AngelovAlexMKD ($102.50 in chips) 
CichiChanMarian: posts small blind $0.50
vitalik_sw: posts big blind $1
*** HOLE CARDS ***
AngelovAlexMKD: folds 
EBoshered: folds 
CichiChanMarian: folds 
Uncalled bet ($0.50) returned to vitalik_sw
vitalik_sw collected $1 from pot
vitalik_sw: doesn't show hand 
*** SUMMARY ***
Total pot $1 | Rake $0 
Seat 1: EBoshered (button) folded before Flop (didn't bet)
Seat 2: CichiChanMarian (small blind) folded before Flop
Seat 5: vitalik_sw (big blind) collected ($1)
Seat 6: AngelovAlexMKD folded before Flop (didn't bet)



PokerStars Hand #254765940692:  Hold'em No Limit ($0.50/$1.00 USD) - 2025/02/08 14:52:49 WET [2025/02/08 9:52:49 ET]
Table 'Baize II' 6-max Seat #2 is the button
Seat 1: EBoshered ($100 in chips) 
Seat 2: CichiChanMarian ($100 in chips) 
Seat 5: vitalik_sw ($104.72 in chips) 
Seat 6: AngelovAlexMKD ($102.50 in chips) 
vitalik_sw: posts small blind $0.50
AngelovAlexMKD: posts big blind $1
*** HOLE CARDS ***
EBoshered: folds 
CichiChanMarian: folds 
vitalik_sw: folds 
Uncalled bet ($0.50) returned to AngelovAlexMKD
AngelovAlexMKD collected $1 from pot
AngelovAlexMKD: doesn't show hand 
*** SUMMARY ***
Total pot $1 | Rake $0 
Seat 1: EBoshered folded before Flop (didn't bet)
Seat 2: CichiChanMarian (button) folded before Flop (didn't bet)
Seat 5: vitalik_sw (small blind) folded before Flop
Seat 6: AngelovAlexMKD (big blind) collected ($1)



PokerStars Hand #254765943908:  Hold'em No Limit ($0.50/$1.00 USD) - 2025/02/08 14:53:04 WET [2025/02/08 9:53:04 ET]
Table 'Baize II' 6-max Seat #5 is the button
Seat 1: EBoshered ($100 in chips) 
Seat 2: CichiChanMarian ($100 in chips) 
Seat 5: vitalik_sw ($104.22 in chips) 
Seat 6: AngelovAlexMKD ($103 in chips) 
AngelovAlexMKD: posts small blind $0.50
EBoshered: posts big blind $1
*** HOLE CARDS ***
CichiChanMarian: folds 
vitalik_sw: folds 
AngelovAlexMKD: raises $2 to $3
EBoshered: calls $2
*** FLOP *** [6c 6d 7s]
AngelovAlexMKD: checks 
EBoshered: checks 
*** TURN *** [6c 6d 7s] [8s]
AngelovAlexMKD: checks 
EBoshered: bets $4.28
AngelovAlexMKD: calls $4.28
*** RIVER *** [6c 6d 7s 8s] [2s]
AngelovAlexMKD: checks 
EBoshered: bets $19.50
AngelovAlexMKD: calls $19.50
*** SHOW DOWN ***
EBoshered: shows [Ad 9h] (a pair of Sixes)
AngelovAlexMKD: shows [7h 5h] (two pair, Sevens and Sixes)
AngelovAlexMKD collected $52.31 from pot
*** SUMMARY ***
Total pot $53.56 | Rake $1.25 
Board [6c 6d 7s 8s 2s]
Seat 1: EBoshered (big blind) showed [Ad 9h] and lost with a pair of Sixes
Seat 2: CichiChanMarian folded before Flop (didn't bet)
Seat 5: vitalik_sw (button) folded before Flop (didn't bet)
Seat 6: AngelovAlexMKD (small blind) showed [7h 5h] and won ($52.31) with two pair, Sevens and Sixes



PokerStars Hand #254765955993:  Hold'em No Limit ($0.50/$1.00 USD) - 2025/02/08 14:54:01 WET [2025/02/08 9:54:01 ET]
Table 'Baize II' 6-max Seat #1 is the button
Seat 2: CichiChanMarian ($100 in chips) is sitting out
Seat 5: vitalik_sw ($104.22 in chips) is sitting out
Seat 1: EBoshered ($100 in chips) 
Seat 6: AngelovAlexMKD ($128.53 in chips) 
EBoshered: posts small blind $0.50
CichiChanMarian: is sitting out 
vitalik_sw: is sitting out 
AngelovAlexMKD: posts big blind $1
*** HOLE CARDS ***
vitalik_sw leaves the table
EBoshered: raises $1.50 to $2.50
AngelovAlexMKD: folds 
Uncalled bet ($1.50) returned to EBoshered
EBoshered collected $2 from pot
EBoshered: doesn't show hand 
*** SUMMARY ***
Total pot $2 | Rake $0 
Seat 2: CichiChanMarian
Seat 5: vitalik_sw
Seat 1: EBoshered (button) (small blind) collected ($2)
Seat 6: AngelovAlexMKD (big blind) folded before Flop



PokerStars Hand #254765959914:  Hold'em No Limit ($0.50/$1.00 USD) - 2025/02/08 14:54:20 WET [2025/02/08 9:54:20 ET]
Table 'Baize II' 6-max Seat #6 is the button
Seat 2: CichiChanMarian ($100 in chips) is sitting out
Seat 1: EBoshered ($101 in chips) 
Seat 6: AngelovAlexMKD ($127.53 in chips) 
AngelovAlexMKD: posts small blind $0.50
EBoshered: posts big blind $1
*** HOLE CARDS ***
AngelovAlexMKD: raises $1.50 to $2.50
CichiChanMarian leaves the table
EBoshered: calls $1.50
*** FLOP *** [5c 5h Ah]
EBoshered: checks 
AngelovAlexMKD: checks 
*** TURN *** [5c 5h Ah] [7d]
EBoshered: bets $9
AngelovAlexMKD: folds 
Uncalled bet ($9) returned to EBoshered
EBoshered collected $4.75 from pot
EBoshered: doesn't show hand 
*** SUMMARY ***
Total pot $5 | Rake $0.25 
Board [5c 5h Ah 7d]
Seat 2: CichiChanMarian
Seat 1: EBoshered (big blind) collected ($4.75)
Seat 6: AngelovAlexMKD (button) (small blind) folded on the Turn



