PokerStars Hand #254773416265:  Hold'em No Limit ($0.50/$1.00 USD) - 2025/02/08 22:10:22 WET [2025/02/08 17:10:22 ET]
Table 'Tinette II' 6-max Seat #6 is the button
Seat 3: Zvst ($100 in chips) is sitting out
Seat 1: navid1068 ($51.61 in chips) 
Seat 2: CichiChanMarian ($100 in chips) 
Seat 4: SorinS28 ($101.50 in chips) 
Seat 5: AlexPinsk1 ($100 in chips) 
Seat 6: ReVeu710 ($100 in chips) 
navid1068: posts small blind $0.50
CichiChanMarian: posts big blind $1
Zvst: sits out 
*** HOLE CARDS ***
SorinS28: raises $1.02 to $2.02
AlexPinsk1: folds 
ReVeu710: calls $2.02
navid1068: folds 
CichiChanMarian: calls $1.02
*** FLOP *** [Qs Jh 5c]
CichiChanMarian: checks 
SorinS28: checks 
ReVeu710: checks 
*** TURN *** [Qs Jh 5c] [9d]
CichiChanMarian: bets $6.23
SorinS28: folds 
ReVeu710: folds 
Uncalled bet ($6.23) returned to CichiChanMarian
CichiChanMarian collected $6.23 from pot
CichiChanMarian: doesn't show hand 
*** SUMMARY ***
Total pot $6.56 | Rake $0.33 
Board [Qs Jh 5c 9d]
Seat 3: Zvst
Seat 1: navid1068 (small blind) folded before Flop
Seat 2: CichiChanMarian (big blind) collected ($6.23)
Seat 4: SorinS28 folded on the Turn
Seat 5: AlexPinsk1 folded before Flop (didn't bet)
Seat 6: ReVeu710 (button) folded on the Turn



PokerStars Hand #254773437209:  Hold'em No Limit ($0.50/$1.00 USD) - 2025/02/08 22:11:33 WET [2025/02/08 17:11:33 ET]
Table 'Tinette II' 6-max Seat #1 is the button
Seat 1: navid1068 ($51.11 in chips) 
Seat 2: CichiChanMarian ($104.21 in chips) 
Seat 3: Zvst ($100 in chips) 
Seat 4: SorinS28 ($100 in chips) 
Seat 5: AlexPinsk1 ($100 in chips) 
Seat 6: ReVeu710 ($100 in chips) 
CichiChanMarian: posts small blind $0.50
Zvst: posts big blind $1
*** HOLE CARDS ***
SorinS28: folds 
AlexPinsk1: folds 
ReVeu710: folds 
navid1068: folds 
navid1068 leaves the table
CichiChanMarian: raises $2 to $3
Zvst: calls $2
*** FLOP *** [Ad 3s 2c]
CichiChanMarian: checks 
SorinS28 leaves the table
Zvst: checks 
*** TURN *** [Ad 3s 2c] [8h]
CichiChanMarian: bets $3.76
Zvst: calls $3.76
*** RIVER *** [Ad 3s 2c 8h] [8s]
CichiChanMarian: checks 
Zvst: bets $20.56
CichiChanMarian: folds 
Uncalled bet ($20.56) returned to Zvst
Zvst collected $12.84 from pot
Zvst: doesn't show hand 
*** SUMMARY ***
Total pot $13.52 | Rake $0.68 
Board [Ad 3s 2c 8h 8s]
Seat 1: navid1068 (button) folded before Flop (didn't bet)
Seat 2: CichiChanMarian (small blind) folded on the River
Seat 3: Zvst (big blind) collected ($12.84)
Seat 4: SorinS28 folded before Flop (didn't bet)
Seat 5: AlexPinsk1 folded before Flop (didn't bet)
Seat 6: ReVeu710 folded before Flop (didn't bet)



PokerStars Hand #254773462958:  Hold'em No Limit ($0.50/$1.00 USD) - 2025/02/08 22:13:01 WET [2025/02/08 17:13:01 ET]
Table 'Tinette II' 6-max Seat #2 is the button
Seat 5: AlexPinsk1 ($100 in chips) is sitting out
Seat 2: CichiChanMarian ($100 in chips) 
Seat 3: Zvst ($106.08 in chips) 
Seat 6: ReVeu710 ($100 in chips) 
Zvst: posts small blind $0.50
AlexPinsk1: is sitting out 
ReVeu710: posts big blind $1
*** HOLE CARDS ***
CichiChanMarian: folds 
CichiChanMarian leaves the table
AlexPinsk1 leaves the table
Zvst: folds 
Uncalled bet ($0.50) returned to ReVeu710
ReVeu710 collected $1 from pot
ReVeu710: doesn't show hand 
*** SUMMARY ***
Total pot $1 | Rake $0 
Seat 5: AlexPinsk1
Seat 2: CichiChanMarian (button) folded before Flop (didn't bet)
Seat 3: Zvst (small blind) folded before Flop
Seat 6: ReVeu710 (big blind) collected ($1)



