PokerStars Hand #254766012081:  Hold'em No Limit ($0.50/$1.00 USD) - 2025/02/08 14:59:18 WET [2025/02/08 9:59:18 ET]
Table 'Malautra II' 6-max Seat #2 is the button
Seat 1: tintin641 ($100 in chips) 
Seat 2: 7bekon7 ($100 in chips) 
Seat 3: Rysiff ($105.60 in chips) 
Seat 4: whlzor ($101.50 in chips) 
Rysiff: posts small blind $0.50
whlzor: posts big blind $1
*** HOLE CARDS ***
tintin641: folds 
7bekon7: raises $1 to $2
Rysiff: folds 
whlzor: folds 
Uncalled bet ($1) returned to 7bekon7
7bekon7 collected $2.50 from pot
7bekon7: doesn't show hand 
*** SUMMARY ***
Total pot $2.50 | Rake $0 
Seat 1: tintin641 folded before Flop (didn't bet)
Seat 2: 7bekon7 (button) collected ($2.50)
Seat 3: Rysiff (small blind) folded before Flop
Seat 4: whlzor (big blind) folded before Flop



PokerStars Hand #254766014880:  Hold'em No Limit ($0.50/$1.00 USD) - 2025/02/08 14:59:35 WET [2025/02/08 9:59:35 ET]
Table 'Malautra II' 6-max Seat #3 is the button
Seat 1: tintin641 ($100 in chips) 
Seat 2: 7bekon7 ($101.50 in chips) 
Seat 3: Rysiff ($105.10 in chips) 
Seat 4: whlzor ($100.50 in chips) 
whlzor: posts small blind $0.50
tintin641: posts big blind $1
*** HOLE CARDS ***
7bekon7: folds 
Rysiff: raises $1.50 to $2.50
whlzor: folds 
tintin641: raises $10 to $12.50
Rysiff: calls $10
*** FLOP *** [6s 7d Jd]
AngelovAlexMKD joins the table at seat #5 
tintin641: bets $12.25
Rysiff: folds 
Uncalled bet ($12.25) returned to tintin641
tintin641 collected $24.50 from pot
tintin641: doesn't show hand 
*** SUMMARY ***
Total pot $25.50 | Rake $1 
Board [6s 7d Jd]
Seat 1: tintin641 (big blind) collected ($24.50)
Seat 2: 7bekon7 folded before Flop (didn't bet)
Seat 3: Rysiff (button) folded on the Flop
Seat 4: whlzor (small blind) folded before Flop



PokerStars Hand #254766021921:  Hold'em No Limit ($0.50/$1.00 USD) - 2025/02/08 15:00:16 WET [2025/02/08 10:00:16 ET]
Table 'Malautra II' 6-max Seat #4 is the button
Seat 5: AngelovAlexMKD ($100 in chips) is sitting out
Seat 1: tintin641 ($112 in chips) 
Seat 2: 7bekon7 ($101.50 in chips) 
Seat 3: Rysiff ($100 in chips) 
Seat 4: whlzor ($100 in chips) 
tintin641: posts small blind $0.50
7bekon7: posts big blind $1
*** HOLE CARDS ***
Rysiff: raises $1.50 to $2.50
whlzor: folds 
tintin641: folds 
7bekon7: calls $1.50
*** FLOP *** [2h Ac 3c]
7bekon7: checks 
Rysiff: bets $1.72
7bekon7: folds 
Uncalled bet ($1.72) returned to Rysiff
Rysiff collected $5.22 from pot
Rysiff: doesn't show hand 
*** SUMMARY ***
Total pot $5.50 | Rake $0.28 
Board [2h Ac 3c]
Seat 5: AngelovAlexMKD
Seat 1: tintin641 (small blind) folded before Flop
Seat 2: 7bekon7 (big blind) folded on the Flop
Seat 3: Rysiff collected ($5.22)
Seat 4: whlzor (button) folded before Flop (didn't bet)



PokerStars Hand #254766027065:  Hold'em No Limit ($0.50/$1.00 USD) - 2025/02/08 15:00:45 WET [2025/02/08 10:00:45 ET]
Table 'Malautra II' 6-max Seat #1 is the button
Seat 3: Rysiff ($102.72 in chips) is sitting out
Seat 4: whlzor ($100 in chips) is sitting out
Seat 1: tintin641 ($111.50 in chips) 
Seat 2: 7bekon7 ($100 in chips) 
Seat 5: AngelovAlexMKD ($100 in chips) 
7bekon7: posts small blind $0.50
Rysiff: is sitting out 
whlzor: is sitting out 
AngelovAlexMKD: posts big blind $1
*** HOLE CARDS ***
whlzor leaves the table
tintin641: folds 
Rysiff leaves the table
7bekon7: calls $0.50
AngelovAlexMKD: raises $3 to $4
7bekon7: folds 
Uncalled bet ($3) returned to AngelovAlexMKD
AngelovAlexMKD collected $2 from pot
AngelovAlexMKD: doesn't show hand 
*** SUMMARY ***
Total pot $2 | Rake $0 
Seat 3: Rysiff
Seat 4: whlzor
Seat 1: tintin641 (button) folded before Flop (didn't bet)
Seat 2: 7bekon7 (small blind) folded before Flop
Seat 5: AngelovAlexMKD (big blind) collected ($2)



PokerStars Hand #254766031861:  Hold'em No Limit ($0.50/$1.00 USD) - 2025/02/08 15:01:08 WET [2025/02/08 10:01:08 ET]
Table 'Malautra II' 6-max Seat #2 is the button
Seat 1: tintin641 ($111.50 in chips) 
Seat 2: 7bekon7 ($100 in chips) 
Seat 5: AngelovAlexMKD ($101 in chips) 
AngelovAlexMKD: posts small blind $0.50
tintin641: posts big blind $1
*** HOLE CARDS ***
7bekon7: folds 
AngelovAlexMKD: folds 
Uncalled bet ($0.50) returned to tintin641
tintin641 collected $1 from pot
tintin641: doesn't show hand 
*** SUMMARY ***
Total pot $1 | Rake $0 
Seat 1: tintin641 (big blind) collected ($1)
Seat 2: 7bekon7 (button) folded before Flop (didn't bet)
Seat 5: AngelovAlexMKD (small blind) folded before Flop



PokerStars Hand #254766033722:  Hold'em No Limit ($0.50/$1.00 USD) - 2025/02/08 15:01:18 WET [2025/02/08 10:01:18 ET]
Table 'Malautra II' 6-max Seat #5 is the button
Seat 1: tintin641 ($112 in chips) 
Seat 2: 7bekon7 ($100 in chips) 
Seat 5: AngelovAlexMKD ($100.50 in chips) 
tintin641: posts small blind $0.50
7bekon7: posts big blind $1
*** HOLE CARDS ***
AngelovAlexMKD: folds 
tintin641: raises $2 to $3
7bekon7: folds 
Uncalled bet ($2) returned to tintin641
tintin641 collected $2 from pot
tintin641: doesn't show hand 
*** SUMMARY ***
Total pot $2 | Rake $0 
Seat 1: tintin641 (small blind) collected ($2)
Seat 2: 7bekon7 (big blind) folded before Flop
Seat 5: AngelovAlexMKD (button) folded before Flop (didn't bet)



PokerStars Hand #254766036574:  Hold'em No Limit ($0.50/$1.00 USD) - 2025/02/08 15:01:32 WET [2025/02/08 10:01:32 ET]
Table 'Malautra II' 6-max Seat #1 is the button
Seat 1: tintin641 ($113 in chips) 
Seat 2: 7bekon7 ($100 in chips) 
Seat 5: AngelovAlexMKD ($100.50 in chips) 
7bekon7: posts small blind $0.50
AngelovAlexMKD: posts big blind $1
*** HOLE CARDS ***
tintin641: raises $1.50 to $2.50
7bekon7: folds 
AngelovAlexMKD: folds 
Uncalled bet ($1.50) returned to tintin641
tintin641 collected $2.50 from pot
tintin641: doesn't show hand 
*** SUMMARY ***
Total pot $2.50 | Rake $0 
Seat 1: tintin641 (button) collected ($2.50)
Seat 2: 7bekon7 (small blind) folded before Flop
Seat 5: AngelovAlexMKD (big blind) folded before Flop



PokerStars Hand #254766039115:  Hold'em No Limit ($0.50/$1.00 USD) - 2025/02/08 15:01:44 WET [2025/02/08 10:01:44 ET]
Table 'Malautra II' 6-max Seat #5 is the button
Seat 1: tintin641 ($114.50 in chips) is sitting out
Seat 2: 7bekon7 ($100 in chips) 
Seat 5: AngelovAlexMKD ($100 in chips) 
AngelovAlexMKD: posts small blind $0.50
tintin641: is sitting out 
7bekon7: posts big blind $1
*** HOLE CARDS ***
tintin641 leaves the table
AngelovAlexMKD: raises $1.50 to $2.50
7bekon7: raises $5.50 to $8
AngelovAlexMKD: folds 
Uncalled bet ($5.50) returned to 7bekon7
7bekon7 collected $5 from pot
7bekon7: doesn't show hand 
*** SUMMARY ***
Total pot $5 | Rake $0 
Seat 1: tintin641
Seat 2: 7bekon7 (big blind) collected ($5)
Seat 5: AngelovAlexMKD (button) (small blind) folded before Flop



PokerStars Hand #254766186989:  Hold'em No Limit ($0.50/$1.00 USD) - 2025/02/08 15:13:12 WET [2025/02/08 10:13:12 ET]
Table 'Malautra II' 6-max Seat #2 is the button
Seat 1: v.sting ($101 in chips) 
Seat 2: gig.gyty ($100 in chips) 
Seat 3: Nicedaymybro ($105.49 in chips) 
Seat 4: Rysiff ($100 in chips) 
Seat 5: vitalik_sw ($100 in chips) 
Seat 6: Omar1997989 ($69.42 in chips) 
Nicedaymybro: posts small blind $0.50
Rysiff: posts big blind $1
*** HOLE CARDS ***
vitalik_sw: folds 
Omar1997989: calls $1
v.sting: folds 
gig.gyty: folds 
Nicedaymybro: folds 
Rysiff: checks 
*** FLOP *** [6d Kc Qh]
Rysiff: checks 
Omar1997989: checks 
*** TURN *** [6d Kc Qh] [Ah]
Rysiff: bets $3
Omar1997989: calls $3
*** RIVER *** [6d Kc Qh Ah] [As]
Rysiff: checks 
Omar1997989: checks 
*** SHOW DOWN ***
Rysiff: shows [6s Qs] (two pair, Aces and Queens)
Omar1997989: mucks hand 
Rysiff collected $8.08 from pot
*** SUMMARY ***
Total pot $8.50 | Rake $0.42 
Board [6d Kc Qh Ah As]
Seat 1: v.sting folded before Flop (didn't bet)
Seat 2: gig.gyty (button) folded before Flop (didn't bet)
Seat 3: Nicedaymybro (small blind) folded before Flop
Seat 4: Rysiff (big blind) showed [6s Qs] and won ($8.08) with two pair, Aces and Queens
Seat 5: vitalik_sw folded before Flop (didn't bet)
Seat 6: Omar1997989 mucked



PokerStars Hand #254766196762:  Hold'em No Limit ($0.50/$1.00 USD) - 2025/02/08 15:13:57 WET [2025/02/08 10:13:57 ET]
Table 'Malautra II' 6-max Seat #3 is the button
Seat 1: v.sting ($101 in chips) 
Seat 2: gig.gyty ($100 in chips) 
Seat 3: Nicedaymybro ($104.99 in chips) 
Seat 4: Rysiff ($104.08 in chips) 
Seat 5: vitalik_sw ($100 in chips) 
Seat 6: Omar1997989 ($65.42 in chips) 
Rysiff: posts small blind $0.50
vitalik_sw: posts big blind $1
*** HOLE CARDS ***
Omar1997989: calls $1
v.sting: folds 
gig.gyty: folds 
Nicedaymybro: folds 
Rysiff: folds 
vitalik_sw: checks 
*** FLOP *** [Jh Kh As]
vitalik_sw: checks 
Omar1997989: checks 
*** TURN *** [Jh Kh As] [Tc]
vitalik_sw: checks 
Omar1997989: checks 
*** RIVER *** [Jh Kh As Tc] [Ac]
vitalik_sw: checks 
Omar1997989: checks 
*** SHOW DOWN ***
vitalik_sw: shows [Jc 9s] (two pair, Aces and Jacks)
Omar1997989: mucks hand 
vitalik_sw collected $2.38 from pot
*** SUMMARY ***
Total pot $2.50 | Rake $0.12 
Board [Jh Kh As Tc Ac]
Seat 1: v.sting folded before Flop (didn't bet)
Seat 2: gig.gyty folded before Flop (didn't bet)
Seat 3: Nicedaymybro (button) folded before Flop (didn't bet)
Seat 4: Rysiff (small blind) folded before Flop
Seat 5: vitalik_sw (big blind) showed [Jc 9s] and won ($2.38) with two pair, Aces and Jacks
Seat 6: Omar1997989 mucked



PokerStars Hand #254766202975:  Hold'em No Limit ($0.50/$1.00 USD) - 2025/02/08 15:14:26 WET [2025/02/08 10:14:26 ET]
Table 'Malautra II' 6-max Seat #4 is the button
Seat 1: v.sting ($101 in chips) 
Seat 2: gig.gyty ($100 in chips) 
Seat 3: Nicedaymybro ($104.99 in chips) 
Seat 4: Rysiff ($103.58 in chips) 
Seat 5: vitalik_sw ($101.38 in chips) 
Seat 6: Omar1997989 ($64.42 in chips) 
vitalik_sw: posts small blind $0.50
Omar1997989: posts big blind $1
*** HOLE CARDS ***
v.sting: folds 
gig.gyty: raises $1.25 to $2.25
Nicedaymybro: raises $5.25 to $7.50
Rysiff: folds 
vitalik_sw: folds 
Omar1997989: folds 
gig.gyty: folds 
Uncalled bet ($5.25) returned to Nicedaymybro
Nicedaymybro collected $6 from pot
Nicedaymybro: doesn't show hand 
*** SUMMARY ***
Total pot $6 | Rake $0 
Seat 1: v.sting folded before Flop (didn't bet)
Seat 2: gig.gyty folded before Flop
Seat 3: Nicedaymybro collected ($6)
Seat 4: Rysiff (button) folded before Flop (didn't bet)
Seat 5: vitalik_sw (small blind) folded before Flop
Seat 6: Omar1997989 (big blind) folded before Flop



PokerStars Hand #254766206780:  Hold'em No Limit ($0.50/$1.00 USD) - 2025/02/08 15:14:44 WET [2025/02/08 10:14:44 ET]
Table 'Malautra II' 6-max Seat #5 is the button
Seat 1: v.sting ($101 in chips) 
Seat 2: gig.gyty ($100 in chips) 
Seat 3: Nicedaymybro ($108.74 in chips) 
Seat 4: Rysiff ($103.58 in chips) 
Seat 5: vitalik_sw ($100.88 in chips) 
Seat 6: Omar1997989 ($63.42 in chips) 
Omar1997989: posts small blind $0.50
v.sting: posts big blind $1
*** HOLE CARDS ***
gig.gyty: folds 
Nicedaymybro: raises $1.50 to $2.50
Rysiff: folds 
vitalik_sw: folds 
Omar1997989: folds 
v.sting: folds 
Uncalled bet ($1.50) returned to Nicedaymybro
Nicedaymybro collected $2.50 from pot
Nicedaymybro: doesn't show hand 
*** SUMMARY ***
Total pot $2.50 | Rake $0 
Seat 1: v.sting (big blind) folded before Flop
Seat 2: gig.gyty folded before Flop (didn't bet)
Seat 3: Nicedaymybro collected ($2.50)
Seat 4: Rysiff folded before Flop (didn't bet)
Seat 5: vitalik_sw (button) folded before Flop (didn't bet)
Seat 6: Omar1997989 (small blind) folded before Flop



PokerStars Hand #254766210090:  Hold'em No Limit ($0.50/$1.00 USD) - 2025/02/08 15:14:59 WET [2025/02/08 10:14:59 ET]
Table 'Malautra II' 6-max Seat #6 is the button
Seat 1: v.sting ($100 in chips) 
Seat 2: gig.gyty ($100 in chips) 
Seat 3: Nicedaymybro ($110.24 in chips) 
Seat 4: Rysiff ($103.58 in chips) 
Seat 5: vitalik_sw ($100.88 in chips) 
Seat 6: Omar1997989 ($62.92 in chips) 
v.sting: posts small blind $0.50
gig.gyty: posts big blind $1
*** HOLE CARDS ***
Nicedaymybro: folds 
Rysiff: folds 
vitalik_sw: folds 
Omar1997989: calls $1
v.sting: folds 
gig.gyty: checks 
*** FLOP *** [Ad 7h 4c]
gig.gyty: checks 
Omar1997989: checks 
*** TURN *** [Ad 7h 4c] [Ts]
gig.gyty: checks 
Omar1997989: bets $1
gig.gyty: folds 
Uncalled bet ($1) returned to Omar1997989
Omar1997989 collected $2.38 from pot
*** SUMMARY ***
Total pot $2.50 | Rake $0.12 
Board [Ad 7h 4c Ts]
Seat 1: v.sting (small blind) folded before Flop
Seat 2: gig.gyty (big blind) folded on the Turn
Seat 3: Nicedaymybro folded before Flop (didn't bet)
Seat 4: Rysiff folded before Flop (didn't bet)
Seat 5: vitalik_sw folded before Flop (didn't bet)
Seat 6: Omar1997989 (button) collected ($2.38)



PokerStars Hand #254766218922:  Hold'em No Limit ($0.50/$1.00 USD) - 2025/02/08 15:15:38 WET [2025/02/08 10:15:38 ET]
Table 'Malautra II' 6-max Seat #1 is the button
Seat 1: v.sting ($100 in chips) 
Seat 2: gig.gyty ($100 in chips) 
Seat 3: Nicedaymybro ($110.24 in chips) 
Seat 4: Rysiff ($103.58 in chips) 
Seat 5: vitalik_sw ($100.88 in chips) 
Seat 6: Omar1997989 ($64.30 in chips) 
gig.gyty: posts small blind $0.50
Nicedaymybro: posts big blind $1
*** HOLE CARDS ***
Rysiff: folds 
vitalik_sw: folds 
Omar1997989: calls $1
v.sting: folds 
gig.gyty: folds 
Nicedaymybro: checks 
*** FLOP *** [Jh Ks As]
Nicedaymybro: checks 
Omar1997989: checks 
*** TURN *** [Jh Ks As] [6s]
Nicedaymybro: checks 
Omar1997989: checks 
*** RIVER *** [Jh Ks As 6s] [Td]
Nicedaymybro: checks 
Omar1997989: checks 
*** SHOW DOWN ***
Nicedaymybro: shows [5h 2h] (high card Ace)
Omar1997989: shows [7c 3c] (high card Ace - King+Jack+Ten+Seven kicker)
Omar1997989 collected $2.38 from pot
*** SUMMARY ***
Total pot $2.50 | Rake $0.12 
Board [Jh Ks As 6s Td]
Seat 1: v.sting (button) folded before Flop (didn't bet)
Seat 2: gig.gyty (small blind) folded before Flop
Seat 3: Nicedaymybro (big blind) showed [5h 2h] and lost with high card Ace
Seat 4: Rysiff folded before Flop (didn't bet)
Seat 5: vitalik_sw folded before Flop (didn't bet)
Seat 6: Omar1997989 showed [7c 3c] and won ($2.38) with high card Ace



PokerStars Hand #254766224287:  Hold'em No Limit ($0.50/$1.00 USD) - 2025/02/08 15:16:02 WET [2025/02/08 10:16:02 ET]
Table 'Malautra II' 6-max Seat #2 is the button
Seat 1: v.sting ($100 in chips) 
Seat 2: gig.gyty ($100 in chips) 
Seat 3: Nicedaymybro ($109.24 in chips) 
Seat 4: Rysiff ($103.58 in chips) 
Seat 5: vitalik_sw ($100.88 in chips) 
Seat 6: Omar1997989 ($65.68 in chips) 
Nicedaymybro: posts small blind $0.50
Rysiff: posts big blind $1
*** HOLE CARDS ***
vitalik_sw: folds 
Omar1997989: calls $1
v.sting: folds 
gig.gyty: folds 
Nicedaymybro: folds 
Rysiff: checks 
*** FLOP *** [Qd Td Ad]
Rysiff: checks 
Omar1997989: checks 
*** TURN *** [Qd Td Ad] [Jh]
Rysiff: checks 
Omar1997989: checks 
*** RIVER *** [Qd Td Ad Jh] [9c]
Rysiff: bets $1
Omar1997989: calls $1
*** SHOW DOWN ***
Rysiff: shows [Jd Ts] (two pair, Jacks and Tens)
Omar1997989: mucks hand 
Rysiff collected $4.28 from pot
*** SUMMARY ***
Total pot $4.50 | Rake $0.22 
Board [Qd Td Ad Jh 9c]
Seat 1: v.sting folded before Flop (didn't bet)
Seat 2: gig.gyty (button) folded before Flop (didn't bet)
Seat 3: Nicedaymybro (small blind) folded before Flop
Seat 4: Rysiff (big blind) showed [Jd Ts] and won ($4.28) with two pair, Jacks and Tens
Seat 5: vitalik_sw folded before Flop (didn't bet)
Seat 6: Omar1997989 mucked



PokerStars Hand #254766231762:  Hold'em No Limit ($0.50/$1.00 USD) - 2025/02/08 15:16:35 WET [2025/02/08 10:16:35 ET]
Table 'Malautra II' 6-max Seat #3 is the button
Seat 1: v.sting ($100 in chips) 
Seat 2: gig.gyty ($100 in chips) 
Seat 3: Nicedaymybro ($108.74 in chips) 
Seat 4: Rysiff ($105.86 in chips) 
Seat 5: vitalik_sw ($100.88 in chips) 
Seat 6: Omar1997989 ($63.68 in chips) 
Rysiff: posts small blind $0.50
vitalik_sw: posts big blind $1
*** HOLE CARDS ***
Omar1997989: folds 
v.sting: folds 
gig.gyty: folds 
Nicedaymybro: raises $1.50 to $2.50
Rysiff: folds 
vitalik_sw: calls $1.50
*** FLOP *** [8s 6s Th]
vitalik_sw: checks 
Nicedaymybro: bets $2.61
vitalik_sw: raises $6.89 to $9.50
Nicedaymybro: folds 
Uncalled bet ($6.89) returned to vitalik_sw
vitalik_sw collected $10.18 from pot
vitalik_sw: doesn't show hand 
*** SUMMARY ***
Total pot $10.72 | Rake $0.54 
Board [8s 6s Th]
Seat 1: v.sting folded before Flop (didn't bet)
Seat 2: gig.gyty folded before Flop (didn't bet)
Seat 3: Nicedaymybro (button) folded on the Flop
Seat 4: Rysiff (small blind) folded before Flop
Seat 5: vitalik_sw (big blind) collected ($10.18)
Seat 6: Omar1997989 folded before Flop (didn't bet)



PokerStars Hand #254766239288:  Hold'em No Limit ($0.50/$1.00 USD) - 2025/02/08 15:17:08 WET [2025/02/08 10:17:08 ET]
Table 'Malautra II' 6-max Seat #4 is the button
Seat 1: v.sting ($100 in chips) 
Seat 2: gig.gyty ($100 in chips) 
Seat 3: Nicedaymybro ($103.63 in chips) 
Seat 4: Rysiff ($105.36 in chips) 
Seat 5: vitalik_sw ($105.95 in chips) 
Seat 6: Omar1997989 ($63.68 in chips) 
vitalik_sw: posts small blind $0.50
Omar1997989: posts big blind $1
*** HOLE CARDS ***
v.sting: folds 
gig.gyty: folds 
Nicedaymybro: raises $1.50 to $2.50
Rysiff: folds 
vitalik_sw: folds 
Omar1997989: folds 
Uncalled bet ($1.50) returned to Nicedaymybro
Nicedaymybro collected $2.50 from pot
Nicedaymybro: doesn't show hand 
*** SUMMARY ***
Total pot $2.50 | Rake $0 
Seat 1: v.sting folded before Flop (didn't bet)
Seat 2: gig.gyty folded before Flop (didn't bet)
Seat 3: Nicedaymybro collected ($2.50)
Seat 4: Rysiff (button) folded before Flop (didn't bet)
Seat 5: vitalik_sw (small blind) folded before Flop
Seat 6: Omar1997989 (big blind) folded before Flop



PokerStars Hand #254766242860:  Hold'em No Limit ($0.50/$1.00 USD) - 2025/02/08 15:17:24 WET [2025/02/08 10:17:24 ET]
Table 'Malautra II' 6-max Seat #5 is the button
Seat 1: v.sting ($100 in chips) 
Seat 2: gig.gyty ($100 in chips) 
Seat 3: Nicedaymybro ($105.13 in chips) 
Seat 4: Rysiff ($105.36 in chips) 
Seat 5: vitalik_sw ($105.45 in chips) 
Seat 6: Omar1997989 ($62.68 in chips) 
Omar1997989: posts small blind $0.50
v.sting: posts big blind $1
*** HOLE CARDS ***
gig.gyty: folds 
Nicedaymybro: raises $1.50 to $2.50
Rysiff: folds 
vitalik_sw: folds 
Omar1997989: calls $2
v.sting: folds 
*** FLOP *** [6s Kh 2s]
Omar1997989: checks 
Nicedaymybro: bets $1.88
Omar1997989: folds 
Uncalled bet ($1.88) returned to Nicedaymybro
Nicedaymybro collected $5.70 from pot
Nicedaymybro: doesn't show hand 
*** SUMMARY ***
Total pot $6 | Rake $0.30 
Board [6s Kh 2s]
Seat 1: v.sting (big blind) folded before Flop
Seat 2: gig.gyty folded before Flop (didn't bet)
Seat 3: Nicedaymybro collected ($5.70)
Seat 4: Rysiff folded before Flop (didn't bet)
Seat 5: vitalik_sw (button) folded before Flop (didn't bet)
Seat 6: Omar1997989 (small blind) folded on the Flop



PokerStars Hand #254766250174:  Hold'em No Limit ($0.50/$1.00 USD) - 2025/02/08 15:17:56 WET [2025/02/08 10:17:56 ET]
Table 'Malautra II' 6-max Seat #6 is the button
Seat 1: v.sting ($100 in chips) 
Seat 2: gig.gyty ($100 in chips) 
Seat 3: Nicedaymybro ($108.33 in chips) 
Seat 4: Rysiff ($105.36 in chips) 
Seat 5: vitalik_sw ($105.45 in chips) 
Seat 6: Omar1997989 ($60.18 in chips) 
v.sting: posts small blind $0.50
gig.gyty: posts big blind $1
*** HOLE CARDS ***
Nicedaymybro: folds 
Rysiff: folds 
vitalik_sw: folds 
Omar1997989: calls $1
v.sting: raises $4 to $5
gig.gyty: folds 
Omar1997989: calls $4
*** FLOP *** [7s Kd 4c]
v.sting: bets $5.75
Omar1997989: folds 
Uncalled bet ($5.75) returned to v.sting
v.sting collected $10.45 from pot
v.sting: doesn't show hand 
*** SUMMARY ***
Total pot $11 | Rake $0.55 
Board [7s Kd 4c]
Seat 1: v.sting (small blind) collected ($10.45)
Seat 2: gig.gyty (big blind) folded before Flop
Seat 3: Nicedaymybro folded before Flop (didn't bet)
Seat 4: Rysiff folded before Flop (didn't bet)
Seat 5: vitalik_sw folded before Flop (didn't bet)
Seat 6: Omar1997989 (button) folded on the Flop



PokerStars Hand #254766256503:  Hold'em No Limit ($0.50/$1.00 USD) - 2025/02/08 15:18:24 WET [2025/02/08 10:18:24 ET]
Table 'Malautra II' 6-max Seat #1 is the button
Seat 1: v.sting ($105.45 in chips) 
Seat 2: gig.gyty ($100 in chips) 
Seat 3: Nicedaymybro ($108.33 in chips) 
Seat 4: Rysiff ($105.36 in chips) 
Seat 5: vitalik_sw ($105.45 in chips) 
Seat 6: Omar1997989 ($55.18 in chips) 
gig.gyty: posts small blind $0.50
Nicedaymybro: posts big blind $1
*** HOLE CARDS ***
Rysiff: folds 
vitalik_sw: folds 
Omar1997989: calls $1
v.sting: folds 
gig.gyty: raises $4 to $5
Nicedaymybro: folds 
Omar1997989: calls $4
*** FLOP *** [6c 4d 3c]
gig.gyty: bets $5.23
Omar1997989: calls $5.23
*** TURN *** [6c 4d 3c] [5c]
gig.gyty: checks 
Omar1997989: checks 
*** RIVER *** [6c 4d 3c 5c] [As]
gig.gyty: bets $10.20
Omar1997989: calls $10.20
*** SHOW DOWN ***
gig.gyty: shows [Js Kc] (high card Ace)
Omar1997989: shows [5s 9s] (a pair of Fives)
Omar1997989 collected $39.77 from pot
*** SUMMARY ***
Total pot $41.86 | Rake $2.09 
Board [6c 4d 3c 5c As]
Seat 1: v.sting (button) folded before Flop (didn't bet)
Seat 2: gig.gyty (small blind) showed [Js Kc] and lost with high card Ace
Seat 3: Nicedaymybro (big blind) folded before Flop
Seat 4: Rysiff folded before Flop (didn't bet)
Seat 5: vitalik_sw folded before Flop (didn't bet)
Seat 6: Omar1997989 showed [5s 9s] and won ($39.77) with a pair of Fives



PokerStars Hand #254766269194:  Hold'em No Limit ($0.50/$1.00 USD) - 2025/02/08 15:19:21 WET [2025/02/08 10:19:21 ET]
Table 'Malautra II' 6-max Seat #2 is the button
Seat 1: v.sting ($105.45 in chips) 
Seat 2: gig.gyty ($100 in chips) 
Seat 3: Nicedaymybro ($107.33 in chips) 
Seat 4: Rysiff ($105.36 in chips) 
Seat 5: vitalik_sw ($105.45 in chips) 
Seat 6: Omar1997989 ($74.52 in chips) 
Nicedaymybro: posts small blind $0.50
Rysiff: posts big blind $1
*** HOLE CARDS ***
vitalik_sw: folds 
Omar1997989: calls $1
v.sting: raises $3.50 to $4.50
gig.gyty: folds 
Nicedaymybro: folds 
Rysiff: folds 
Omar1997989: folds 
Uncalled bet ($3.50) returned to v.sting
v.sting collected $3.50 from pot
v.sting: doesn't show hand 
*** SUMMARY ***
Total pot $3.50 | Rake $0 
Seat 1: v.sting collected ($3.50)
Seat 2: gig.gyty (button) folded before Flop (didn't bet)
Seat 3: Nicedaymybro (small blind) folded before Flop
Seat 4: Rysiff (big blind) folded before Flop
Seat 5: vitalik_sw folded before Flop (didn't bet)
Seat 6: Omar1997989 folded before Flop



PokerStars Hand #254766275621:  Hold'em No Limit ($0.50/$1.00 USD) - 2025/02/08 15:19:49 WET [2025/02/08 10:19:49 ET]
Table 'Malautra II' 6-max Seat #3 is the button
Seat 1: v.sting ($107.95 in chips) 
Seat 2: gig.gyty ($100 in chips) 
Seat 3: Nicedaymybro ($106.83 in chips) 
Seat 4: Rysiff ($104.36 in chips) 
Seat 5: vitalik_sw ($105.45 in chips) 
Seat 6: Omar1997989 ($73.52 in chips) 
Rysiff: posts small blind $0.50
vitalik_sw: posts big blind $1
*** HOLE CARDS ***
Omar1997989: calls $1
v.sting: folds 
gig.gyty: folds 
Nicedaymybro: folds 
Rysiff: folds 
vitalik_sw: checks 
*** FLOP *** [8h Kd 2c]
vitalik_sw: checks 
Omar1997989: checks 
*** TURN *** [8h Kd 2c] [8s]
vitalik_sw: checks 
Omar1997989: checks 
*** RIVER *** [8h Kd 2c 8s] [Kc]
vitalik_sw: checks 
Omar1997989: checks 
*** SHOW DOWN ***
vitalik_sw: shows [5h Ts] (two pair, Kings and Eights)
Omar1997989: shows [Ac 5d] (two pair, Kings and Eights - Ace kicker)
Omar1997989 collected $2.38 from pot
*** SUMMARY ***
Total pot $2.50 | Rake $0.12 
Board [8h Kd 2c 8s Kc]
Seat 1: v.sting folded before Flop (didn't bet)
Seat 2: gig.gyty folded before Flop (didn't bet)
Seat 3: Nicedaymybro (button) folded before Flop (didn't bet)
Seat 4: Rysiff (small blind) folded before Flop
Seat 5: vitalik_sw (big blind) showed [5h Ts] and lost with two pair, Kings and Eights
Seat 6: Omar1997989 showed [Ac 5d] and won ($2.38) with two pair, Kings and Eights



PokerStars Hand #254766281858:  Hold'em No Limit ($0.50/$1.00 USD) - 2025/02/08 15:20:16 WET [2025/02/08 10:20:16 ET]
Table 'Malautra II' 6-max Seat #4 is the button
Seat 1: v.sting ($107.95 in chips) 
Seat 2: gig.gyty ($100 in chips) 
Seat 3: Nicedaymybro ($106.83 in chips) 
Seat 4: Rysiff ($103.86 in chips) 
Seat 5: vitalik_sw ($104.45 in chips) 
Seat 6: Omar1997989 ($74.90 in chips) 
vitalik_sw: posts small blind $0.50
Omar1997989: posts big blind $1
*** HOLE CARDS ***
v.sting: folds 
gig.gyty: folds 
Nicedaymybro: folds 
Rysiff: folds 
vitalik_sw: raises $2 to $3
Omar1997989: calls $2
*** FLOP *** [Jh 6d 9c]
vitalik_sw: checks 
Omar1997989: checks 
*** TURN *** [Jh 6d 9c] [Ah]
vitalik_sw: bets $2.85
Omar1997989: calls $2.85
*** RIVER *** [Jh 6d 9c Ah] [Td]
vitalik_sw: bets $3.67
Omar1997989: calls $3.67
*** SHOW DOWN ***
vitalik_sw: shows [2s As] (a pair of Aces)
Omar1997989: mucks hand 
vitalik_sw collected $18.09 from pot
*** SUMMARY ***
Total pot $19.04 | Rake $0.95 
Board [Jh 6d 9c Ah Td]
Seat 1: v.sting folded before Flop (didn't bet)
Seat 2: gig.gyty folded before Flop (didn't bet)
Seat 3: Nicedaymybro folded before Flop (didn't bet)
Seat 4: Rysiff (button) folded before Flop (didn't bet)
Seat 5: vitalik_sw (small blind) showed [2s As] and won ($18.09) with a pair of Aces
Seat 6: Omar1997989 (big blind) mucked



PokerStars Hand #254766291981:  Hold'em No Limit ($0.50/$1.00 USD) - 2025/02/08 15:21:00 WET [2025/02/08 10:21:00 ET]
Table 'Malautra II' 6-max Seat #5 is the button
Seat 1: v.sting ($107.95 in chips) 
Seat 2: gig.gyty ($100 in chips) 
Seat 3: Nicedaymybro ($106.83 in chips) 
Seat 4: Rysiff ($103.86 in chips) 
Seat 5: vitalik_sw ($113.02 in chips) 
Seat 6: Omar1997989 ($65.38 in chips) 
Omar1997989: posts small blind $0.50
v.sting: posts big blind $1
*** HOLE CARDS ***
gig.gyty: folds 
Nicedaymybro: raises $1.50 to $2.50
Rysiff: folds 
vitalik_sw: folds 
Omar1997989: calls $2
v.sting: folds 
*** FLOP *** [6s 4d 5s]
Omar1997989: checks 
Nicedaymybro: bets $2.85
Omar1997989: calls $2.85
*** TURN *** [6s 4d 5s] [9h]
Omar1997989: checks 
Nicedaymybro: bets $7.33
Omar1997989: calls $7.33
*** RIVER *** [6s 4d 5s 9h] [5h]
Omar1997989: checks 
Nicedaymybro: bets $18.75
Omar1997989: calls $18.75
*** SHOW DOWN ***
Nicedaymybro: shows [Td Th] (two pair, Tens and Fives)
Omar1997989: shows [Ks Kc] (two pair, Kings and Fives)
Omar1997989 collected $61.36 from pot
*** SUMMARY ***
Total pot $63.86 | Rake $2.50 
Board [6s 4d 5s 9h 5h]
Seat 1: v.sting (big blind) folded before Flop
Seat 2: gig.gyty folded before Flop (didn't bet)
Seat 3: Nicedaymybro showed [Td Th] and lost with two pair, Tens and Fives
Seat 4: Rysiff folded before Flop (didn't bet)
Seat 5: vitalik_sw (button) folded before Flop (didn't bet)
Seat 6: Omar1997989 (small blind) showed [Ks Kc] and won ($61.36) with two pair, Kings and Fives



PokerStars Hand #254766302412:  Hold'em No Limit ($0.50/$1.00 USD) - 2025/02/08 15:21:45 WET [2025/02/08 10:21:45 ET]
Table 'Malautra II' 6-max Seat #6 is the button
Seat 1: v.sting ($106.95 in chips) 
Seat 2: gig.gyty ($100 in chips) 
Seat 3: Nicedaymybro ($100 in chips) 
Seat 4: Rysiff ($103.86 in chips) 
Seat 5: vitalik_sw ($113.02 in chips) 
Seat 6: Omar1997989 ($95.31 in chips) 
v.sting: posts small blind $0.50
gig.gyty: posts big blind $1
*** HOLE CARDS ***
Nicedaymybro: folds 
Rysiff: folds 
vitalik_sw: raises $1.50 to $2.50
Omar1997989: calls $2.50
v.sting: folds 
gig.gyty: folds 
*** FLOP *** [4h Th 6d]
vitalik_sw: checks 
Omar1997989: checks 
*** TURN *** [4h Th 6d] [9s]
vitalik_sw: checks 
Omar1997989: checks 
*** RIVER *** [4h Th 6d 9s] [8h]
vitalik_sw: checks 
Omar1997989: bets $1
vitalik_sw: folds 
Uncalled bet ($1) returned to Omar1997989
Omar1997989 collected $6.18 from pot
*** SUMMARY ***
Total pot $6.50 | Rake $0.32 
Board [4h Th 6d 9s 8h]
Seat 1: v.sting (small blind) folded before Flop
Seat 2: gig.gyty (big blind) folded before Flop
Seat 3: Nicedaymybro folded before Flop (didn't bet)
Seat 4: Rysiff folded before Flop (didn't bet)
Seat 5: vitalik_sw folded on the River
Seat 6: Omar1997989 (button) collected ($6.18)



PokerStars Hand #254766311000:  Hold'em No Limit ($0.50/$1.00 USD) - 2025/02/08 15:22:23 WET [2025/02/08 10:22:23 ET]
Table 'Malautra II' 6-max Seat #1 is the button
Seat 1: v.sting ($106.45 in chips) 
Seat 2: gig.gyty ($100 in chips) 
Seat 3: Nicedaymybro ($100 in chips) 
Seat 4: Rysiff ($103.86 in chips) 
Seat 5: vitalik_sw ($110.52 in chips) 
Seat 6: Omar1997989 ($98.99 in chips) 
gig.gyty: posts small blind $0.50
Nicedaymybro: posts big blind $1
*** HOLE CARDS ***
Rysiff: folds 
vitalik_sw: folds 
Omar1997989: calls $1
v.sting: folds 
gig.gyty: folds 
Nicedaymybro: raises $4 to $5
Omar1997989: folds 
Uncalled bet ($4) returned to Nicedaymybro
Nicedaymybro collected $2.50 from pot
Nicedaymybro: doesn't show hand 
*** SUMMARY ***
Total pot $2.50 | Rake $0 
Seat 1: v.sting (button) folded before Flop (didn't bet)
Seat 2: gig.gyty (small blind) folded before Flop
Seat 3: Nicedaymybro (big blind) collected ($2.50)
Seat 4: Rysiff folded before Flop (didn't bet)
Seat 5: vitalik_sw folded before Flop (didn't bet)
Seat 6: Omar1997989 folded before Flop



PokerStars Hand #254766317213:  Hold'em No Limit ($0.50/$1.00 USD) - 2025/02/08 15:22:51 WET [2025/02/08 10:22:51 ET]
Table 'Malautra II' 6-max Seat #2 is the button
Seat 1: v.sting ($106.45 in chips) 
Seat 2: gig.gyty ($100 in chips) 
Seat 3: Nicedaymybro ($101.50 in chips) 
Seat 4: Rysiff ($103.86 in chips) 
Seat 5: vitalik_sw ($110.52 in chips) 
Seat 6: Omar1997989 ($97.99 in chips) 
Nicedaymybro: posts small blind $0.50
Rysiff: posts big blind $1
*** HOLE CARDS ***
vitalik_sw: folds 
Omar1997989: folds 
v.sting: folds 
gig.gyty: folds 
Nicedaymybro: raises $2 to $3
Rysiff: calls $2
*** FLOP *** [8d 4c 2h]
Nicedaymybro: checks 
Rysiff: checks 
*** TURN *** [8d 4c 2h] [Kc]
Nicedaymybro: bets $8.50
Rysiff: folds 
Uncalled bet ($8.50) returned to Nicedaymybro
Nicedaymybro collected $5.70 from pot
Nicedaymybro: doesn't show hand 
*** SUMMARY ***
Total pot $6 | Rake $0.30 
Board [8d 4c 2h Kc]
Seat 1: v.sting folded before Flop (didn't bet)
Seat 2: gig.gyty (button) folded before Flop (didn't bet)
Seat 3: Nicedaymybro (small blind) collected ($5.70)
Seat 4: Rysiff (big blind) folded on the Turn
Seat 5: vitalik_sw folded before Flop (didn't bet)
Seat 6: Omar1997989 folded before Flop (didn't bet)



PokerStars Hand #254766326110:  Hold'em No Limit ($0.50/$1.00 USD) - 2025/02/08 15:23:30 WET [2025/02/08 10:23:30 ET]
Table 'Malautra II' 6-max Seat #3 is the button
Seat 1: v.sting ($106.45 in chips) 
Seat 2: gig.gyty ($100 in chips) 
Seat 3: Nicedaymybro ($104.20 in chips) 
Seat 4: Rysiff ($100.86 in chips) 
Seat 5: vitalik_sw ($110.52 in chips) 
Seat 6: Omar1997989 ($97.99 in chips) 
Rysiff: posts small blind $0.50
vitalik_sw: posts big blind $1
*** HOLE CARDS ***
Omar1997989: calls $1
v.sting: folds 
gig.gyty: raises $1.25 to $2.25
Nicedaymybro: folds 
Rysiff: folds 
vitalik_sw: folds 
Omar1997989: calls $1.25
*** FLOP *** [2h Kh 2c]
Omar1997989: checks 
gig.gyty: bets $1.43
Omar1997989: folds 
Uncalled bet ($1.43) returned to gig.gyty
gig.gyty collected $5.70 from pot
gig.gyty: doesn't show hand 
*** SUMMARY ***
Total pot $6 | Rake $0.30 
Board [2h Kh 2c]
Seat 1: v.sting folded before Flop (didn't bet)
Seat 2: gig.gyty collected ($5.70)
Seat 3: Nicedaymybro (button) folded before Flop (didn't bet)
Seat 4: Rysiff (small blind) folded before Flop
Seat 5: vitalik_sw (big blind) folded before Flop
Seat 6: Omar1997989 folded on the Flop



PokerStars Hand #254766334276:  Hold'em No Limit ($0.50/$1.00 USD) - 2025/02/08 15:24:07 WET [2025/02/08 10:24:07 ET]
Table 'Malautra II' 6-max Seat #4 is the button
Seat 1: v.sting ($106.45 in chips) 
Seat 2: gig.gyty ($103.45 in chips) 
Seat 3: Nicedaymybro ($104.20 in chips) 
Seat 4: Rysiff ($100.36 in chips) 
Seat 5: vitalik_sw ($109.52 in chips) 
Seat 6: Omar1997989 ($95.74 in chips) 
vitalik_sw: posts small blind $0.50
Omar1997989: posts big blind $1
*** HOLE CARDS ***
v.sting: folds 
gig.gyty: raises $1.25 to $2.25
Nicedaymybro: folds 
Rysiff: folds 
vitalik_sw: folds 
Omar1997989: folds 
Uncalled bet ($1.25) returned to gig.gyty
gig.gyty collected $2.50 from pot
gig.gyty: doesn't show hand 
*** SUMMARY ***
Total pot $2.50 | Rake $0 
Seat 1: v.sting folded before Flop (didn't bet)
Seat 2: gig.gyty collected ($2.50)
Seat 3: Nicedaymybro folded before Flop (didn't bet)
Seat 4: Rysiff (button) folded before Flop (didn't bet)
Seat 5: vitalik_sw (small blind) folded before Flop
Seat 6: Omar1997989 (big blind) folded before Flop



PokerStars Hand #254766337677:  Hold'em No Limit ($0.50/$1.00 USD) - 2025/02/08 15:24:22 WET [2025/02/08 10:24:22 ET]
Table 'Malautra II' 6-max Seat #5 is the button
Seat 1: v.sting ($106.45 in chips) 
Seat 2: gig.gyty ($104.95 in chips) 
Seat 3: Nicedaymybro ($104.20 in chips) 
Seat 4: Rysiff ($100.36 in chips) 
Seat 5: vitalik_sw ($109.02 in chips) 
Seat 6: Omar1997989 ($94.74 in chips) 
Omar1997989: posts small blind $0.50
v.sting: posts big blind $1
*** HOLE CARDS ***
gig.gyty: folds 
Nicedaymybro: folds 
Rysiff: folds 
vitalik_sw: raises $1.50 to $2.50
Omar1997989: calls $2
Rysiff leaves the table
v.sting: folds 
*** FLOP *** [4c Ts Jc]
Omar1997989: checks 
tintin641 joins the table at seat #4 
vitalik_sw: bets $2.85
Omar1997989: calls $2.85
*** TURN *** [4c Ts Jc] [9s]
Omar1997989: checks 
vitalik_sw: checks 
*** RIVER *** [4c Ts Jc 9s] [As]
Omar1997989: checks 
vitalik_sw: checks 
*** SHOW DOWN ***
Omar1997989: shows [Qd Kd] (a straight, Ten to Ace)
vitalik_sw: mucks hand 
Omar1997989 collected $11.12 from pot
*** SUMMARY ***
Total pot $11.70 | Rake $0.58 
Board [4c Ts Jc 9s As]
Seat 1: v.sting (big blind) folded before Flop
Seat 2: gig.gyty folded before Flop (didn't bet)
Seat 3: Nicedaymybro folded before Flop (didn't bet)
Seat 4: Rysiff folded before Flop (didn't bet)
Seat 5: vitalik_sw (button) mucked
Seat 6: Omar1997989 (small blind) showed [Qd Kd] and won ($11.12) with a straight, Ten to Ace



PokerStars Hand #254766351000:  Hold'em No Limit ($0.50/$1.00 USD) - 2025/02/08 15:25:19 WET [2025/02/08 10:25:19 ET]
Table 'Malautra II' 6-max Seat #6 is the button
Seat 4: tintin641 ($114.50 in chips) is sitting out
Seat 1: v.sting ($105.45 in chips) 
Seat 2: gig.gyty ($104.95 in chips) 
Seat 3: Nicedaymybro ($104.20 in chips) 
Seat 5: vitalik_sw ($103.67 in chips) 
Seat 6: Omar1997989 ($100.51 in chips) 
v.sting: posts small blind $0.50
gig.gyty: posts big blind $1
tintin641: sits out 
*** HOLE CARDS ***
Nicedaymybro: folds 
vitalik_sw: folds 
Omar1997989: folds 
v.sting: raises $2 to $3
gig.gyty: folds 
Uncalled bet ($2) returned to v.sting
v.sting collected $2 from pot
v.sting: doesn't show hand 
*** SUMMARY ***
Total pot $2 | Rake $0 
Seat 4: tintin641
Seat 1: v.sting (small blind) collected ($2)
Seat 2: gig.gyty (big blind) folded before Flop
Seat 3: Nicedaymybro folded before Flop (didn't bet)
Seat 5: vitalik_sw folded before Flop (didn't bet)
Seat 6: Omar1997989 (button) folded before Flop (didn't bet)



PokerStars Hand #254766354898:  Hold'em No Limit ($0.50/$1.00 USD) - 2025/02/08 15:25:36 WET [2025/02/08 10:25:36 ET]
Table 'Malautra II' 6-max Seat #1 is the button
Seat 4: tintin641 ($114.50 in chips) is sitting out
Seat 1: v.sting ($106.45 in chips) 
Seat 2: gig.gyty ($103.95 in chips) 
Seat 3: Nicedaymybro ($104.20 in chips) 
Seat 5: vitalik_sw ($103.67 in chips) 
Seat 6: Omar1997989 ($100.51 in chips) 
gig.gyty: posts small blind $0.50
Nicedaymybro: posts big blind $1
tintin641: sits out 
*** HOLE CARDS ***
vitalik_sw: folds 
Omar1997989: raises $1 to $2
v.sting: folds 
gig.gyty: raises $8 to $10
Nicedaymybro: folds 
Omar1997989: folds 
Uncalled bet ($8) returned to gig.gyty
gig.gyty collected $5 from pot
gig.gyty: doesn't show hand 
*** SUMMARY ***
Total pot $5 | Rake $0 
Seat 4: tintin641
Seat 1: v.sting (button) folded before Flop (didn't bet)
Seat 2: gig.gyty (small blind) collected ($5)
Seat 3: Nicedaymybro (big blind) folded before Flop
Seat 5: vitalik_sw folded before Flop (didn't bet)
Seat 6: Omar1997989 folded before Flop



PokerStars Hand #254766359050:  Hold'em No Limit ($0.50/$1.00 USD) - 2025/02/08 15:25:54 WET [2025/02/08 10:25:54 ET]
Table 'Malautra II' 6-max Seat #2 is the button
Seat 1: v.sting ($106.45 in chips) 
Seat 2: gig.gyty ($106.95 in chips) 
Seat 3: Nicedaymybro ($103.20 in chips) 
Seat 4: tintin641 ($114.50 in chips) 
Seat 5: vitalik_sw ($103.67 in chips) 
Seat 6: Omar1997989 ($98.51 in chips) 
Nicedaymybro: posts small blind $0.50
tintin641: posts big blind $1
*** HOLE CARDS ***
vitalik_sw: folds 
Omar1997989: calls $1
v.sting: folds 
gig.gyty: folds 
Nicedaymybro: folds 
tintin641: checks 
*** FLOP *** [Ks Ad Th]
tintin641: checks 
Omar1997989: checks 
*** TURN *** [Ks Ad Th] [Qs]
tintin641: checks 
Omar1997989: checks 
*** RIVER *** [Ks Ad Th Qs] [7s]
tintin641: bets $3.57
Omar1997989: folds 
Uncalled bet ($3.57) returned to tintin641
tintin641 collected $2.38 from pot
tintin641: doesn't show hand 
*** SUMMARY ***
Total pot $2.50 | Rake $0.12 
Board [Ks Ad Th Qs 7s]
Seat 1: v.sting folded before Flop (didn't bet)
Seat 2: gig.gyty (button) folded before Flop (didn't bet)
Seat 3: Nicedaymybro (small blind) folded before Flop
Seat 4: tintin641 (big blind) collected ($2.38)
Seat 5: vitalik_sw folded before Flop (didn't bet)
Seat 6: Omar1997989 folded on the River



PokerStars Hand #254766369904:  Hold'em No Limit ($0.50/$1.00 USD) - 2025/02/08 15:26:42 WET [2025/02/08 10:26:42 ET]
Table 'Malautra II' 6-max Seat #3 is the button
Seat 1: v.sting ($106.45 in chips) 
Seat 2: gig.gyty ($106.95 in chips) 
Seat 3: Nicedaymybro ($102.70 in chips) 
Seat 4: tintin641 ($115.88 in chips) 
Seat 5: vitalik_sw ($103.67 in chips) 
Seat 6: Omar1997989 ($97.51 in chips) 
tintin641: posts small blind $0.50
vitalik_sw: posts big blind $1
*** HOLE CARDS ***
Omar1997989: calls $1
v.sting: folds 
gig.gyty: folds 
Nicedaymybro: folds 
tintin641: folds 
vitalik_sw: checks 
*** FLOP *** [8d 2d 8h]
vitalik_sw: checks 
Omar1997989: checks 
*** TURN *** [8d 2d 8h] [9h]
vitalik_sw: checks 
Omar1997989: checks 
*** RIVER *** [8d 2d 8h 9h] [Kd]
vitalik_sw: checks 
Omar1997989: bets $2.38
vitalik_sw: folds 
Uncalled bet ($2.38) returned to Omar1997989
Omar1997989 collected $2.38 from pot
*** SUMMARY ***
Total pot $2.50 | Rake $0.12 
Board [8d 2d 8h 9h Kd]
Seat 1: v.sting folded before Flop (didn't bet)
Seat 2: gig.gyty folded before Flop (didn't bet)
Seat 3: Nicedaymybro (button) folded before Flop (didn't bet)
Seat 4: tintin641 (small blind) folded before Flop
Seat 5: vitalik_sw (big blind) folded on the River
Seat 6: Omar1997989 collected ($2.38)



PokerStars Hand #254766379461:  Hold'em No Limit ($0.50/$1.00 USD) - 2025/02/08 15:27:23 WET [2025/02/08 10:27:23 ET]
Table 'Malautra II' 6-max Seat #4 is the button
Seat 1: v.sting ($106.45 in chips) 
Seat 2: gig.gyty ($106.95 in chips) 
Seat 3: Nicedaymybro ($102.70 in chips) 
Seat 4: tintin641 ($115.38 in chips) 
Seat 5: vitalik_sw ($102.67 in chips) 
Seat 6: Omar1997989 ($98.89 in chips) 
vitalik_sw: posts small blind $0.50
Omar1997989: posts big blind $1
*** HOLE CARDS ***
v.sting: folds 
gig.gyty: folds 
Nicedaymybro: folds 
tintin641: raises $1.50 to $2.50
vitalik_sw: folds 
Omar1997989: calls $1.50
*** FLOP *** [Qd 3h 4d]
Omar1997989: checks 
tintin641: bets $3.92
Omar1997989: calls $3.92
*** TURN *** [Qd 3h 4d] [6s]
Omar1997989: bets $1
tintin641: raises $11 to $12
Omar1997989: folds 
Uncalled bet ($11) returned to tintin641
tintin641 collected $14.57 from pot
tintin641: doesn't show hand 
*** SUMMARY ***
Total pot $15.34 | Rake $0.77 
Board [Qd 3h 4d 6s]
Seat 1: v.sting folded before Flop (didn't bet)
Seat 2: gig.gyty folded before Flop (didn't bet)
Seat 3: Nicedaymybro folded before Flop (didn't bet)
Seat 4: tintin641 (button) collected ($14.57)
Seat 5: vitalik_sw (small blind) folded before Flop
Seat 6: Omar1997989 (big blind) folded on the Turn



PokerStars Hand #254766392333:  Hold'em No Limit ($0.50/$1.00 USD) - 2025/02/08 15:28:18 WET [2025/02/08 10:28:18 ET]
Table 'Malautra II' 6-max Seat #5 is the button
Seat 1: v.sting ($106.45 in chips) 
Seat 2: gig.gyty ($106.95 in chips) 
Seat 3: Nicedaymybro ($102.70 in chips) 
Seat 4: tintin641 ($122.53 in chips) 
Seat 5: vitalik_sw ($102.17 in chips) 
Seat 6: Omar1997989 ($91.47 in chips) 
Omar1997989: posts small blind $0.50
v.sting: posts big blind $1
*** HOLE CARDS ***
gig.gyty: raises $1.25 to $2.25
Nicedaymybro: folds 
tintin641: folds 
vitalik_sw: folds 
Omar1997989: folds 
v.sting: calls $1.25
*** FLOP *** [Qd 4s 2d]
v.sting: checks 
gig.gyty: bets $2.38
v.sting: calls $2.38
*** TURN *** [Qd 4s 2d] [Ks]
v.sting: checks 
gig.gyty: bets $7.14
v.sting: folds 
Uncalled bet ($7.14) returned to gig.gyty
gig.gyty collected $9.27 from pot
gig.gyty: doesn't show hand 
*** SUMMARY ***
Total pot $9.76 | Rake $0.49 
Board [Qd 4s 2d Ks]
Seat 1: v.sting (big blind) folded on the Turn
Seat 2: gig.gyty collected ($9.27)
Seat 3: Nicedaymybro folded before Flop (didn't bet)
Seat 4: tintin641 folded before Flop (didn't bet)
Seat 5: vitalik_sw (button) folded before Flop (didn't bet)
Seat 6: Omar1997989 (small blind) folded before Flop



PokerStars Hand #254766406155:  Hold'em No Limit ($0.50/$1.00 USD) - 2025/02/08 15:29:18 WET [2025/02/08 10:29:18 ET]
Table 'Malautra II' 6-max Seat #6 is the button
Seat 1: v.sting ($101.82 in chips) 
Seat 2: gig.gyty ($111.59 in chips) 
Seat 3: Nicedaymybro ($102.70 in chips) 
Seat 4: tintin641 ($122.53 in chips) 
Seat 5: vitalik_sw ($102.17 in chips) 
Seat 6: Omar1997989 ($90.97 in chips) 
v.sting: posts small blind $0.50
gig.gyty: posts big blind $1
*** HOLE CARDS ***
Nicedaymybro: folds 
tintin641: folds 
vitalik_sw: folds 
Omar1997989: calls $1
v.sting: raises $4 to $5
gig.gyty: calls $4
Omar1997989: calls $4
*** FLOP *** [3s Tc Jc]
v.sting: checks 
gig.gyty: checks 
Omar1997989: checks 
*** TURN *** [3s Tc Jc] [Qs]
v.sting: checks 
gig.gyty: checks 
Omar1997989: checks 
*** RIVER *** [3s Tc Jc Qs] [Qc]
v.sting: checks 
gig.gyty: bets $18.80
Omar1997989: folds 
v.sting: calls $18.80
*** SHOW DOWN ***
gig.gyty: shows [4c Ac] (a flush, Ace high)
v.sting: mucks hand 
gig.gyty collected $50.10 from pot
*** SUMMARY ***
Total pot $52.60 | Rake $2.50 
Board [3s Tc Jc Qs Qc]
Seat 1: v.sting (small blind) mucked
Seat 2: gig.gyty (big blind) showed [4c Ac] and won ($50.10) with a flush, Ace high
Seat 3: Nicedaymybro folded before Flop (didn't bet)
Seat 4: tintin641 folded before Flop (didn't bet)
Seat 5: vitalik_sw folded before Flop (didn't bet)
Seat 6: Omar1997989 (button) folded on the River



PokerStars Hand #254766422252:  Hold'em No Limit ($0.50/$1.00 USD) - 2025/02/08 15:30:27 WET [2025/02/08 10:30:27 ET]
Table 'Malautra II' 6-max Seat #1 is the button
Seat 1: v.sting ($100 in chips) 
Seat 2: gig.gyty ($137.89 in chips) 
Seat 3: Nicedaymybro ($102.70 in chips) 
Seat 4: tintin641 ($122.53 in chips) 
Seat 5: vitalik_sw ($102.17 in chips) 
Seat 6: Omar1997989 ($85.97 in chips) 
gig.gyty: posts small blind $0.50
Nicedaymybro: posts big blind $1
*** HOLE CARDS ***
tintin641: folds 
vitalik_sw: folds 
Omar1997989: calls $1
v.sting: folds 
gig.gyty: folds 
Nicedaymybro: checks 
*** FLOP *** [3h 4s As]
Nicedaymybro: checks 
Omar1997989: checks 
*** TURN *** [3h 4s As] [4d]
Nicedaymybro: bets $3.33
Omar1997989: folds 
Uncalled bet ($3.33) returned to Nicedaymybro
Nicedaymybro collected $2.38 from pot
Nicedaymybro: doesn't show hand 
*** SUMMARY ***
Total pot $2.50 | Rake $0.12 
Board [3h 4s As 4d]
Seat 1: v.sting (button) folded before Flop (didn't bet)
Seat 2: gig.gyty (small blind) folded before Flop
Seat 3: Nicedaymybro (big blind) collected ($2.38)
Seat 4: tintin641 folded before Flop (didn't bet)
Seat 5: vitalik_sw folded before Flop (didn't bet)
Seat 6: Omar1997989 folded on the Turn



PokerStars Hand #254766427671:  Hold'em No Limit ($0.50/$1.00 USD) - 2025/02/08 15:30:50 WET [2025/02/08 10:30:50 ET]
Table 'Malautra II' 6-max Seat #2 is the button
Seat 1: v.sting ($100 in chips) 
Seat 2: gig.gyty ($137.39 in chips) 
Seat 3: Nicedaymybro ($104.08 in chips) 
Seat 4: tintin641 ($122.53 in chips) 
Seat 5: vitalik_sw ($102.17 in chips) 
Seat 6: Omar1997989 ($84.97 in chips) 
Nicedaymybro: posts small blind $0.50
tintin641: posts big blind $1
*** HOLE CARDS ***
vitalik_sw: folds 
Omar1997989: calls $1
v.sting: folds 
gig.gyty: folds 
Nicedaymybro: calls $0.50
tintin641: checks 
*** FLOP *** [2c 7d Ah]
Nicedaymybro: checks 
tintin641: checks 
Omar1997989: checks 
*** TURN *** [2c 7d Ah] [Ts]
Nicedaymybro: checks 
tintin641: checks 
Omar1997989: bets $1
Nicedaymybro: folds 
tintin641: folds 
Uncalled bet ($1) returned to Omar1997989
Omar1997989 collected $2.85 from pot
*** SUMMARY ***
Total pot $3 | Rake $0.15 
Board [2c 7d Ah Ts]
Seat 1: v.sting folded before Flop (didn't bet)
Seat 2: gig.gyty (button) folded before Flop (didn't bet)
Seat 3: Nicedaymybro (small blind) folded on the Turn
Seat 4: tintin641 (big blind) folded on the Turn
Seat 5: vitalik_sw folded before Flop (didn't bet)
Seat 6: Omar1997989 collected ($2.85)



PokerStars Hand #254766443814:  Hold'em No Limit ($0.50/$1.00 USD) - 2025/02/08 15:31:58 WET [2025/02/08 10:31:58 ET]
Table 'Malautra II' 6-max Seat #3 is the button
Seat 1: v.sting ($100 in chips) 
Seat 2: gig.gyty ($137.39 in chips) 
Seat 3: Nicedaymybro ($103.08 in chips) 
Seat 4: tintin641 ($121.53 in chips) 
Seat 5: vitalik_sw ($102.17 in chips) 
Seat 6: Omar1997989 ($86.82 in chips) 
tintin641: posts small blind $0.50
vitalik_sw: posts big blind $1
*** HOLE CARDS ***
Omar1997989: calls $1
v.sting: folds 
gig.gyty: folds 
Nicedaymybro: folds 
tintin641: folds 
vitalik_sw: raises $4 to $5
Omar1997989: calls $4
*** FLOP *** [Js As Ah]
vitalik_sw: bets $3.39
Omar1997989: folds 
Uncalled bet ($3.39) returned to vitalik_sw
vitalik_sw collected $9.98 from pot
vitalik_sw: doesn't show hand 
*** SUMMARY ***
Total pot $10.50 | Rake $0.52 
Board [Js As Ah]
Seat 1: v.sting folded before Flop (didn't bet)
Seat 2: gig.gyty folded before Flop (didn't bet)
Seat 3: Nicedaymybro (button) folded before Flop (didn't bet)
Seat 4: tintin641 (small blind) folded before Flop
Seat 5: vitalik_sw (big blind) collected ($9.98)
Seat 6: Omar1997989 folded on the Flop



PokerStars Hand #254766451880:  Hold'em No Limit ($0.50/$1.00 USD) - 2025/02/08 15:32:33 WET [2025/02/08 10:32:33 ET]
Table 'Malautra II' 6-max Seat #4 is the button
Seat 1: v.sting ($100 in chips) 
Seat 2: gig.gyty ($137.39 in chips) 
Seat 3: Nicedaymybro ($103.08 in chips) 
Seat 4: tintin641 ($121.03 in chips) 
Seat 5: vitalik_sw ($107.15 in chips) 
Seat 6: Omar1997989 ($81.82 in chips) 
vitalik_sw: posts small blind $0.50
Omar1997989: posts big blind $1
*** HOLE CARDS ***
v.sting: folds 
gig.gyty: raises $1.25 to $2.25
Nicedaymybro: folds 
tintin641: folds 
vitalik_sw: folds 
Omar1997989: calls $1.25
*** FLOP *** [2h 2s 8d]
Omar1997989: checks 
gig.gyty: bets $1.57
Omar1997989: folds 
Uncalled bet ($1.57) returned to gig.gyty
gig.gyty collected $4.75 from pot
gig.gyty: doesn't show hand 
*** SUMMARY ***
Total pot $5 | Rake $0.25 
Board [2h 2s 8d]
Seat 1: v.sting folded before Flop (didn't bet)
Seat 2: gig.gyty collected ($4.75)
Seat 3: Nicedaymybro folded before Flop (didn't bet)
Seat 4: tintin641 (button) folded before Flop (didn't bet)
Seat 5: vitalik_sw (small blind) folded before Flop
Seat 6: Omar1997989 (big blind) folded on the Flop



PokerStars Hand #254766460152:  Hold'em No Limit ($0.50/$1.00 USD) - 2025/02/08 15:33:09 WET [2025/02/08 10:33:09 ET]
Table 'Malautra II' 6-max Seat #5 is the button
Seat 1: v.sting ($100 in chips) 
Seat 2: gig.gyty ($139.89 in chips) 
Seat 3: Nicedaymybro ($103.08 in chips) 
Seat 4: tintin641 ($121.03 in chips) 
Seat 5: vitalik_sw ($106.65 in chips) 
Seat 6: Omar1997989 ($79.57 in chips) 
Omar1997989: posts small blind $0.50
v.sting: posts big blind $1
*** HOLE CARDS ***
gig.gyty: folds 
Nicedaymybro: folds 
tintin641: folds 
vitalik_sw: folds 
Omar1997989: calls $0.50
v.sting: raises $3.75 to $4.75
Omar1997989: calls $3.75
*** FLOP *** [Ah Kd 5c]
Omar1997989: checks 
v.sting: bets $2.25
Omar1997989: folds 
Uncalled bet ($2.25) returned to v.sting
v.sting collected $9.02 from pot
v.sting: doesn't show hand 
*** SUMMARY ***
Total pot $9.50 | Rake $0.48 
Board [Ah Kd 5c]
Seat 1: v.sting (big blind) collected ($9.02)
Seat 2: gig.gyty folded before Flop (didn't bet)
Seat 3: Nicedaymybro folded before Flop (didn't bet)
Seat 4: tintin641 folded before Flop (didn't bet)
Seat 5: vitalik_sw (button) folded before Flop (didn't bet)
Seat 6: Omar1997989 (small blind) folded on the Flop



PokerStars Hand #254766467784:  Hold'em No Limit ($0.50/$1.00 USD) - 2025/02/08 15:33:42 WET [2025/02/08 10:33:42 ET]
Table 'Malautra II' 6-max Seat #6 is the button
Seat 1: v.sting ($104.27 in chips) 
Seat 2: gig.gyty ($139.89 in chips) 
Seat 3: Nicedaymybro ($103.08 in chips) 
Seat 4: tintin641 ($121.03 in chips) 
Seat 5: vitalik_sw ($106.65 in chips) 
Seat 6: Omar1997989 ($74.82 in chips) 
v.sting: posts small blind $0.50
gig.gyty: posts big blind $1
*** HOLE CARDS ***
Nicedaymybro: folds 
tintin641: folds 
vitalik_sw: raises $1.50 to $2.50
Omar1997989: calls $2.50
v.sting: raises $11.50 to $14
gig.gyty: folds 
vitalik_sw: folds 
Omar1997989: folds 
Uncalled bet ($11.50) returned to v.sting
v.sting collected $8.50 from pot
v.sting: doesn't show hand 
*** SUMMARY ***
Total pot $8.50 | Rake $0 
Seat 1: v.sting (small blind) collected ($8.50)
Seat 2: gig.gyty (big blind) folded before Flop
Seat 3: Nicedaymybro folded before Flop (didn't bet)
Seat 4: tintin641 folded before Flop (didn't bet)
Seat 5: vitalik_sw folded before Flop
Seat 6: Omar1997989 (button) folded before Flop



PokerStars Hand #254766474447:  Hold'em No Limit ($0.50/$1.00 USD) - 2025/02/08 15:34:10 WET [2025/02/08 10:34:10 ET]
Table 'Malautra II' 6-max Seat #1 is the button
Seat 1: v.sting ($110.27 in chips) 
Seat 2: gig.gyty ($138.89 in chips) 
Seat 3: Nicedaymybro ($103.08 in chips) 
Seat 4: tintin641 ($121.03 in chips) 
Seat 5: vitalik_sw ($104.15 in chips) 
Seat 6: Omar1997989 ($72.32 in chips) 
gig.gyty: posts small blind $0.50
Nicedaymybro: posts big blind $1
*** HOLE CARDS ***
tintin641: folds 
vitalik_sw: raises $1.20 to $2.20
Omar1997989: folds 
v.sting: folds 
gig.gyty: raises $8.80 to $11
Nicedaymybro: folds 
vitalik_sw: folds 
Uncalled bet ($8.80) returned to gig.gyty
gig.gyty collected $5.40 from pot
gig.gyty: doesn't show hand 
*** SUMMARY ***
Total pot $5.40 | Rake $0 
Seat 1: v.sting (button) folded before Flop (didn't bet)
Seat 2: gig.gyty (small blind) collected ($5.40)
Seat 3: Nicedaymybro (big blind) folded before Flop
Seat 4: tintin641 folded before Flop (didn't bet)
Seat 5: vitalik_sw folded before Flop
Seat 6: Omar1997989 folded before Flop (didn't bet)



PokerStars Hand #254766481208:  Hold'em No Limit ($0.50/$1.00 USD) - 2025/02/08 15:34:39 WET [2025/02/08 10:34:39 ET]
Table 'Malautra II' 6-max Seat #2 is the button
Seat 1: v.sting ($110.27 in chips) 
Seat 2: gig.gyty ($142.09 in chips) 
Seat 3: Nicedaymybro ($102.08 in chips) 
Seat 4: tintin641 ($121.03 in chips) 
Seat 5: vitalik_sw ($101.95 in chips) 
Seat 6: Omar1997989 ($72.32 in chips) 
Nicedaymybro: posts small blind $0.50
tintin641: posts big blind $1
*** HOLE CARDS ***
vitalik_sw: folds 
Omar1997989: calls $1
v.sting: folds 
gig.gyty: raises $2.50 to $3.50
Nicedaymybro: folds 
tintin641: folds 
Omar1997989: calls $2.50
*** FLOP *** [8h 2c Th]
Omar1997989: checks 
gig.gyty: bets $2.02
Omar1997989: calls $2.02
*** TURN *** [8h 2c Th] [7h]
Omar1997989: checks 
gig.gyty: checks 
*** RIVER *** [8h 2c Th 7h] [Ks]
Omar1997989: bets $1
gig.gyty: folds 
Uncalled bet ($1) returned to Omar1997989
Omar1997989 collected $11.91 from pot
*** SUMMARY ***
Total pot $12.54 | Rake $0.63 
Board [8h 2c Th 7h Ks]
Seat 1: v.sting folded before Flop (didn't bet)
Seat 2: gig.gyty (button) folded on the River
Seat 3: Nicedaymybro (small blind) folded before Flop
Seat 4: tintin641 (big blind) folded before Flop
Seat 5: vitalik_sw folded before Flop (didn't bet)
Seat 6: Omar1997989 collected ($11.91)



PokerStars Hand #254766491272:  Hold'em No Limit ($0.50/$1.00 USD) - 2025/02/08 15:35:21 WET [2025/02/08 10:35:21 ET]
Table 'Malautra II' 6-max Seat #3 is the button
Seat 1: v.sting ($110.27 in chips) 
Seat 2: gig.gyty ($136.57 in chips) 
Seat 3: Nicedaymybro ($101.58 in chips) 
Seat 4: tintin641 ($120.03 in chips) 
Seat 5: vitalik_sw ($101.95 in chips) 
Seat 6: Omar1997989 ($78.71 in chips) 
tintin641: posts small blind $0.50
vitalik_sw: posts big blind $1
*** HOLE CARDS ***
Omar1997989: calls $1
v.sting: raises $3.50 to $4.50
gig.gyty: folds 
Nicedaymybro: folds 
tintin641: folds 
vitalik_sw: folds 
Omar1997989: calls $3.50
*** FLOP *** [4h 8c 9h]
Omar1997989: checks 
v.sting: bets $7.99
Omar1997989: calls $7.99
*** TURN *** [4h 8c 9h] [Th]
Omar1997989: checks 
v.sting: bets $16.86
Omar1997989: calls $16.86
*** RIVER *** [4h 8c 9h Th] [Ac]
Omar1997989: checks 
v.sting: checks 
*** SHOW DOWN ***
Omar1997989: shows [Jc Kd] (high card Ace)
v.sting: shows [Qd Qc] (a pair of Queens)
v.sting collected $57.70 from pot
*** SUMMARY ***
Total pot $60.20 | Rake $2.50 
Board [4h 8c 9h Th Ac]
Seat 1: v.sting showed [Qd Qc] and won ($57.70) with a pair of Queens
Seat 2: gig.gyty folded before Flop (didn't bet)
Seat 3: Nicedaymybro (button) folded before Flop (didn't bet)
Seat 4: tintin641 (small blind) folded before Flop
Seat 5: vitalik_sw (big blind) folded before Flop
Seat 6: Omar1997989 showed [Jc Kd] and lost with high card Ace



PokerStars Hand #254766500825:  Hold'em No Limit ($0.50/$1.00 USD) - 2025/02/08 15:36:02 WET [2025/02/08 10:36:02 ET]
Table 'Malautra II' 6-max Seat #4 is the button
Seat 1: v.sting ($138.62 in chips) 
Seat 2: gig.gyty ($136.57 in chips) 
Seat 3: Nicedaymybro ($101.58 in chips) 
Seat 4: tintin641 ($119.53 in chips) 
Seat 5: vitalik_sw ($100.95 in chips) 
Seat 6: Omar1997989 ($49.36 in chips) 
vitalik_sw: posts small blind $0.50
Omar1997989: posts big blind $1
*** HOLE CARDS ***
v.sting: raises $1.50 to $2.50
gig.gyty: raises $5.50 to $8
Nicedaymybro: raises $10 to $18
tintin641: folds 
vitalik_sw: folds 
Omar1997989: folds 
v.sting: folds 
gig.gyty: folds 
Uncalled bet ($10) returned to Nicedaymybro
Nicedaymybro collected $20 from pot
Nicedaymybro: doesn't show hand 
*** SUMMARY ***
Total pot $20 | Rake $0 
Seat 1: v.sting folded before Flop
Seat 2: gig.gyty folded before Flop
Seat 3: Nicedaymybro collected ($20)
Seat 4: tintin641 (button) folded before Flop (didn't bet)
Seat 5: vitalik_sw (small blind) folded before Flop
Seat 6: Omar1997989 (big blind) folded before Flop



PokerStars Hand #254766507784:  Hold'em No Limit ($0.50/$1.00 USD) - 2025/02/08 15:36:32 WET [2025/02/08 10:36:32 ET]
Table 'Malautra II' 6-max Seat #5 is the button
Seat 1: v.sting ($136.12 in chips) 
Seat 2: gig.gyty ($128.57 in chips) 
Seat 3: Nicedaymybro ($113.58 in chips) 
Seat 4: tintin641 ($119.53 in chips) 
Seat 5: vitalik_sw ($100.45 in chips) 
Seat 6: Omar1997989 ($48.36 in chips) 
Omar1997989: posts small blind $0.50
v.sting: posts big blind $1
*** HOLE CARDS ***
gig.gyty: folds 
Nicedaymybro: folds 
tintin641: raises $1.50 to $2.50
vitalik_sw: folds 
Omar1997989: raises $1.50 to $4
v.sting: folds 
tintin641: calls $1.50
*** FLOP *** [6h 3c 9h]
Omar1997989: checks 
tintin641: checks 
*** TURN *** [6h 3c 9h] [4d]
Omar1997989: bets $1
tintin641: calls $1
*** RIVER *** [6h 3c 9h 4d] [Ad]
Omar1997989: bets $10.45
tintin641: folds 
Uncalled bet ($10.45) returned to Omar1997989
Omar1997989 collected $10.45 from pot
*** SUMMARY ***
Total pot $11 | Rake $0.55 
Board [6h 3c 9h 4d Ad]
Seat 1: v.sting (big blind) folded before Flop
Seat 2: gig.gyty folded before Flop (didn't bet)
Seat 3: Nicedaymybro folded before Flop (didn't bet)
Seat 4: tintin641 folded on the River
Seat 5: vitalik_sw (button) folded before Flop (didn't bet)
Seat 6: Omar1997989 (small blind) collected ($10.45)



PokerStars Hand #254766522067:  Hold'em No Limit ($0.50/$1.00 USD) - 2025/02/08 15:37:32 WET [2025/02/08 10:37:32 ET]
Table 'Malautra II' 6-max Seat #6 is the button
Seat 1: v.sting ($135.12 in chips) 
Seat 2: gig.gyty ($128.57 in chips) 
Seat 3: Nicedaymybro ($113.58 in chips) 
Seat 4: tintin641 ($114.53 in chips) 
Seat 5: vitalik_sw ($100.45 in chips) 
Seat 6: Omar1997989 ($53.81 in chips) 
v.sting: posts small blind $0.50
gig.gyty: posts big blind $1
*** HOLE CARDS ***
Nicedaymybro: folds 
tintin641: folds 
vitalik_sw: folds 
Omar1997989: calls $1
v.sting: folds 
gig.gyty: checks 
*** FLOP *** [Qh Qc 3d]
gig.gyty: checks 
Omar1997989: checks 
*** TURN *** [Qh Qc 3d] [7d]
gig.gyty: checks 
Omar1997989: checks 
*** RIVER *** [Qh Qc 3d 7d] [Ts]
gig.gyty: checks 
Omar1997989: checks 
*** SHOW DOWN ***
gig.gyty: shows [4d Ks] (a pair of Queens)
Omar1997989: mucks hand 
gig.gyty collected $2.38 from pot
*** SUMMARY ***
Total pot $2.50 | Rake $0.12 
Board [Qh Qc 3d 7d Ts]
Seat 1: v.sting (small blind) folded before Flop
Seat 2: gig.gyty (big blind) showed [4d Ks] and won ($2.38) with a pair of Queens
Seat 3: Nicedaymybro folded before Flop (didn't bet)
Seat 4: tintin641 folded before Flop (didn't bet)
Seat 5: vitalik_sw folded before Flop (didn't bet)
Seat 6: Omar1997989 (button) mucked



PokerStars Hand #254766529303:  Hold'em No Limit ($0.50/$1.00 USD) - 2025/02/08 15:38:03 WET [2025/02/08 10:38:03 ET]
Table 'Malautra II' 6-max Seat #1 is the button
Seat 1: v.sting ($134.62 in chips) 
Seat 2: gig.gyty ($129.95 in chips) 
Seat 3: Nicedaymybro ($113.58 in chips) 
Seat 4: tintin641 ($114.53 in chips) 
Seat 5: vitalik_sw ($100.45 in chips) 
Seat 6: Omar1997989 ($52.81 in chips) 
gig.gyty: posts small blind $0.50
Nicedaymybro: posts big blind $1
*** HOLE CARDS ***
tintin641: folds 
vitalik_sw: folds 
Omar1997989: calls $1
v.sting: raises $3.10 to $4.10
gig.gyty: folds 
Nicedaymybro: folds 
Omar1997989: calls $3.10
*** FLOP *** [3h 9d 7h]
Omar1997989: checks 
v.sting: checks 
*** TURN *** [3h 9d 7h] [Qd]
Omar1997989: checks 
v.sting: bets $5.07
Omar1997989: folds 
Uncalled bet ($5.07) returned to v.sting
v.sting collected $9.22 from pot
v.sting: doesn't show hand 
*** SUMMARY ***
Total pot $9.70 | Rake $0.48 
Board [3h 9d 7h Qd]
Seat 1: v.sting (button) collected ($9.22)
Seat 2: gig.gyty (small blind) folded before Flop
Seat 3: Nicedaymybro (big blind) folded before Flop
Seat 4: tintin641 folded before Flop (didn't bet)
Seat 5: vitalik_sw folded before Flop (didn't bet)
Seat 6: Omar1997989 folded on the Turn



PokerStars Hand #254766539170:  Hold'em No Limit ($0.50/$1.00 USD) - 2025/02/08 15:38:44 WET [2025/02/08 10:38:44 ET]
Table 'Malautra II' 6-max Seat #2 is the button
Seat 1: v.sting ($139.74 in chips) 
Seat 2: gig.gyty ($129.45 in chips) 
Seat 3: Nicedaymybro ($112.58 in chips) 
Seat 4: tintin641 ($114.53 in chips) 
Seat 5: vitalik_sw ($100.45 in chips) 
Seat 6: Omar1997989 ($48.71 in chips) 
Nicedaymybro: posts small blind $0.50
tintin641: posts big blind $1
*** HOLE CARDS ***
vitalik_sw: folds 
Omar1997989: calls $1
v.sting: raises $3.50 to $4.50
gig.gyty: folds 
Nicedaymybro: folds 
tintin641: folds 
Omar1997989: calls $3.50
*** FLOP *** [Qs 5d 4c]
Omar1997989: checks 
v.sting: bets $3.99
Omar1997989: calls $3.99
*** TURN *** [Qs 5d 4c] [4s]
Omar1997989: checks 
v.sting: bets $9.66
Omar1997989: calls $9.66
*** RIVER *** [Qs 5d 4c 4s] [Ah]
Omar1997989: checks 
v.sting: checks 
*** SHOW DOWN ***
Omar1997989: shows [3d Td] (a pair of Fours)
v.sting: shows [Jc Qc] (two pair, Queens and Fours)
v.sting collected $35.91 from pot
*** SUMMARY ***
Total pot $37.80 | Rake $1.89 
Board [Qs 5d 4c 4s Ah]
Seat 1: v.sting showed [Jc Qc] and won ($35.91) with two pair, Queens and Fours
Seat 2: gig.gyty (button) folded before Flop (didn't bet)
Seat 3: Nicedaymybro (small blind) folded before Flop
Seat 4: tintin641 (big blind) folded before Flop
Seat 5: vitalik_sw folded before Flop (didn't bet)
Seat 6: Omar1997989 showed [3d Td] and lost with a pair of Fours



PokerStars Hand #254766549022:  Hold'em No Limit ($0.50/$1.00 USD) - 2025/02/08 15:39:26 WET [2025/02/08 10:39:26 ET]
Table 'Malautra II' 6-max Seat #3 is the button
Seat 1: v.sting ($157.50 in chips) 
Seat 2: gig.gyty ($129.45 in chips) 
Seat 3: Nicedaymybro ($112.08 in chips) 
Seat 4: tintin641 ($113.53 in chips) 
Seat 5: vitalik_sw ($100.45 in chips) 
Seat 6: Omar1997989 ($30.56 in chips) 
tintin641: posts small blind $0.50
vitalik_sw: posts big blind $1
*** HOLE CARDS ***
Omar1997989: calls $1
v.sting: folds 
gig.gyty: folds 
Nicedaymybro: folds 
tintin641: folds 
vitalik_sw: checks 
*** FLOP *** [7c 7h Ac]
vitalik_sw: checks 
Omar1997989: checks 
*** TURN *** [7c 7h Ac] [3d]
vitalik_sw: checks 
Omar1997989: checks 
*** RIVER *** [7c 7h Ac 3d] [5h]
vitalik_sw: checks 
Omar1997989: checks 
*** SHOW DOWN ***
vitalik_sw: shows [9d 4h] (a pair of Sevens)
Omar1997989: shows [Jh 6h] (a pair of Sevens - Ace+Jack kicker)
Omar1997989 collected $2.38 from pot
*** SUMMARY ***
Total pot $2.50 | Rake $0.12 
Board [7c 7h Ac 3d 5h]
Seat 1: v.sting folded before Flop (didn't bet)
Seat 2: gig.gyty folded before Flop (didn't bet)
Seat 3: Nicedaymybro (button) folded before Flop (didn't bet)
Seat 4: tintin641 (small blind) folded before Flop
Seat 5: vitalik_sw (big blind) showed [9d 4h] and lost with a pair of Sevens
Seat 6: Omar1997989 showed [Jh 6h] and won ($2.38) with a pair of Sevens



PokerStars Hand #254766557574:  Hold'em No Limit ($0.50/$1.00 USD) - 2025/02/08 15:40:02 WET [2025/02/08 10:40:02 ET]
Table 'Malautra II' 6-max Seat #4 is the button
Seat 1: v.sting ($157.50 in chips) 
Seat 2: gig.gyty ($129.45 in chips) 
Seat 3: Nicedaymybro ($112.08 in chips) 
Seat 4: tintin641 ($113.03 in chips) 
Seat 5: vitalik_sw ($100 in chips) 
Seat 6: Omar1997989 ($31.94 in chips) 
vitalik_sw: posts small blind $0.50
Omar1997989: posts big blind $1
*** HOLE CARDS ***
v.sting: folds 
gig.gyty: raises $1.25 to $2.25
Nicedaymybro: folds 
tintin641: folds 
vitalik_sw: folds 
Omar1997989: calls $1.25
*** FLOP *** [2h 7s 6h]
Omar1997989: checks 
gig.gyty: bets $1.57
Omar1997989: folds 
Uncalled bet ($1.57) returned to gig.gyty
gig.gyty collected $4.75 from pot
gig.gyty: doesn't show hand 
*** SUMMARY ***
Total pot $5 | Rake $0.25 
Board [2h 7s 6h]
Seat 1: v.sting folded before Flop (didn't bet)
Seat 2: gig.gyty collected ($4.75)
Seat 3: Nicedaymybro folded before Flop (didn't bet)
Seat 4: tintin641 (button) folded before Flop (didn't bet)
Seat 5: vitalik_sw (small blind) folded before Flop
Seat 6: Omar1997989 (big blind) folded on the Flop



PokerStars Hand #254766564030:  Hold'em No Limit ($0.50/$1.00 USD) - 2025/02/08 15:40:30 WET [2025/02/08 10:40:30 ET]
Table 'Malautra II' 6-max Seat #5 is the button
Seat 1: v.sting ($157.50 in chips) 
Seat 2: gig.gyty ($131.95 in chips) 
Seat 3: Nicedaymybro ($112.08 in chips) 
Seat 4: tintin641 ($113.03 in chips) 
Seat 5: vitalik_sw ($100 in chips) 
Seat 6: Omar1997989 ($29.69 in chips) 
Omar1997989: posts small blind $0.50
v.sting: posts big blind $1
*** HOLE CARDS ***
gig.gyty: folds 
Nicedaymybro: folds 
tintin641: folds 
vitalik_sw: folds 
Omar1997989: calls $0.50
v.sting: raises $3.25 to $4.25
Omar1997989: calls $3.25
*** FLOP *** [9h Ac Ah]
Omar1997989: checks 
v.sting: checks 
*** TURN *** [9h Ac Ah] [6s]
Omar1997989: checks 
v.sting: checks 
*** RIVER *** [9h Ac Ah 6s] [6c]
Omar1997989: checks 
v.sting: bets $2.02
Omar1997989: folds 
Uncalled bet ($2.02) returned to v.sting
v.sting collected $8.08 from pot
v.sting: doesn't show hand 
*** SUMMARY ***
Total pot $8.50 | Rake $0.42 
Board [9h Ac Ah 6s 6c]
Seat 1: v.sting (big blind) collected ($8.08)
Seat 2: gig.gyty folded before Flop (didn't bet)
Seat 3: Nicedaymybro folded before Flop (didn't bet)
Seat 4: tintin641 folded before Flop (didn't bet)
Seat 5: vitalik_sw (button) folded before Flop (didn't bet)
Seat 6: Omar1997989 (small blind) folded on the River



PokerStars Hand #254766576918:  Hold'em No Limit ($0.50/$1.00 USD) - 2025/02/08 15:41:24 WET [2025/02/08 10:41:24 ET]
Table 'Malautra II' 6-max Seat #6 is the button
Seat 3: Nicedaymybro ($112.08 in chips) is sitting out
Seat 1: v.sting ($161.33 in chips) 
Seat 2: gig.gyty ($131.95 in chips) 
Seat 4: tintin641 ($113.03 in chips) 
Seat 5: vitalik_sw ($100 in chips) 
Seat 6: Omar1997989 ($25.44 in chips) 
v.sting: posts small blind $0.50
gig.gyty: posts big blind $1
*** HOLE CARDS ***
tintin641: folds 
vitalik_sw: raises $1.50 to $2.50
Omar1997989: folds 
v.sting: raises $10 to $12.50
gig.gyty: folds 
vitalik_sw: calls $10
*** FLOP *** [4c 2h 7c]
v.sting: checks 
vitalik_sw: checks 
*** TURN *** [4c 2h 7c] [8s]
v.sting: bets $8.15
vitalik_sw: raises $16.82 to $24.97
v.sting: calls $16.82
*** RIVER *** [4c 2h 7c 8s] [6d]
v.sting: checks 
vitalik_sw: checks 
*** SHOW DOWN ***
v.sting: shows [Kd Ks] (a pair of Kings)
vitalik_sw: mucks hand 
v.sting collected $73.44 from pot
*** SUMMARY ***
Total pot $75.94 | Rake $2.50 
Board [4c 2h 7c 8s 6d]
Seat 3: Nicedaymybro
Seat 1: v.sting (small blind) showed [Kd Ks] and won ($73.44) with a pair of Kings
Seat 2: gig.gyty (big blind) folded before Flop
Seat 4: tintin641 folded before Flop (didn't bet)
Seat 5: vitalik_sw mucked
Seat 6: Omar1997989 (button) folded before Flop (didn't bet)



PokerStars Hand #254766592933:  Hold'em No Limit ($0.50/$1.00 USD) - 2025/02/08 15:42:32 WET [2025/02/08 10:42:32 ET]
Table 'Malautra II' 6-max Seat #1 is the button
Seat 3: Nicedaymybro ($112.08 in chips) is sitting out
Seat 1: v.sting ($197.30 in chips) 
Seat 2: gig.gyty ($130.95 in chips) 
Seat 4: tintin641 ($113.03 in chips) 
Seat 5: vitalik_sw ($100 in chips) 
Seat 6: Omar1997989 ($25.44 in chips) 
gig.gyty: posts small blind $0.50
tintin641: posts big blind $1
*** HOLE CARDS ***
vitalik_sw: folds 
Omar1997989: calls $1
v.sting: raises $3.10 to $4.10
gig.gyty: folds 
tintin641: folds 
Omar1997989: folds 
Uncalled bet ($3.10) returned to v.sting
v.sting collected $3.50 from pot
v.sting: doesn't show hand 
*** SUMMARY ***
Total pot $3.50 | Rake $0 
Seat 3: Nicedaymybro
Seat 1: v.sting (button) collected ($3.50)
Seat 2: gig.gyty (small blind) folded before Flop
Seat 4: tintin641 (big blind) folded before Flop
Seat 5: vitalik_sw folded before Flop (didn't bet)
Seat 6: Omar1997989 folded before Flop



PokerStars Hand #254766596750:  Hold'em No Limit ($0.50/$1.00 USD) - 2025/02/08 15:42:48 WET [2025/02/08 10:42:48 ET]
Table 'Malautra II' 6-max Seat #2 is the button
Seat 3: Nicedaymybro ($112.08 in chips) is sitting out
Seat 1: v.sting ($199.80 in chips) 
Seat 2: gig.gyty ($130.45 in chips) 
Seat 4: tintin641 ($112.03 in chips) 
Seat 5: vitalik_sw ($100 in chips) 
Seat 6: Omar1997989 ($24.44 in chips) 
tintin641: posts small blind $0.50
vitalik_sw: posts big blind $1
*** HOLE CARDS ***
Omar1997989: calls $1
v.sting: raises $3.25 to $4.25
gig.gyty: folds 
tintin641: folds 
vitalik_sw: folds 
Omar1997989: calls $3.25
*** FLOP *** [9h Ts 5s]
Omar1997989: checks 
v.sting: bets $7.13
Omar1997989: folds 
Uncalled bet ($7.13) returned to v.sting
v.sting collected $9.50 from pot
v.sting: doesn't show hand 
*** SUMMARY ***
Total pot $10 | Rake $0.50 
Board [9h Ts 5s]
Seat 3: Nicedaymybro
Seat 1: v.sting collected ($9.50)
Seat 2: gig.gyty (button) folded before Flop (didn't bet)
Seat 4: tintin641 (small blind) folded before Flop
Seat 5: vitalik_sw (big blind) folded before Flop
Seat 6: Omar1997989 folded on the Flop



PokerStars Hand #254766603142:  Hold'em No Limit ($0.50/$1.00 USD) - 2025/02/08 15:43:15 WET [2025/02/08 10:43:15 ET]
Table 'Malautra II' 6-max Seat #4 is the button
Seat 3: Nicedaymybro ($112.08 in chips) is sitting out
Seat 1: v.sting ($205.05 in chips) 
Seat 2: gig.gyty ($130.45 in chips) 
Seat 4: tintin641 ($111.53 in chips) 
Seat 5: vitalik_sw ($100 in chips) 
Seat 6: Omar1997989 ($20.19 in chips) 
vitalik_sw: posts small blind $0.50
Omar1997989: posts big blind $1
*** HOLE CARDS ***
v.sting: folds 
gig.gyty: folds 
tintin641: raises $1 to $2
vitalik_sw: folds 
Omar1997989: calls $1
*** FLOP *** [4c 5c Jc]
Omar1997989: checks 
tintin641: bets $1.41
Omar1997989: calls $1.41
*** TURN *** [4c 5c Jc] [Kc]
Omar1997989: checks 
tintin641: bets $5.21
Omar1997989: folds 
Uncalled bet ($5.21) returned to tintin641
tintin641 collected $6.95 from pot
tintin641: doesn't show hand 
*** SUMMARY ***
Total pot $7.32 | Rake $0.37 
Board [4c 5c Jc Kc]
Seat 3: Nicedaymybro
Seat 1: v.sting folded before Flop (didn't bet)
Seat 2: gig.gyty folded before Flop (didn't bet)
Seat 4: tintin641 (button) collected ($6.95)
Seat 5: vitalik_sw (small blind) folded before Flop
Seat 6: Omar1997989 (big blind) folded on the Turn



PokerStars Hand #254766616404:  Hold'em No Limit ($0.50/$1.00 USD) - 2025/02/08 15:44:12 WET [2025/02/08 10:44:12 ET]
Table 'Malautra II' 6-max Seat #5 is the button
Seat 3: Nicedaymybro ($112.08 in chips) is sitting out
Seat 1: v.sting ($205.05 in chips) 
Seat 2: gig.gyty ($130.45 in chips) 
Seat 4: tintin641 ($115.07 in chips) 
Seat 5: vitalik_sw ($100 in chips) 
Seat 6: Omar1997989 ($16.78 in chips) 
Omar1997989: posts small blind $0.50
v.sting: posts big blind $1
Nicedaymybro: sits out 
*** HOLE CARDS ***
gig.gyty: folds 
tintin641: folds 
vitalik_sw: raises $1.50 to $2.50
Omar1997989: calls $2
v.sting: folds 
*** FLOP *** [5d Jc 3d]
Omar1997989: checks 
vitalik_sw: bets $1.94
Omar1997989: calls $1.94
*** TURN *** [5d Jc 3d] [Jh]
Omar1997989: checks 
vitalik_sw: checks 
*** RIVER *** [5d Jc 3d Jh] [Tc]
Omar1997989: checks 
vitalik_sw: checks 
*** SHOW DOWN ***
Omar1997989: shows [Ad 8c] (a pair of Jacks)
vitalik_sw: mucks hand 
Omar1997989 collected $9.39 from pot
*** SUMMARY ***
Total pot $9.88 | Rake $0.49 
Board [5d Jc 3d Jh Tc]
Seat 3: Nicedaymybro
Seat 1: v.sting (big blind) folded before Flop
Seat 2: gig.gyty folded before Flop (didn't bet)
Seat 4: tintin641 folded before Flop (didn't bet)
Seat 5: vitalik_sw (button) mucked
Seat 6: Omar1997989 (small blind) showed [Ad 8c] and won ($9.39) with a pair of Jacks



PokerStars Hand #254766625301:  Hold'em No Limit ($0.50/$1.00 USD) - 2025/02/08 15:44:49 WET [2025/02/08 10:44:49 ET]
Table 'Malautra II' 6-max Seat #6 is the button
Seat 3: Nicedaymybro ($112.08 in chips) is sitting out
Seat 1: v.sting ($204.05 in chips) 
Seat 2: gig.gyty ($130.45 in chips) 
Seat 4: tintin641 ($115.07 in chips) 
Seat 5: vitalik_sw ($100 in chips) 
Seat 6: Omar1997989 ($21.73 in chips) 
v.sting: posts small blind $0.50
gig.gyty: posts big blind $1
Nicedaymybro: sits out 
*** HOLE CARDS ***
tintin641: folds 
vitalik_sw: folds 
Omar1997989: calls $1
v.sting: folds 
gig.gyty: checks 
*** FLOP *** [9c 8h 2d]
gig.gyty: bets $2
Omar1997989: calls $2
*** TURN *** [9c 8h 2d] [8d]
gig.gyty: bets $6
Omar1997989: raises $6 to $12
gig.gyty: raises $7.55 to $19.55
Omar1997989: calls $6.73 and is all-in
Uncalled bet ($0.82) returned to gig.gyty
*** RIVER *** [9c 8h 2d 8d] [5c]
*** SHOW DOWN ***
gig.gyty: shows [9h Qd] (two pair, Nines and Eights)
Omar1997989: shows [8c 4h] (three of a kind, Eights)
Omar1997989 collected $41.76 from pot
*** SUMMARY ***
Total pot $43.96 | Rake $2.20 
Board [9c 8h 2d 8d 5c]
Seat 3: Nicedaymybro
Seat 1: v.sting (small blind) folded before Flop
Seat 2: gig.gyty (big blind) showed [9h Qd] and lost with two pair, Nines and Eights
Seat 4: tintin641 folded before Flop (didn't bet)
Seat 5: vitalik_sw folded before Flop (didn't bet)
Seat 6: Omar1997989 (button) showed [8c 4h] and won ($41.76) with three of a kind, Eights



PokerStars Hand #254766642771:  Hold'em No Limit ($0.50/$1.00 USD) - 2025/02/08 15:46:03 WET [2025/02/08 10:46:03 ET]
Table 'Malautra II' 6-max Seat #1 is the button
Seat 1: v.sting ($203.55 in chips) 
Seat 2: gig.gyty ($108.72 in chips) 
Seat 3: Nicedaymybro ($112.08 in chips) 
Seat 4: tintin641 ($115.07 in chips) 
Seat 5: vitalik_sw ($100 in chips) 
Seat 6: Omar1997989 ($41.76 in chips) 
gig.gyty: posts small blind $0.50
Nicedaymybro: posts big blind $1
*** HOLE CARDS ***
tintin641: folds 
vitalik_sw: folds 
Omar1997989: calls $1
v.sting: folds 
gig.gyty: folds 
Nicedaymybro: checks 
*** FLOP *** [5c 2c 9d]
Nicedaymybro: bets $1.79
Omar1997989: calls $1.79
*** TURN *** [5c 2c 9d] [Kd]
Nicedaymybro: checks 
Omar1997989: checks 
*** RIVER *** [5c 2c 9d Kd] [7c]
Nicedaymybro: bets $3.81
Omar1997989: calls $3.81
*** SHOW DOWN ***
Nicedaymybro: shows [6c 8s] (a straight, Five to Nine)
Omar1997989: mucks hand 
Nicedaymybro collected $13.02 from pot
*** SUMMARY ***
Total pot $13.70 | Rake $0.68 
Board [5c 2c 9d Kd 7c]
Seat 1: v.sting (button) folded before Flop (didn't bet)
Seat 2: gig.gyty (small blind) folded before Flop
Seat 3: Nicedaymybro (big blind) showed [6c 8s] and won ($13.02) with a straight, Five to Nine
Seat 4: tintin641 folded before Flop (didn't bet)
Seat 5: vitalik_sw folded before Flop (didn't bet)
Seat 6: Omar1997989 mucked



PokerStars Hand #254766650147:  Hold'em No Limit ($0.50/$1.00 USD) - 2025/02/08 15:46:34 WET [2025/02/08 10:46:34 ET]
Table 'Malautra II' 6-max Seat #2 is the button
Seat 1: v.sting ($203.55 in chips) 
Seat 2: gig.gyty ($108.22 in chips) 
Seat 3: Nicedaymybro ($118.50 in chips) 
Seat 4: tintin641 ($115.07 in chips) 
Seat 5: vitalik_sw ($100 in chips) 
Seat 6: Omar1997989 ($35.16 in chips) 
Nicedaymybro: posts small blind $0.50
tintin641: posts big blind $1
*** HOLE CARDS ***
vitalik_sw: folds 
Omar1997989: calls $1
v.sting: raises $3 to $4
gig.gyty: folds 
Nicedaymybro: folds 
tintin641: raises $10 to $14
Omar1997989: folds 
v.sting: folds 
Uncalled bet ($10) returned to tintin641
tintin641 collected $9.50 from pot
tintin641: doesn't show hand 
*** SUMMARY ***
Total pot $9.50 | Rake $0 
Seat 1: v.sting folded before Flop
Seat 2: gig.gyty (button) folded before Flop (didn't bet)
Seat 3: Nicedaymybro (small blind) folded before Flop
Seat 4: tintin641 (big blind) collected ($9.50)
Seat 5: vitalik_sw folded before Flop (didn't bet)
Seat 6: Omar1997989 folded before Flop



PokerStars Hand #254766657683:  Hold'em No Limit ($0.50/$1.00 USD) - 2025/02/08 15:47:07 WET [2025/02/08 10:47:07 ET]
Table 'Malautra II' 6-max Seat #3 is the button
Seat 1: v.sting ($199.55 in chips) 
Seat 2: gig.gyty ($108.22 in chips) 
Seat 3: Nicedaymybro ($118 in chips) 
Seat 4: tintin641 ($120.57 in chips) 
Seat 5: vitalik_sw ($100 in chips) 
Seat 6: Omar1997989 ($34.16 in chips) 
tintin641: posts small blind $0.50
vitalik_sw: posts big blind $1
*** HOLE CARDS ***
Omar1997989: calls $1
v.sting: folds 
gig.gyty: folds 
Nicedaymybro: raises $2.50 to $3.50
tintin641: folds 
vitalik_sw: folds 
Omar1997989: calls $2.50
*** FLOP *** [2d 9h Td]
Omar1997989: checks 
Nicedaymybro: checks 
*** TURN *** [2d 9h Td] [4s]
Omar1997989: checks 
Nicedaymybro: bets $4.04
Omar1997989: calls $4.04
*** RIVER *** [2d 9h Td 4s] [Ah]
Omar1997989: checks 
Nicedaymybro: checks 
*** SHOW DOWN ***
Omar1997989: shows [8d 4d] (a pair of Fours)
Nicedaymybro: mucks hand 
Omar1997989 collected $15.75 from pot
*** SUMMARY ***
Total pot $16.58 | Rake $0.83 
Board [2d 9h Td 4s Ah]
Seat 1: v.sting folded before Flop (didn't bet)
Seat 2: gig.gyty folded before Flop (didn't bet)
Seat 3: Nicedaymybro (button) mucked
Seat 4: tintin641 (small blind) folded before Flop
Seat 5: vitalik_sw (big blind) folded before Flop
Seat 6: Omar1997989 showed [8d 4d] and won ($15.75) with a pair of Fours



PokerStars Hand #254766674170:  Hold'em No Limit ($0.50/$1.00 USD) - 2025/02/08 15:48:16 WET [2025/02/08 10:48:16 ET]
Table 'Malautra II' 6-max Seat #4 is the button
Seat 1: v.sting ($199.55 in chips) 
Seat 2: gig.gyty ($108.22 in chips) 
Seat 3: Nicedaymybro ($110.46 in chips) 
Seat 4: tintin641 ($120.07 in chips) 
Seat 5: vitalik_sw ($100 in chips) 
Seat 6: Omar1997989 ($42.37 in chips) 
vitalik_sw: posts small blind $0.50
Omar1997989: posts big blind $1
*** HOLE CARDS ***
v.sting: folds 
gig.gyty: folds 
Nicedaymybro: folds 
tintin641: folds 
vitalik_sw: folds 
Uncalled bet ($0.50) returned to Omar1997989
Omar1997989 collected $1 from pot
*** SUMMARY ***
Total pot $1 | Rake $0 
Seat 1: v.sting folded before Flop (didn't bet)
Seat 2: gig.gyty folded before Flop (didn't bet)
Seat 3: Nicedaymybro folded before Flop (didn't bet)
Seat 4: tintin641 (button) folded before Flop (didn't bet)
Seat 5: vitalik_sw (small blind) folded before Flop
Seat 6: Omar1997989 (big blind) collected ($1)



PokerStars Hand #254766678551:  Hold'em No Limit ($0.50/$1.00 USD) - 2025/02/08 15:48:34 WET [2025/02/08 10:48:34 ET]
Table 'Malautra II' 6-max Seat #5 is the button
Seat 1: v.sting ($199.55 in chips) 
Seat 2: gig.gyty ($108.22 in chips) 
Seat 3: Nicedaymybro ($110.46 in chips) 
Seat 4: tintin641 ($120.07 in chips) 
Seat 5: vitalik_sw ($100 in chips) 
Seat 6: Omar1997989 ($42.87 in chips) 
Omar1997989: posts small blind $0.50
v.sting: posts big blind $1
*** HOLE CARDS ***
gig.gyty: folds 
Nicedaymybro: folds 
tintin641: folds 
vitalik_sw: raises $1.50 to $2.50
Omar1997989: calls $2
v.sting: calls $1.50
*** FLOP *** [3c 9h 8s]
Omar1997989: checks 
v.sting: checks 
vitalik_sw: checks 
*** TURN *** [3c 9h 8s] [Kh]
Omar1997989: bets $3.56
v.sting: raises $9.81 to $13.37
vitalik_sw: folds 
Omar1997989: folds 
Uncalled bet ($9.81) returned to v.sting
v.sting collected $13.89 from pot
v.sting: doesn't show hand 
*** SUMMARY ***
Total pot $14.62 | Rake $0.73 
Board [3c 9h 8s Kh]
Seat 1: v.sting (big blind) collected ($13.89)
Seat 2: gig.gyty folded before Flop (didn't bet)
Seat 3: Nicedaymybro folded before Flop (didn't bet)
Seat 4: tintin641 folded before Flop (didn't bet)
Seat 5: vitalik_sw (button) folded on the Turn
Seat 6: Omar1997989 (small blind) folded on the Turn



PokerStars Hand #254766696536:  Hold'em No Limit ($0.50/$1.00 USD) - 2025/02/08 15:49:50 WET [2025/02/08 10:49:50 ET]
Table 'Malautra II' 6-max Seat #6 is the button
Seat 1: v.sting ($207.38 in chips) 
Seat 2: gig.gyty ($108.22 in chips) 
Seat 3: Nicedaymybro ($110.46 in chips) 
Seat 4: tintin641 ($120.07 in chips) 
Seat 5: vitalik_sw ($100 in chips) 
Seat 6: Omar1997989 ($36.81 in chips) 
v.sting: posts small blind $0.50
gig.gyty: posts big blind $1
*** HOLE CARDS ***
Nicedaymybro: folds 
tintin641: folds 
vitalik_sw: folds 
Omar1997989: calls $1
v.sting: raises $3.75 to $4.75
gig.gyty: folds 
Omar1997989: calls $3.75
*** FLOP *** [Jc 3d 2s]
v.sting: bets $2.50
Omar1997989: calls $2.50
*** TURN *** [Jc 3d 2s] [4d]
v.sting: bets $19.14
Omar1997989: calls $19.14
*** RIVER *** [Jc 3d 2s 4d] [8d]
v.sting: bets $12.82
Omar1997989: calls $10.42 and is all-in
Uncalled bet ($2.40) returned to v.sting
*** SHOW DOWN ***
v.sting: shows [Ks Js] (a pair of Jacks)
Omar1997989: shows [Kd 2h] (a pair of Deuces)
v.sting collected $72.12 from pot
*** SUMMARY ***
Total pot $74.62 | Rake $2.50 
Board [Jc 3d 2s 4d 8d]
Seat 1: v.sting (small blind) showed [Ks Js] and won ($72.12) with a pair of Jacks
Seat 2: gig.gyty (big blind) folded before Flop
Seat 3: Nicedaymybro folded before Flop (didn't bet)
Seat 4: tintin641 folded before Flop (didn't bet)
Seat 5: vitalik_sw folded before Flop (didn't bet)
Seat 6: Omar1997989 (button) showed [Kd 2h] and lost with a pair of Deuces



PokerStars Hand #254766705225:  Hold'em No Limit ($0.50/$1.00 USD) - 2025/02/08 15:50:26 WET [2025/02/08 10:50:26 ET]
Table 'Malautra II' 6-max Seat #1 is the button
Seat 3: Nicedaymybro ($110.46 in chips) is sitting out
Seat 6: Omar1997989 ($0 in chips) is sitting out
Seat 1: v.sting ($242.69 in chips) 
Seat 2: gig.gyty ($107.22 in chips) 
Seat 4: tintin641 ($120.07 in chips) 
Seat 5: vitalik_sw ($100 in chips) 
gig.gyty: posts small blind $0.50
Nicedaymybro: is sitting out 
tintin641: posts big blind $1
*** HOLE CARDS ***
Nicedaymybro leaves the table
vitalik_sw: folds 
v.sting: raises $1.10 to $2.10
Omar1997989 is disconnected 
gig.gyty: folds 
tukeiron joins the table at seat #3 
tintin641: calls $1.10
*** FLOP *** [Qh 3s 9c]
tintin641: checks 
v.sting: checks 
*** TURN *** [Qh 3s 9c] [Js]
tintin641: checks 
v.sting: checks 
*** RIVER *** [Qh 3s 9c Js] [2c]
tintin641: checks 
v.sting: bets $1.47
tintin641: folds 
Uncalled bet ($1.47) returned to v.sting
v.sting collected $4.46 from pot
v.sting: doesn't show hand 
*** SUMMARY ***
Total pot $4.70 | Rake $0.24 
Board [Qh 3s 9c Js 2c]
Seat 3: Nicedaymybro
Seat 6: Omar1997989
Seat 1: v.sting (button) collected ($4.46)
Seat 2: gig.gyty (small blind) folded before Flop
Seat 4: tintin641 (big blind) folded on the River
Seat 5: vitalik_sw folded before Flop (didn't bet)



PokerStars Hand #254766720915:  Hold'em No Limit ($0.50/$1.00 USD) - 2025/02/08 15:51:31 WET [2025/02/08 10:51:31 ET]
Table 'Malautra II' 6-max Seat #2 is the button
Seat 3: tukeiron ($100 in chips) is sitting out
Seat 6: Omar1997989 ($0 in chips) is sitting out
Seat 1: v.sting ($245.05 in chips) 
Seat 2: gig.gyty ($106.72 in chips) 
Seat 4: tintin641 ($117.97 in chips) 
Seat 5: vitalik_sw ($100 in chips) 
tintin641: posts small blind $0.50
vitalik_sw: posts big blind $1
*** HOLE CARDS ***
v.sting: raises $1.50 to $2.50
gig.gyty: folds 
tintin641: folds 
vitalik_sw: folds 
Uncalled bet ($1.50) returned to v.sting
v.sting collected $2.50 from pot
v.sting: doesn't show hand 
*** SUMMARY ***
Total pot $2.50 | Rake $0 
Seat 3: tukeiron
Seat 6: Omar1997989
Seat 1: v.sting collected ($2.50)
Seat 2: gig.gyty (button) folded before Flop (didn't bet)
Seat 4: tintin641 (small blind) folded before Flop
Seat 5: vitalik_sw (big blind) folded before Flop



PokerStars Hand #254766723534:  Hold'em No Limit ($0.50/$1.00 USD) - 2025/02/08 15:51:43 WET [2025/02/08 10:51:43 ET]
Table 'Malautra II' 6-max Seat #4 is the button
Seat 1: v.sting ($246.55 in chips) is sitting out
Seat 2: gig.gyty ($106.72 in chips) is sitting out
Seat 6: Omar1997989 ($0 in chips) is sitting out
Seat 3: tukeiron ($100 in chips) 
Seat 4: tintin641 ($117.47 in chips) 
Seat 5: vitalik_sw ($100 in chips) 
vitalik_sw: posts small blind $0.50
v.sting: is sitting out 
gig.gyty: is sitting out 
tukeiron: posts big blind $1
*** HOLE CARDS ***
tintin641: raises $1.50 to $2.50
vitalik_sw: folds 
tukeiron: folds 
Uncalled bet ($1.50) returned to tintin641
tintin641 collected $2.50 from pot
tintin641: doesn't show hand 
*** SUMMARY ***
Total pot $2.50 | Rake $0 
Seat 1: v.sting
Seat 2: gig.gyty
Seat 6: Omar1997989
Seat 3: tukeiron (big blind) folded before Flop
Seat 4: tintin641 (button) collected ($2.50)
Seat 5: vitalik_sw (small blind) folded before Flop



PokerStars Hand #254766726576:  Hold'em No Limit ($0.50/$1.00 USD) - 2025/02/08 15:51:55 WET [2025/02/08 10:51:55 ET]
Table 'Malautra II' 6-max Seat #5 is the button
Seat 1: v.sting ($246.55 in chips) is sitting out
Seat 2: gig.gyty ($106.72 in chips) is sitting out
Seat 6: Omar1997989 ($0 in chips) is sitting out
Seat 3: tukeiron ($100 in chips) 
Seat 4: tintin641 ($118.97 in chips) 
Seat 5: vitalik_sw ($100 in chips) 
tukeiron: posts small blind $0.50
tintin641: posts big blind $1
*** HOLE CARDS ***
vitalik_sw: raises $1.50 to $2.50
gig.gyty leaves the table
tukeiron: folds 
RasA86 joins the table at seat #2 
tintin641: calls $1.50
*** FLOP *** [Qd 5h Qh]
tintin641: checks 
vitalik_sw: bets $1.77
tintin641: raises $4.38 to $6.15
vitalik_sw: raises $8.76 to $14.91
tintin641: folds 
Uncalled bet ($8.76) returned to vitalik_sw
vitalik_sw collected $16.91 from pot
vitalik_sw: doesn't show hand 
*** SUMMARY ***
Total pot $17.80 | Rake $0.89 
Board [Qd 5h Qh]
Seat 1: v.sting
Seat 2: gig.gyty
Seat 6: Omar1997989
Seat 3: tukeiron (small blind) folded before Flop
Seat 4: tintin641 (big blind) folded on the Flop
Seat 5: vitalik_sw (button) collected ($16.91)



PokerStars Hand #254766741976:  Hold'em No Limit ($0.50/$1.00 USD) - 2025/02/08 15:53:01 WET [2025/02/08 10:53:01 ET]
Table 'Malautra II' 6-max Seat #3 is the button
Seat 1: v.sting ($246.55 in chips) is sitting out
Seat 2: RasA86 ($100 in chips) is sitting out
Seat 6: Omar1997989 ($0 in chips) is sitting out
Seat 3: tukeiron ($100 in chips) 
Seat 4: tintin641 ($110.32 in chips) 
Seat 5: vitalik_sw ($108.26 in chips) 
tintin641: posts small blind $0.50
vitalik_sw: posts big blind $1
v.sting: sits out 
RasA86: sits out 
*** HOLE CARDS ***
tukeiron: raises $1.50 to $2.50
tintin641: folds 
vitalik_sw: folds 
Uncalled bet ($1.50) returned to tukeiron
tukeiron collected $2.50 from pot
*** SUMMARY ***
Total pot $2.50 | Rake $0 
Seat 1: v.sting
Seat 2: RasA86
Seat 6: Omar1997989
Seat 3: tukeiron (button) collected ($2.50)
Seat 4: tintin641 (small blind) folded before Flop
Seat 5: vitalik_sw (big blind) folded before Flop



PokerStars Hand #254766794955:  Hold'em No Limit ($0.50/$1.00 USD) - 2025/02/08 15:57:22 WET [2025/02/08 10:57:22 ET]
Table 'Malautra II' 6-max Seat #1 is the button
Seat 4: EBoshered ($104 in chips) is sitting out
Seat 6: ddyyjj ($100 in chips) is sitting out
Seat 1: PayTaxOrDie ($109.33 in chips) 
Seat 2: RasA86 ($100.50 in chips) 
Seat 5: DamjanD ($101.50 in chips) 
RasA86: posts small blind $0.50
DamjanD: posts big blind $1
ddyyjj: sits out 
*** HOLE CARDS ***
PayTaxOrDie: raises $1.50 to $2.50
EBoshered leaves the table
RasA86: folds 
DamjanD: folds 
Uncalled bet ($1.50) returned to PayTaxOrDie
PayTaxOrDie collected $2.50 from pot
PayTaxOrDie: doesn't show hand 
*** SUMMARY ***
Total pot $2.50 | Rake $0 
Seat 4: EBoshered
Seat 6: ddyyjj
Seat 1: PayTaxOrDie (button) collected ($2.50)
Seat 2: RasA86 (small blind) folded before Flop
Seat 5: DamjanD (big blind) folded before Flop



PokerStars Hand #254766797638:  Hold'em No Limit ($0.50/$1.00 USD) - 2025/02/08 15:57:38 WET [2025/02/08 10:57:38 ET]
Table 'Malautra II' 6-max Seat #2 is the button
Seat 1: PayTaxOrDie ($110.83 in chips) 
Seat 2: RasA86 ($100 in chips) 
Seat 5: DamjanD ($100.50 in chips) 
Seat 6: ddyyjj ($100 in chips) 
DamjanD: posts small blind $0.50
ddyyjj: posts big blind $1
*** HOLE CARDS ***
PayTaxOrDie: folds 
RasA86: folds 
DamjanD: folds 
Uncalled bet ($0.50) returned to ddyyjj
ddyyjj collected $1 from pot
ddyyjj: doesn't show hand 
*** SUMMARY ***
Total pot $1 | Rake $0 
Seat 1: PayTaxOrDie folded before Flop (didn't bet)
Seat 2: RasA86 (button) folded before Flop (didn't bet)
Seat 5: DamjanD (small blind) folded before Flop
Seat 6: ddyyjj (big blind) collected ($1)



PokerStars Hand #254766799783:  Hold'em No Limit ($0.50/$1.00 USD) - 2025/02/08 15:57:50 WET [2025/02/08 10:57:50 ET]
Table 'Malautra II' 6-max Seat #5 is the button
Seat 1: PayTaxOrDie ($110.83 in chips) 
Seat 2: RasA86 ($100 in chips) 
Seat 5: DamjanD ($100 in chips) 
Seat 6: ddyyjj ($100.50 in chips) 
ddyyjj: posts small blind $0.50
PayTaxOrDie: posts big blind $1
*** HOLE CARDS ***
RasA86: folds 
DamjanD: folds 
ddyyjj: raises $2 to $3
PayTaxOrDie: folds 
Uncalled bet ($2) returned to ddyyjj
ddyyjj collected $2 from pot
ddyyjj: doesn't show hand 
*** SUMMARY ***
Total pot $2 | Rake $0 
Seat 1: PayTaxOrDie (big blind) folded before Flop
Seat 2: RasA86 folded before Flop (didn't bet)
Seat 5: DamjanD (button) folded before Flop (didn't bet)
Seat 6: ddyyjj (small blind) collected ($2)



PokerStars Hand #254766804407:  Hold'em No Limit ($0.50/$1.00 USD) - 2025/02/08 15:58:17 WET [2025/02/08 10:58:17 ET]
Table 'Malautra II' 6-max Seat #6 is the button
Seat 1: PayTaxOrDie ($109.83 in chips) 
Seat 2: RasA86 ($100 in chips) 
Seat 5: DamjanD ($100 in chips) 
Seat 6: ddyyjj ($101.50 in chips) 
PayTaxOrDie: posts small blind $0.50
RasA86: posts big blind $1
*** HOLE CARDS ***
DamjanD: folds 
ddyyjj: folds 
PayTaxOrDie: folds 
Uncalled bet ($0.50) returned to RasA86
RasA86 collected $1 from pot
*** SUMMARY ***
Total pot $1 | Rake $0 
Seat 1: PayTaxOrDie (small blind) folded before Flop
Seat 2: RasA86 (big blind) collected ($1)
Seat 5: DamjanD folded before Flop (didn't bet)
Seat 6: ddyyjj (button) folded before Flop (didn't bet)



PokerStars Hand #254766805863:  Hold'em No Limit ($0.50/$1.00 USD) - 2025/02/08 15:58:25 WET [2025/02/08 10:58:25 ET]
Table 'Malautra II' 6-max Seat #1 is the button
Seat 5: DamjanD ($100 in chips) is sitting out
Seat 1: PayTaxOrDie ($109.33 in chips) 
Seat 2: RasA86 ($100.50 in chips) 
Seat 6: ddyyjj ($101.50 in chips) 
RasA86: posts small blind $0.50
DamjanD: is sitting out 
ddyyjj: posts big blind $1
*** HOLE CARDS ***
PayTaxOrDie: raises $1.50 to $2.50
DamjanD leaves the table
RasA86: folds 
ddyyjj: folds 
Uncalled bet ($1.50) returned to PayTaxOrDie
PayTaxOrDie collected $2.50 from pot
PayTaxOrDie: doesn't show hand 
*** SUMMARY ***
Total pot $2.50 | Rake $0 
Seat 5: DamjanD
Seat 1: PayTaxOrDie (button) collected ($2.50)
Seat 2: RasA86 (small blind) folded before Flop
Seat 6: ddyyjj (big blind) folded before Flop



PokerStars Hand #254766808030:  Hold'em No Limit ($0.50/$1.00 USD) - 2025/02/08 15:58:38 WET [2025/02/08 10:58:38 ET]
Table 'Malautra II' 6-max Seat #2 is the button
Seat 1: PayTaxOrDie ($110.83 in chips) 
Seat 2: RasA86 ($100 in chips) 
Seat 6: ddyyjj ($100.50 in chips) 
ddyyjj: posts small blind $0.50
PayTaxOrDie: posts big blind $1
*** HOLE CARDS ***
RasA86: folds 
ddyyjj: raises $2 to $3
PayTaxOrDie: folds 
Uncalled bet ($2) returned to ddyyjj
ddyyjj collected $2 from pot
ddyyjj: doesn't show hand 
*** SUMMARY ***
Total pot $2 | Rake $0 
Seat 1: PayTaxOrDie (big blind) folded before Flop
Seat 2: RasA86 (button) folded before Flop (didn't bet)
Seat 6: ddyyjj (small blind) collected ($2)



PokerStars Hand #254766810020:  Hold'em No Limit ($0.50/$1.00 USD) - 2025/02/08 15:58:49 WET [2025/02/08 10:58:49 ET]
Table 'Malautra II' 6-max Seat #6 is the button
Seat 1: PayTaxOrDie ($109.83 in chips) 
Seat 2: RasA86 ($100 in chips) 
Seat 6: ddyyjj ($101.50 in chips) 
PayTaxOrDie: posts small blind $0.50
RasA86: posts big blind $1
*** HOLE CARDS ***
ddyyjj: folds 
PayTaxOrDie: raises $2 to $3
RasA86: calls $2
*** FLOP *** [4s 9h Kc]
PayTaxOrDie: bets $1.43
RasA86: raises $3.78 to $5.21
PayTaxOrDie: folds 
Uncalled bet ($3.78) returned to RasA86
RasA86 collected $8.42 from pot
*** SUMMARY ***
Total pot $8.86 | Rake $0.44 
Board [4s 9h Kc]
Seat 1: PayTaxOrDie (small blind) folded on the Flop
Seat 2: RasA86 (big blind) collected ($8.42)
Seat 6: ddyyjj (button) folded before Flop (didn't bet)



PokerStars Hand #254766817730:  Hold'em No Limit ($0.50/$1.00 USD) - 2025/02/08 15:59:33 WET [2025/02/08 10:59:33 ET]
Table 'Malautra II' 6-max Seat #1 is the button
Seat 1: PayTaxOrDie ($105.40 in chips) 
Seat 2: RasA86 ($103.99 in chips) 
Seat 6: ddyyjj ($101.50 in chips) 
RasA86: posts small blind $0.50
ddyyjj: posts big blind $1
*** HOLE CARDS ***
PayTaxOrDie: folds 
RasA86: calls $0.50
ddyyjj: checks 
*** FLOP *** [6c 4d 9d]
RasA86: checks 
ddyyjj: checks 
*** TURN *** [6c 4d 9d] [6s]
RasA86: bets $1
ddyyjj: folds 
Uncalled bet ($1) returned to RasA86
RasA86 collected $1.90 from pot
*** SUMMARY ***
Total pot $2 | Rake $0.10 
Board [6c 4d 9d 6s]
Seat 1: PayTaxOrDie (button) folded before Flop (didn't bet)
Seat 2: RasA86 (small blind) collected ($1.90)
Seat 6: ddyyjj (big blind) folded on the Turn



PokerStars Hand #254766823855:  Hold'em No Limit ($0.50/$1.00 USD) - 2025/02/08 16:00:08 WET [2025/02/08 11:00:08 ET]
Table 'Malautra II' 6-max Seat #2 is the button
Seat 1: PayTaxOrDie ($105.40 in chips) 
Seat 2: RasA86 ($104.89 in chips) 
Seat 6: ddyyjj ($100.50 in chips) 
ddyyjj: posts small blind $0.50
PayTaxOrDie: posts big blind $1
*** HOLE CARDS ***
RasA86: raises $1.50 to $2.50
ddyyjj: folds 
PayTaxOrDie: calls $1.50
*** FLOP *** [6d 6s 2d]
PayTaxOrDie: checks 
RasA86: checks 
*** TURN *** [6d 6s 2d] [3c]
PayTaxOrDie: bets $2.09
RasA86: calls $2.09
*** RIVER *** [6d 6s 2d 3c] [5d]
PayTaxOrDie: checks 
RasA86: checks 
*** SHOW DOWN ***
PayTaxOrDie: shows [Jh 3h] (two pair, Sixes and Threes)
RasA86: shows [Ac As] (two pair, Aces and Sixes)
RasA86 collected $9.20 from pot
*** SUMMARY ***
Total pot $9.68 | Rake $0.48 
Board [6d 6s 2d 3c 5d]
Seat 1: PayTaxOrDie (big blind) showed [Jh 3h] and lost with two pair, Sixes and Threes
Seat 2: RasA86 (button) showed [Ac As] and won ($9.20) with two pair, Aces and Sixes
Seat 6: ddyyjj (small blind) folded before Flop



PokerStars Hand #254766833250:  Hold'em No Limit ($0.50/$1.00 USD) - 2025/02/08 16:00:55 WET [2025/02/08 11:00:55 ET]
Table 'Malautra II' 6-max Seat #6 is the button
Seat 1: PayTaxOrDie ($100.81 in chips) 
Seat 2: RasA86 ($109.50 in chips) 
Seat 6: ddyyjj ($100 in chips) 
PayTaxOrDie: posts small blind $0.50
RasA86: posts big blind $1
*** HOLE CARDS ***
ddyyjj: folds 
PayTaxOrDie: folds 
Uncalled bet ($0.50) returned to RasA86
RasA86 collected $1 from pot
*** SUMMARY ***
Total pot $1 | Rake $0 
Seat 1: PayTaxOrDie (small blind) folded before Flop
Seat 2: RasA86 (big blind) collected ($1)
Seat 6: ddyyjj (button) folded before Flop (didn't bet)



PokerStars Hand #254766835358:  Hold'em No Limit ($0.50/$1.00 USD) - 2025/02/08 16:01:05 WET [2025/02/08 11:01:05 ET]
Table 'Malautra II' 6-max Seat #1 is the button
Seat 1: PayTaxOrDie ($100.31 in chips) 
Seat 2: RasA86 ($110 in chips) 
Seat 6: ddyyjj ($100 in chips) 
RasA86: posts small blind $0.50
ddyyjj: posts big blind $1
*** HOLE CARDS ***
PayTaxOrDie: raises $1.50 to $2.50
RasA86: folds 
ddyyjj: folds 
Uncalled bet ($1.50) returned to PayTaxOrDie
PayTaxOrDie collected $2.50 from pot
PayTaxOrDie: doesn't show hand 
*** SUMMARY ***
Total pot $2.50 | Rake $0 
Seat 1: PayTaxOrDie (button) collected ($2.50)
Seat 2: RasA86 (small blind) folded before Flop
Seat 6: ddyyjj (big blind) folded before Flop



PokerStars Hand #254766837282:  Hold'em No Limit ($0.50/$1.00 USD) - 2025/02/08 16:01:13 WET [2025/02/08 11:01:13 ET]
Table 'Malautra II' 6-max Seat #2 is the button
Seat 1: PayTaxOrDie ($101.81 in chips) 
Seat 2: RasA86 ($109.50 in chips) 
Seat 6: ddyyjj ($99 in chips) 
ddyyjj: posts small blind $0.50
PayTaxOrDie: posts big blind $1
*** HOLE CARDS ***
RasA86: raises $1.50 to $2.50
ddyyjj: folds 
PayTaxOrDie: folds 
Uncalled bet ($1.50) returned to RasA86
RasA86 collected $2.50 from pot
*** SUMMARY ***
Total pot $2.50 | Rake $0 
Seat 1: PayTaxOrDie (big blind) folded before Flop
Seat 2: RasA86 (button) collected ($2.50)
Seat 6: ddyyjj (small blind) folded before Flop



PokerStars Hand #254766839518:  Hold'em No Limit ($0.50/$1.00 USD) - 2025/02/08 16:01:24 WET [2025/02/08 11:01:24 ET]
Table 'Malautra II' 6-max Seat #6 is the button
Seat 1: PayTaxOrDie ($100.81 in chips) 
Seat 2: RasA86 ($111 in chips) 
Seat 6: ddyyjj ($98.50 in chips) 
PayTaxOrDie: posts small blind $0.50
RasA86: posts big blind $1
*** HOLE CARDS ***
ddyyjj: folds 
PayTaxOrDie: folds 
Uncalled bet ($0.50) returned to RasA86
RasA86 collected $1 from pot
*** SUMMARY ***
Total pot $1 | Rake $0 
Seat 1: PayTaxOrDie (small blind) folded before Flop
Seat 2: RasA86 (big blind) collected ($1)
Seat 6: ddyyjj (button) folded before Flop (didn't bet)



PokerStars Hand #254766841197:  Hold'em No Limit ($0.50/$1.00 USD) - 2025/02/08 16:01:31 WET [2025/02/08 11:01:31 ET]
Table 'Malautra II' 6-max Seat #1 is the button
Seat 1: PayTaxOrDie ($100.31 in chips) 
Seat 2: RasA86 ($111.50 in chips) 
Seat 6: ddyyjj ($98.50 in chips) 
RasA86: posts small blind $0.50
ddyyjj: posts big blind $1
*** HOLE CARDS ***
PayTaxOrDie: raises $1.50 to $2.50
RasA86: raises $8.50 to $11
ddyyjj: folds 
PayTaxOrDie: folds 
Uncalled bet ($8.50) returned to RasA86
RasA86 collected $6 from pot
*** SUMMARY ***
Total pot $6 | Rake $0 
Seat 1: PayTaxOrDie (button) folded before Flop
Seat 2: RasA86 (small blind) collected ($6)
Seat 6: ddyyjj (big blind) folded before Flop



PokerStars Hand #254766848120:  Hold'em No Limit ($0.50/$1.00 USD) - 2025/02/08 16:02:00 WET [2025/02/08 11:02:00 ET]
Table 'Malautra II' 6-max Seat #2 is the button
Seat 1: PayTaxOrDie ($100 in chips) 
Seat 2: RasA86 ($115 in chips) 
Seat 6: ddyyjj ($97.50 in chips) 
ddyyjj: posts small blind $0.50
PayTaxOrDie: posts big blind $1
*** HOLE CARDS ***
RasA86: raises $1.50 to $2.50
ddyyjj: folds 
PayTaxOrDie: folds 
Uncalled bet ($1.50) returned to RasA86
RasA86 collected $2.50 from pot
AngelovAlexMKD joins the table at seat #5 
*** SUMMARY ***
Total pot $2.50 | Rake $0 
Seat 1: PayTaxOrDie (big blind) folded before Flop
Seat 2: RasA86 (button) collected ($2.50)
Seat 6: ddyyjj (small blind) folded before Flop



PokerStars Hand #254766850246:  Hold'em No Limit ($0.50/$1.00 USD) - 2025/02/08 16:02:09 WET [2025/02/08 11:02:09 ET]
Table 'Malautra II' 6-max Seat #6 is the button
Seat 5: AngelovAlexMKD ($100 in chips) is sitting out
Seat 1: PayTaxOrDie ($100 in chips) 
Seat 2: RasA86 ($116.50 in chips) 
Seat 6: ddyyjj ($97 in chips) 
PayTaxOrDie: posts small blind $0.50
RasA86: posts big blind $1
AngelovAlexMKD: sits out 
*** HOLE CARDS ***
ddyyjj: raises $1.50 to $2.50
PayTaxOrDie: folds 
RasA86: folds 
Uncalled bet ($1.50) returned to ddyyjj
ddyyjj collected $2.50 from pot
ddyyjj: doesn't show hand 
*** SUMMARY ***
Total pot $2.50 | Rake $0 
Seat 5: AngelovAlexMKD
Seat 1: PayTaxOrDie (small blind) folded before Flop
Seat 2: RasA86 (big blind) folded before Flop
Seat 6: ddyyjj (button) collected ($2.50)



PokerStars Hand #254766854883:  Hold'em No Limit ($0.50/$1.00 USD) - 2025/02/08 16:02:29 WET [2025/02/08 11:02:29 ET]
Table 'Malautra II' 6-max Seat #1 is the button
Seat 1: PayTaxOrDie ($100 in chips) 
Seat 2: RasA86 ($115.50 in chips) 
Seat 5: AngelovAlexMKD ($100 in chips) 
Seat 6: ddyyjj ($98.50 in chips) 
RasA86: posts small blind $0.50
AngelovAlexMKD: posts big blind $1
*** HOLE CARDS ***
ddyyjj: raises $1.50 to $2.50
PayTaxOrDie: folds 
RasA86: raises $8.50 to $11
AngelovAlexMKD: folds 
ddyyjj: folds 
Uncalled bet ($8.50) returned to RasA86
RasA86 collected $6 from pot
*** SUMMARY ***
Total pot $6 | Rake $0 
Seat 1: PayTaxOrDie (button) folded before Flop (didn't bet)
Seat 2: RasA86 (small blind) collected ($6)
Seat 5: AngelovAlexMKD (big blind) folded before Flop
Seat 6: ddyyjj folded before Flop



PokerStars Hand #254766862375:  Hold'em No Limit ($0.50/$1.00 USD) - 2025/02/08 16:03:00 WET [2025/02/08 11:03:00 ET]
Table 'Malautra II' 6-max Seat #2 is the button
Seat 1: PayTaxOrDie ($100 in chips) 
Seat 2: RasA86 ($119 in chips) 
Seat 5: AngelovAlexMKD ($100 in chips) 
Seat 6: ddyyjj ($96 in chips) 
AngelovAlexMKD: posts small blind $0.50
ddyyjj: posts big blind $1
*** HOLE CARDS ***
PayTaxOrDie: folds 
RasA86: folds 
AngelovAlexMKD: folds 
Uncalled bet ($0.50) returned to ddyyjj
ddyyjj collected $1 from pot
ddyyjj: doesn't show hand 
*** SUMMARY ***
Total pot $1 | Rake $0 
Seat 1: PayTaxOrDie folded before Flop (didn't bet)
Seat 2: RasA86 (button) folded before Flop (didn't bet)
Seat 5: AngelovAlexMKD (small blind) folded before Flop
Seat 6: ddyyjj (big blind) collected ($1)



PokerStars Hand #254766864735:  Hold'em No Limit ($0.50/$1.00 USD) - 2025/02/08 16:03:10 WET [2025/02/08 11:03:10 ET]
Table 'Malautra II' 6-max Seat #5 is the button
Seat 1: PayTaxOrDie ($100 in chips) 
Seat 2: RasA86 ($119 in chips) 
Seat 5: AngelovAlexMKD ($100 in chips) 
Seat 6: ddyyjj ($96.50 in chips) 
ddyyjj: posts small blind $0.50
PayTaxOrDie: posts big blind $1
*** HOLE CARDS ***
RasA86: folds 
AngelovAlexMKD: folds 
ddyyjj: raises $2 to $3
PayTaxOrDie: folds 
Uncalled bet ($2) returned to ddyyjj
ddyyjj collected $2 from pot
ddyyjj: doesn't show hand 
*** SUMMARY ***
Total pot $2 | Rake $0 
Seat 1: PayTaxOrDie (big blind) folded before Flop
Seat 2: RasA86 folded before Flop (didn't bet)
Seat 5: AngelovAlexMKD (button) folded before Flop (didn't bet)
Seat 6: ddyyjj (small blind) collected ($2)



PokerStars Hand #254766868574:  Hold'em No Limit ($0.50/$1.00 USD) - 2025/02/08 16:03:27 WET [2025/02/08 11:03:27 ET]
Table 'Malautra II' 6-max Seat #6 is the button
Seat 1: PayTaxOrDie ($100 in chips) 
Seat 2: RasA86 ($119 in chips) 
Seat 5: AngelovAlexMKD ($100 in chips) 
Seat 6: ddyyjj ($97.50 in chips) 
PayTaxOrDie: posts small blind $0.50
RasA86: posts big blind $1
*** HOLE CARDS ***
AngelovAlexMKD: folds 
ddyyjj: raises $1.50 to $2.50
PayTaxOrDie: folds 
RasA86: folds 
Uncalled bet ($1.50) returned to ddyyjj
ddyyjj collected $2.50 from pot
ddyyjj: doesn't show hand 
*** SUMMARY ***
Total pot $2.50 | Rake $0 
Seat 1: PayTaxOrDie (small blind) folded before Flop
Seat 2: RasA86 (big blind) folded before Flop
Seat 5: AngelovAlexMKD folded before Flop (didn't bet)
Seat 6: ddyyjj (button) collected ($2.50)



PokerStars Hand #254766874326:  Hold'em No Limit ($0.50/$1.00 USD) - 2025/02/08 16:03:50 WET [2025/02/08 11:03:50 ET]
Table 'Malautra II' 6-max Seat #1 is the button
Seat 1: PayTaxOrDie ($100 in chips) 
Seat 2: RasA86 ($118 in chips) 
Seat 5: AngelovAlexMKD ($100 in chips) 
Seat 6: ddyyjj ($99 in chips) 
RasA86: posts small blind $0.50
AngelovAlexMKD: posts big blind $1
*** HOLE CARDS ***
ddyyjj: folds 
PayTaxOrDie: folds 
RasA86: raises $2 to $3
AngelovAlexMKD: folds 
Uncalled bet ($2) returned to RasA86
RasA86 collected $2 from pot
*** SUMMARY ***
Total pot $2 | Rake $0 
Seat 1: PayTaxOrDie (button) folded before Flop (didn't bet)
Seat 2: RasA86 (small blind) collected ($2)
Seat 5: AngelovAlexMKD (big blind) folded before Flop
Seat 6: ddyyjj folded before Flop (didn't bet)



PokerStars Hand #254766877054:  Hold'em No Limit ($0.50/$1.00 USD) - 2025/02/08 16:04:02 WET [2025/02/08 11:04:02 ET]
Table 'Malautra II' 6-max Seat #2 is the button
Seat 1: PayTaxOrDie ($100 in chips) 
Seat 2: RasA86 ($119 in chips) 
Seat 5: AngelovAlexMKD ($100 in chips) 
Seat 6: ddyyjj ($99 in chips) 
AngelovAlexMKD: posts small blind $0.50
ddyyjj: posts big blind $1
*** HOLE CARDS ***
PayTaxOrDie: raises $1.30 to $2.30
RasA86: folds 
AngelovAlexMKD: folds 
ddyyjj: folds 
Uncalled bet ($1.30) returned to PayTaxOrDie
PayTaxOrDie collected $2.50 from pot
PayTaxOrDie: doesn't show hand 
*** SUMMARY ***
Total pot $2.50 | Rake $0 
Seat 1: PayTaxOrDie collected ($2.50)
Seat 2: RasA86 (button) folded before Flop (didn't bet)
Seat 5: AngelovAlexMKD (small blind) folded before Flop
Seat 6: ddyyjj (big blind) folded before Flop



PokerStars Hand #254766880666:  Hold'em No Limit ($0.50/$1.00 USD) - 2025/02/08 16:04:17 WET [2025/02/08 11:04:17 ET]
Table 'Malautra II' 6-max Seat #5 is the button
Seat 1: PayTaxOrDie ($101.50 in chips) 
Seat 2: RasA86 ($119 in chips) 
Seat 5: AngelovAlexMKD ($100 in chips) 
Seat 6: ddyyjj ($98 in chips) 
ddyyjj: posts small blind $0.50
PayTaxOrDie: posts big blind $1
*** HOLE CARDS ***
RasA86: folds 
AngelovAlexMKD: folds 
ddyyjj: raises $2 to $3
PayTaxOrDie: folds 
Uncalled bet ($2) returned to ddyyjj
ddyyjj collected $2 from pot
ddyyjj: doesn't show hand 
*** SUMMARY ***
Total pot $2 | Rake $0 
Seat 1: PayTaxOrDie (big blind) folded before Flop
Seat 2: RasA86 folded before Flop (didn't bet)
Seat 5: AngelovAlexMKD (button) folded before Flop (didn't bet)
Seat 6: ddyyjj (small blind) collected ($2)



PokerStars Hand #254766884894:  Hold'em No Limit ($0.50/$1.00 USD) - 2025/02/08 16:04:35 WET [2025/02/08 11:04:35 ET]
Table 'Malautra II' 6-max Seat #6 is the button
Seat 2: RasA86 ($119 in chips) is sitting out
Seat 1: PayTaxOrDie ($100.50 in chips) 
Seat 5: AngelovAlexMKD ($100 in chips) 
Seat 6: ddyyjj ($99 in chips) 
PayTaxOrDie: posts small blind $0.50
RasA86: is sitting out 
AngelovAlexMKD: posts big blind $1
*** HOLE CARDS ***
ddyyjj: raises $2 to $3
PayTaxOrDie: folds 
AngelovAlexMKD: raises $10 to $13
ddyyjj: calls $10
*** FLOP *** [Jc 3c 4s]
AngelovAlexMKD: bets $16.83
ddyyjj: calls $16.83
*** TURN *** [Jc 3c 4s] [Kd]
AngelovAlexMKD: checks 
ddyyjj: bets $26.62
AngelovAlexMKD: calls $26.62
*** RIVER *** [Jc 3c 4s Kd] [Ts]
AngelovAlexMKD: checks 
ddyyjj: bets $42.55 and is all-in
AngelovAlexMKD: calls $42.55
*** SHOW DOWN ***
ddyyjj: shows [Ac Ad] (a pair of Aces)
AngelovAlexMKD: shows [Ah Jh] (a pair of Jacks)
ddyyjj collected $197.50 from pot
*** SUMMARY ***
Total pot $198.50 | Rake $1 
Board [Jc 3c 4s Kd Ts]
Seat 2: RasA86
Seat 1: PayTaxOrDie (small blind) folded before Flop
Seat 5: AngelovAlexMKD (big blind) showed [Ah Jh] and lost with a pair of Jacks
Seat 6: ddyyjj (button) showed [Ac Ad] and won ($197.50) with a pair of Aces



PokerStars Hand #254766901826:  Hold'em No Limit ($0.50/$1.00 USD) - 2025/02/08 16:05:44 WET [2025/02/08 11:05:44 ET]
Table 'Malautra II' 6-max Seat #1 is the button
Seat 2: RasA86 ($119 in chips) is sitting out
Seat 1: PayTaxOrDie ($100 in chips) 
Seat 5: AngelovAlexMKD ($100 in chips) 
Seat 6: ddyyjj ($197.50 in chips) 
AngelovAlexMKD: posts small blind $0.50
ddyyjj: posts big blind $1
*** HOLE CARDS ***
PayTaxOrDie: folds 
AngelovAlexMKD: folds 
Uncalled bet ($0.50) returned to ddyyjj
ddyyjj collected $1 from pot
ddyyjj: doesn't show hand 
*** SUMMARY ***
Total pot $1 | Rake $0 
Seat 2: RasA86
Seat 1: PayTaxOrDie (button) folded before Flop (didn't bet)
Seat 5: AngelovAlexMKD (small blind) folded before Flop
Seat 6: ddyyjj (big blind) collected ($1)



PokerStars Hand #254766904130:  Hold'em No Limit ($0.50/$1.00 USD) - 2025/02/08 16:05:54 WET [2025/02/08 11:05:54 ET]
Table 'Malautra II' 6-max Seat #5 is the button
Seat 2: RasA86 ($119 in chips) is sitting out
Seat 1: PayTaxOrDie ($100 in chips) 
Seat 5: AngelovAlexMKD ($100 in chips) 
Seat 6: ddyyjj ($198 in chips) 
ddyyjj: posts small blind $0.50
PayTaxOrDie: posts big blind $1
*** HOLE CARDS ***
AngelovAlexMKD: raises $1.50 to $2.50
ddyyjj: folds 
PayTaxOrDie: calls $1.50
*** FLOP *** [As 7h 4h]
PayTaxOrDie: checks 
AngelovAlexMKD: bets $1.72
PayTaxOrDie: calls $1.72
*** TURN *** [As 7h 4h] [9d]
PayTaxOrDie: checks 
AngelovAlexMKD: bets $12.74
ddyyjj leaves the table
PayTaxOrDie: folds 
Uncalled bet ($12.74) returned to AngelovAlexMKD
AngelovAlexMKD collected $8.38 from pot
AngelovAlexMKD: doesn't show hand 
*** SUMMARY ***
Total pot $8.94 | Rake $0.56 
Board [As 7h 4h 9d]
Seat 2: RasA86
Seat 1: PayTaxOrDie (big blind) folded on the Turn
Seat 5: AngelovAlexMKD (button) collected ($8.38)
Seat 6: ddyyjj (small blind) folded before Flop



PokerStars Hand #254766914309:  Hold'em No Limit ($0.50/$1.00 USD) - 2025/02/08 16:06:36 WET [2025/02/08 11:06:36 ET]
Table 'Malautra II' 6-max Seat #1 is the button
Seat 2: RasA86 ($119 in chips) is sitting out
Seat 1: PayTaxOrDie ($100 in chips) 
Seat 5: AngelovAlexMKD ($104.16 in chips) 
PayTaxOrDie: posts small blind $0.50
AngelovAlexMKD: posts big blind $1
*** HOLE CARDS ***
PayTaxOrDie: raises $1.50 to $2.50
AngelovAlexMKD: folds 
Uncalled bet ($1.50) returned to PayTaxOrDie
PayTaxOrDie collected $2 from pot
PayTaxOrDie: doesn't show hand 
*** SUMMARY ***
Total pot $2 | Rake $0 
Seat 2: RasA86
Seat 1: PayTaxOrDie (button) (small blind) collected ($2)
Seat 5: AngelovAlexMKD (big blind) folded before Flop



PokerStars Hand #254766917149:  Hold'em No Limit ($0.50/$1.00 USD) - 2025/02/08 16:06:47 WET [2025/02/08 11:06:47 ET]
Table 'Malautra II' 6-max Seat #5 is the button
Seat 2: RasA86 ($119 in chips) is sitting out
Seat 1: PayTaxOrDie ($101 in chips) 
Seat 5: AngelovAlexMKD ($103.16 in chips) 
AngelovAlexMKD: posts small blind $0.50
PayTaxOrDie: posts big blind $1
*** HOLE CARDS ***
AngelovAlexMKD: folds 
Uncalled bet ($0.50) returned to PayTaxOrDie
PayTaxOrDie collected $1 from pot
PayTaxOrDie: doesn't show hand 
*** SUMMARY ***
Total pot $1 | Rake $0 
Seat 2: RasA86
Seat 1: PayTaxOrDie (big blind) collected ($1)
Seat 5: AngelovAlexMKD (button) (small blind) folded before Flop



PokerStars Hand #254766922543:  Hold'em No Limit ($0.50/$1.00 USD) - 2025/02/08 16:07:10 WET [2025/02/08 11:07:10 ET]
Table 'Malautra II' 6-max Seat #1 is the button
Seat 2: RasA86 ($119 in chips) is sitting out
Seat 1: PayTaxOrDie ($101.50 in chips) 
Seat 5: AngelovAlexMKD ($102.66 in chips) 
PayTaxOrDie: posts small blind $0.50
AngelovAlexMKD: posts big blind $1
*** HOLE CARDS ***
PayTaxOrDie: raises $1.50 to $2.50
AngelovAlexMKD: folds 
Uncalled bet ($1.50) returned to PayTaxOrDie
PayTaxOrDie collected $2 from pot
PayTaxOrDie: doesn't show hand 
*** SUMMARY ***
Total pot $2 | Rake $0 
Seat 2: RasA86
Seat 1: PayTaxOrDie (button) (small blind) collected ($2)
Seat 5: AngelovAlexMKD (big blind) folded before Flop



PokerStars Hand #254766925218:  Hold'em No Limit ($0.50/$1.00 USD) - 2025/02/08 16:07:21 WET [2025/02/08 11:07:21 ET]
Table 'Malautra II' 6-max Seat #5 is the button
Seat 2: RasA86 ($119 in chips) is sitting out
Seat 1: PayTaxOrDie ($102.50 in chips) 
Seat 5: AngelovAlexMKD ($101.66 in chips) 
AngelovAlexMKD: posts small blind $0.50
PayTaxOrDie: posts big blind $1
*** HOLE CARDS ***
AngelovAlexMKD: raises $1.50 to $2.50
PayTaxOrDie: folds 
Uncalled bet ($1.50) returned to AngelovAlexMKD
AngelovAlexMKD collected $2 from pot
AngelovAlexMKD: doesn't show hand 
*** SUMMARY ***
Total pot $2 | Rake $0 
Seat 2: RasA86
Seat 1: PayTaxOrDie (big blind) folded before Flop
Seat 5: AngelovAlexMKD (button) (small blind) collected ($2)



