PokerStars Hand #254773866355:  Hold'em No Limit ($0.50/$1.00 USD) - 2025/02/08 22:36:15 WET [2025/02/08 17:36:15 ET]
Table 'Hirundo II' 6-max Seat #1 is the button
Seat 1: Xenicide ($100 in chips) 
Seat 3: nikalas22 ($100 in chips) 
Seat 5: vadjkeee ($100 in chips) 
nikalas22: posts small blind $0.50
vadjkeee: posts big blind $1
*** HOLE CARDS ***
Xenicide: folds 
nikalas22: folds 
Uncalled bet ($0.50) returned to vadjkeee
vadjkeee collected $1 from pot
vadjkeee: doesn't show hand 
*** SUMMARY ***
Total pot $1 | Rake $0 
Seat 1: Xenicide (button) folded before Flop (didn't bet)
Seat 3: nikalas22 (small blind) folded before Flop
Seat 5: vadjkeee (big blind) collected ($1)



PokerStars Hand #254773868486:  Hold'em No Limit ($0.50/$1.00 USD) - 2025/02/08 22:36:23 WET [2025/02/08 17:36:23 ET]
Table 'Hirundo II' 6-max Seat #3 is the button
Seat 1: Xenicide ($100 in chips) 
Seat 3: nikalas22 ($100 in chips) 
Seat 5: vadjkeee ($100.50 in chips) 
vadjkeee: posts small blind $0.50
Xenicide: posts big blind $1
*** HOLE CARDS ***
nikalas22: raises $1.20 to $2.20
vadjkeee: folds 
Xenicide: calls $1.20
*** FLOP *** [8s Tc 6c]
Xenicide: bets $1.44
nikalas22: calls $1.44
*** TURN *** [8s Tc 6c] [5h]
Xenicide: bets $11.09
nikalas22: folds 
Uncalled bet ($11.09) returned to Xenicide
Xenicide collected $7.39 from pot
handbik666 joins the table at seat #6 
*** SUMMARY ***
Total pot $7.78 | Rake $0.39 
Board [8s Tc 6c 5h]
Seat 1: Xenicide (big blind) collected ($7.39)
Seat 3: nikalas22 (button) folded on the Turn
Seat 5: vadjkeee (small blind) folded before Flop



PokerStars Hand #254773881703:  Hold'em No Limit ($0.50/$1.00 USD) - 2025/02/08 22:37:09 WET [2025/02/08 17:37:09 ET]
Table 'Hirundo II' 6-max Seat #5 is the button
Seat 6: handbik666 ($100 in chips) is sitting out
Seat 1: Xenicide ($103.75 in chips) 
Seat 3: nikalas22 ($100 in chips) 
Seat 5: vadjkeee ($100 in chips) 
Xenicide: posts small blind $0.50
nikalas22: posts big blind $1
*** HOLE CARDS ***
vadjkeee: raises $1.50 to $2.50
Xenicide: folds 
Seavus10 joins the table at seat #4 
sosatime96 joins the table at seat #2 
nikalas22: calls $1.50
*** FLOP *** [7s Kd 8d]
nikalas22: checks 
vadjkeee: bets $1.62
nikalas22: folds 
Uncalled bet ($1.62) returned to vadjkeee
vadjkeee collected $5.22 from pot
vadjkeee: doesn't show hand 
*** SUMMARY ***
Total pot $5.50 | Rake $0.28 
Board [7s Kd 8d]
Seat 6: handbik666
Seat 1: Xenicide (small blind) folded before Flop
Seat 3: nikalas22 (big blind) folded on the Flop
Seat 5: vadjkeee (button) collected ($5.22)



PokerStars Hand #254773891467:  Hold'em No Limit ($0.50/$1.00 USD) - 2025/02/08 22:37:43 WET [2025/02/08 17:37:43 ET]
Table 'Hirundo II' 6-max Seat #1 is the button
Seat 2: sosatime96 ($100 in chips) is sitting out
Seat 6: handbik666 ($100 in chips) is sitting out
Seat 1: Xenicide ($103.25 in chips) 
Seat 3: nikalas22 ($100 in chips) 
Seat 4: Seavus10 ($100 in chips) 
Seat 5: vadjkeee ($102.72 in chips) 
nikalas22: posts small blind $0.50
Seavus10: posts big blind $1
handbik666: sits out 
*** HOLE CARDS ***
vadjkeee: folds 
Xenicide: folds 
nikalas22: folds 
Uncalled bet ($0.50) returned to Seavus10
Seavus10 collected $1 from pot
Seavus10: doesn't show hand 
*** SUMMARY ***
Total pot $1 | Rake $0 
Seat 2: sosatime96
Seat 6: handbik666
Seat 1: Xenicide (button) folded before Flop (didn't bet)
Seat 3: nikalas22 (small blind) folded before Flop
Seat 4: Seavus10 (big blind) collected ($1)
Seat 5: vadjkeee folded before Flop (didn't bet)



PokerStars Hand #254773894926:  Hold'em No Limit ($0.50/$1.00 USD) - 2025/02/08 22:37:55 WET [2025/02/08 17:37:55 ET]
Table 'Hirundo II' 6-max Seat #3 is the button
Seat 2: sosatime96 ($100 in chips) is sitting out
Seat 6: handbik666 ($100 in chips) is sitting out
Seat 1: Xenicide ($103.25 in chips) 
Seat 3: nikalas22 ($100 in chips) 
Seat 4: Seavus10 ($100.50 in chips) 
Seat 5: vadjkeee ($102.72 in chips) 
Seavus10: posts small blind $0.50
vadjkeee: posts big blind $1
handbik666: sits out 
sosatime96: sits out 
*** HOLE CARDS ***
Xenicide: raises $1 to $2
nikalas22: calls $2
Seavus10: folds 
vadjkeee: folds 
*** FLOP *** [5c Qh 5s]
Xenicide: checks 
nikalas22: checks 
*** TURN *** [5c Qh 5s] [Ah]
Xenicide: bets $6.52
nikalas22: folds 
Uncalled bet ($6.52) returned to Xenicide
Xenicide collected $5.22 from pot
*** SUMMARY ***
Total pot $5.50 | Rake $0.28 
Board [5c Qh 5s Ah]
Seat 2: sosatime96
Seat 6: handbik666
Seat 1: Xenicide collected ($5.22)
Seat 3: nikalas22 (button) folded on the Turn
Seat 4: Seavus10 (small blind) folded before Flop
Seat 5: vadjkeee (big blind) folded before Flop



PokerStars Hand #254773908907:  Hold'em No Limit ($0.50/$1.00 USD) - 2025/02/08 22:38:45 WET [2025/02/08 17:38:45 ET]
Table 'Hirundo II' 6-max Seat #4 is the button
Seat 2: sosatime96 ($100 in chips) is sitting out
Seat 1: Xenicide ($106.47 in chips) 
Seat 3: nikalas22 ($100 in chips) 
Seat 4: Seavus10 ($100 in chips) 
Seat 5: vadjkeee ($101.72 in chips) 
Seat 6: handbik666 ($100 in chips) 
vadjkeee: posts small blind $0.50
handbik666: posts big blind $1
sosatime96: sits out 
*** HOLE CARDS ***
Xenicide: folds 
nikalas22: folds 
Seavus10: raises $1.50 to $2.50
vadjkeee: raises $9.50 to $12
handbik666: raises $13.60 to $25.60
Seavus10: folds 
vadjkeee: raises $76.12 to $101.72 and is all-in
handbik666: folds 
Uncalled bet ($76.12) returned to vadjkeee
vadjkeee collected $53.70 from pot
vadjkeee: doesn't show hand 
*** SUMMARY ***
Total pot $53.70 | Rake $0 
Seat 2: sosatime96
Seat 1: Xenicide folded before Flop (didn't bet)
Seat 3: nikalas22 folded before Flop (didn't bet)
Seat 4: Seavus10 (button) folded before Flop
Seat 5: vadjkeee (small blind) collected ($53.70)
Seat 6: handbik666 (big blind) folded before Flop



PokerStars Hand #254773921254:  Hold'em No Limit ($0.50/$1.00 USD) - 2025/02/08 22:39:29 WET [2025/02/08 17:39:29 ET]
Table 'Hirundo II' 6-max Seat #5 is the button
Seat 2: sosatime96 ($100 in chips) is sitting out
Seat 1: Xenicide ($106.47 in chips) 
Seat 3: nikalas22 ($100 in chips) 
Seat 4: Seavus10 ($100 in chips) 
Seat 5: vadjkeee ($129.82 in chips) 
Seat 6: handbik666 ($100 in chips) 
handbik666: posts small blind $0.50
Xenicide: posts big blind $1
sosatime96: sits out 
*** HOLE CARDS ***
nikalas22: folds 
Seavus10: folds 
vadjkeee: folds 
handbik666: folds 
Uncalled bet ($0.50) returned to Xenicide
Xenicide collected $1 from pot
*** SUMMARY ***
Total pot $1 | Rake $0 
Seat 2: sosatime96
Seat 1: Xenicide (big blind) collected ($1)
Seat 3: nikalas22 folded before Flop (didn't bet)
Seat 4: Seavus10 folded before Flop (didn't bet)
Seat 5: vadjkeee (button) folded before Flop (didn't bet)
Seat 6: handbik666 (small blind) folded before Flop



PokerStars Hand #254773926284:  Hold'em No Limit ($0.50/$1.00 USD) - 2025/02/08 22:39:46 WET [2025/02/08 17:39:46 ET]
Table 'Hirundo II' 6-max Seat #6 is the button
Seat 1: Xenicide ($106.97 in chips) 
Seat 2: sosatime96 ($100 in chips) 
Seat 3: nikalas22 ($100 in chips) 
Seat 4: Seavus10 ($100 in chips) 
Seat 5: vadjkeee ($129.82 in chips) 
Seat 6: handbik666 ($100 in chips) 
Xenicide: posts small blind $0.50
sosatime96: posts big blind $1
*** HOLE CARDS ***
nikalas22: folds 
Seavus10: folds 
vadjkeee: folds 
handbik666: raises $1.40 to $2.40
Xenicide: folds 
sosatime96: folds 
Uncalled bet ($1.40) returned to handbik666
handbik666 collected $2.50 from pot
handbik666: doesn't show hand 
*** SUMMARY ***
Total pot $2.50 | Rake $0 
Seat 1: Xenicide (small blind) folded before Flop
Seat 2: sosatime96 (big blind) folded before Flop
Seat 3: nikalas22 folded before Flop (didn't bet)
Seat 4: Seavus10 folded before Flop (didn't bet)
Seat 5: vadjkeee folded before Flop (didn't bet)
Seat 6: handbik666 (button) collected ($2.50)



PokerStars Hand #254773932631:  Hold'em No Limit ($0.50/$1.00 USD) - 2025/02/08 22:40:08 WET [2025/02/08 17:40:08 ET]
Table 'Hirundo II' 6-max Seat #1 is the button
Seat 1: Xenicide ($106.47 in chips) 
Seat 2: sosatime96 ($100 in chips) 
Seat 3: nikalas22 ($100 in chips) 
Seat 4: Seavus10 ($100 in chips) 
Seat 5: vadjkeee ($129.82 in chips) 
Seat 6: handbik666 ($101.50 in chips) 
sosatime96: posts small blind $0.50
nikalas22: posts big blind $1
*** HOLE CARDS ***
Seavus10: raises $1.20 to $2.20
vadjkeee: folds 
handbik666: folds 
Xenicide: folds 
sosatime96: folds 
nikalas22: calls $1.20
*** FLOP *** [As 5s Ks]
nikalas22: checks 
Seavus10: bets $1.55
nikalas22: folds 
Uncalled bet ($1.55) returned to Seavus10
Seavus10 collected $4.66 from pot
Seavus10: doesn't show hand 
*** SUMMARY ***
Total pot $4.90 | Rake $0.24 
Board [As 5s Ks]
Seat 1: Xenicide (button) folded before Flop (didn't bet)
Seat 2: sosatime96 (small blind) folded before Flop
Seat 3: nikalas22 (big blind) folded on the Flop
Seat 4: Seavus10 collected ($4.66)
Seat 5: vadjkeee folded before Flop (didn't bet)
Seat 6: handbik666 folded before Flop (didn't bet)



PokerStars Hand #254773946384:  Hold'em No Limit ($0.50/$1.00 USD) - 2025/02/08 22:40:57 WET [2025/02/08 17:40:57 ET]
Table 'Hirundo II' 6-max Seat #2 is the button
Seat 1: Xenicide ($106.47 in chips) 
Seat 2: sosatime96 ($100 in chips) 
Seat 3: nikalas22 ($100 in chips) 
Seat 4: Seavus10 ($102.46 in chips) 
Seat 5: vadjkeee ($129.82 in chips) 
Seat 6: handbik666 ($101.50 in chips) 
nikalas22: posts small blind $0.50
Seavus10: posts big blind $1
*** HOLE CARDS ***
vadjkeee: folds 
vadjkeee leaves the table
wojts joins the table at seat #5 
handbik666: folds 
Xenicide: folds 
sosatime96: folds 
nikalas22: folds 
Uncalled bet ($0.50) returned to Seavus10
Seavus10 collected $1 from pot
Seavus10: doesn't show hand 
*** SUMMARY ***
Total pot $1 | Rake $0 
Seat 1: Xenicide folded before Flop (didn't bet)
Seat 2: sosatime96 (button) folded before Flop (didn't bet)
Seat 3: nikalas22 (small blind) folded before Flop
Seat 4: Seavus10 (big blind) collected ($1)
Seat 5: vadjkeee folded before Flop (didn't bet)
Seat 6: handbik666 folded before Flop (didn't bet)



PokerStars Hand #254773950313:  Hold'em No Limit ($0.50/$1.00 USD) - 2025/02/08 22:41:11 WET [2025/02/08 17:41:11 ET]
Table 'Hirundo II' 6-max Seat #3 is the button
Seat 1: Xenicide ($106.47 in chips) 
Seat 2: sosatime96 ($100 in chips) 
Seat 3: nikalas22 ($100 in chips) 
Seat 4: Seavus10 ($102.96 in chips) 
Seat 5: wojts ($100 in chips) 
Seat 6: handbik666 ($101.50 in chips) 
Seavus10: posts small blind $0.50
wojts: posts big blind $1
*** HOLE CARDS ***
handbik666: folds 
Xenicide: folds 
sosatime96: raises $1.30 to $2.30
nikalas22: folds 
Xenicide leaves the table
Seavus10: folds 
wojts: calls $1.30
*** FLOP *** [Td 9h Qd]
wojts: checks 
sosatime96: bets $1.60
wojts: calls $1.60
*** TURN *** [Td 9h Qd] [5h]
wojts: checks 
sosatime96: bets $10.48
wojts: folds 
Uncalled bet ($10.48) returned to sosatime96
sosatime96 collected $7.88 from pot
sosatime96: doesn't show hand 
*** SUMMARY ***
Total pot $8.30 | Rake $0.42 
Board [Td 9h Qd 5h]
Seat 1: Xenicide folded before Flop (didn't bet)
Seat 2: sosatime96 collected ($7.88)
Seat 3: nikalas22 (button) folded before Flop (didn't bet)
Seat 4: Seavus10 (small blind) folded before Flop
Seat 5: wojts (big blind) folded on the Turn
Seat 6: handbik666 folded before Flop (didn't bet)



PokerStars Hand #254773965922:  Hold'em No Limit ($0.50/$1.00 USD) - 2025/02/08 22:42:06 WET [2025/02/08 17:42:06 ET]
Table 'Hirundo II' 6-max Seat #4 is the button
Seat 2: sosatime96 ($103.98 in chips) 
Seat 3: nikalas22 ($100 in chips) 
Seat 4: Seavus10 ($102.46 in chips) 
Seat 5: wojts ($96.10 in chips) 
Seat 6: handbik666 ($101.50 in chips) 
wojts: posts small blind $0.50
handbik666: posts big blind $1
*** HOLE CARDS ***
sosatime96: folds 
nikalas22: folds 
Seavus10: folds 
wojts: folds 
Uncalled bet ($0.50) returned to handbik666
handbik666 collected $1 from pot
handbik666: doesn't show hand 
*** SUMMARY ***
Total pot $1 | Rake $0 
Seat 2: sosatime96 folded before Flop (didn't bet)
Seat 3: nikalas22 folded before Flop (didn't bet)
Seat 4: Seavus10 (button) folded before Flop (didn't bet)
Seat 5: wojts (small blind) folded before Flop
Seat 6: handbik666 (big blind) collected ($1)



PokerStars Hand #254773968516:  Hold'em No Limit ($0.50/$1.00 USD) - 2025/02/08 22:42:16 WET [2025/02/08 17:42:16 ET]
Table 'Hirundo II' 6-max Seat #5 is the button
Seat 2: sosatime96 ($103.98 in chips) 
Seat 3: nikalas22 ($100 in chips) 
Seat 4: Seavus10 ($102.46 in chips) 
Seat 5: wojts ($95.60 in chips) 
Seat 6: handbik666 ($102 in chips) 
handbik666: posts small blind $0.50
sosatime96: posts big blind $1
*** HOLE CARDS ***
nikalas22: folds 
Seavus10: folds 
wojts: folds 
handbik666: raises $2 to $3
sosatime96: raises $6 to $9
handbik666: folds 
Uncalled bet ($6) returned to sosatime96
sosatime96 collected $6 from pot
sosatime96: doesn't show hand 
*** SUMMARY ***
Total pot $6 | Rake $0 
Seat 2: sosatime96 (big blind) collected ($6)
Seat 3: nikalas22 folded before Flop (didn't bet)
Seat 4: Seavus10 folded before Flop (didn't bet)
Seat 5: wojts (button) folded before Flop (didn't bet)
Seat 6: handbik666 (small blind) folded before Flop



PokerStars Hand #254773979549:  Hold'em No Limit ($0.50/$1.00 USD) - 2025/02/08 22:42:55 WET [2025/02/08 17:42:55 ET]
Table 'Hirundo II' 6-max Seat #6 is the button
Seat 3: nikalas22 ($100 in chips) is sitting out
Seat 2: sosatime96 ($106.98 in chips) 
Seat 4: Seavus10 ($102.46 in chips) 
Seat 5: wojts ($95.60 in chips) 
Seat 6: handbik666 ($100 in chips) 
sosatime96: posts small blind $0.50
nikalas22: is sitting out 
Seavus10: posts big blind $1
*** HOLE CARDS ***
nikalas22 leaves the table
wojts: folds 
handbik666: folds 
sosatime96: raises $2 to $3
Seavus10: calls $2
*** FLOP *** [2c 6h Jd]
sosatime96: checks 
Seavus10: checks 
*** TURN *** [2c 6h Jd] [8h]
sosatime96: bets $4.28
Seavus10: calls $4.28
*** RIVER *** [2c 6h Jd 8h] [Th]
sosatime96: bets $3.45
Seavus10: calls $3.45
*** SHOW DOWN ***
sosatime96: shows [As Ad] (a pair of Aces)
Seavus10: mucks hand 
sosatime96 collected $20.46 from pot
*** SUMMARY ***
Total pot $21.46 | Rake $1 
Board [2c 6h Jd 8h Th]
Seat 3: nikalas22
Seat 2: sosatime96 (small blind) showed [As Ad] and won ($20.46) with a pair of Aces
Seat 4: Seavus10 (big blind) mucked
Seat 5: wojts folded before Flop (didn't bet)
Seat 6: handbik666 (button) folded before Flop (didn't bet)



PokerStars Hand #254774004117:  Hold'em No Limit ($0.50/$1.00 USD) - 2025/02/08 22:44:23 WET [2025/02/08 17:44:23 ET]
Table 'Hirundo II' 6-max Seat #2 is the button
Seat 2: sosatime96 ($116.71 in chips) 
Seat 4: Seavus10 ($100 in chips) 
Seat 5: wojts ($95.60 in chips) 
Seat 6: handbik666 ($100 in chips) 
Seavus10: posts small blind $0.50
wojts: posts big blind $1
*** HOLE CARDS ***
handbik666: folds 
sosatime96: raises $1.50 to $2.50
Seavus10: folds 
wojts: folds 
Uncalled bet ($1.50) returned to sosatime96
sosatime96 collected $2.50 from pot
sosatime96: doesn't show hand 
*** SUMMARY ***
Total pot $2.50 | Rake $0 
Seat 2: sosatime96 (button) collected ($2.50)
Seat 4: Seavus10 (small blind) folded before Flop
Seat 5: wojts (big blind) folded before Flop
Seat 6: handbik666 folded before Flop (didn't bet)



PokerStars Hand #254774006888:  Hold'em No Limit ($0.50/$1.00 USD) - 2025/02/08 22:44:33 WET [2025/02/08 17:44:33 ET]
Table 'Hirundo II' 6-max Seat #4 is the button
Seat 2: sosatime96 ($118.21 in chips) 
Seat 4: Seavus10 ($100 in chips) 
Seat 5: wojts ($94.60 in chips) 
Seat 6: handbik666 ($100 in chips) 
wojts: posts small blind $0.50
handbik666: posts big blind $1
*** HOLE CARDS ***
sosatime96: folds 
Seavus10: folds 
wojts: raises $2 to $3
handbik666: folds 
Uncalled bet ($2) returned to wojts
wojts collected $2 from pot
wojts: doesn't show hand 
*** SUMMARY ***
Total pot $2 | Rake $0 
Seat 2: sosatime96 folded before Flop (didn't bet)
Seat 4: Seavus10 (button) folded before Flop (didn't bet)
Seat 5: wojts (small blind) collected ($2)
Seat 6: handbik666 (big blind) folded before Flop



PokerStars Hand #254774012631:  Hold'em No Limit ($0.50/$1.00 USD) - 2025/02/08 22:44:54 WET [2025/02/08 17:44:54 ET]
Table 'Hirundo II' 6-max Seat #5 is the button
Seat 2: sosatime96 ($118.21 in chips) 
Seat 4: Seavus10 ($100 in chips) 
Seat 5: wojts ($95.60 in chips) 
Seat 6: handbik666 ($100 in chips) 
handbik666: posts small blind $0.50
sosatime96: posts big blind $1
*** HOLE CARDS ***
Seavus10: raises $1.20 to $2.20
wojts: folds 
handbik666: folds 
sosatime96: folds 
Uncalled bet ($1.20) returned to Seavus10
Seavus10 collected $2.50 from pot
Seavus10: doesn't show hand 
*** SUMMARY ***
Total pot $2.50 | Rake $0 
Seat 2: sosatime96 (big blind) folded before Flop
Seat 4: Seavus10 collected ($2.50)
Seat 5: wojts (button) folded before Flop (didn't bet)
Seat 6: handbik666 (small blind) folded before Flop



PokerStars Hand #254774015340:  Hold'em No Limit ($0.50/$1.00 USD) - 2025/02/08 22:45:03 WET [2025/02/08 17:45:03 ET]
Table 'Hirundo II' 6-max Seat #6 is the button
Seat 2: sosatime96 ($117.21 in chips) 
Seat 4: Seavus10 ($101.50 in chips) 
Seat 5: wojts ($95.60 in chips) 
Seat 6: handbik666 ($100 in chips) 
sosatime96: posts small blind $0.50
Seavus10: posts big blind $1
*** HOLE CARDS ***
wojts: folds 
handbik666: folds 
sosatime96: raises $2 to $3
Seavus10: raises $6 to $9
sosatime96: calls $6
*** FLOP *** [9h Js 8c]
sosatime96: checks 
Durabo joins the table at seat #1 
Seavus10: bets $4.28
vadera69 joins the table at seat #3 
vadera69 is disconnected 
sosatime96: calls $4.28
*** TURN *** [9h Js 8c] [As]
sosatime96: checks 
Seavus10: bets $19.17
sosatime96: raises $84.76 to $103.93 and is all-in
Seavus10: folds 
Uncalled bet ($84.76) returned to sosatime96
sosatime96 collected $63.90 from pot
sosatime96: doesn't show hand 
*** SUMMARY ***
Total pot $64.90 | Rake $1 
Board [9h Js 8c As]
Seat 2: sosatime96 (small blind) collected ($63.90)
Seat 4: Seavus10 (big blind) folded on the Turn
Seat 5: wojts folded before Flop (didn't bet)
Seat 6: handbik666 (button) folded before Flop (didn't bet)



PokerStars Hand #254774052339:  Hold'em No Limit ($0.50/$1.00 USD) - 2025/02/08 22:47:15 WET [2025/02/08 17:47:15 ET]
Table 'Hirundo II' 6-max Seat #2 is the button
Seat 1: Durabo ($100 in chips) is sitting out
Seat 3: vadera69 ($60.16 in chips) is sitting out
Seat 5: wojts ($95.60 in chips) is sitting out
Seat 2: sosatime96 ($148.66 in chips) 
Seat 4: Seavus10 ($100 in chips) 
Seat 6: handbik666 ($100 in chips) 
Seavus10: posts small blind $0.50
wojts: is sitting out 
handbik666: posts big blind $1
Durabo: sits out 
*** HOLE CARDS ***
sosatime96: raises $1.50 to $2.50
Seavus10: folds 
handbik666: folds 
Uncalled bet ($1.50) returned to sosatime96
sosatime96 collected $2.50 from pot
sosatime96: doesn't show hand 
*** SUMMARY ***
Total pot $2.50 | Rake $0 
Seat 1: Durabo
Seat 3: vadera69
Seat 5: wojts
Seat 2: sosatime96 (button) collected ($2.50)
Seat 4: Seavus10 (small blind) folded before Flop
Seat 6: handbik666 (big blind) folded before Flop



PokerStars Hand #254774056143:  Hold'em No Limit ($0.50/$1.00 USD) - 2025/02/08 22:47:28 WET [2025/02/08 17:47:28 ET]
Table 'Hirundo II' 6-max Seat #4 is the button
Seat 5: wojts ($95.60 in chips) is sitting out
Seat 1: Durabo ($100 in chips) 
Seat 2: sosatime96 ($150.16 in chips) 
Seat 3: vadera69 ($60.16 in chips) 
Seat 4: Seavus10 ($100 in chips) 
Seat 6: handbik666 ($100 in chips) 
handbik666: posts small blind $0.50
Durabo: posts big blind $1
vadera69: posts big blind $1
*** HOLE CARDS ***
sosatime96: folds 
vadera69: checks 
Seavus10: folds 
handbik666: folds 
Durabo: checks 
*** FLOP *** [7d 4s Kd]
Durabo: checks 
vadera69: bets $2.38
Durabo: raises $5.07 to $7.45
vadera69: folds 
Uncalled bet ($5.07) returned to Durabo
Durabo collected $6.90 from pot
Durabo: doesn't show hand 
*** SUMMARY ***
Total pot $7.26 | Rake $0.36 
Board [7d 4s Kd]
Seat 5: wojts
Seat 1: Durabo (big blind) collected ($6.90)
Seat 2: sosatime96 folded before Flop (didn't bet)
Seat 3: vadera69 folded on the Flop
Seat 4: Seavus10 (button) folded before Flop (didn't bet)
Seat 6: handbik666 (small blind) folded before Flop



PokerStars Hand #254774067315:  Hold'em No Limit ($0.50/$1.00 USD) - 2025/02/08 22:48:08 WET [2025/02/08 17:48:08 ET]
Table 'Hirundo II' 6-max Seat #6 is the button
Seat 5: wojts ($95.60 in chips) is sitting out
Seat 1: Durabo ($103.52 in chips) 
Seat 2: sosatime96 ($150.16 in chips) 
Seat 3: vadera69 ($56.78 in chips) 
Seat 4: Seavus10 ($100 in chips) 
Seat 6: handbik666 ($100 in chips) 
Durabo: posts small blind $0.50
sosatime96: posts big blind $1
*** HOLE CARDS ***
vadera69: folds 
Seavus10: folds 
handbik666: raises $1.40 to $2.40
Durabo: folds 
sosatime96: calls $1.40
*** FLOP *** [Js Kd 4d]
sosatime96: checks 
handbik666: bets $2.52
wojts leaves the table
sosatime96: calls $2.52
*** TURN *** [Js Kd 4d] [7c]
sosatime96: checks 
handbik666: checks 
*** RIVER *** [Js Kd 4d 7c] [5h]
sosatime96: checks 
handbik666: bets $7.37
sosatime96: calls $7.37
*** SHOW DOWN ***
handbik666: shows [3s Ks] (a pair of Kings)
sosatime96: mucks hand 
handbik666 collected $23.83 from pot
henri789 joins the table at seat #5 
*** SUMMARY ***
Total pot $25.08 | Rake $1.25 
Board [Js Kd 4d 7c 5h]
Seat 5: wojts
Seat 1: Durabo (small blind) folded before Flop
Seat 2: sosatime96 (big blind) mucked
Seat 3: vadera69 folded before Flop (didn't bet)
Seat 4: Seavus10 folded before Flop (didn't bet)
Seat 6: handbik666 (button) showed [3s Ks] and won ($23.83) with a pair of Kings



PokerStars Hand #254774094978:  Hold'em No Limit ($0.50/$1.00 USD) - 2025/02/08 22:49:47 WET [2025/02/08 17:49:47 ET]
Table 'Hirundo II' 6-max Seat #1 is the button
Seat 5: henri789 ($100 in chips) is sitting out
Seat 1: Durabo ($103.02 in chips) 
Seat 2: sosatime96 ($137.87 in chips) 
Seat 3: vadera69 ($56.78 in chips) 
Seat 4: Seavus10 ($100 in chips) 
Seat 6: handbik666 ($111.54 in chips) 
sosatime96: posts small blind $0.50
vadera69: posts big blind $1
henri789: sits out 
*** HOLE CARDS ***
Seavus10: folds 
handbik666: folds 
Durabo: folds 
sosatime96: raises $2 to $3
vadera69: calls $2
*** FLOP *** [Td Kd Ad]
sosatime96: checks 
vadera69: checks 
*** TURN *** [Td Kd Ad] [4c]
sosatime96: bets $2.28
vadera69: calls $2.28
*** RIVER *** [Td Kd Ad 4c] [4s]
sosatime96: bets $4
vadera69: calls $4
*** SHOW DOWN ***
sosatime96: shows [Qs As] (two pair, Aces and Fours)
vadera69: mucks hand 
sosatime96 collected $17.63 from pot
*** SUMMARY ***
Total pot $18.56 | Rake $0.93 
Board [Td Kd Ad 4c 4s]
Seat 5: henri789
Seat 1: Durabo (button) folded before Flop (didn't bet)
Seat 2: sosatime96 (small blind) showed [Qs As] and won ($17.63) with two pair, Aces and Fours
Seat 3: vadera69 (big blind) mucked
Seat 4: Seavus10 folded before Flop (didn't bet)
Seat 6: handbik666 folded before Flop (didn't bet)



PokerStars Hand #254774110443:  Hold'em No Limit ($0.50/$1.00 USD) - 2025/02/08 22:50:43 WET [2025/02/08 17:50:43 ET]
Table 'Hirundo II' 6-max Seat #2 is the button
Seat 5: henri789 ($100 in chips) is sitting out
Seat 1: Durabo ($103.02 in chips) 
Seat 2: sosatime96 ($146.22 in chips) 
Seat 3: vadera69 ($47.50 in chips) 
Seat 4: Seavus10 ($100 in chips) 
Seat 6: handbik666 ($111.54 in chips) 
vadera69: posts small blind $0.50
Seavus10: posts big blind $1
henri789: sits out 
*** HOLE CARDS ***
handbik666: folds 
Durabo: folds 
sosatime96: raises $1.50 to $2.50
vadera69: folds 
Seavus10: raises $10 to $12.50
sosatime96: folds 
Uncalled bet ($10) returned to Seavus10
Seavus10 collected $5.50 from pot
Seavus10: doesn't show hand 
*** SUMMARY ***
Total pot $5.50 | Rake $0 
Seat 5: henri789
Seat 1: Durabo folded before Flop (didn't bet)
Seat 2: sosatime96 (button) folded before Flop
Seat 3: vadera69 (small blind) folded before Flop
Seat 4: Seavus10 (big blind) collected ($5.50)
Seat 6: handbik666 folded before Flop (didn't bet)



PokerStars Hand #254774117263:  Hold'em No Limit ($0.50/$1.00 USD) - 2025/02/08 22:51:07 WET [2025/02/08 17:51:07 ET]
Table 'Hirundo II' 6-max Seat #3 is the button
Seat 1: Durabo ($103.02 in chips) 
Seat 2: sosatime96 ($143.72 in chips) 
Seat 3: vadera69 ($47 in chips) 
Seat 4: Seavus10 ($103 in chips) 
Seat 5: henri789 ($100 in chips) 
Seat 6: handbik666 ($111.54 in chips) 
Seavus10: posts small blind $0.50
henri789: posts big blind $1
*** HOLE CARDS ***
handbik666: folds 
Durabo: raises $1.50 to $2.50
sosatime96: folds 
vadera69: folds 
Seavus10: folds 
henri789: raises $9.50 to $12
Durabo: folds 
Uncalled bet ($9.50) returned to henri789
henri789 collected $5.50 from pot
henri789: doesn't show hand 
*** SUMMARY ***
Total pot $5.50 | Rake $0 
Seat 1: Durabo folded before Flop
Seat 2: sosatime96 folded before Flop (didn't bet)
Seat 3: vadera69 (button) folded before Flop (didn't bet)
Seat 4: Seavus10 (small blind) folded before Flop
Seat 5: henri789 (big blind) collected ($5.50)
Seat 6: handbik666 folded before Flop (didn't bet)



PokerStars Hand #254774125492:  Hold'em No Limit ($0.50/$1.00 USD) - 2025/02/08 22:51:36 WET [2025/02/08 17:51:36 ET]
Table 'Hirundo II' 6-max Seat #4 is the button
Seat 1: Durabo ($100.52 in chips) 
Seat 2: sosatime96 ($143.72 in chips) 
Seat 3: vadera69 ($47 in chips) 
Seat 4: Seavus10 ($102.50 in chips) 
Seat 5: henri789 ($103 in chips) 
Seat 6: handbik666 ($111.54 in chips) 
henri789: posts small blind $0.50
handbik666: posts big blind $1
*** HOLE CARDS ***
Durabo: folds 
sosatime96: folds 
vadera69: folds 
Seavus10: raises $1.50 to $2.50
henri789: folds 
handbik666: folds 
Uncalled bet ($1.50) returned to Seavus10
Seavus10 collected $2.50 from pot
Seavus10: doesn't show hand 
*** SUMMARY ***
Total pot $2.50 | Rake $0 
Seat 1: Durabo folded before Flop (didn't bet)
Seat 2: sosatime96 folded before Flop (didn't bet)
Seat 3: vadera69 folded before Flop (didn't bet)
Seat 4: Seavus10 (button) collected ($2.50)
Seat 5: henri789 (small blind) folded before Flop
Seat 6: handbik666 (big blind) folded before Flop



PokerStars Hand #254774256571:  Hold'em No Limit ($0.50/$1.00 USD) - 2025/02/08 23:01:07 WET [2025/02/08 18:01:07 ET]
Table 'Hirundo II' 6-max Seat #4 is the button
Seat 1: Durabo ($101 in chips) 
Seat 2: sosatime96 ($158.54 in chips) 
Seat 3: vadera69 ($35.23 in chips) 
Seat 4: Seavus10 ($101 in chips) 
Seat 5: henri789 ($114.21 in chips) 
Seat 6: handbik666 ($108.54 in chips) 
henri789: posts small blind $0.50
handbik666: posts big blind $1
*** HOLE CARDS ***
Durabo: raises $1.50 to $2.50
sosatime96: folds 
vadera69: folds 
Seavus10: folds 
henri789: folds 
handbik666: folds 
Uncalled bet ($1.50) returned to Durabo
Durabo collected $2.50 from pot
Durabo: doesn't show hand 
*** SUMMARY ***
Total pot $2.50 | Rake $0 
Seat 1: Durabo collected ($2.50)
Seat 2: sosatime96 folded before Flop (didn't bet)
Seat 3: vadera69 folded before Flop (didn't bet)
Seat 4: Seavus10 (button) folded before Flop (didn't bet)
Seat 5: henri789 (small blind) folded before Flop
Seat 6: handbik666 (big blind) folded before Flop



PokerStars Hand #254774263117:  Hold'em No Limit ($0.50/$1.00 USD) - 2025/02/08 23:01:32 WET [2025/02/08 18:01:32 ET]
Table 'Hirundo II' 6-max Seat #5 is the button
Seat 1: Durabo ($102.50 in chips) 
Seat 2: sosatime96 ($158.54 in chips) 
Seat 3: vadera69 ($35.23 in chips) 
Seat 4: Seavus10 ($101 in chips) 
Seat 5: henri789 ($113.71 in chips) 
Seat 6: handbik666 ($107.54 in chips) 
handbik666: posts small blind $0.50
Durabo: posts big blind $1
*** HOLE CARDS ***
sosatime96: folds 
vadera69: calls $1
Seavus10: folds 
henri789: folds 
handbik666: raises $3.50 to $4.50
Durabo: folds 
vadera69: folds 
Uncalled bet ($3.50) returned to handbik666
handbik666 collected $3 from pot
handbik666: doesn't show hand 
*** SUMMARY ***
Total pot $3 | Rake $0 
Seat 1: Durabo (big blind) folded before Flop
Seat 2: sosatime96 folded before Flop (didn't bet)
Seat 3: vadera69 folded before Flop
Seat 4: Seavus10 folded before Flop (didn't bet)
Seat 5: henri789 (button) folded before Flop (didn't bet)
Seat 6: handbik666 (small blind) collected ($3)



PokerStars Hand #254774270183:  Hold'em No Limit ($0.50/$1.00 USD) - 2025/02/08 23:01:58 WET [2025/02/08 18:01:58 ET]
Table 'Hirundo II' 6-max Seat #6 is the button
Seat 1: Durabo ($101.50 in chips) 
Seat 2: sosatime96 ($158.54 in chips) 
Seat 3: vadera69 ($34.23 in chips) 
Seat 4: Seavus10 ($101 in chips) 
Seat 5: henri789 ($113.71 in chips) 
Seat 6: handbik666 ($109.54 in chips) 
Durabo: posts small blind $0.50
sosatime96: posts big blind $1
*** HOLE CARDS ***
vadera69: folds 
Seavus10: folds 
henri789: folds 
handbik666: folds 
Durabo: raises $2 to $3
sosatime96: folds 
Uncalled bet ($2) returned to Durabo
Durabo collected $2 from pot
Durabo: doesn't show hand 
*** SUMMARY ***
Total pot $2 | Rake $0 
Seat 1: Durabo (small blind) collected ($2)
Seat 2: sosatime96 (big blind) folded before Flop
Seat 3: vadera69 folded before Flop (didn't bet)
Seat 4: Seavus10 folded before Flop (didn't bet)
Seat 5: henri789 folded before Flop (didn't bet)
Seat 6: handbik666 (button) folded before Flop (didn't bet)



PokerStars Hand #254774277423:  Hold'em No Limit ($0.50/$1.00 USD) - 2025/02/08 23:02:26 WET [2025/02/08 18:02:26 ET]
Table 'Hirundo II' 6-max Seat #1 is the button
Seat 1: Durabo ($102.50 in chips) 
Seat 2: sosatime96 ($157.54 in chips) 
Seat 3: vadera69 ($34.23 in chips) 
Seat 4: Seavus10 ($101 in chips) 
Seat 5: henri789 ($113.71 in chips) 
Seat 6: handbik666 ($109.54 in chips) 
sosatime96: posts small blind $0.50
vadera69: posts big blind $1
*** HOLE CARDS ***
Seavus10: folds 
henri789: raises $1.50 to $2.50
handbik666: folds 
Durabo: folds 
sosatime96: folds 
vadera69: calls $1.50
*** FLOP *** [8s Qs 3h]
vadera69: checks 
henri789: bets $2.61
vadera69: calls $2.61
*** TURN *** [8s Qs 3h] [6c]
vadera69: checks 
henri789: bets $7.33
vadera69: folds 
Uncalled bet ($7.33) returned to henri789
henri789 collected $10.18 from pot
henri789: doesn't show hand 
*** SUMMARY ***
Total pot $10.72 | Rake $0.54 
Board [8s Qs 3h 6c]
Seat 1: Durabo (button) folded before Flop (didn't bet)
Seat 2: sosatime96 (small blind) folded before Flop
Seat 3: vadera69 (big blind) folded on the Turn
Seat 4: Seavus10 folded before Flop (didn't bet)
Seat 5: henri789 collected ($10.18)
Seat 6: handbik666 folded before Flop (didn't bet)



PokerStars Hand #254774290918:  Hold'em No Limit ($0.50/$1.00 USD) - 2025/02/08 23:03:15 WET [2025/02/08 18:03:15 ET]
Table 'Hirundo II' 6-max Seat #2 is the button
Seat 1: Durabo ($102.50 in chips) 
Seat 2: sosatime96 ($157.04 in chips) 
Seat 3: vadera69 ($53.18 in chips) 
Seat 4: Seavus10 ($101 in chips) 
Seat 5: henri789 ($118.78 in chips) 
Seat 6: handbik666 ($109.54 in chips) 
vadera69: posts small blind $0.50
Seavus10: posts big blind $1
*** HOLE CARDS ***
henri789: folds 
handbik666: folds 
Durabo: folds 
sosatime96: folds 
vadera69: folds 
Uncalled bet ($0.50) returned to Seavus10
Seavus10 collected $1 from pot
Seavus10: doesn't show hand 
*** SUMMARY ***
Total pot $1 | Rake $0 
Seat 1: Durabo folded before Flop (didn't bet)
Seat 2: sosatime96 (button) folded before Flop (didn't bet)
Seat 3: vadera69 (small blind) folded before Flop
Seat 4: Seavus10 (big blind) collected ($1)
Seat 5: henri789 folded before Flop (didn't bet)
Seat 6: handbik666 folded before Flop (didn't bet)



PokerStars Hand #254774295203:  Hold'em No Limit ($0.50/$1.00 USD) - 2025/02/08 23:03:31 WET [2025/02/08 18:03:31 ET]
Table 'Hirundo II' 6-max Seat #3 is the button
Seat 1: Durabo ($102.50 in chips) 
Seat 2: sosatime96 ($157.04 in chips) 
Seat 3: vadera69 ($52.68 in chips) 
Seat 4: Seavus10 ($101.50 in chips) 
Seat 5: henri789 ($118.78 in chips) 
Seat 6: handbik666 ($109.54 in chips) 
Seavus10: posts small blind $0.50
henri789: posts big blind $1
*** HOLE CARDS ***
handbik666: raises $1.50 to $2.50
Durabo: folds 
sosatime96: folds 
vadera69: folds 
Seavus10: folds 
henri789: folds 
Uncalled bet ($1.50) returned to handbik666
handbik666 collected $2.50 from pot
handbik666: doesn't show hand 
*** SUMMARY ***
Total pot $2.50 | Rake $0 
Seat 1: Durabo folded before Flop (didn't bet)
Seat 2: sosatime96 folded before Flop (didn't bet)
Seat 3: vadera69 (button) folded before Flop (didn't bet)
Seat 4: Seavus10 (small blind) folded before Flop
Seat 5: henri789 (big blind) folded before Flop
Seat 6: handbik666 collected ($2.50)



PokerStars Hand #254774299187:  Hold'em No Limit ($0.50/$1.00 USD) - 2025/02/08 23:03:46 WET [2025/02/08 18:03:46 ET]
Table 'Hirundo II' 6-max Seat #4 is the button
Seat 1: Durabo ($102.50 in chips) 
Seat 2: sosatime96 ($157.04 in chips) 
Seat 3: vadera69 ($52.68 in chips) 
Seat 4: Seavus10 ($101 in chips) 
Seat 5: henri789 ($117.78 in chips) 
Seat 6: handbik666 ($111.04 in chips) 
henri789: posts small blind $0.50
handbik666: posts big blind $1
*** HOLE CARDS ***
Durabo: folds 
sosatime96: folds 
vadera69: folds 
Seavus10: raises $1.50 to $2.50
henri789: folds 
handbik666: folds 
Uncalled bet ($1.50) returned to Seavus10
Seavus10 collected $2.50 from pot
Seavus10: doesn't show hand 
*** SUMMARY ***
Total pot $2.50 | Rake $0 
Seat 1: Durabo folded before Flop (didn't bet)
Seat 2: sosatime96 folded before Flop (didn't bet)
Seat 3: vadera69 folded before Flop (didn't bet)
Seat 4: Seavus10 (button) collected ($2.50)
Seat 5: henri789 (small blind) folded before Flop
Seat 6: handbik666 (big blind) folded before Flop



PokerStars Hand #254774303950:  Hold'em No Limit ($0.50/$1.00 USD) - 2025/02/08 23:04:03 WET [2025/02/08 18:04:03 ET]
Table 'Hirundo II' 6-max Seat #5 is the button
Seat 1: Durabo ($102.50 in chips) 
Seat 2: sosatime96 ($157.04 in chips) 
Seat 3: vadera69 ($52.68 in chips) 
Seat 4: Seavus10 ($102.50 in chips) 
Seat 5: henri789 ($117.28 in chips) 
Seat 6: handbik666 ($110.04 in chips) 
handbik666: posts small blind $0.50
Durabo: posts big blind $1
*** HOLE CARDS ***
sosatime96: folds 
vadera69: calls $1
Seavus10: folds 
henri789: folds 
handbik666: folds 
Durabo: checks 
*** FLOP *** [3d Ac Jc]
Durabo: checks 
vadera69: bets $2.38
Durabo: folds 
Uncalled bet ($2.38) returned to vadera69
vadera69 collected $2.38 from pot
*** SUMMARY ***
Total pot $2.50 | Rake $0.12 
Board [3d Ac Jc]
Seat 1: Durabo (big blind) folded on the Flop
Seat 2: sosatime96 folded before Flop (didn't bet)
Seat 3: vadera69 collected ($2.38)
Seat 4: Seavus10 folded before Flop (didn't bet)
Seat 5: henri789 (button) folded before Flop (didn't bet)
Seat 6: handbik666 (small blind) folded before Flop



PokerStars Hand #254774310303:  Hold'em No Limit ($0.50/$1.00 USD) - 2025/02/08 23:04:26 WET [2025/02/08 18:04:26 ET]
Table 'Hirundo II' 6-max Seat #6 is the button
Seat 1: Durabo ($101.50 in chips) 
Seat 2: sosatime96 ($157.04 in chips) 
Seat 3: vadera69 ($54.06 in chips) 
Seat 4: Seavus10 ($102.50 in chips) 
Seat 5: henri789 ($117.28 in chips) 
Seat 6: handbik666 ($109.54 in chips) 
Durabo: posts small blind $0.50
sosatime96: posts big blind $1
*** HOLE CARDS ***
vadera69: folds 
Seavus10: raises $1.20 to $2.20
henri789: folds 
handbik666: raises $4.95 to $7.15
Durabo: folds 
sosatime96: folds 
Seavus10: folds 
Uncalled bet ($4.95) returned to handbik666
handbik666 collected $5.90 from pot
handbik666: doesn't show hand 
*** SUMMARY ***
Total pot $5.90 | Rake $0 
Seat 1: Durabo (small blind) folded before Flop
Seat 2: sosatime96 (big blind) folded before Flop
Seat 3: vadera69 folded before Flop (didn't bet)
Seat 4: Seavus10 folded before Flop
Seat 5: henri789 folded before Flop (didn't bet)
Seat 6: handbik666 (button) collected ($5.90)



PokerStars Hand #254774319764:  Hold'em No Limit ($0.50/$1.00 USD) - 2025/02/08 23:05:00 WET [2025/02/08 18:05:00 ET]
Table 'Hirundo II' 6-max Seat #1 is the button
Seat 1: Durabo ($101 in chips) 
Seat 2: sosatime96 ($156.04 in chips) 
Seat 3: vadera69 ($54.06 in chips) 
Seat 4: Seavus10 ($100.30 in chips) 
Seat 5: henri789 ($117.28 in chips) 
Seat 6: handbik666 ($113.24 in chips) 
sosatime96: posts small blind $0.50
vadera69: posts big blind $1
*** HOLE CARDS ***
Seavus10: folds 
henri789: folds 
handbik666: folds 
Durabo: folds 
sosatime96: folds 
Uncalled bet ($0.50) returned to vadera69
vadera69 collected $1 from pot
*** SUMMARY ***
Total pot $1 | Rake $0 
Seat 1: Durabo (button) folded before Flop (didn't bet)
Seat 2: sosatime96 (small blind) folded before Flop
Seat 3: vadera69 (big blind) collected ($1)
Seat 4: Seavus10 folded before Flop (didn't bet)
Seat 5: henri789 folded before Flop (didn't bet)
Seat 6: handbik666 folded before Flop (didn't bet)



PokerStars Hand #254774324253:  Hold'em No Limit ($0.50/$1.00 USD) - 2025/02/08 23:05:17 WET [2025/02/08 18:05:17 ET]
Table 'Hirundo II' 6-max Seat #2 is the button
Seat 1: Durabo ($101 in chips) 
Seat 2: sosatime96 ($155.54 in chips) 
Seat 3: vadera69 ($54.56 in chips) 
Seat 4: Seavus10 ($100.30 in chips) 
Seat 5: henri789 ($117.28 in chips) 
Seat 6: handbik666 ($113.24 in chips) 
vadera69: posts small blind $0.50
Seavus10: posts big blind $1
*** HOLE CARDS ***
henri789: folds 
handbik666: folds 
Durabo: raises $1.50 to $2.50
sosatime96: raises $5 to $7.50
vadera69: folds 
Seavus10: folds 
Durabo: folds 
Uncalled bet ($5) returned to sosatime96
sosatime96 collected $6.50 from pot
sosatime96: doesn't show hand 
*** SUMMARY ***
Total pot $6.50 | Rake $0 
Seat 1: Durabo folded before Flop
Seat 2: sosatime96 (button) collected ($6.50)
Seat 3: vadera69 (small blind) folded before Flop
Seat 4: Seavus10 (big blind) folded before Flop
Seat 5: henri789 folded before Flop (didn't bet)
Seat 6: handbik666 folded before Flop (didn't bet)



PokerStars Hand #254774330534:  Hold'em No Limit ($0.50/$1.00 USD) - 2025/02/08 23:05:40 WET [2025/02/08 18:05:40 ET]
Table 'Hirundo II' 6-max Seat #3 is the button
Seat 1: Durabo ($100 in chips) 
Seat 2: sosatime96 ($159.54 in chips) 
Seat 3: vadera69 ($54.06 in chips) 
Seat 4: Seavus10 ($100 in chips) 
Seat 5: henri789 ($117.28 in chips) 
Seat 6: handbik666 ($113.24 in chips) 
Seavus10: posts small blind $0.50
henri789: posts big blind $1
*** HOLE CARDS ***
handbik666: folds 
Durabo: folds 
sosatime96: raises $1.30 to $2.30
vadera69: folds 
Seavus10: folds 
henri789: calls $1.30
*** FLOP *** [Ah 8c Qs]
henri789: checks 
sosatime96: bets $1.60
henri789: calls $1.60
*** TURN *** [Ah 8c Qs] [3d]
henri789: checks 
sosatime96: bets $10.48
henri789: calls $10.48
*** RIVER *** [Ah 8c Qs 3d] [Kc]
henri789: checks 
sosatime96: checks 
*** SHOW DOWN ***
henri789: shows [6d Ad] (a pair of Aces)
sosatime96: mucks hand 
henri789 collected $27.80 from pot
*** SUMMARY ***
Total pot $29.26 | Rake $1.46 
Board [Ah 8c Qs 3d Kc]
Seat 1: Durabo folded before Flop (didn't bet)
Seat 2: sosatime96 mucked
Seat 3: vadera69 (button) folded before Flop (didn't bet)
Seat 4: Seavus10 (small blind) folded before Flop
Seat 5: henri789 (big blind) showed [6d Ad] and won ($27.80) with a pair of Aces
Seat 6: handbik666 folded before Flop (didn't bet)



PokerStars Hand #254774350047:  Hold'em No Limit ($0.50/$1.00 USD) - 2025/02/08 23:06:51 WET [2025/02/08 18:06:51 ET]
Table 'Hirundo II' 6-max Seat #4 is the button
Seat 1: Durabo ($100 in chips) 
Seat 2: sosatime96 ($145.16 in chips) 
Seat 3: vadera69 ($54.06 in chips) 
Seat 4: Seavus10 ($100 in chips) 
Seat 5: henri789 ($130.70 in chips) 
Seat 6: handbik666 ($113.24 in chips) 
henri789: posts small blind $0.50
handbik666: posts big blind $1
*** HOLE CARDS ***
Durabo: folds 
sosatime96: folds 
vadera69: folds 
Seavus10: raises $1.50 to $2.50
henri789: folds 
handbik666: folds 
Uncalled bet ($1.50) returned to Seavus10
Seavus10 collected $2.50 from pot
Seavus10: doesn't show hand 
*** SUMMARY ***
Total pot $2.50 | Rake $0 
Seat 1: Durabo folded before Flop (didn't bet)
Seat 2: sosatime96 folded before Flop (didn't bet)
Seat 3: vadera69 folded before Flop (didn't bet)
Seat 4: Seavus10 (button) collected ($2.50)
Seat 5: henri789 (small blind) folded before Flop
Seat 6: handbik666 (big blind) folded before Flop



PokerStars Hand #254774358292:  Hold'em No Limit ($0.50/$1.00 USD) - 2025/02/08 23:07:22 WET [2025/02/08 18:07:22 ET]
Table 'Hirundo II' 6-max Seat #5 is the button
Seat 1: Durabo ($100 in chips) 
Seat 2: sosatime96 ($145.16 in chips) 
Seat 3: vadera69 ($54.06 in chips) 
Seat 4: Seavus10 ($101.50 in chips) 
Seat 5: henri789 ($130.20 in chips) 
Seat 6: handbik666 ($112.24 in chips) 
handbik666: posts small blind $0.50
Durabo: posts big blind $1
*** HOLE CARDS ***
sosatime96: folds 
vadera69: folds 
Seavus10: folds 
henri789: folds 
handbik666: folds 
Uncalled bet ($0.50) returned to Durabo
Durabo collected $1 from pot
Durabo: doesn't show hand 
*** SUMMARY ***
Total pot $1 | Rake $0 
Seat 1: Durabo (big blind) collected ($1)
Seat 2: sosatime96 folded before Flop (didn't bet)
Seat 3: vadera69 folded before Flop (didn't bet)
Seat 4: Seavus10 folded before Flop (didn't bet)
Seat 5: henri789 (button) folded before Flop (didn't bet)
Seat 6: handbik666 (small blind) folded before Flop



PokerStars Hand #254774363372:  Hold'em No Limit ($0.50/$1.00 USD) - 2025/02/08 23:07:41 WET [2025/02/08 18:07:41 ET]
Table 'Hirundo II' 6-max Seat #6 is the button
Seat 1: Durabo ($100.50 in chips) 
Seat 2: sosatime96 ($145.16 in chips) 
Seat 3: vadera69 ($54.06 in chips) 
Seat 4: Seavus10 ($101.50 in chips) 
Seat 5: henri789 ($130.20 in chips) 
Seat 6: handbik666 ($111.74 in chips) 
Durabo: posts small blind $0.50
sosatime96: posts big blind $1
*** HOLE CARDS ***
vadera69: calls $1
Seavus10: raises $3.20 to $4.20
henri789: folds 
handbik666: folds 
Durabo: folds 
sosatime96: folds 
vadera69: folds 
Uncalled bet ($3.20) returned to Seavus10
Seavus10 collected $3.50 from pot
Seavus10: doesn't show hand 
*** SUMMARY ***
Total pot $3.50 | Rake $0 
Seat 1: Durabo (small blind) folded before Flop
Seat 2: sosatime96 (big blind) folded before Flop
Seat 3: vadera69 folded before Flop
Seat 4: Seavus10 collected ($3.50)
Seat 5: henri789 folded before Flop (didn't bet)
Seat 6: handbik666 (button) folded before Flop (didn't bet)



PokerStars Hand #254774370127:  Hold'em No Limit ($0.50/$1.00 USD) - 2025/02/08 23:08:06 WET [2025/02/08 18:08:06 ET]
Table 'Hirundo II' 6-max Seat #1 is the button
Seat 1: Durabo ($100 in chips) 
Seat 2: sosatime96 ($144.16 in chips) 
Seat 3: vadera69 ($53.06 in chips) 
Seat 4: Seavus10 ($104 in chips) 
Seat 5: henri789 ($130.20 in chips) 
Seat 6: handbik666 ($111.74 in chips) 
sosatime96: posts small blind $0.50
vadera69: posts big blind $1
*** HOLE CARDS ***
Seavus10: folds 
henri789: folds 
handbik666: raises $1.40 to $2.40
Durabo: folds 
sosatime96: folds 
vadera69: calls $1.40
*** FLOP *** [9c 8c Qc]
vadera69: checks 
handbik666: checks 
*** TURN *** [9c 8c Qc] [Kc]
vadera69: bets $5.04
handbik666: folds 
Uncalled bet ($5.04) returned to vadera69
vadera69 collected $5.04 from pot
*** SUMMARY ***
Total pot $5.30 | Rake $0.26 
Board [9c 8c Qc Kc]
Seat 1: Durabo (button) folded before Flop (didn't bet)
Seat 2: sosatime96 (small blind) folded before Flop
Seat 3: vadera69 (big blind) collected ($5.04)
Seat 4: Seavus10 folded before Flop (didn't bet)
Seat 5: henri789 folded before Flop (didn't bet)
Seat 6: handbik666 folded on the Turn



PokerStars Hand #254774382127:  Hold'em No Limit ($0.50/$1.00 USD) - 2025/02/08 23:08:50 WET [2025/02/08 18:08:50 ET]
Table 'Hirundo II' 6-max Seat #2 is the button
Seat 1: Durabo ($100 in chips) 
Seat 2: sosatime96 ($143.66 in chips) 
Seat 3: vadera69 ($55.70 in chips) 
Seat 4: Seavus10 ($104 in chips) 
Seat 5: henri789 ($130.20 in chips) 
Seat 6: handbik666 ($109.34 in chips) 
vadera69: posts small blind $0.50
Seavus10: posts big blind $1
*** HOLE CARDS ***
henri789: folds 
handbik666: folds 
Durabo: folds 
sosatime96: folds 
vadera69: folds 
Uncalled bet ($0.50) returned to Seavus10
Seavus10 collected $1 from pot
Seavus10: doesn't show hand 
*** SUMMARY ***
Total pot $1 | Rake $0 
Seat 1: Durabo folded before Flop (didn't bet)
Seat 2: sosatime96 (button) folded before Flop (didn't bet)
Seat 3: vadera69 (small blind) folded before Flop
Seat 4: Seavus10 (big blind) collected ($1)
Seat 5: henri789 folded before Flop (didn't bet)
Seat 6: handbik666 folded before Flop (didn't bet)



PokerStars Hand #254774387202:  Hold'em No Limit ($0.50/$1.00 USD) - 2025/02/08 23:09:09 WET [2025/02/08 18:09:09 ET]
Table 'Hirundo II' 6-max Seat #3 is the button
Seat 1: Durabo ($100 in chips) 
Seat 2: sosatime96 ($143.66 in chips) 
Seat 3: vadera69 ($55.20 in chips) 
Seat 4: Seavus10 ($104.50 in chips) 
Seat 5: henri789 ($130.20 in chips) 
Seat 6: handbik666 ($109.34 in chips) 
Seavus10: posts small blind $0.50
henri789: posts big blind $1
*** HOLE CARDS ***
handbik666: raises $1.50 to $2.50
Durabo: folds 
sosatime96: folds 
vadera69: folds 
Seavus10: folds 
henri789: folds 
Uncalled bet ($1.50) returned to handbik666
handbik666 collected $2.50 from pot
handbik666: doesn't show hand 
*** SUMMARY ***
Total pot $2.50 | Rake $0 
Seat 1: Durabo folded before Flop (didn't bet)
Seat 2: sosatime96 folded before Flop (didn't bet)
Seat 3: vadera69 (button) folded before Flop (didn't bet)
Seat 4: Seavus10 (small blind) folded before Flop
Seat 5: henri789 (big blind) folded before Flop
Seat 6: handbik666 collected ($2.50)



PokerStars Hand #254774390740:  Hold'em No Limit ($0.50/$1.00 USD) - 2025/02/08 23:09:22 WET [2025/02/08 18:09:22 ET]
Table 'Hirundo II' 6-max Seat #4 is the button
Seat 1: Durabo ($100 in chips) 
Seat 2: sosatime96 ($143.66 in chips) 
Seat 3: vadera69 ($55.20 in chips) 
Seat 4: Seavus10 ($104 in chips) 
Seat 5: henri789 ($129.20 in chips) 
Seat 6: handbik666 ($110.84 in chips) 
henri789: posts small blind $0.50
handbik666: posts big blind $1
*** HOLE CARDS ***
Durabo: folds 
sosatime96: folds 
vadera69: folds 
Seavus10: folds 
henri789: folds 
Uncalled bet ($0.50) returned to handbik666
handbik666 collected $1 from pot
handbik666: doesn't show hand 
*** SUMMARY ***
Total pot $1 | Rake $0 
Seat 1: Durabo folded before Flop (didn't bet)
Seat 2: sosatime96 folded before Flop (didn't bet)
Seat 3: vadera69 folded before Flop (didn't bet)
Seat 4: Seavus10 (button) folded before Flop (didn't bet)
Seat 5: henri789 (small blind) folded before Flop
Seat 6: handbik666 (big blind) collected ($1)



PokerStars Hand #254774396529:  Hold'em No Limit ($0.50/$1.00 USD) - 2025/02/08 23:09:43 WET [2025/02/08 18:09:43 ET]
Table 'Hirundo II' 6-max Seat #5 is the button
Seat 1: Durabo ($100 in chips) 
Seat 2: sosatime96 ($143.66 in chips) 
Seat 3: vadera69 ($55.20 in chips) 
Seat 4: Seavus10 ($104 in chips) 
Seat 5: henri789 ($128.70 in chips) 
Seat 6: handbik666 ($111.34 in chips) 
handbik666: posts small blind $0.50
Durabo: posts big blind $1
*** HOLE CARDS ***
sosatime96: folds 
vadera69: folds 
Seavus10: folds 
henri789: folds 
handbik666: raises $2 to $3
Durabo: folds 
Uncalled bet ($2) returned to handbik666
handbik666 collected $2 from pot
handbik666: doesn't show hand 
*** SUMMARY ***
Total pot $2 | Rake $0 
Seat 1: Durabo (big blind) folded before Flop
Seat 2: sosatime96 folded before Flop (didn't bet)
Seat 3: vadera69 folded before Flop (didn't bet)
Seat 4: Seavus10 folded before Flop (didn't bet)
Seat 5: henri789 (button) folded before Flop (didn't bet)
Seat 6: handbik666 (small blind) collected ($2)



PokerStars Hand #254774401670:  Hold'em No Limit ($0.50/$1.00 USD) - 2025/02/08 23:10:03 WET [2025/02/08 18:10:03 ET]
Table 'Hirundo II' 6-max Seat #6 is the button
Seat 1: Durabo ($100 in chips) 
Seat 2: sosatime96 ($143.66 in chips) 
Seat 3: vadera69 ($55.20 in chips) 
Seat 4: Seavus10 ($104 in chips) 
Seat 5: henri789 ($128.70 in chips) 
Seat 6: handbik666 ($112.34 in chips) 
Durabo: posts small blind $0.50
sosatime96: posts big blind $1
*** HOLE CARDS ***
vadera69: folds 
Seavus10: folds 
henri789: raises $1.50 to $2.50
handbik666: raises $5.63 to $8.13
Durabo: folds 
sosatime96: folds 
henri789: folds 
Uncalled bet ($5.63) returned to handbik666
handbik666 collected $6.50 from pot
handbik666: doesn't show hand 
*** SUMMARY ***
Total pot $6.50 | Rake $0 
Seat 1: Durabo (small blind) folded before Flop
Seat 2: sosatime96 (big blind) folded before Flop
Seat 3: vadera69 folded before Flop (didn't bet)
Seat 4: Seavus10 folded before Flop (didn't bet)
Seat 5: henri789 folded before Flop
Seat 6: handbik666 (button) collected ($6.50)



PokerStars Hand #254774410247:  Hold'em No Limit ($0.50/$1.00 USD) - 2025/02/08 23:10:34 WET [2025/02/08 18:10:34 ET]
Table 'Hirundo II' 6-max Seat #1 is the button
Seat 1: Durabo ($100 in chips) 
Seat 2: sosatime96 ($142.66 in chips) 
Seat 3: vadera69 ($55.20 in chips) 
Seat 4: Seavus10 ($104 in chips) 
Seat 5: henri789 ($126.20 in chips) 
Seat 6: handbik666 ($116.34 in chips) 
sosatime96: posts small blind $0.50
vadera69: posts big blind $1
*** HOLE CARDS ***
Seavus10: folds 
henri789: raises $1.50 to $2.50
handbik666: folds 
Durabo: folds 
sosatime96: folds 
vadera69: calls $1.50
*** FLOP *** [5c 7s 2d]
vadera69: checks 
henri789: bets $1.72
vadera69: calls $1.72
*** TURN *** [5c 7s 2d] [Kh]
vadera69: checks 
henri789: bets $6.11
vadera69: folds 
Uncalled bet ($6.11) returned to henri789
henri789 collected $8.49 from pot
henri789: doesn't show hand 
*** SUMMARY ***
Total pot $8.94 | Rake $0.45 
Board [5c 7s 2d Kh]
Seat 1: Durabo (button) folded before Flop (didn't bet)
Seat 2: sosatime96 (small blind) folded before Flop
Seat 3: vadera69 (big blind) folded on the Turn
Seat 4: Seavus10 folded before Flop (didn't bet)
Seat 5: henri789 collected ($8.49)
Seat 6: handbik666 folded before Flop (didn't bet)



PokerStars Hand #254774425375:  Hold'em No Limit ($0.50/$1.00 USD) - 2025/02/08 23:11:31 WET [2025/02/08 18:11:31 ET]
Table 'Hirundo II' 6-max Seat #2 is the button
Seat 1: Durabo ($100 in chips) 
Seat 2: sosatime96 ($142.16 in chips) 
Seat 3: vadera69 ($50.98 in chips) 
Seat 4: Seavus10 ($104 in chips) 
Seat 5: henri789 ($130.47 in chips) 
Seat 6: handbik666 ($116.34 in chips) 
vadera69: posts small blind $0.50
Seavus10: posts big blind $1
*** HOLE CARDS ***
henri789: folds 
handbik666: folds 
Durabo: raises $1.50 to $2.50
sosatime96: folds 
vadera69: folds 
Seavus10: folds 
Uncalled bet ($1.50) returned to Durabo
Durabo collected $2.50 from pot
Durabo: doesn't show hand 
*** SUMMARY ***
Total pot $2.50 | Rake $0 
Seat 1: Durabo collected ($2.50)
Seat 2: sosatime96 (button) folded before Flop (didn't bet)
Seat 3: vadera69 (small blind) folded before Flop
Seat 4: Seavus10 (big blind) folded before Flop
Seat 5: henri789 folded before Flop (didn't bet)
Seat 6: handbik666 folded before Flop (didn't bet)



PokerStars Hand #254774429466:  Hold'em No Limit ($0.50/$1.00 USD) - 2025/02/08 23:11:46 WET [2025/02/08 18:11:46 ET]
Table 'Hirundo II' 6-max Seat #3 is the button
Seat 1: Durabo ($101.50 in chips) 
Seat 2: sosatime96 ($142.16 in chips) 
Seat 3: vadera69 ($50.48 in chips) 
Seat 4: Seavus10 ($103 in chips) 
Seat 5: henri789 ($130.47 in chips) 
Seat 6: handbik666 ($116.34 in chips) 
Seavus10: posts small blind $0.50
henri789: posts big blind $1
*** HOLE CARDS ***
handbik666: folds 
Durabo: folds 
sosatime96: folds 
vadera69: folds 
vadera69 leaves the table
Seavus10: raises $2 to $3
henri789: calls $2
*** FLOP *** [Qs 2h Js]
Seavus10: bets $1.90
henri789: folds 
Uncalled bet ($1.90) returned to Seavus10
Seavus10 collected $5.70 from pot
Seavus10: doesn't show hand 
*** SUMMARY ***
Total pot $6 | Rake $0.30 
Board [Qs 2h Js]
Seat 1: Durabo folded before Flop (didn't bet)
Seat 2: sosatime96 folded before Flop (didn't bet)
Seat 3: vadera69 (button) folded before Flop (didn't bet)
Seat 4: Seavus10 (small blind) collected ($5.70)
Seat 5: henri789 (big blind) folded on the Flop
Seat 6: handbik666 folded before Flop (didn't bet)



PokerStars Hand #254774439107:  Hold'em No Limit ($0.50/$1.00 USD) - 2025/02/08 23:12:21 WET [2025/02/08 18:12:21 ET]
Table 'Hirundo II' 6-max Seat #4 is the button
Seat 1: Durabo ($101.50 in chips) 
Seat 2: sosatime96 ($142.16 in chips) 
Seat 4: Seavus10 ($105.70 in chips) 
Seat 5: henri789 ($127.47 in chips) 
Seat 6: handbik666 ($116.34 in chips) 
henri789: posts small blind $0.50
handbik666: posts big blind $1
*** HOLE CARDS ***
Durabo: folds 
sosatime96: folds 
Seavus10: folds 
henri789: folds 
Uncalled bet ($0.50) returned to handbik666
handbik666 collected $1 from pot
handbik666: doesn't show hand 
*** SUMMARY ***
Total pot $1 | Rake $0 
Seat 1: Durabo folded before Flop (didn't bet)
Seat 2: sosatime96 folded before Flop (didn't bet)
Seat 4: Seavus10 (button) folded before Flop (didn't bet)
Seat 5: henri789 (small blind) folded before Flop
Seat 6: handbik666 (big blind) collected ($1)



PokerStars Hand #254774444485:  Hold'em No Limit ($0.50/$1.00 USD) - 2025/02/08 23:12:41 WET [2025/02/08 18:12:41 ET]
Table 'Hirundo II' 6-max Seat #5 is the button
Seat 1: Durabo ($101.50 in chips) 
Seat 2: sosatime96 ($142.16 in chips) 
Seat 4: Seavus10 ($105.70 in chips) 
Seat 5: henri789 ($126.97 in chips) 
Seat 6: handbik666 ($116.84 in chips) 
handbik666: posts small blind $0.50
Durabo: posts big blind $1
*** HOLE CARDS ***
sosatime96: folds 
Seavus10: folds 
henri789: folds 
handbik666: folds 
Uncalled bet ($0.50) returned to Durabo
BoyLoc0 joins the table at seat #3 
Durabo collected $1 from pot
Durabo: doesn't show hand 
*** SUMMARY ***
Total pot $1 | Rake $0 
Seat 1: Durabo (big blind) collected ($1)
Seat 2: sosatime96 folded before Flop (didn't bet)
Seat 4: Seavus10 folded before Flop (didn't bet)
Seat 5: henri789 (button) folded before Flop (didn't bet)
Seat 6: handbik666 (small blind) folded before Flop



PokerStars Hand #254774447085:  Hold'em No Limit ($0.50/$1.00 USD) - 2025/02/08 23:12:51 WET [2025/02/08 18:12:51 ET]
Table 'Hirundo II' 6-max Seat #6 is the button
Seat 2: sosatime96 ($142.16 in chips) is sitting out
Seat 3: BoyLoc0 ($100 in chips) is sitting out
Seat 1: Durabo ($102 in chips) 
Seat 4: Seavus10 ($105.70 in chips) 
Seat 5: henri789 ($126.97 in chips) 
Seat 6: handbik666 ($116.34 in chips) 
Durabo: posts small blind $0.50
sosatime96: is sitting out 
Seavus10: posts big blind $1
*** HOLE CARDS ***
BoyLoc0 leaves the table
henri789: folds 
handbik666: raises $1.40 to $2.40
sosatime96 leaves the table
Durabo: folds 
Seavus10: folds 
Uncalled bet ($1.40) returned to handbik666
henri789 leaves the table
handbik666 collected $2.50 from pot
handbik666: doesn't show hand 
*** SUMMARY ***
Total pot $2.50 | Rake $0 
Seat 2: sosatime96
Seat 3: BoyLoc0
Seat 1: Durabo (small blind) folded before Flop
Seat 4: Seavus10 (big blind) folded before Flop
Seat 5: henri789 folded before Flop (didn't bet)
Seat 6: handbik666 (button) collected ($2.50)



PokerStars Hand #254774452485:  Hold'em No Limit ($0.50/$1.00 USD) - 2025/02/08 23:13:11 WET [2025/02/08 18:13:11 ET]
Table 'Hirundo II' 6-max Seat #1 is the button
Seat 1: Durabo ($101.50 in chips) 
Seat 4: Seavus10 ($104.70 in chips) 
Seat 6: handbik666 ($117.84 in chips) 
Seavus10: posts small blind $0.50
handbik666: posts big blind $1
*** HOLE CARDS ***
Durabo: folds 
Seavus10: folds 
Uncalled bet ($0.50) returned to handbik666
handbik666 collected $1 from pot
handbik666: doesn't show hand 
*** SUMMARY ***
Total pot $1 | Rake $0 
Seat 1: Durabo (button) folded before Flop (didn't bet)
Seat 4: Seavus10 (small blind) folded before Flop
Seat 6: handbik666 (big blind) collected ($1)



PokerStars Hand #254774457923:  Hold'em No Limit ($0.50/$1.00 USD) - 2025/02/08 23:13:31 WET [2025/02/08 18:13:31 ET]
Table 'Hirundo II' 6-max Seat #4 is the button
Seat 1: Durabo ($101.50 in chips) 
Seat 4: Seavus10 ($104.20 in chips) 
Seat 6: handbik666 ($118.34 in chips) 
handbik666: posts small blind $0.50
Durabo: posts big blind $1
*** HOLE CARDS ***
Seavus10: folds 
handbik666: folds 
Uncalled bet ($0.50) returned to Durabo
Durabo collected $1 from pot
Durabo: doesn't show hand 
*** SUMMARY ***
Total pot $1 | Rake $0 
Seat 1: Durabo (big blind) collected ($1)
Seat 4: Seavus10 (button) folded before Flop (didn't bet)
Seat 6: handbik666 (small blind) folded before Flop



PokerStars Hand #254774463492:  Hold'em No Limit ($0.50/$1.00 USD) - 2025/02/08 23:13:52 WET [2025/02/08 18:13:52 ET]
Table 'Hirundo II' 6-max Seat #6 is the button
Seat 1: Durabo ($102 in chips) 
Seat 4: Seavus10 ($104.20 in chips) 
Seat 6: handbik666 ($117.84 in chips) 
Durabo: posts small blind $0.50
Seavus10: posts big blind $1
*** HOLE CARDS ***
handbik666: raises $1.40 to $2.40
Durabo: folds 
Seavus10: calls $1.40
*** FLOP *** [Ac Qh 8c]
Seavus10: checks 
handbik666: bets $6.04
Seavus10: calls $6.04
*** TURN *** [Ac Qh 8c] [Jd]
Seavus10: checks 
handbik666: bets $22.29
Seavus10: calls $22.29
*** RIVER *** [Ac Qh 8c Jd] [8d]
Seavus10: checks 
handbik666: checks 
*** SHOW DOWN ***
Seavus10: shows [As Th] (two pair, Aces and Eights)
handbik666: mucks hand 
Seavus10 collected $60.96 from pot
*** SUMMARY ***
Total pot $61.96 | Rake $1 
Board [Ac Qh 8c Jd 8d]
Seat 1: Durabo (small blind) folded before Flop
Seat 4: Seavus10 (big blind) showed [As Th] and won ($60.96) with two pair, Aces and Eights
Seat 6: handbik666 (button) mucked



PokerStars Hand #254774489999:  Hold'em No Limit ($0.50/$1.00 USD) - 2025/02/08 23:15:31 WET [2025/02/08 18:15:31 ET]
Table 'Hirundo II' 6-max Seat #1 is the button
Seat 1: Durabo ($101.50 in chips) 
Seat 4: Seavus10 ($134.43 in chips) 
Seat 6: handbik666 ($100 in chips) 
Seavus10: posts small blind $0.50
handbik666: posts big blind $1
*** HOLE CARDS ***
Durabo: folds 
Seavus10: raises $2 to $3
handbik666: calls $2
*** FLOP *** [7c 9h Kc]
Seavus10: checks 
handbik666: bets $2.85
Seavus10: folds 
Uncalled bet ($2.85) returned to handbik666
handbik666 collected $5.70 from pot
handbik666: doesn't show hand 
*** SUMMARY ***
Total pot $6 | Rake $0.30 
Board [7c 9h Kc]
Seat 1: Durabo (button) folded before Flop (didn't bet)
Seat 4: Seavus10 (small blind) folded on the Flop
Seat 6: handbik666 (big blind) collected ($5.70)



PokerStars Hand #254774503390:  Hold'em No Limit ($0.50/$1.00 USD) - 2025/02/08 23:16:21 WET [2025/02/08 18:16:21 ET]
Table 'Hirundo II' 6-max Seat #4 is the button
Seat 1: Durabo ($101.50 in chips) 
Seat 4: Seavus10 ($131.43 in chips) 
Seat 6: handbik666 ($102.70 in chips) 
handbik666: posts small blind $0.50
Durabo: posts big blind $1
*** HOLE CARDS ***
Seavus10: raises $1.50 to $2.50
handbik666: raises $9 to $11.50
Durabo: folds 
Seavus10: folds 
Uncalled bet ($9) returned to handbik666
handbik666 collected $6 from pot
handbik666: doesn't show hand 
*** SUMMARY ***
Total pot $6 | Rake $0 
Seat 1: Durabo (big blind) folded before Flop
Seat 4: Seavus10 (button) folded before Flop
Seat 6: handbik666 (small blind) collected ($6)



PokerStars Hand #254774509637:  Hold'em No Limit ($0.50/$1.00 USD) - 2025/02/08 23:16:44 WET [2025/02/08 18:16:44 ET]
Table 'Hirundo II' 6-max Seat #6 is the button
Seat 1: Durabo ($100.50 in chips) 
Seat 4: Seavus10 ($128.93 in chips) 
Seat 6: handbik666 ($106.20 in chips) 
Durabo: posts small blind $0.50
Seavus10: posts big blind $1
*** HOLE CARDS ***
handbik666: raises $1.40 to $2.40
Durabo: folds 
Seavus10: folds 
Uncalled bet ($1.40) returned to handbik666
handbik666 collected $2.50 from pot
handbik666: doesn't show hand 
*** SUMMARY ***
Total pot $2.50 | Rake $0 
Seat 1: Durabo (small blind) folded before Flop
Seat 4: Seavus10 (big blind) folded before Flop
Seat 6: handbik666 (button) collected ($2.50)



PokerStars Hand #254774515024:  Hold'em No Limit ($0.50/$1.00 USD) - 2025/02/08 23:17:04 WET [2025/02/08 18:17:04 ET]
Table 'Hirundo II' 6-max Seat #4 is the button
Seat 6: handbik666 ($107.70 in chips) is sitting out
Seat 1: Durabo ($100 in chips) 
Seat 4: Seavus10 ($127.93 in chips) 
Seavus10: posts small blind $0.50
handbik666: is sitting out 
Durabo: posts big blind $1
*** HOLE CARDS ***
handbik666 leaves the table
Seavus10: raises $1.50 to $2.50
Durabo: raises $8 to $10.50
Seavus10: calls $8
*** FLOP *** [7h Ad 6d]
Durabo: bets $12.20
Seavus10: folds 
Uncalled bet ($12.20) returned to Durabo
Durabo collected $20 from pot
Durabo: doesn't show hand 
*** SUMMARY ***
Total pot $21 | Rake $1 
Board [7h Ad 6d]
Seat 6: handbik666
Seat 1: Durabo (big blind) collected ($20)
Seat 4: Seavus10 (button) (small blind) folded on the Flop



PokerStars Hand #254774528513:  Hold'em No Limit ($0.50/$1.00 USD) - 2025/02/08 23:17:55 WET [2025/02/08 18:17:55 ET]
Table 'Hirundo II' 6-max Seat #1 is the button
Seat 1: Durabo ($109.50 in chips) 
Seat 4: Seavus10 ($117.43 in chips) 
Durabo: posts small blind $0.50
Seavus10: posts big blind $1
*** HOLE CARDS ***
Durabo: folds 
Uncalled bet ($0.50) returned to Seavus10
Seavus10 collected $1 from pot
Seavus10: doesn't show hand 
*** SUMMARY ***
Total pot $1 | Rake $0 
Seat 1: Durabo (button) (small blind) folded before Flop
Seat 4: Seavus10 (big blind) collected ($1)



