PokerStars Hand #254776615286:  Hold'em No Limit ($0.50/$1.00 USD) - 2025/02/08 1:19:34 WET [2025/02/08 20:19:34 ET]
Table 'Umtata' 6-max Seat #4 is the button
Seat 4: active27 ($100 in chips) 
Seat 5: m0nTTu ($80 in chips) 
Seat 6: nikalas22 ($100 in chips) 
m0nTTu: posts small blind $0.50
nikalas22: posts big blind $1
*** HOLE CARDS ***
active27: raises $1.50 to $2.50
m0nTTu: folds 
nikalas22: folds 
Uncalled bet ($1.50) returned to active27
active27 collected $2.50 from pot
active27: doesn't show hand 
*** SUMMARY ***
Total pot $2.50 | Rake $0 
Seat 4: active27 (button) collected ($2.50)
Seat 5: m0nTTu (small blind) folded before Flop
Seat 6: nikalas22 (big blind) folded before Flop



PokerStars Hand #254776620335:  Hold'em No Limit ($0.50/$1.00 USD) - 2025/02/08 1:20:02 WET [2025/02/08 20:20:02 ET]
Table 'Umtata' 6-max Seat #5 is the button
Seat 4: active27 ($101.50 in chips) 
Seat 5: m0nTTu ($100 in chips) 
Seat 6: nikalas22 ($100 in chips) 
nikalas22: posts small blind $0.50
active27: posts big blind $1
*** HOLE CARDS ***
m0nTTu: raises $1.50 to $2.50
nikalas22: folds 
active27: folds 
Uncalled bet ($1.50) returned to m0nTTu
m0nTTu collected $2.50 from pot
m0nTTu: doesn't show hand 
*** SUMMARY ***
Total pot $2.50 | Rake $0 
Seat 4: active27 (big blind) folded before Flop
Seat 5: m0nTTu (button) collected ($2.50)
Seat 6: nikalas22 (small blind) folded before Flop



PokerStars Hand #254776622076:  Hold'em No Limit ($0.50/$1.00 USD) - 2025/02/08 1:20:11 WET [2025/02/08 20:20:11 ET]
Table 'Umtata' 6-max Seat #6 is the button
Seat 4: active27 ($100.50 in chips) 
Seat 5: m0nTTu ($101.50 in chips) 
Seat 6: nikalas22 ($100 in chips) 
active27: posts small blind $0.50
m0nTTu: posts big blind $1
*** HOLE CARDS ***
nikalas22: raises $1.20 to $2.20
active27: raises $5.40 to $7.60
m0nTTu: folds 
nikalas22: folds 
Uncalled bet ($5.40) returned to active27
active27 collected $5.40 from pot
active27: doesn't show hand 
*** SUMMARY ***
Total pot $5.40 | Rake $0 
Seat 4: active27 (small blind) collected ($5.40)
Seat 5: m0nTTu (big blind) folded before Flop
Seat 6: nikalas22 (button) folded before Flop



PokerStars Hand #254776624707:  Hold'em No Limit ($0.50/$1.00 USD) - 2025/02/08 1:20:26 WET [2025/02/08 20:20:26 ET]
Table 'Umtata' 6-max Seat #4 is the button
Seat 4: active27 ($103.70 in chips) 
Seat 5: m0nTTu ($100.50 in chips) 
Seat 6: nikalas22 ($100 in chips) 
m0nTTu: posts small blind $0.50
nikalas22: posts big blind $1
*** HOLE CARDS ***
active27: raises $1.50 to $2.50
m0nTTu: folds 
nikalas22: folds 
Uncalled bet ($1.50) returned to active27
active27 collected $2.50 from pot
active27: doesn't show hand 
*** SUMMARY ***
Total pot $2.50 | Rake $0 
Seat 4: active27 (button) collected ($2.50)
Seat 5: m0nTTu (small blind) folded before Flop
Seat 6: nikalas22 (big blind) folded before Flop



PokerStars Hand #254776627416:  Hold'em No Limit ($0.50/$1.00 USD) - 2025/02/08 1:20:40 WET [2025/02/08 20:20:40 ET]
Table 'Umtata' 6-max Seat #5 is the button
Seat 4: active27 ($105.20 in chips) 
Seat 5: m0nTTu ($100 in chips) 
Seat 6: nikalas22 ($100 in chips) 
nikalas22: posts small blind $0.50
active27: posts big blind $1
*** HOLE CARDS ***
m0nTTu: raises $1.50 to $2.50
nikalas22: folds 
active27: folds 
Uncalled bet ($1.50) returned to m0nTTu
m0nTTu collected $2.50 from pot
m0nTTu: doesn't show hand 
*** SUMMARY ***
Total pot $2.50 | Rake $0 
Seat 4: active27 (big blind) folded before Flop
Seat 5: m0nTTu (button) collected ($2.50)
Seat 6: nikalas22 (small blind) folded before Flop



PokerStars Hand #254776630400:  Hold'em No Limit ($0.50/$1.00 USD) - 2025/02/08 1:20:57 WET [2025/02/08 20:20:57 ET]
Table 'Umtata' 6-max Seat #4 is the button
Seat 5: m0nTTu ($101.50 in chips) is sitting out
Seat 4: active27 ($104.20 in chips) 
Seat 6: nikalas22 ($100 in chips) 
active27: posts small blind $0.50
m0nTTu: is sitting out 
nikalas22: posts big blind $1
*** HOLE CARDS ***
active27: raises $1.50 to $2.50
m0nTTu leaves the table
nikalas22: folds 
Uncalled bet ($1.50) returned to active27
active27 collected $2 from pot
active27: doesn't show hand 
*** SUMMARY ***
Total pot $2 | Rake $0 
Seat 5: m0nTTu
Seat 4: active27 (button) (small blind) collected ($2)
Seat 6: nikalas22 (big blind) folded before Flop



PokerStars Hand #254776632301:  Hold'em No Limit ($0.50/$1.00 USD) - 2025/02/08 1:21:07 WET [2025/02/08 20:21:07 ET]
Table 'Umtata' 6-max Seat #6 is the button
Seat 4: active27 ($105.20 in chips) 
Seat 6: nikalas22 ($100 in chips) 
nikalas22: posts small blind $0.50
active27: posts big blind $1
*** HOLE CARDS ***
nikalas22: raises $1.20 to $2.20
active27: folds 
Uncalled bet ($1.20) returned to nikalas22
nikalas22 collected $2 from pot
nikalas22: doesn't show hand 
*** SUMMARY ***
Total pot $2 | Rake $0 
Seat 4: active27 (big blind) folded before Flop
Seat 6: nikalas22 (button) (small blind) collected ($2)



PokerStars Hand #254776661025:  Hold'em No Limit ($0.50/$1.00 USD) - 2025/02/08 1:23:46 WET [2025/02/08 20:23:46 ET]
Table 'Umtata' 6-max Seat #1 is the button
Seat 1: bogarthump ($100 in chips) 
Seat 2: pr0tecto ($100 in chips) 
Seat 4: Manifestorr ($100 in chips) 
Seat 6: nikalas22 ($101 in chips) 
pr0tecto: posts small blind $0.50
Manifestorr: posts big blind $1
*** HOLE CARDS ***
nikalas22: folds 
bogarthump: raises $1 to $2
pr0tecto: folds 
Manifestorr: folds 
Uncalled bet ($1) returned to bogarthump
bogarthump collected $2.50 from pot
bogarthump: doesn't show hand 
*** SUMMARY ***
Total pot $2.50 | Rake $0 
Seat 1: bogarthump (button) collected ($2.50)
Seat 2: pr0tecto (small blind) folded before Flop
Seat 4: Manifestorr (big blind) folded before Flop
Seat 6: nikalas22 folded before Flop (didn't bet)



PokerStars Hand #254776663575:  Hold'em No Limit ($0.50/$1.00 USD) - 2025/02/08 1:24:00 WET [2025/02/08 20:24:00 ET]
Table 'Umtata' 6-max Seat #2 is the button
Seat 1: bogarthump ($101.50 in chips) 
Seat 2: pr0tecto ($99.50 in chips) 
Seat 4: Manifestorr ($100 in chips) 
Seat 6: nikalas22 ($101 in chips) 
Manifestorr: posts small blind $0.50
nikalas22: posts big blind $1
*** HOLE CARDS ***
bogarthump: raises $1 to $2
pr0tecto: folds 
Manifestorr: folds 
nikalas22: folds 
Uncalled bet ($1) returned to bogarthump
bogarthump collected $2.50 from pot
bogarthump: doesn't show hand 
*** SUMMARY ***
Total pot $2.50 | Rake $0 
Seat 1: bogarthump collected ($2.50)
Seat 2: pr0tecto (button) folded before Flop (didn't bet)
Seat 4: Manifestorr (small blind) folded before Flop
Seat 6: nikalas22 (big blind) folded before Flop



PokerStars Hand #254776666938:  Hold'em No Limit ($0.50/$1.00 USD) - 2025/02/08 1:24:18 WET [2025/02/08 20:24:18 ET]
Table 'Umtata' 6-max Seat #4 is the button
Seat 1: bogarthump ($103 in chips) 
Seat 2: pr0tecto ($99.50 in chips) 
Seat 4: Manifestorr ($100 in chips) 
Seat 6: nikalas22 ($100 in chips) 
nikalas22: posts small blind $0.50
bogarthump: posts big blind $1
*** HOLE CARDS ***
pr0tecto: raises $1.20 to $2.20
Manifestorr: folds 
nikalas22: folds 
bogarthump: raises $1.80 to $4
pr0tecto: calls $1.80
*** FLOP *** [5c 5d 7h]
bogarthump: checks 
pr0tecto: bets $2.67
bogarthump: calls $2.67
*** TURN *** [5c 5d 7h] [5h]
bogarthump: checks 
pr0tecto: bets $9.86
bogarthump: calls $9.86
*** RIVER *** [5c 5d 7h 5h] [9h]
bogarthump: checks 
pr0tecto: checks 
*** SHOW DOWN ***
bogarthump: shows [Qc Qs] (a full house, Fives full of Queens)
pr0tecto: mucks hand 
bogarthump collected $32.56 from pot
*** SUMMARY ***
Total pot $33.56 | Rake $1 
Board [5c 5d 7h 5h 9h]
Seat 1: bogarthump (big blind) showed [Qc Qs] and won ($32.56) with a full house, Fives full of Queens
Seat 2: pr0tecto mucked
Seat 4: Manifestorr (button) folded before Flop (didn't bet)
Seat 6: nikalas22 (small blind) folded before Flop



PokerStars Hand #254776674673:  Hold'em No Limit ($0.50/$1.00 USD) - 2025/02/08 1:25:01 WET [2025/02/08 20:25:01 ET]
Table 'Umtata' 6-max Seat #6 is the button
Seat 1: bogarthump ($119.03 in chips) 
Seat 2: pr0tecto ($100 in chips) 
Seat 4: Manifestorr ($100 in chips) 
Seat 6: nikalas22 ($100 in chips) 
bogarthump: posts small blind $0.50
pr0tecto: posts big blind $1
*** HOLE CARDS ***
Manifestorr: raises $1.20 to $2.20
nikalas22: folds 
bogarthump: folds 
pr0tecto: folds 
Uncalled bet ($1.20) returned to Manifestorr
Manifestorr collected $2.50 from pot
*** SUMMARY ***
Total pot $2.50 | Rake $0 
Seat 1: bogarthump (small blind) folded before Flop
Seat 2: pr0tecto (big blind) folded before Flop
Seat 4: Manifestorr collected ($2.50)
Seat 6: nikalas22 (button) folded before Flop (didn't bet)



PokerStars Hand #254776677070:  Hold'em No Limit ($0.50/$1.00 USD) - 2025/02/08 1:25:14 WET [2025/02/08 20:25:14 ET]
Table 'Umtata' 6-max Seat #1 is the button
Seat 1: bogarthump ($118.53 in chips) 
Seat 2: pr0tecto ($99 in chips) 
Seat 4: Manifestorr ($101.50 in chips) 
Seat 6: nikalas22 ($100 in chips) 
pr0tecto: posts small blind $0.50
Manifestorr: posts big blind $1
*** HOLE CARDS ***
nikalas22: raises $1.20 to $2.20
bogarthump: folds 
pr0tecto: folds 
Manifestorr: folds 
Uncalled bet ($1.20) returned to nikalas22
nikalas22 collected $2.50 from pot
nikalas22: doesn't show hand 
*** SUMMARY ***
Total pot $2.50 | Rake $0 
Seat 1: bogarthump (button) folded before Flop (didn't bet)
Seat 2: pr0tecto (small blind) folded before Flop
Seat 4: Manifestorr (big blind) folded before Flop
Seat 6: nikalas22 collected ($2.50)



PokerStars Hand #254776679835:  Hold'em No Limit ($0.50/$1.00 USD) - 2025/02/08 1:25:29 WET [2025/02/08 20:25:29 ET]
Table 'Umtata' 6-max Seat #2 is the button
Seat 1: bogarthump ($118.53 in chips) 
Seat 2: pr0tecto ($100 in chips) 
Seat 4: Manifestorr ($100.50 in chips) 
Seat 6: nikalas22 ($101.50 in chips) 
Manifestorr: posts small blind $0.50
nikalas22: posts big blind $1
*** HOLE CARDS ***
bogarthump: folds 
pr0tecto: raises $2 to $3
Manifestorr: folds 
nikalas22: folds 
Uncalled bet ($2) returned to pr0tecto
pr0tecto collected $2.50 from pot
pr0tecto: doesn't show hand 
*** SUMMARY ***
Total pot $2.50 | Rake $0 
Seat 1: bogarthump folded before Flop (didn't bet)
Seat 2: pr0tecto (button) collected ($2.50)
Seat 4: Manifestorr (small blind) folded before Flop
Seat 6: nikalas22 (big blind) folded before Flop



PokerStars Hand #254776682537:  Hold'em No Limit ($0.50/$1.00 USD) - 2025/02/08 1:25:43 WET [2025/02/08 20:25:43 ET]
Table 'Umtata' 6-max Seat #4 is the button
Seat 1: bogarthump ($118.53 in chips) 
Seat 2: pr0tecto ($101.50 in chips) 
Seat 4: Manifestorr ($100 in chips) 
Seat 6: nikalas22 ($100.50 in chips) 
nikalas22: posts small blind $0.50
bogarthump: posts big blind $1
*** HOLE CARDS ***
pr0tecto: folds 
Manifestorr: folds 
nikalas22: folds 
Uncalled bet ($0.50) returned to bogarthump
bogarthump collected $1 from pot
bogarthump: doesn't show hand 
*** SUMMARY ***
Total pot $1 | Rake $0 
Seat 1: bogarthump (big blind) collected ($1)
Seat 2: pr0tecto folded before Flop (didn't bet)
Seat 4: Manifestorr (button) folded before Flop (didn't bet)
Seat 6: nikalas22 (small blind) folded before Flop



PokerStars Hand #254776684118:  Hold'em No Limit ($0.50/$1.00 USD) - 2025/02/08 1:25:52 WET [2025/02/08 20:25:52 ET]
Table 'Umtata' 6-max Seat #6 is the button
Seat 1: bogarthump ($119.03 in chips) 
Seat 2: pr0tecto ($101.50 in chips) 
Seat 4: Manifestorr ($100 in chips) 
Seat 6: nikalas22 ($100 in chips) 
bogarthump: posts small blind $0.50
pr0tecto: posts big blind $1
*** HOLE CARDS ***
Manifestorr: folds 
nikalas22: raises $1.20 to $2.20
bogarthump: calls $1.70
pr0tecto: folds 
*** FLOP *** [8h Jd 7c]
bogarthump: checks 
nikalas22: checks 
*** TURN *** [8h Jd 7c] [Tc]
bogarthump: bets $2
nikalas22: calls $2
*** RIVER *** [8h Jd 7c Tc] [8s]
bogarthump: checks 
nikalas22: bets $6.70
bogarthump: folds 
Uncalled bet ($6.70) returned to nikalas22
nikalas22 collected $8.93 from pot
nikalas22: doesn't show hand 
*** SUMMARY ***
Total pot $9.40 | Rake $0.47 
Board [8h Jd 7c Tc 8s]
Seat 1: bogarthump (small blind) folded on the River
Seat 2: pr0tecto (big blind) folded before Flop
Seat 4: Manifestorr folded before Flop (didn't bet)
Seat 6: nikalas22 (button) collected ($8.93)



PokerStars Hand #254776693869:  Hold'em No Limit ($0.50/$1.00 USD) - 2025/02/08 1:26:45 WET [2025/02/08 20:26:45 ET]
Table 'Umtata' 6-max Seat #1 is the button
Seat 4: Manifestorr ($100 in chips) is sitting out
Seat 1: bogarthump ($114.83 in chips) 
Seat 2: pr0tecto ($100.50 in chips) 
Seat 6: nikalas22 ($104.73 in chips) 
pr0tecto: posts small blind $0.50
Manifestorr: is sitting out 
nikalas22: posts big blind $1
*** HOLE CARDS ***
Manifestorr leaves the table
bogarthump: folds 
pr0tecto: folds 
Uncalled bet ($0.50) returned to nikalas22
nikalas22 collected $1 from pot
nikalas22: doesn't show hand 
*** SUMMARY ***
Total pot $1 | Rake $0 
Seat 4: Manifestorr
Seat 1: bogarthump (button) folded before Flop (didn't bet)
Seat 2: pr0tecto (small blind) folded before Flop
Seat 6: nikalas22 (big blind) collected ($1)



PokerStars Hand #254776696348:  Hold'em No Limit ($0.50/$1.00 USD) - 2025/02/08 1:26:58 WET [2025/02/08 20:26:58 ET]
Table 'Umtata' 6-max Seat #6 is the button
Seat 1: bogarthump ($114.83 in chips) is sitting out
Seat 2: pr0tecto ($100 in chips) 
Seat 6: nikalas22 ($105.23 in chips) 
nikalas22: posts small blind $0.50
pr0tecto: posts big blind $1
*** HOLE CARDS ***
nikalas22: folds 
Uncalled bet ($0.50) returned to pr0tecto
pr0tecto collected $1 from pot
pr0tecto: doesn't show hand 
bogarthump leaves the table
*** SUMMARY ***
Total pot $1 | Rake $0 
Seat 1: bogarthump
Seat 2: pr0tecto (big blind) collected ($1)
Seat 6: nikalas22 (button) (small blind) folded before Flop



PokerStars Hand #254776697617:  Hold'em No Limit ($0.50/$1.00 USD) - 2025/02/08 1:27:05 WET [2025/02/08 20:27:05 ET]
Table 'Umtata' 6-max Seat #2 is the button
Seat 2: pr0tecto ($100.50 in chips) 
Seat 6: nikalas22 ($104.73 in chips) 
pr0tecto: posts small blind $0.50
nikalas22: posts big blind $1
*** HOLE CARDS ***
pr0tecto: raises $1.24 to $2.24
nikalas22: raises $7.76 to $10
pr0tecto: folds 
Uncalled bet ($7.76) returned to nikalas22
nikalas22 collected $4.48 from pot
nikalas22: doesn't show hand 
*** SUMMARY ***
Total pot $4.48 | Rake $0 
Seat 2: pr0tecto (button) (small blind) folded before Flop
Seat 6: nikalas22 (big blind) collected ($4.48)



