PokerStars Hand #254762595517:  Hold'em No Limit ($0.50/$1.00 USD) - 2025/02/08 8:22:23 WET [2025/02/08 3:22:23 ET]
Table 'Algenib II' 6-max Seat #2 is the button
Seat 1: antey89 ($100 in chips) 
Seat 2: 3EPH ($101.78 in chips) 
Seat 3: CaHek-Ty3 ($100 in chips) 
Seat 4: Emily_GetMan ($100 in chips) 
Seat 5: Rares798 ($38 in chips) 
Seat 6: app1e_j@ck ($101.50 in chips) 
CaHek-Ty3: posts small blind $0.50
Emily_GetMan: posts big blind $1
*** HOLE CARDS ***
Rares798: folds 
app1e_j@ck: raises $1.50 to $2.50
antey89: folds 
3EPH: folds 
CaHek-Ty3: folds 
Emily_GetMan: folds 
Uncalled bet ($1.50) returned to app1e_j@ck
app1e_j@ck collected $2.50 from pot
app1e_j@ck: doesn't show hand 
*** SUMMARY ***
Total pot $2.50 | Rake $0 
Seat 1: antey89 folded before Flop (didn't bet)
Seat 2: 3EPH (button) folded before Flop (didn't bet)
Seat 3: CaHek-Ty3 (small blind) folded before Flop
Seat 4: Emily_GetMan (big blind) folded before Flop
Seat 5: Rares798 folded before Flop (didn't bet)
Seat 6: app1e_j@ck collected ($2.50)



PokerStars Hand #254762597034:  Hold'em No Limit ($0.50/$1.00 USD) - 2025/02/08 8:22:39 WET [2025/02/08 3:22:39 ET]
Table 'Algenib II' 6-max Seat #3 is the button
Seat 1: antey89 ($100 in chips) 
Seat 2: 3EPH ($101.78 in chips) 
Seat 3: CaHek-Ty3 ($100 in chips) 
Seat 4: Emily_GetMan ($100 in chips) 
Seat 5: Rares798 ($38 in chips) 
Seat 6: app1e_j@ck ($103 in chips) 
Emily_GetMan: posts small blind $0.50
Rares798: posts big blind $1
*** HOLE CARDS ***
app1e_j@ck: folds 
antey89: folds 
3EPH: folds 
CaHek-Ty3: raises $1.50 to $2.50
Emily_GetMan: folds 
Rares798: calls $1.50
*** FLOP *** [Td 5d 8h]
Rares798: checks 
CaHek-Ty3: bets $1.72
Rares798: folds 
Uncalled bet ($1.72) returned to CaHek-Ty3
CaHek-Ty3 collected $5.22 from pot
*** SUMMARY ***
Total pot $5.50 | Rake $0.28 
Board [Td 5d 8h]
Seat 1: antey89 folded before Flop (didn't bet)
Seat 2: 3EPH folded before Flop (didn't bet)
Seat 3: CaHek-Ty3 (button) collected ($5.22)
Seat 4: Emily_GetMan (small blind) folded before Flop
Seat 5: Rares798 (big blind) folded on the Flop
Seat 6: app1e_j@ck folded before Flop (didn't bet)



PokerStars Hand #254762599895:  Hold'em No Limit ($0.50/$1.00 USD) - 2025/02/08 8:23:09 WET [2025/02/08 3:23:09 ET]
Table 'Algenib II' 6-max Seat #4 is the button
Seat 1: antey89 ($100 in chips) 
Seat 2: 3EPH ($101.78 in chips) 
Seat 3: CaHek-Ty3 ($102.72 in chips) 
Seat 4: Emily_GetMan ($100 in chips) 
Seat 5: Rares798 ($35.50 in chips) 
Seat 6: app1e_j@ck ($103 in chips) 
Rares798: posts small blind $0.50
app1e_j@ck: posts big blind $1
*** HOLE CARDS ***
antey89: folds 
3EPH: folds 
CaHek-Ty3: folds 
Emily_GetMan: folds 
Rares798: calls $0.50
app1e_j@ck: checks 
*** FLOP *** [4h Ks Jd]
Rares798: checks 
app1e_j@ck: checks 
*** TURN *** [4h Ks Jd] [2c]
Rares798: checks 
app1e_j@ck: checks 
*** RIVER *** [4h Ks Jd 2c] [Kc]
Rares798: checks 
app1e_j@ck: bets $1.25
Rares798: calls $1.25
*** SHOW DOWN ***
app1e_j@ck: shows [9c 6c] (a pair of Kings)
Rares798: shows [Ac 7s] (a pair of Kings - Ace kicker)
Rares798 collected $4.28 from pot
*** SUMMARY ***
Total pot $4.50 | Rake $0.22 
Board [4h Ks Jd 2c Kc]
Seat 1: antey89 folded before Flop (didn't bet)
Seat 2: 3EPH folded before Flop (didn't bet)
Seat 3: CaHek-Ty3 folded before Flop (didn't bet)
Seat 4: Emily_GetMan (button) folded before Flop (didn't bet)
Seat 5: Rares798 (small blind) showed [Ac 7s] and won ($4.28) with a pair of Kings
Seat 6: app1e_j@ck (big blind) showed [9c 6c] and lost with a pair of Kings



PokerStars Hand #254762602658:  Hold'em No Limit ($0.50/$1.00 USD) - 2025/02/08 8:23:39 WET [2025/02/08 3:23:39 ET]
Table 'Algenib II' 6-max Seat #5 is the button
Seat 1: antey89 ($100 in chips) 
Seat 2: 3EPH ($101.78 in chips) 
Seat 3: CaHek-Ty3 ($102.72 in chips) 
Seat 4: Emily_GetMan ($100 in chips) 
Seat 5: Rares798 ($37.53 in chips) 
Seat 6: app1e_j@ck ($100.75 in chips) 
app1e_j@ck: posts small blind $0.50
antey89: posts big blind $1
*** HOLE CARDS ***
3EPH: folds 
CaHek-Ty3: folds 
Emily_GetMan: folds 
Rares798: calls $1
app1e_j@ck: folds 
antey89: raises $3 to $4
Rares798: calls $3
*** FLOP *** [8d 6d 2s]
antey89: bets $2.67
Rares798: calls $2.67
*** TURN *** [8d 6d 2s] [Qh]
antey89: checks 
Rares798: checks 
*** RIVER *** [8d 6d 2s Qh] [Kd]
antey89: checks 
Rares798: bets $13.15
antey89: folds 
Uncalled bet ($13.15) returned to Rares798
Rares798 collected $13.15 from pot
*** SUMMARY ***
Total pot $13.84 | Rake $0.69 
Board [8d 6d 2s Qh Kd]
Seat 1: antey89 (big blind) folded on the River
Seat 2: 3EPH folded before Flop (didn't bet)
Seat 3: CaHek-Ty3 folded before Flop (didn't bet)
Seat 4: Emily_GetMan folded before Flop (didn't bet)
Seat 5: Rares798 (button) collected ($13.15)
Seat 6: app1e_j@ck (small blind) folded before Flop



PokerStars Hand #254762610129:  Hold'em No Limit ($0.50/$1.00 USD) - 2025/02/08 8:24:59 WET [2025/02/08 3:24:59 ET]
Table 'Algenib II' 6-max Seat #6 is the button
Seat 1: antey89 ($100 in chips) 
Seat 2: 3EPH ($101.78 in chips) 
Seat 3: CaHek-Ty3 ($102.72 in chips) 
Seat 4: Emily_GetMan ($100 in chips) 
Seat 5: Rares798 ($44.01 in chips) 
Seat 6: app1e_j@ck ($100.25 in chips) 
antey89: posts small blind $0.50
3EPH: posts big blind $1
*** HOLE CARDS ***
CaHek-Ty3: folds 
Emily_GetMan: folds 
Rares798: folds 
app1e_j@ck: folds 
antey89: raises $2 to $3
3EPH: folds 
Uncalled bet ($2) returned to antey89
antey89 collected $2 from pot
antey89: doesn't show hand 
*** SUMMARY ***
Total pot $2 | Rake $0 
Seat 1: antey89 (small blind) collected ($2)
Seat 2: 3EPH (big blind) folded before Flop
Seat 3: CaHek-Ty3 folded before Flop (didn't bet)
Seat 4: Emily_GetMan folded before Flop (didn't bet)
Seat 5: Rares798 folded before Flop (didn't bet)
Seat 6: app1e_j@ck (button) folded before Flop (didn't bet)



PokerStars Hand #254762612333:  Hold'em No Limit ($0.50/$1.00 USD) - 2025/02/08 8:25:23 WET [2025/02/08 3:25:23 ET]
Table 'Algenib II' 6-max Seat #1 is the button
Seat 1: antey89 ($101 in chips) 
Seat 2: 3EPH ($100.78 in chips) 
Seat 3: CaHek-Ty3 ($102.72 in chips) 
Seat 4: Emily_GetMan ($100 in chips) 
Seat 5: Rares798 ($44.01 in chips) 
Seat 6: app1e_j@ck ($100.25 in chips) 
3EPH: posts small blind $0.50
CaHek-Ty3: posts big blind $1
*** HOLE CARDS ***
Emily_GetMan: folds 
Rares798: folds 
app1e_j@ck: folds 
antey89: folds 
3EPH: folds 
Uncalled bet ($0.50) returned to CaHek-Ty3
CaHek-Ty3 collected $1 from pot
*** SUMMARY ***
Total pot $1 | Rake $0 
Seat 1: antey89 (button) folded before Flop (didn't bet)
Seat 2: 3EPH (small blind) folded before Flop
Seat 3: CaHek-Ty3 (big blind) collected ($1)
Seat 4: Emily_GetMan folded before Flop (didn't bet)
Seat 5: Rares798 folded before Flop (didn't bet)
Seat 6: app1e_j@ck folded before Flop (didn't bet)



PokerStars Hand #254762613771:  Hold'em No Limit ($0.50/$1.00 USD) - 2025/02/08 8:25:39 WET [2025/02/08 3:25:39 ET]
Table 'Algenib II' 6-max Seat #2 is the button
Seat 1: antey89 ($101 in chips) 
Seat 2: 3EPH ($100.28 in chips) 
Seat 3: CaHek-Ty3 ($103.22 in chips) 
Seat 4: Emily_GetMan ($100 in chips) 
Seat 5: Rares798 ($44.01 in chips) 
Seat 6: app1e_j@ck ($100.25 in chips) 
CaHek-Ty3: posts small blind $0.50
Emily_GetMan: posts big blind $1
*** HOLE CARDS ***
Rares798: calls $1
app1e_j@ck: folds 
antey89: raises $3 to $4
3EPH: folds 
CaHek-Ty3: folds 
Emily_GetMan: calls $3
Rares798: folds 
*** FLOP *** [5s 7c 8s]
Emily_GetMan: checks 
antey89: checks 
*** TURN *** [5s 7c 8s] [9c]
Emily_GetMan: bets $5.95
antey89: calls $5.95
*** RIVER *** [5s 7c 8s 9c] [8d]
Emily_GetMan: bets $30.50
antey89: folds 
Uncalled bet ($30.50) returned to Emily_GetMan
Emily_GetMan collected $20.33 from pot
Emily_GetMan: doesn't show hand 
*** SUMMARY ***
Total pot $21.40 | Rake $1.07 
Board [5s 7c 8s 9c 8d]
Seat 1: antey89 folded on the River
Seat 2: 3EPH (button) folded before Flop (didn't bet)
Seat 3: CaHek-Ty3 (small blind) folded before Flop
Seat 4: Emily_GetMan (big blind) collected ($20.33)
Seat 5: Rares798 folded before Flop
Seat 6: app1e_j@ck folded before Flop (didn't bet)



PokerStars Hand #254762619626:  Hold'em No Limit ($0.50/$1.00 USD) - 2025/02/08 8:26:42 WET [2025/02/08 3:26:42 ET]
Table 'Algenib II' 6-max Seat #3 is the button
Seat 1: antey89 ($100 in chips) 
Seat 2: 3EPH ($100.28 in chips) 
Seat 3: CaHek-Ty3 ($102.72 in chips) 
Seat 4: Emily_GetMan ($110.38 in chips) 
Seat 5: Rares798 ($43.01 in chips) 
Seat 6: app1e_j@ck ($100.25 in chips) 
Emily_GetMan: posts small blind $0.50
Rares798: posts big blind $1
*** HOLE CARDS ***
app1e_j@ck: folds 
antey89: folds 
3EPH: folds 
CaHek-Ty3: raises $1.50 to $2.50
Emily_GetMan: folds 
Rares798: calls $1.50
*** FLOP *** [8s 8h 9h]
Rares798: checks 
CaHek-Ty3: bets $1.72
Rares798: calls $1.72
*** TURN *** [8s 8h 9h] [7s]
Rares798: checks 
CaHek-Ty3: bets $2.80
Rares798: calls $2.80
*** RIVER *** [8s 8h 9h 7s] [8d]
Rares798: checks 
CaHek-Ty3: checks 
*** SHOW DOWN ***
Rares798: shows [Kc Kd] (a full house, Eights full of Kings)
CaHek-Ty3: mucks hand 
Rares798 collected $13.81 from pot
*** SUMMARY ***
Total pot $14.54 | Rake $0.73 
Board [8s 8h 9h 7s 8d]
Seat 1: antey89 folded before Flop (didn't bet)
Seat 2: 3EPH folded before Flop (didn't bet)
Seat 3: CaHek-Ty3 (button) mucked
Seat 4: Emily_GetMan (small blind) folded before Flop
Seat 5: Rares798 (big blind) showed [Kc Kd] and won ($13.81) with a full house, Eights full of Kings
Seat 6: app1e_j@ck folded before Flop (didn't bet)



PokerStars Hand #254762626110:  Hold'em No Limit ($0.50/$1.00 USD) - 2025/02/08 8:27:54 WET [2025/02/08 3:27:54 ET]
Table 'Algenib II' 6-max Seat #4 is the button
Seat 1: antey89 ($100 in chips) 
Seat 2: 3EPH ($100.28 in chips) 
Seat 3: CaHek-Ty3 ($100 in chips) 
Seat 4: Emily_GetMan ($109.88 in chips) 
Seat 5: Rares798 ($49.80 in chips) 
Seat 6: app1e_j@ck ($100.25 in chips) 
Rares798: posts small blind $0.50
app1e_j@ck: posts big blind $1
*** HOLE CARDS ***
antey89: folds 
3EPH: folds 
CaHek-Ty3: folds 
Emily_GetMan: folds 
Rares798: calls $0.50
app1e_j@ck: checks 
*** FLOP *** [8s 7h Ac]
Rares798: checks 
app1e_j@ck: checks 
*** TURN *** [8s 7h Ac] [Qh]
Rares798: bets $1
app1e_j@ck: calls $1
*** RIVER *** [8s 7h Ac Qh] [Js]
Rares798: checks 
app1e_j@ck: checks 
*** SHOW DOWN ***
Rares798: shows [As Ah] (three of a kind, Aces)
app1e_j@ck: mucks hand 
Rares798 collected $3.80 from pot
*** SUMMARY ***
Total pot $4 | Rake $0.20 
Board [8s 7h Ac Qh Js]
Seat 1: antey89 folded before Flop (didn't bet)
Seat 2: 3EPH folded before Flop (didn't bet)
Seat 3: CaHek-Ty3 folded before Flop (didn't bet)
Seat 4: Emily_GetMan (button) folded before Flop (didn't bet)
Seat 5: Rares798 (small blind) showed [As Ah] and won ($3.80) with three of a kind, Aces
Seat 6: app1e_j@ck (big blind) mucked



PokerStars Hand #254762629453:  Hold'em No Limit ($0.50/$1.00 USD) - 2025/02/08 8:28:31 WET [2025/02/08 3:28:31 ET]
Table 'Algenib II' 6-max Seat #5 is the button
Seat 1: antey89 ($100 in chips) 
Seat 2: 3EPH ($100.28 in chips) 
Seat 3: CaHek-Ty3 ($100 in chips) 
Seat 4: Emily_GetMan ($109.88 in chips) 
Seat 5: Rares798 ($51.60 in chips) 
Seat 6: app1e_j@ck ($100 in chips) 
app1e_j@ck: posts small blind $0.50
antey89: posts big blind $1
*** HOLE CARDS ***
3EPH: folds 
CaHek-Ty3: folds 
Emily_GetMan: raises $1 to $2
Rares798: calls $2
app1e_j@ck: folds 
antey89: folds 
*** FLOP *** [7d 3c 4s]
Emily_GetMan: bets $1.72
Rares798: calls $1.72
*** TURN *** [7d 3c 4s] [Qs]
Emily_GetMan: bets $5.60
Rares798: folds 
Uncalled bet ($5.60) returned to Emily_GetMan
Emily_GetMan collected $8.49 from pot
Emily_GetMan: doesn't show hand 
*** SUMMARY ***
Total pot $8.94 | Rake $0.45 
Board [7d 3c 4s Qs]
Seat 1: antey89 (big blind) folded before Flop
Seat 2: 3EPH folded before Flop (didn't bet)
Seat 3: CaHek-Ty3 folded before Flop (didn't bet)
Seat 4: Emily_GetMan collected ($8.49)
Seat 5: Rares798 (button) folded on the Turn
Seat 6: app1e_j@ck (small blind) folded before Flop



PokerStars Hand #254762631791:  Hold'em No Limit ($0.50/$1.00 USD) - 2025/02/08 8:28:56 WET [2025/02/08 3:28:56 ET]
Table 'Algenib II' 6-max Seat #6 is the button
Seat 1: antey89 ($100 in chips) 
Seat 2: 3EPH ($100.28 in chips) 
Seat 3: CaHek-Ty3 ($100 in chips) 
Seat 4: Emily_GetMan ($114.65 in chips) 
Seat 5: Rares798 ($47.88 in chips) 
Seat 6: app1e_j@ck ($100 in chips) 
antey89: posts small blind $0.50
3EPH: posts big blind $1
*** HOLE CARDS ***
CaHek-Ty3: folds 
Emily_GetMan: folds 
Rares798: raises $1 to $2
app1e_j@ck: folds 
antey89: folds 
3EPH: folds 
Uncalled bet ($1) returned to Rares798
Rares798 collected $2.50 from pot
*** SUMMARY ***
Total pot $2.50 | Rake $0 
Seat 1: antey89 (small blind) folded before Flop
Seat 2: 3EPH (big blind) folded before Flop
Seat 3: CaHek-Ty3 folded before Flop (didn't bet)
Seat 4: Emily_GetMan folded before Flop (didn't bet)
Seat 5: Rares798 collected ($2.50)
Seat 6: app1e_j@ck (button) folded before Flop (didn't bet)



PokerStars Hand #254762634249:  Hold'em No Limit ($0.50/$1.00 USD) - 2025/02/08 8:29:24 WET [2025/02/08 3:29:24 ET]
Table 'Algenib II' 6-max Seat #1 is the button
Seat 1: antey89 ($100 in chips) 
Seat 2: 3EPH ($100 in chips) 
Seat 3: CaHek-Ty3 ($100 in chips) 
Seat 4: Emily_GetMan ($114.65 in chips) 
Seat 5: Rares798 ($49.38 in chips) 
Seat 6: app1e_j@ck ($100 in chips) 
3EPH: posts small blind $0.50
CaHek-Ty3: posts big blind $1
*** HOLE CARDS ***
Emily_GetMan: folds 
Rares798: folds 
app1e_j@ck: folds 
antey89: raises $1.50 to $2.50
3EPH: folds 
CaHek-Ty3: calls $1.50
*** FLOP *** [Jd 4d Qh]
CaHek-Ty3: checks 
antey89: bets $3.92
CaHek-Ty3: folds 
Uncalled bet ($3.92) returned to antey89
antey89 collected $5.22 from pot
antey89: doesn't show hand 
*** SUMMARY ***
Total pot $5.50 | Rake $0.28 
Board [Jd 4d Qh]
Seat 1: antey89 (button) collected ($5.22)
Seat 2: 3EPH (small blind) folded before Flop
Seat 3: CaHek-Ty3 (big blind) folded on the Flop
Seat 4: Emily_GetMan folded before Flop (didn't bet)
Seat 5: Rares798 folded before Flop (didn't bet)
Seat 6: app1e_j@ck folded before Flop (didn't bet)



PokerStars Hand #254762639230:  Hold'em No Limit ($0.50/$1.00 USD) - 2025/02/08 8:30:19 WET [2025/02/08 3:30:19 ET]
Table 'Algenib II' 6-max Seat #2 is the button
Seat 1: antey89 ($102.72 in chips) 
Seat 2: 3EPH ($100 in chips) 
Seat 3: CaHek-Ty3 ($100 in chips) 
Seat 4: Emily_GetMan ($114.65 in chips) 
Seat 5: Rares798 ($49.38 in chips) 
Seat 6: app1e_j@ck ($100 in chips) 
CaHek-Ty3: posts small blind $0.50
Emily_GetMan: posts big blind $1
*** HOLE CARDS ***
Rares798: folds 
app1e_j@ck: folds 
antey89: folds 
3EPH: folds 
CaHek-Ty3: raises $2 to $3
Emily_GetMan: calls $2
*** FLOP *** [2c Qh 2d]
CaHek-Ty3: checks 
Emily_GetMan: checks 
*** TURN *** [2c Qh 2d] [7h]
CaHek-Ty3: bets $4.28
Emily_GetMan: calls $4.28
*** RIVER *** [2c Qh 2d 7h] [7c]
CaHek-Ty3: checks 
Emily_GetMan: checks 
*** SHOW DOWN ***
CaHek-Ty3: shows [Tc 6c] (two pair, Sevens and Deuces)
Emily_GetMan: shows [3s 3d] (two pair, Sevens and Threes)
Emily_GetMan collected $13.83 from pot
*** SUMMARY ***
Total pot $14.56 | Rake $0.73 
Board [2c Qh 2d 7h 7c]
Seat 1: antey89 folded before Flop (didn't bet)
Seat 2: 3EPH (button) folded before Flop (didn't bet)
Seat 3: CaHek-Ty3 (small blind) showed [Tc 6c] and lost with two pair, Sevens and Deuces
Seat 4: Emily_GetMan (big blind) showed [3s 3d] and won ($13.83) with two pair, Sevens and Threes
Seat 5: Rares798 folded before Flop (didn't bet)
Seat 6: app1e_j@ck folded before Flop (didn't bet)



PokerStars Hand #254762645770:  Hold'em No Limit ($0.50/$1.00 USD) - 2025/02/08 8:31:30 WET [2025/02/08 3:31:30 ET]
Table 'Algenib II' 6-max Seat #3 is the button
Seat 1: antey89 ($102.72 in chips) 
Seat 2: 3EPH ($100 in chips) 
Seat 3: CaHek-Ty3 ($100 in chips) 
Seat 4: Emily_GetMan ($121.20 in chips) 
Seat 5: Rares798 ($49.38 in chips) 
Seat 6: app1e_j@ck ($100 in chips) 
Emily_GetMan: posts small blind $0.50
Rares798: posts big blind $1
*** HOLE CARDS ***
app1e_j@ck: folds 
antey89: folds 
3EPH: folds 
CaHek-Ty3: folds 
Emily_GetMan: raises $2 to $3
Rares798: calls $2
*** FLOP *** [5c 9s 5d]
Emily_GetMan: bets $1.88
Rares798: calls $1.88
*** TURN *** [5c 9s 5d] [Kc]
Emily_GetMan: bets $12.05
Rares798: folds 
Uncalled bet ($12.05) returned to Emily_GetMan
Emily_GetMan collected $9.27 from pot
Emily_GetMan: doesn't show hand 
*** SUMMARY ***
Total pot $9.76 | Rake $0.49 
Board [5c 9s 5d Kc]
Seat 1: antey89 folded before Flop (didn't bet)
Seat 2: 3EPH folded before Flop (didn't bet)
Seat 3: CaHek-Ty3 (button) folded before Flop (didn't bet)
Seat 4: Emily_GetMan (small blind) collected ($9.27)
Seat 5: Rares798 (big blind) folded on the Turn
Seat 6: app1e_j@ck folded before Flop (didn't bet)



PokerStars Hand #254762648719:  Hold'em No Limit ($0.50/$1.00 USD) - 2025/02/08 8:32:02 WET [2025/02/08 3:32:02 ET]
Table 'Algenib II' 6-max Seat #4 is the button
Seat 1: antey89 ($102.72 in chips) 
Seat 2: 3EPH ($100 in chips) 
Seat 3: CaHek-Ty3 ($100 in chips) 
Seat 4: Emily_GetMan ($125.59 in chips) 
Seat 5: Rares798 ($44.50 in chips) 
Seat 6: app1e_j@ck ($100 in chips) 
Rares798: posts small blind $0.50
app1e_j@ck: posts big blind $1
*** HOLE CARDS ***
antey89: folds 
3EPH: folds 
CaHek-Ty3: folds 
Emily_GetMan: raises $1.50 to $2.50
Rares798: folds 
app1e_j@ck: folds 
Uncalled bet ($1.50) returned to Emily_GetMan
Emily_GetMan collected $2.50 from pot
Emily_GetMan: doesn't show hand 
*** SUMMARY ***
Total pot $2.50 | Rake $0 
Seat 1: antey89 folded before Flop (didn't bet)
Seat 2: 3EPH folded before Flop (didn't bet)
Seat 3: CaHek-Ty3 folded before Flop (didn't bet)
Seat 4: Emily_GetMan (button) collected ($2.50)
Seat 5: Rares798 (small blind) folded before Flop
Seat 6: app1e_j@ck (big blind) folded before Flop



PokerStars Hand #254762650032:  Hold'em No Limit ($0.50/$1.00 USD) - 2025/02/08 8:32:17 WET [2025/02/08 3:32:17 ET]
Table 'Algenib II' 6-max Seat #5 is the button
Seat 1: antey89 ($102.72 in chips) 
Seat 2: 3EPH ($100 in chips) 
Seat 3: CaHek-Ty3 ($100 in chips) 
Seat 4: Emily_GetMan ($127.09 in chips) 
Seat 5: Rares798 ($44 in chips) 
Seat 6: app1e_j@ck ($100 in chips) 
app1e_j@ck: posts small blind $0.50
antey89: posts big blind $1
*** HOLE CARDS ***
3EPH: folds 
CaHek-Ty3: folds 
Emily_GetMan: folds 
Rares798: folds 
app1e_j@ck: raises $2 to $3
antey89: raises $7 to $10
app1e_j@ck: folds 
Uncalled bet ($7) returned to antey89
antey89 collected $6 from pot
antey89: doesn't show hand 
*** SUMMARY ***
Total pot $6 | Rake $0 
Seat 1: antey89 (big blind) collected ($6)
Seat 2: 3EPH folded before Flop (didn't bet)
Seat 3: CaHek-Ty3 folded before Flop (didn't bet)
Seat 4: Emily_GetMan folded before Flop (didn't bet)
Seat 5: Rares798 (button) folded before Flop (didn't bet)
Seat 6: app1e_j@ck (small blind) folded before Flop



PokerStars Hand #254762652358:  Hold'em No Limit ($0.50/$1.00 USD) - 2025/02/08 8:32:42 WET [2025/02/08 3:32:42 ET]
Table 'Algenib II' 6-max Seat #6 is the button
Seat 1: antey89 ($105.72 in chips) 
Seat 2: 3EPH ($100 in chips) 
Seat 3: CaHek-Ty3 ($100 in chips) 
Seat 4: Emily_GetMan ($127.09 in chips) 
Seat 5: Rares798 ($44 in chips) 
Seat 6: app1e_j@ck ($100 in chips) 
antey89: posts small blind $0.50
3EPH: posts big blind $1
*** HOLE CARDS ***
CaHek-Ty3: folds 
Emily_GetMan: folds 
Rares798: folds 
app1e_j@ck: raises $1.50 to $2.50
antey89: folds 
3EPH: folds 
Uncalled bet ($1.50) returned to app1e_j@ck
app1e_j@ck collected $2.50 from pot
app1e_j@ck: doesn't show hand 
*** SUMMARY ***
Total pot $2.50 | Rake $0 
Seat 1: antey89 (small blind) folded before Flop
Seat 2: 3EPH (big blind) folded before Flop
Seat 3: CaHek-Ty3 folded before Flop (didn't bet)
Seat 4: Emily_GetMan folded before Flop (didn't bet)
Seat 5: Rares798 folded before Flop (didn't bet)
Seat 6: app1e_j@ck (button) collected ($2.50)



PokerStars Hand #254762653748:  Hold'em No Limit ($0.50/$1.00 USD) - 2025/02/08 8:32:57 WET [2025/02/08 3:32:57 ET]
Table 'Algenib II' 6-max Seat #1 is the button
Seat 1: antey89 ($105.22 in chips) 
Seat 2: 3EPH ($100 in chips) 
Seat 3: CaHek-Ty3 ($100 in chips) 
Seat 4: Emily_GetMan ($127.09 in chips) 
Seat 5: Rares798 ($44 in chips) 
Seat 6: app1e_j@ck ($101.50 in chips) 
3EPH: posts small blind $0.50
CaHek-Ty3: posts big blind $1
*** HOLE CARDS ***
Emily_GetMan: folds 
Rares798: folds 
app1e_j@ck: folds 
antey89: folds 
3EPH: raises $2 to $3
CaHek-Ty3: calls $2
*** FLOP *** [Jd 2d 7c]
3EPH: checks 
CaHek-Ty3: checks 
*** TURN *** [Jd 2d 7c] [2s]
3EPH: checks 
CaHek-Ty3: checks 
*** RIVER *** [Jd 2d 7c 2s] [4s]
3EPH: bets $4.28
CaHek-Ty3: raises $20.68 to $24.96
3EPH: folds 
Uncalled bet ($20.68) returned to CaHek-Ty3
CaHek-Ty3 collected $13.83 from pot
*** SUMMARY ***
Total pot $14.56 | Rake $0.73 
Board [Jd 2d 7c 2s 4s]
Seat 1: antey89 (button) folded before Flop (didn't bet)
Seat 2: 3EPH (small blind) folded on the River
Seat 3: CaHek-Ty3 (big blind) collected ($13.83)
Seat 4: Emily_GetMan folded before Flop (didn't bet)
Seat 5: Rares798 folded before Flop (didn't bet)
Seat 6: app1e_j@ck folded before Flop (didn't bet)



PokerStars Hand #254762662033:  Hold'em No Limit ($0.50/$1.00 USD) - 2025/02/08 8:34:27 WET [2025/02/08 3:34:27 ET]
Table 'Algenib II' 6-max Seat #2 is the button
Seat 1: antey89 ($105.22 in chips) 
Seat 2: 3EPH ($100 in chips) 
Seat 3: CaHek-Ty3 ($106.55 in chips) 
Seat 4: Emily_GetMan ($127.09 in chips) 
Seat 5: Rares798 ($44 in chips) 
Seat 6: app1e_j@ck ($101.50 in chips) 
CaHek-Ty3: posts small blind $0.50
Emily_GetMan: posts big blind $1
*** HOLE CARDS ***
Rares798: folds 
app1e_j@ck: folds 
antey89: folds 
3EPH: raises $1.50 to $2.50
CaHek-Ty3: folds 
Emily_GetMan: folds 
Uncalled bet ($1.50) returned to 3EPH
3EPH collected $2.50 from pot
3EPH: doesn't show hand 
*** SUMMARY ***
Total pot $2.50 | Rake $0 
Seat 1: antey89 folded before Flop (didn't bet)
Seat 2: 3EPH (button) collected ($2.50)
Seat 3: CaHek-Ty3 (small blind) folded before Flop
Seat 4: Emily_GetMan (big blind) folded before Flop
Seat 5: Rares798 folded before Flop (didn't bet)
Seat 6: app1e_j@ck folded before Flop (didn't bet)



PokerStars Hand #254762663303:  Hold'em No Limit ($0.50/$1.00 USD) - 2025/02/08 8:34:41 WET [2025/02/08 3:34:41 ET]
Table 'Algenib II' 6-max Seat #3 is the button
Seat 1: antey89 ($105.22 in chips) 
Seat 2: 3EPH ($101.50 in chips) 
Seat 3: CaHek-Ty3 ($106.05 in chips) 
Seat 4: Emily_GetMan ($126.09 in chips) 
Seat 5: Rares798 ($44 in chips) 
Seat 6: app1e_j@ck ($101.50 in chips) 
Emily_GetMan: posts small blind $0.50
Rares798: posts big blind $1
*** HOLE CARDS ***
app1e_j@ck: folds 
antey89: folds 
3EPH: folds 
CaHek-Ty3: raises $1.50 to $2.50
Emily_GetMan: folds 
Rares798: folds 
Uncalled bet ($1.50) returned to CaHek-Ty3
CaHek-Ty3 collected $2.50 from pot
*** SUMMARY ***
Total pot $2.50 | Rake $0 
Seat 1: antey89 folded before Flop (didn't bet)
Seat 2: 3EPH folded before Flop (didn't bet)
Seat 3: CaHek-Ty3 (button) collected ($2.50)
Seat 4: Emily_GetMan (small blind) folded before Flop
Seat 5: Rares798 (big blind) folded before Flop
Seat 6: app1e_j@ck folded before Flop (didn't bet)



PokerStars Hand #254762665360:  Hold'em No Limit ($0.50/$1.00 USD) - 2025/02/08 8:35:02 WET [2025/02/08 3:35:02 ET]
Table 'Algenib II' 6-max Seat #4 is the button
Seat 1: antey89 ($105.22 in chips) 
Seat 2: 3EPH ($101.50 in chips) 
Seat 3: CaHek-Ty3 ($107.55 in chips) 
Seat 4: Emily_GetMan ($125.59 in chips) 
Seat 5: Rares798 ($43 in chips) 
Seat 6: app1e_j@ck ($101.50 in chips) 
Rares798: posts small blind $0.50
app1e_j@ck: posts big blind $1
*** HOLE CARDS ***
antey89: folds 
3EPH: folds 
CaHek-Ty3: folds 
Emily_GetMan: folds 
Rares798: calls $0.50
app1e_j@ck: checks 
*** FLOP *** [Kc 8d Qc]
Rares798: checks 
app1e_j@ck: checks 
*** TURN *** [Kc 8d Qc] [9s]
Rares798: checks 
app1e_j@ck: checks 
*** RIVER *** [Kc 8d Qc 9s] [6s]
Rares798: checks 
app1e_j@ck: checks 
*** SHOW DOWN ***
Rares798: shows [7d Ah] (high card Ace)
app1e_j@ck: shows [9d 4s] (a pair of Nines)
app1e_j@ck collected $1.90 from pot
*** SUMMARY ***
Total pot $2 | Rake $0.10 
Board [Kc 8d Qc 9s 6s]
Seat 1: antey89 folded before Flop (didn't bet)
Seat 2: 3EPH folded before Flop (didn't bet)
Seat 3: CaHek-Ty3 folded before Flop (didn't bet)
Seat 4: Emily_GetMan (button) folded before Flop (didn't bet)
Seat 5: Rares798 (small blind) showed [7d Ah] and lost with high card Ace
Seat 6: app1e_j@ck (big blind) showed [9d 4s] and won ($1.90) with a pair of Nines



PokerStars Hand #254762671479:  Hold'em No Limit ($0.50/$1.00 USD) - 2025/02/08 8:36:07 WET [2025/02/08 3:36:07 ET]
Table 'Algenib II' 6-max Seat #5 is the button
Seat 1: antey89 ($105.22 in chips) 
Seat 2: 3EPH ($101.50 in chips) 
Seat 3: CaHek-Ty3 ($107.55 in chips) 
Seat 4: Emily_GetMan ($125.59 in chips) 
Seat 5: Rares798 ($42 in chips) 
Seat 6: app1e_j@ck ($102.40 in chips) 
app1e_j@ck: posts small blind $0.50
antey89: posts big blind $1
*** HOLE CARDS ***
3EPH: folds 
CaHek-Ty3: folds 
Emily_GetMan has timed out
Emily_GetMan: folds 
Rares798: calls $1
app1e_j@ck: calls $0.50
antey89: checks 
*** FLOP *** [6h 8c 4s]
app1e_j@ck: checks 
antey89: bets $2.14
Rares798: calls $2.14
app1e_j@ck: folds 
*** TURN *** [6h 8c 4s] [3s]
antey89: checks 
Rares798: checks 
*** RIVER *** [6h 8c 4s 3s] [8d]
antey89: bets $5.19
Rares798: folds 
Uncalled bet ($5.19) returned to antey89
antey89 collected $6.92 from pot
antey89: doesn't show hand 
*** SUMMARY ***
Total pot $7.28 | Rake $0.36 
Board [6h 8c 4s 3s 8d]
Seat 1: antey89 (big blind) collected ($6.92)
Seat 2: 3EPH folded before Flop (didn't bet)
Seat 3: CaHek-Ty3 folded before Flop (didn't bet)
Seat 4: Emily_GetMan folded before Flop (didn't bet)
Seat 5: Rares798 (button) folded on the River
Seat 6: app1e_j@ck (small blind) folded on the Flop



PokerStars Hand #254762678919:  Hold'em No Limit ($0.50/$1.00 USD) - 2025/02/08 8:37:24 WET [2025/02/08 3:37:24 ET]
Table 'Algenib II' 6-max Seat #6 is the button
Seat 2: 3EPH ($101.50 in chips) is sitting out
Seat 1: antey89 ($109 in chips) 
Seat 3: CaHek-Ty3 ($107.55 in chips) 
Seat 4: Emily_GetMan ($125.59 in chips) 
Seat 5: Rares798 ($38.86 in chips) 
Seat 6: app1e_j@ck ($101.40 in chips) 
antey89: posts small blind $0.50
3EPH: is sitting out 
CaHek-Ty3: posts big blind $1
*** HOLE CARDS ***
Emily_GetMan: folds 
3EPH leaves the table
Rares798: calls $1
app1e_j@ck: folds 
antey89: folds 
CaHek-Ty3: checks 
*** FLOP *** [4s 6s Ac]
CaHek-Ty3: checks 
Rares798: bets $1
CaHek-Ty3: folds 
Uncalled bet ($1) returned to Rares798
Rares798 collected $2.38 from pot
*** SUMMARY ***
Total pot $2.50 | Rake $0.12 
Board [4s 6s Ac]
Seat 2: 3EPH
Seat 1: antey89 (small blind) folded before Flop
Seat 3: CaHek-Ty3 (big blind) folded on the Flop
Seat 4: Emily_GetMan folded before Flop (didn't bet)
Seat 5: Rares798 collected ($2.38)
Seat 6: app1e_j@ck (button) folded before Flop (didn't bet)



PokerStars Hand #254762681320:  Hold'em No Limit ($0.50/$1.00 USD) - 2025/02/08 8:37:50 WET [2025/02/08 3:37:50 ET]
Table 'Algenib II' 6-max Seat #1 is the button
Seat 1: antey89 ($108.50 in chips) 
Seat 3: CaHek-Ty3 ($106.55 in chips) 
Seat 4: Emily_GetMan ($125.59 in chips) 
Seat 5: Rares798 ($40.24 in chips) 
Seat 6: app1e_j@ck ($101.40 in chips) 
CaHek-Ty3: posts small blind $0.50
Emily_GetMan: posts big blind $1
*** HOLE CARDS ***
Rares798: calls $1
ka100pka527 joins the table at seat #2 
app1e_j@ck: raises $1.50 to $2.50
antey89: folds 
CaHek-Ty3: folds 
Emily_GetMan: folds 
Rares798: folds 
Uncalled bet ($1.50) returned to app1e_j@ck
app1e_j@ck collected $3.50 from pot
app1e_j@ck: doesn't show hand 
*** SUMMARY ***
Total pot $3.50 | Rake $0 
Seat 1: antey89 (button) folded before Flop (didn't bet)
Seat 3: CaHek-Ty3 (small blind) folded before Flop
Seat 4: Emily_GetMan (big blind) folded before Flop
Seat 5: Rares798 folded before Flop
Seat 6: app1e_j@ck collected ($3.50)



PokerStars Hand #254762683067:  Hold'em No Limit ($0.50/$1.00 USD) - 2025/02/08 8:38:08 WET [2025/02/08 3:38:08 ET]
Table 'Algenib II' 6-max Seat #3 is the button
Seat 2: ka100pka527 ($100 in chips) is sitting out
Seat 1: antey89 ($108.50 in chips) 
Seat 3: CaHek-Ty3 ($106.05 in chips) 
Seat 4: Emily_GetMan ($124.59 in chips) 
Seat 5: Rares798 ($39.24 in chips) 
Seat 6: app1e_j@ck ($103.90 in chips) 
Emily_GetMan: posts small blind $0.50
Rares798: posts big blind $1
ka100pka527: sits out 
*** HOLE CARDS ***
app1e_j@ck: folds 
antey89: folds 
CaHek-Ty3: folds 
Emily_GetMan: folds 
Uncalled bet ($0.50) returned to Rares798
Rares798 collected $1 from pot
*** SUMMARY ***
Total pot $1 | Rake $0 
Seat 2: ka100pka527
Seat 1: antey89 folded before Flop (didn't bet)
Seat 3: CaHek-Ty3 (button) folded before Flop (didn't bet)
Seat 4: Emily_GetMan (small blind) folded before Flop
Seat 5: Rares798 (big blind) collected ($1)
Seat 6: app1e_j@ck folded before Flop (didn't bet)



PokerStars Hand #254762684245:  Hold'em No Limit ($0.50/$1.00 USD) - 2025/02/08 8:38:20 WET [2025/02/08 3:38:20 ET]
Table 'Algenib II' 6-max Seat #4 is the button
Seat 2: ka100pka527 ($100 in chips) is sitting out
Seat 1: antey89 ($108.50 in chips) 
Seat 3: CaHek-Ty3 ($106.05 in chips) 
Seat 4: Emily_GetMan ($124.09 in chips) 
Seat 5: Rares798 ($39.74 in chips) 
Seat 6: app1e_j@ck ($103.90 in chips) 
Rares798: posts small blind $0.50
app1e_j@ck: posts big blind $1
ka100pka527: sits out 
*** HOLE CARDS ***
antey89: raises $1.50 to $2.50
CaHek-Ty3: folds 
Emily_GetMan: folds 
Rares798: folds 
app1e_j@ck: folds 
Uncalled bet ($1.50) returned to antey89
antey89 collected $2.50 from pot
antey89: doesn't show hand 
*** SUMMARY ***
Total pot $2.50 | Rake $0 
Seat 2: ka100pka527
Seat 1: antey89 collected ($2.50)
Seat 3: CaHek-Ty3 folded before Flop (didn't bet)
Seat 4: Emily_GetMan (button) folded before Flop (didn't bet)
Seat 5: Rares798 (small blind) folded before Flop
Seat 6: app1e_j@ck (big blind) folded before Flop



PokerStars Hand #254762686141:  Hold'em No Limit ($0.50/$1.00 USD) - 2025/02/08 8:38:40 WET [2025/02/08 3:38:40 ET]
Table 'Algenib II' 6-max Seat #5 is the button
Seat 2: ka100pka527 ($100 in chips) is sitting out
Seat 1: antey89 ($110 in chips) 
Seat 3: CaHek-Ty3 ($106.05 in chips) 
Seat 4: Emily_GetMan ($124.09 in chips) 
Seat 5: Rares798 ($39.24 in chips) 
Seat 6: app1e_j@ck ($102.90 in chips) 
app1e_j@ck: posts small blind $0.50
antey89: posts big blind $1
ka100pka527: sits out 
*** HOLE CARDS ***
CaHek-Ty3: folds 
Emily_GetMan: folds 
Rares798: calls $1
app1e_j@ck: folds 
antey89: raises $3.50 to $4.50
Rares798: calls $3.50
*** FLOP *** [5c Ah 4s]
antey89: checks 
Rares798: bets $2
antey89: folds 
Uncalled bet ($2) returned to Rares798
Rares798 collected $9.02 from pot
*** SUMMARY ***
Total pot $9.50 | Rake $0.48 
Board [5c Ah 4s]
Seat 2: ka100pka527
Seat 1: antey89 (big blind) folded on the Flop
Seat 3: CaHek-Ty3 folded before Flop (didn't bet)
Seat 4: Emily_GetMan folded before Flop (didn't bet)
Seat 5: Rares798 (button) collected ($9.02)
Seat 6: app1e_j@ck (small blind) folded before Flop



PokerStars Hand #254762689716:  Hold'em No Limit ($0.50/$1.00 USD) - 2025/02/08 8:39:17 WET [2025/02/08 3:39:17 ET]
Table 'Algenib II' 6-max Seat #6 is the button
Seat 1: antey89 ($105.50 in chips) 
Seat 2: ka100pka527 ($100 in chips) 
Seat 3: CaHek-Ty3 ($106.05 in chips) 
Seat 4: Emily_GetMan ($124.09 in chips) 
Seat 5: Rares798 ($43.76 in chips) 
Seat 6: app1e_j@ck ($102.40 in chips) 
antey89: posts small blind $0.50
ka100pka527: posts big blind $1
*** HOLE CARDS ***
CaHek-Ty3: folds 
Emily_GetMan: raises $1 to $2
Rares798: folds 
app1e_j@ck: folds 
antey89: folds 
ka100pka527: calls $1
*** FLOP *** [Tc 3h 3s]
ka100pka527: checks 
Emily_GetMan: bets $1.41
ka100pka527: folds 
Uncalled bet ($1.41) returned to Emily_GetMan
Emily_GetMan collected $4.28 from pot
Emily_GetMan: doesn't show hand 
*** SUMMARY ***
Total pot $4.50 | Rake $0.22 
Board [Tc 3h 3s]
Seat 1: antey89 (small blind) folded before Flop
Seat 2: ka100pka527 (big blind) folded on the Flop
Seat 3: CaHek-Ty3 folded before Flop (didn't bet)
Seat 4: Emily_GetMan collected ($4.28)
Seat 5: Rares798 folded before Flop (didn't bet)
Seat 6: app1e_j@ck (button) folded before Flop (didn't bet)



PokerStars Hand #254762695365:  Hold'em No Limit ($0.50/$1.00 USD) - 2025/02/08 8:40:15 WET [2025/02/08 3:40:15 ET]
Table 'Algenib II' 6-max Seat #1 is the button
Seat 1: antey89 ($105 in chips) 
Seat 2: ka100pka527 ($100 in chips) 
Seat 3: CaHek-Ty3 ($106.05 in chips) 
Seat 4: Emily_GetMan ($126.37 in chips) 
Seat 5: Rares798 ($43.76 in chips) 
Seat 6: app1e_j@ck ($102.40 in chips) 
ka100pka527: posts small blind $0.50
CaHek-Ty3: posts big blind $1
*** HOLE CARDS ***
Emily_GetMan: folds 
Rares798: folds 
app1e_j@ck: folds 
antey89: raises $1.50 to $2.50
ka100pka527: folds 
CaHek-Ty3: folds 
Uncalled bet ($1.50) returned to antey89
antey89 collected $2.50 from pot
antey89: doesn't show hand 
*** SUMMARY ***
Total pot $2.50 | Rake $0 
Seat 1: antey89 (button) collected ($2.50)
Seat 2: ka100pka527 (small blind) folded before Flop
Seat 3: CaHek-Ty3 (big blind) folded before Flop
Seat 4: Emily_GetMan folded before Flop (didn't bet)
Seat 5: Rares798 folded before Flop (didn't bet)
Seat 6: app1e_j@ck folded before Flop (didn't bet)



PokerStars Hand #254762697733:  Hold'em No Limit ($0.50/$1.00 USD) - 2025/02/08 8:40:39 WET [2025/02/08 3:40:39 ET]
Table 'Algenib II' 6-max Seat #2 is the button
Seat 1: antey89 ($106.50 in chips) 
Seat 2: ka100pka527 ($100 in chips) 
Seat 3: CaHek-Ty3 ($105.05 in chips) 
Seat 4: Emily_GetMan ($126.37 in chips) 
Seat 5: Rares798 ($43.76 in chips) 
Seat 6: app1e_j@ck ($102.40 in chips) 
CaHek-Ty3: posts small blind $0.50
Emily_GetMan: posts big blind $1
*** HOLE CARDS ***
Rares798: folds 
app1e_j@ck: folds 
Rares798 leaves the table
antey89: folds 
ka100pka527: raises $1.50 to $2.50
CaHek-Ty3: folds 
Emily_GetMan: folds 
Uncalled bet ($1.50) returned to ka100pka527
ka100pka527 collected $2.50 from pot
ka100pka527: doesn't show hand 
*** SUMMARY ***
Total pot $2.50 | Rake $0 
Seat 1: antey89 folded before Flop (didn't bet)
Seat 2: ka100pka527 (button) collected ($2.50)
Seat 3: CaHek-Ty3 (small blind) folded before Flop
Seat 4: Emily_GetMan (big blind) folded before Flop
Seat 5: Rares798 folded before Flop (didn't bet)
Seat 6: app1e_j@ck folded before Flop (didn't bet)



PokerStars Hand #254762699915:  Hold'em No Limit ($0.50/$1.00 USD) - 2025/02/08 8:41:02 WET [2025/02/08 3:41:02 ET]
Table 'Algenib II' 6-max Seat #3 is the button
Seat 1: antey89 ($106.50 in chips) 
Seat 2: ka100pka527 ($101.50 in chips) 
Seat 3: CaHek-Ty3 ($104.55 in chips) 
Seat 4: Emily_GetMan ($125.37 in chips) 
Seat 6: app1e_j@ck ($102.40 in chips) 
Emily_GetMan: posts small blind $0.50
app1e_j@ck: posts big blind $1
*** HOLE CARDS ***
antey89: folds 
ka100pka527: folds 
CaHek-Ty3: folds 
Emily_GetMan: raises $2 to $3
app1e_j@ck: folds 
Uncalled bet ($2) returned to Emily_GetMan
Emily_GetMan collected $2 from pot
Emily_GetMan: doesn't show hand 
*** SUMMARY ***
Total pot $2 | Rake $0 
Seat 1: antey89 folded before Flop (didn't bet)
Seat 2: ka100pka527 folded before Flop (didn't bet)
Seat 3: CaHek-Ty3 (button) folded before Flop (didn't bet)
Seat 4: Emily_GetMan (small blind) collected ($2)
Seat 6: app1e_j@ck (big blind) folded before Flop



PokerStars Hand #254762702541:  Hold'em No Limit ($0.50/$1.00 USD) - 2025/02/08 8:41:29 WET [2025/02/08 3:41:29 ET]
Table 'Algenib II' 6-max Seat #4 is the button
Seat 1: antey89 ($106.50 in chips) 
Seat 2: ka100pka527 ($101.50 in chips) 
Seat 3: CaHek-Ty3 ($104.55 in chips) 
Seat 4: Emily_GetMan ($126.37 in chips) 
Seat 6: app1e_j@ck ($101.40 in chips) 
app1e_j@ck: posts small blind $0.50
antey89: posts big blind $1
*** HOLE CARDS ***
ka100pka527: raises $2 to $3
CaHek-Ty3: folds 
Emily_GetMan: folds 
app1e_j@ck: folds 
antey89: folds 
Uncalled bet ($2) returned to ka100pka527
ka100pka527 collected $2.50 from pot
ka100pka527: doesn't show hand 
*** SUMMARY ***
Total pot $2.50 | Rake $0 
Seat 1: antey89 (big blind) folded before Flop
Seat 2: ka100pka527 collected ($2.50)
Seat 3: CaHek-Ty3 folded before Flop (didn't bet)
Seat 4: Emily_GetMan (button) folded before Flop (didn't bet)
Seat 6: app1e_j@ck (small blind) folded before Flop



PokerStars Hand #254762703862:  Hold'em No Limit ($0.50/$1.00 USD) - 2025/02/08 8:41:43 WET [2025/02/08 3:41:43 ET]
Table 'Algenib II' 6-max Seat #6 is the button
Seat 2: ka100pka527 ($103 in chips) is sitting out
Seat 1: antey89 ($105.50 in chips) 
Seat 3: CaHek-Ty3 ($104.55 in chips) 
Seat 4: Emily_GetMan ($126.37 in chips) 
Seat 6: app1e_j@ck ($100.90 in chips) 
antey89: posts small blind $0.50
ka100pka527: is sitting out 
CaHek-Ty3: posts big blind $1
*** HOLE CARDS ***
ka100pka527 leaves the table
Emily_GetMan has timed out
Emily_GetMan: folds 
Emily_GetMan leaves the table
app1e_j@ck: folds 
antey89: folds 
Uncalled bet ($0.50) returned to CaHek-Ty3
CaHek-Ty3 collected $1 from pot
*** SUMMARY ***
Total pot $1 | Rake $0 
Seat 2: ka100pka527
Seat 1: antey89 (small blind) folded before Flop
Seat 3: CaHek-Ty3 (big blind) collected ($1)
Seat 4: Emily_GetMan folded before Flop (didn't bet)
Seat 6: app1e_j@ck (button) folded before Flop (didn't bet)



