PokerStars Hand #254767232055:  Hold'em No Limit ($0.50/$1.00 USD) - 2025/02/08 16:28:18 WET [2025/02/08 11:28:18 ET]
Table 'Sahlia II' 6-max Seat #3 is the button
Seat 1: sta$igk ($102.25 in chips) 
Seat 3: Callumwak ($100 in chips) 
Seat 4: MAO_DZEDYN_S ($100 in chips) 
Seat 5: Nicedaymybro ($100 in chips) 
Seat 6: MoRsCeReBruM ($100 in chips) 
MAO_DZEDYN_S: posts small blind $0.50
Nicedaymybro: posts big blind $1
*** HOLE CARDS ***
MoRsCeReBruM: raises $1 to $2
sta$igk: raises $5 to $7
Callumwak: folds 
Youngy 2 joins the table at seat #2 
MAO_DZEDYN_S: folds 
Youngy 2 is disconnected 
Nicedaymybro: folds 
MoRsCeReBruM: raises $14 to $21
sta$igk: calls $14
*** FLOP *** [Ah 6c 6h]
MoRsCeReBruM: bets $10.33
sta$igk: folds 
Uncalled bet ($10.33) returned to MoRsCeReBruM
MoRsCeReBruM collected $41.32 from pot
MoRsCeReBruM: doesn't show hand 
*** SUMMARY ***
Total pot $43.50 | Rake $2.18 
Board [Ah 6c 6h]
Seat 1: sta$igk folded on the Flop
Seat 3: Callumwak (button) folded before Flop (didn't bet)
Seat 4: MAO_DZEDYN_S (small blind) folded before Flop
Seat 5: Nicedaymybro (big blind) folded before Flop
Seat 6: MoRsCeReBruM collected ($41.32)



PokerStars Hand #254767246747:  Hold'em No Limit ($0.50/$1.00 USD) - 2025/02/08 16:29:19 WET [2025/02/08 11:29:19 ET]
Table 'Sahlia II' 6-max Seat #4 is the button
Seat 2: Youngy 2 ($73 in chips) is sitting out
Seat 1: sta$igk ($100 in chips) 
Seat 3: Callumwak ($100 in chips) 
Seat 4: MAO_DZEDYN_S ($100 in chips) 
Seat 5: Nicedaymybro ($100 in chips) 
Seat 6: MoRsCeReBruM ($120.32 in chips) 
Nicedaymybro: posts small blind $0.50
MoRsCeReBruM: posts big blind $1
Youngy 2: sits out 
*** HOLE CARDS ***
sta$igk: folds 
Callumwak: folds 
MAO_DZEDYN_S: folds 
Nicedaymybro: raises $2 to $3
MoRsCeReBruM: folds 
Uncalled bet ($2) returned to Nicedaymybro
Nicedaymybro collected $2 from pot
Nicedaymybro: doesn't show hand 
*** SUMMARY ***
Total pot $2 | Rake $0 
Seat 2: Youngy 2
Seat 1: sta$igk folded before Flop (didn't bet)
Seat 3: Callumwak folded before Flop (didn't bet)
Seat 4: MAO_DZEDYN_S (button) folded before Flop (didn't bet)
Seat 5: Nicedaymybro (small blind) collected ($2)
Seat 6: MoRsCeReBruM (big blind) folded before Flop



PokerStars Hand #254767250715:  Hold'em No Limit ($0.50/$1.00 USD) - 2025/02/08 16:29:36 WET [2025/02/08 11:29:36 ET]
Table 'Sahlia II' 6-max Seat #5 is the button
Seat 2: Youngy 2 ($73 in chips) is sitting out
Seat 1: sta$igk ($100 in chips) 
Seat 3: Callumwak ($100 in chips) 
Seat 4: MAO_DZEDYN_S ($100 in chips) 
Seat 5: Nicedaymybro ($101 in chips) 
Seat 6: MoRsCeReBruM ($119.32 in chips) 
MoRsCeReBruM: posts small blind $0.50
sta$igk: posts big blind $1
Youngy 2: sits out 
*** HOLE CARDS ***
Callumwak: raises $2 to $3
MAO_DZEDYN_S: folds 
Nicedaymybro: folds 
MoRsCeReBruM: raises $8.50 to $11.50
sta$igk: folds 
Callumwak: calls $8.50
*** FLOP *** [9c 5h Kh]
MoRsCeReBruM: bets $5.70
Callumwak: calls $5.70
*** TURN *** [9c 5h Kh] [Ts]
MoRsCeReBruM: bets $11.10
Callumwak: raises $18.10 to $29.20
MoRsCeReBruM: folds 
Uncalled bet ($18.10) returned to Callumwak
Callumwak collected $55.10 from pot
*** SUMMARY ***
Total pot $57.60 | Rake $2.50 
Board [9c 5h Kh Ts]
Seat 2: Youngy 2
Seat 1: sta$igk (big blind) folded before Flop
Seat 3: Callumwak collected ($55.10)
Seat 4: MAO_DZEDYN_S folded before Flop (didn't bet)
Seat 5: Nicedaymybro (button) folded before Flop (didn't bet)
Seat 6: MoRsCeReBruM (small blind) folded on the Turn



PokerStars Hand #254767270780:  Hold'em No Limit ($0.50/$1.00 USD) - 2025/02/08 16:30:56 WET [2025/02/08 11:30:56 ET]
Table 'Sahlia II' 6-max Seat #6 is the button
Seat 1: sta$igk ($100 in chips) 
Seat 2: Youngy 2 ($73 in chips) 
Seat 3: Callumwak ($126.80 in chips) 
Seat 4: MAO_DZEDYN_S ($100 in chips) 
Seat 5: Nicedaymybro ($101 in chips) 
Seat 6: MoRsCeReBruM ($100 in chips) 
sta$igk: posts small blind $0.50
Youngy 2: posts big blind $1
*** HOLE CARDS ***
Callumwak: folds 
MAO_DZEDYN_S: folds 
Nicedaymybro: folds 
MoRsCeReBruM: folds 
sta$igk: folds 
Uncalled bet ($0.50) returned to Youngy 2
Youngy 2 collected $1 from pot
*** SUMMARY ***
Total pot $1 | Rake $0 
Seat 1: sta$igk (small blind) folded before Flop
Seat 2: Youngy 2 (big blind) collected ($1)
Seat 3: Callumwak folded before Flop (didn't bet)
Seat 4: MAO_DZEDYN_S folded before Flop (didn't bet)
Seat 5: Nicedaymybro folded before Flop (didn't bet)
Seat 6: MoRsCeReBruM (button) folded before Flop (didn't bet)



PokerStars Hand #254767274390:  Hold'em No Limit ($0.50/$1.00 USD) - 2025/02/08 16:31:10 WET [2025/02/08 11:31:10 ET]
Table 'Sahlia II' 6-max Seat #1 is the button
Seat 1: sta$igk ($100 in chips) 
Seat 2: Youngy 2 ($73.50 in chips) 
Seat 3: Callumwak ($126.80 in chips) 
Seat 4: MAO_DZEDYN_S ($100 in chips) 
Seat 5: Nicedaymybro ($101 in chips) 
Seat 6: MoRsCeReBruM ($100 in chips) 
Youngy 2: posts small blind $0.50
Callumwak: posts big blind $1
*** HOLE CARDS ***
MAO_DZEDYN_S: folds 
Nicedaymybro: folds 
MoRsCeReBruM: raises $1.20 to $2.20
sta$igk: folds 
Youngy 2: folds 
Callumwak: folds 
Uncalled bet ($1.20) returned to MoRsCeReBruM
MoRsCeReBruM collected $2.50 from pot
MoRsCeReBruM: doesn't show hand 
*** SUMMARY ***
Total pot $2.50 | Rake $0 
Seat 1: sta$igk (button) folded before Flop (didn't bet)
Seat 2: Youngy 2 (small blind) folded before Flop
Seat 3: Callumwak (big blind) folded before Flop
Seat 4: MAO_DZEDYN_S folded before Flop (didn't bet)
Seat 5: Nicedaymybro folded before Flop (didn't bet)
Seat 6: MoRsCeReBruM collected ($2.50)



PokerStars Hand #254767278427:  Hold'em No Limit ($0.50/$1.00 USD) - 2025/02/08 16:31:27 WET [2025/02/08 11:31:27 ET]
Table 'Sahlia II' 6-max Seat #2 is the button
Seat 1: sta$igk ($100 in chips) 
Seat 2: Youngy 2 ($73 in chips) 
Seat 3: Callumwak ($125.80 in chips) 
Seat 4: MAO_DZEDYN_S ($100 in chips) 
Seat 5: Nicedaymybro ($101 in chips) 
Seat 6: MoRsCeReBruM ($101.50 in chips) 
Callumwak: posts small blind $0.50
MAO_DZEDYN_S: posts big blind $1
*** HOLE CARDS ***
Nicedaymybro: folds 
MoRsCeReBruM: folds 
sta$igk: folds 
Youngy 2: raises $1.50 to $2.50
Callumwak: folds 
MAO_DZEDYN_S: folds 
Uncalled bet ($1.50) returned to Youngy 2
Youngy 2 collected $2.50 from pot
*** SUMMARY ***
Total pot $2.50 | Rake $0 
Seat 1: sta$igk folded before Flop (didn't bet)
Seat 2: Youngy 2 (button) collected ($2.50)
Seat 3: Callumwak (small blind) folded before Flop
Seat 4: MAO_DZEDYN_S (big blind) folded before Flop
Seat 5: Nicedaymybro folded before Flop (didn't bet)
Seat 6: MoRsCeReBruM folded before Flop (didn't bet)



PokerStars Hand #254767284517:  Hold'em No Limit ($0.50/$1.00 USD) - 2025/02/08 16:31:51 WET [2025/02/08 11:31:51 ET]
Table 'Sahlia II' 6-max Seat #3 is the button
Seat 1: sta$igk ($100 in chips) 
Seat 2: Youngy 2 ($74.50 in chips) 
Seat 3: Callumwak ($125.30 in chips) 
Seat 4: MAO_DZEDYN_S ($100 in chips) 
Seat 5: Nicedaymybro ($101 in chips) 
Seat 6: MoRsCeReBruM ($101.50 in chips) 
MAO_DZEDYN_S: posts small blind $0.50
Nicedaymybro: posts big blind $1
*** HOLE CARDS ***
MoRsCeReBruM: folds 
sta$igk: raises $1.50 to $2.50
Youngy 2: folds 
Callumwak: folds 
MAO_DZEDYN_S: folds 
Nicedaymybro: calls $1.50
*** FLOP *** [6c Jd 7d]
Nicedaymybro: checks 
sta$igk: checks 
*** TURN *** [6c Jd 7d] [7s]
Nicedaymybro: checks 
sta$igk: bets $1.72
Nicedaymybro: calls $1.72
*** RIVER *** [6c Jd 7d 7s] [2d]
Nicedaymybro: checks 
sta$igk: checks 
*** SHOW DOWN ***
Nicedaymybro: shows [6d 8d] (a flush, Jack high)
sta$igk: mucks hand 
Nicedaymybro collected $8.49 from pot
*** SUMMARY ***
Total pot $8.94 | Rake $0.45 
Board [6c Jd 7d 7s 2d]
Seat 1: sta$igk mucked
Seat 2: Youngy 2 folded before Flop (didn't bet)
Seat 3: Callumwak (button) folded before Flop (didn't bet)
Seat 4: MAO_DZEDYN_S (small blind) folded before Flop
Seat 5: Nicedaymybro (big blind) showed [6d 8d] and won ($8.49) with a flush, Jack high
Seat 6: MoRsCeReBruM folded before Flop (didn't bet)



PokerStars Hand #254767297148:  Hold'em No Limit ($0.50/$1.00 USD) - 2025/02/08 16:32:41 WET [2025/02/08 11:32:41 ET]
Table 'Sahlia II' 6-max Seat #4 is the button
Seat 1: sta$igk ($100 in chips) 
Seat 2: Youngy 2 ($74.50 in chips) 
Seat 3: Callumwak ($125.30 in chips) 
Seat 4: MAO_DZEDYN_S ($100 in chips) 
Seat 5: Nicedaymybro ($105.27 in chips) 
Seat 6: MoRsCeReBruM ($101.50 in chips) 
Nicedaymybro: posts small blind $0.50
MoRsCeReBruM: posts big blind $1
*** HOLE CARDS ***
sta$igk: folds 
Youngy 2: folds 
Callumwak: folds 
MAO_DZEDYN_S: folds 
Nicedaymybro: raises $2 to $3
MoRsCeReBruM: raises $6 to $9
Nicedaymybro: folds 
Uncalled bet ($6) returned to MoRsCeReBruM
MoRsCeReBruM collected $6 from pot
MoRsCeReBruM: doesn't show hand 
*** SUMMARY ***
Total pot $6 | Rake $0 
Seat 1: sta$igk folded before Flop (didn't bet)
Seat 2: Youngy 2 folded before Flop (didn't bet)
Seat 3: Callumwak folded before Flop (didn't bet)
Seat 4: MAO_DZEDYN_S (button) folded before Flop (didn't bet)
Seat 5: Nicedaymybro (small blind) folded before Flop
Seat 6: MoRsCeReBruM (big blind) collected ($6)



PokerStars Hand #254767302677:  Hold'em No Limit ($0.50/$1.00 USD) - 2025/02/08 16:33:03 WET [2025/02/08 11:33:03 ET]
Table 'Sahlia II' 6-max Seat #5 is the button
Seat 1: sta$igk ($100 in chips) is sitting out
Seat 2: Youngy 2 ($74.50 in chips) 
Seat 3: Callumwak ($125.30 in chips) 
Seat 4: MAO_DZEDYN_S ($100 in chips) 
Seat 5: Nicedaymybro ($102.27 in chips) 
Seat 6: MoRsCeReBruM ($104.50 in chips) 
MoRsCeReBruM: posts small blind $0.50
sta$igk: is sitting out 
Youngy 2: posts big blind $1
*** HOLE CARDS ***
sta$igk leaves the table
Callumwak: calls $1
MAO_DZEDYN_S: folds 
Nicedaymybro: folds 
AlexPinsk1 joins the table at seat #1 
MoRsCeReBruM: raises $3 to $4
Youngy 2: folds 
Callumwak: folds 
Uncalled bet ($3) returned to MoRsCeReBruM
MoRsCeReBruM collected $3 from pot
MoRsCeReBruM: doesn't show hand 
*** SUMMARY ***
Total pot $3 | Rake $0 
Seat 1: sta$igk
Seat 2: Youngy 2 (big blind) folded before Flop
Seat 3: Callumwak folded before Flop
Seat 4: MAO_DZEDYN_S folded before Flop (didn't bet)
Seat 5: Nicedaymybro (button) folded before Flop (didn't bet)
Seat 6: MoRsCeReBruM (small blind) collected ($3)



PokerStars Hand #254767307587:  Hold'em No Limit ($0.50/$1.00 USD) - 2025/02/08 16:33:22 WET [2025/02/08 11:33:22 ET]
Table 'Sahlia II' 6-max Seat #6 is the button
Seat 1: AlexPinsk1 ($100 in chips) is sitting out
Seat 2: Youngy 2 ($73.50 in chips) 
Seat 3: Callumwak ($124.30 in chips) 
Seat 4: MAO_DZEDYN_S ($100 in chips) 
Seat 5: Nicedaymybro ($102.27 in chips) 
Seat 6: MoRsCeReBruM ($106.50 in chips) 
Youngy 2: posts small blind $0.50
Callumwak: posts big blind $1
*** HOLE CARDS ***
MAO_DZEDYN_S: folds 
Nicedaymybro: folds 
MAO_DZEDYN_S leaves the table
MoRsCeReBruM: raises $1.50 to $2.50
Youngy 2: raises $6 to $8.50
tintin641 joins the table at seat #4 
Callumwak: folds 
MoRsCeReBruM: folds 
Uncalled bet ($6) returned to Youngy 2
Youngy 2 collected $6 from pot
*** SUMMARY ***
Total pot $6 | Rake $0 
Seat 1: AlexPinsk1
Seat 2: Youngy 2 (small blind) collected ($6)
Seat 3: Callumwak (big blind) folded before Flop
Seat 4: MAO_DZEDYN_S folded before Flop (didn't bet)
Seat 5: Nicedaymybro folded before Flop (didn't bet)
Seat 6: MoRsCeReBruM (button) folded before Flop



PokerStars Hand #254767315176:  Hold'em No Limit ($0.50/$1.00 USD) - 2025/02/08 16:33:53 WET [2025/02/08 11:33:53 ET]
Table 'Sahlia II' 6-max Seat #2 is the button
Seat 1: AlexPinsk1 ($100 in chips) is sitting out
Seat 2: Youngy 2 ($77 in chips) 
Seat 3: Callumwak ($123.30 in chips) 
Seat 4: tintin641 ($100 in chips) 
Seat 5: Nicedaymybro ($102.27 in chips) 
Seat 6: MoRsCeReBruM ($104 in chips) 
Callumwak: posts small blind $0.50
tintin641: posts big blind $1
AlexPinsk1: sits out 
*** HOLE CARDS ***
Nicedaymybro: folds 
MoRsCeReBruM: folds 
Youngy 2: folds 
Callumwak: folds 
Uncalled bet ($0.50) returned to tintin641
tintin641 collected $1 from pot
tintin641: doesn't show hand 
*** SUMMARY ***
Total pot $1 | Rake $0 
Seat 1: AlexPinsk1
Seat 2: Youngy 2 (button) folded before Flop (didn't bet)
Seat 3: Callumwak (small blind) folded before Flop
Seat 4: tintin641 (big blind) collected ($1)
Seat 5: Nicedaymybro folded before Flop (didn't bet)
Seat 6: MoRsCeReBruM folded before Flop (didn't bet)



PokerStars Hand #254767317816:  Hold'em No Limit ($0.50/$1.00 USD) - 2025/02/08 16:34:03 WET [2025/02/08 11:34:03 ET]
Table 'Sahlia II' 6-max Seat #3 is the button
Seat 1: AlexPinsk1 ($100 in chips) is sitting out
Seat 2: Youngy 2 ($77 in chips) 
Seat 3: Callumwak ($122.80 in chips) 
Seat 4: tintin641 ($100.50 in chips) 
Seat 5: Nicedaymybro ($102.27 in chips) 
Seat 6: MoRsCeReBruM ($104 in chips) 
tintin641: posts small blind $0.50
Nicedaymybro: posts big blind $1
AlexPinsk1: sits out 
*** HOLE CARDS ***
MoRsCeReBruM: raises $1 to $2
Youngy 2: folds 
Callumwak: folds 
tintin641: folds 
Nicedaymybro: folds 
Uncalled bet ($1) returned to MoRsCeReBruM
MoRsCeReBruM collected $2.50 from pot
MoRsCeReBruM: doesn't show hand 
*** SUMMARY ***
Total pot $2.50 | Rake $0 
Seat 1: AlexPinsk1
Seat 2: Youngy 2 folded before Flop (didn't bet)
Seat 3: Callumwak (button) folded before Flop (didn't bet)
Seat 4: tintin641 (small blind) folded before Flop
Seat 5: Nicedaymybro (big blind) folded before Flop
Seat 6: MoRsCeReBruM collected ($2.50)



PokerStars Hand #254767320753:  Hold'em No Limit ($0.50/$1.00 USD) - 2025/02/08 16:34:15 WET [2025/02/08 11:34:15 ET]
Table 'Sahlia II' 6-max Seat #4 is the button
Seat 1: AlexPinsk1 ($100 in chips) is sitting out
Seat 2: Youngy 2 ($77 in chips) 
Seat 3: Callumwak ($122.80 in chips) 
Seat 4: tintin641 ($100 in chips) 
Seat 5: Nicedaymybro ($101.27 in chips) 
Seat 6: MoRsCeReBruM ($105.50 in chips) 
Nicedaymybro: posts small blind $0.50
MoRsCeReBruM: posts big blind $1
AlexPinsk1: sits out 
*** HOLE CARDS ***
Youngy 2: raises $1.50 to $2.50
Callumwak: folds 
tintin641: folds 
Nicedaymybro: folds 
MoRsCeReBruM: folds 
Uncalled bet ($1.50) returned to Youngy 2
Youngy 2 collected $2.50 from pot
*** SUMMARY ***
Total pot $2.50 | Rake $0 
Seat 1: AlexPinsk1
Seat 2: Youngy 2 collected ($2.50)
Seat 3: Callumwak folded before Flop (didn't bet)
Seat 4: tintin641 (button) folded before Flop (didn't bet)
Seat 5: Nicedaymybro (small blind) folded before Flop
Seat 6: MoRsCeReBruM (big blind) folded before Flop



PokerStars Hand #254767326371:  Hold'em No Limit ($0.50/$1.00 USD) - 2025/02/08 16:34:37 WET [2025/02/08 11:34:37 ET]
Table 'Sahlia II' 6-max Seat #5 is the button
Seat 1: AlexPinsk1 ($100 in chips) 
Seat 2: Youngy 2 ($78.50 in chips) 
Seat 3: Callumwak ($122.80 in chips) 
Seat 4: tintin641 ($100 in chips) 
Seat 5: Nicedaymybro ($100.77 in chips) 
Seat 6: MoRsCeReBruM ($104.50 in chips) 
MoRsCeReBruM: posts small blind $0.50
AlexPinsk1: posts big blind $1
*** HOLE CARDS ***
Youngy 2: folds 
Callumwak: raises $2 to $3
tintin641: folds 
Nicedaymybro: folds 
MoRsCeReBruM: folds 
AlexPinsk1: folds 
Uncalled bet ($2) returned to Callumwak
Callumwak collected $2.50 from pot
*** SUMMARY ***
Total pot $2.50 | Rake $0 
Seat 1: AlexPinsk1 (big blind) folded before Flop
Seat 2: Youngy 2 folded before Flop (didn't bet)
Seat 3: Callumwak collected ($2.50)
Seat 4: tintin641 folded before Flop (didn't bet)
Seat 5: Nicedaymybro (button) folded before Flop (didn't bet)
Seat 6: MoRsCeReBruM (small blind) folded before Flop



PokerStars Hand #254767334622:  Hold'em No Limit ($0.50/$1.00 USD) - 2025/02/08 16:35:10 WET [2025/02/08 11:35:10 ET]
Table 'Sahlia II' 6-max Seat #6 is the button
Seat 1: AlexPinsk1 ($100 in chips) 
Seat 2: Youngy 2 ($78.50 in chips) 
Seat 3: Callumwak ($124.30 in chips) 
Seat 4: tintin641 ($100 in chips) 
Seat 5: Nicedaymybro ($100.77 in chips) 
Seat 6: MoRsCeReBruM ($104 in chips) 
AlexPinsk1: posts small blind $0.50
Youngy 2: posts big blind $1
*** HOLE CARDS ***
Callumwak: raises $3 to $4
tintin641: folds 
Nicedaymybro: folds 
MoRsCeReBruM: folds 
AlexPinsk1: folds 
Youngy 2: folds 
Uncalled bet ($3) returned to Callumwak
Callumwak collected $2.50 from pot
Callumwak: doesn't show hand 
*** SUMMARY ***
Total pot $2.50 | Rake $0 
Seat 1: AlexPinsk1 (small blind) folded before Flop
Seat 2: Youngy 2 (big blind) folded before Flop
Seat 3: Callumwak collected ($2.50)
Seat 4: tintin641 folded before Flop (didn't bet)
Seat 5: Nicedaymybro folded before Flop (didn't bet)
Seat 6: MoRsCeReBruM (button) folded before Flop (didn't bet)



PokerStars Hand #254767339620:  Hold'em No Limit ($0.50/$1.00 USD) - 2025/02/08 16:35:29 WET [2025/02/08 11:35:29 ET]
Table 'Sahlia II' 6-max Seat #1 is the button
Seat 1: AlexPinsk1 ($100 in chips) 
Seat 2: Youngy 2 ($77.50 in chips) 
Seat 3: Callumwak ($125.80 in chips) 
Seat 4: tintin641 ($100 in chips) 
Seat 5: Nicedaymybro ($100.77 in chips) 
Seat 6: MoRsCeReBruM ($104 in chips) 
Youngy 2: posts small blind $0.50
Callumwak: posts big blind $1
*** HOLE CARDS ***
tintin641: raises $1.50 to $2.50
Nicedaymybro: folds 
MoRsCeReBruM: raises $5 to $7.50
AlexPinsk1: folds 
Youngy 2: folds 
Callumwak: folds 
tintin641: folds 
Uncalled bet ($5) returned to MoRsCeReBruM
MoRsCeReBruM collected $6.50 from pot
MoRsCeReBruM: doesn't show hand 
*** SUMMARY ***
Total pot $6.50 | Rake $0 
Seat 1: AlexPinsk1 (button) folded before Flop (didn't bet)
Seat 2: Youngy 2 (small blind) folded before Flop
Seat 3: Callumwak (big blind) folded before Flop
Seat 4: tintin641 folded before Flop
Seat 5: Nicedaymybro folded before Flop (didn't bet)
Seat 6: MoRsCeReBruM collected ($6.50)



PokerStars Hand #254767344160:  Hold'em No Limit ($0.50/$1.00 USD) - 2025/02/08 16:35:47 WET [2025/02/08 11:35:47 ET]
Table 'Sahlia II' 6-max Seat #2 is the button
Seat 1: AlexPinsk1 ($100 in chips) 
Seat 2: Youngy 2 ($77 in chips) 
Seat 3: Callumwak ($124.80 in chips) 
Seat 4: tintin641 ($100 in chips) 
Seat 5: Nicedaymybro ($100.77 in chips) 
Seat 6: MoRsCeReBruM ($108 in chips) 
Callumwak: posts small blind $0.50
tintin641: posts big blind $1
*** HOLE CARDS ***
Nicedaymybro: folds 
MoRsCeReBruM: folds 
AlexPinsk1: folds 
Youngy 2: raises $1.50 to $2.50
Callumwak: folds 
tintin641: folds 
Uncalled bet ($1.50) returned to Youngy 2
Youngy 2 collected $2.50 from pot
*** SUMMARY ***
Total pot $2.50 | Rake $0 
Seat 1: AlexPinsk1 folded before Flop (didn't bet)
Seat 2: Youngy 2 (button) collected ($2.50)
Seat 3: Callumwak (small blind) folded before Flop
Seat 4: tintin641 (big blind) folded before Flop
Seat 5: Nicedaymybro folded before Flop (didn't bet)
Seat 6: MoRsCeReBruM folded before Flop (didn't bet)



PokerStars Hand #254767349065:  Hold'em No Limit ($0.50/$1.00 USD) - 2025/02/08 16:36:06 WET [2025/02/08 11:36:06 ET]
Table 'Sahlia II' 6-max Seat #3 is the button
Seat 1: AlexPinsk1 ($100 in chips) 
Seat 2: Youngy 2 ($78.50 in chips) 
Seat 3: Callumwak ($124.30 in chips) 
Seat 4: tintin641 ($100 in chips) 
Seat 5: Nicedaymybro ($100.77 in chips) 
Seat 6: MoRsCeReBruM ($108 in chips) 
tintin641: posts small blind $0.50
Nicedaymybro: posts big blind $1
*** HOLE CARDS ***
MoRsCeReBruM: folds 
AlexPinsk1: folds 
Youngy 2: folds 
Callumwak: folds 
tintin641: folds 
Uncalled bet ($0.50) returned to Nicedaymybro
Nicedaymybro collected $1 from pot
Nicedaymybro: doesn't show hand 
*** SUMMARY ***
Total pot $1 | Rake $0 
Seat 1: AlexPinsk1 folded before Flop (didn't bet)
Seat 2: Youngy 2 folded before Flop (didn't bet)
Seat 3: Callumwak (button) folded before Flop (didn't bet)
Seat 4: tintin641 (small blind) folded before Flop
Seat 5: Nicedaymybro (big blind) collected ($1)
Seat 6: MoRsCeReBruM folded before Flop (didn't bet)



PokerStars Hand #254767352999:  Hold'em No Limit ($0.50/$1.00 USD) - 2025/02/08 16:36:22 WET [2025/02/08 11:36:22 ET]
Table 'Sahlia II' 6-max Seat #4 is the button
Seat 1: AlexPinsk1 ($100 in chips) 
Seat 2: Youngy 2 ($78.50 in chips) 
Seat 3: Callumwak ($124.30 in chips) 
Seat 4: tintin641 ($100 in chips) 
Seat 5: Nicedaymybro ($101.27 in chips) 
Seat 6: MoRsCeReBruM ($108 in chips) 
Nicedaymybro: posts small blind $0.50
MoRsCeReBruM: posts big blind $1
*** HOLE CARDS ***
AlexPinsk1: folds 
Youngy 2: folds 
Callumwak: folds 
tintin641: raises $1.50 to $2.50
Nicedaymybro: folds 
MoRsCeReBruM: raises $8.50 to $11
tintin641: folds 
Uncalled bet ($8.50) returned to MoRsCeReBruM
MoRsCeReBruM collected $5.50 from pot
MoRsCeReBruM: doesn't show hand 
*** SUMMARY ***
Total pot $5.50 | Rake $0 
Seat 1: AlexPinsk1 folded before Flop (didn't bet)
Seat 2: Youngy 2 folded before Flop (didn't bet)
Seat 3: Callumwak folded before Flop (didn't bet)
Seat 4: tintin641 (button) folded before Flop
Seat 5: Nicedaymybro (small blind) folded before Flop
Seat 6: MoRsCeReBruM (big blind) collected ($5.50)



PokerStars Hand #254767360978:  Hold'em No Limit ($0.50/$1.00 USD) - 2025/02/08 16:36:53 WET [2025/02/08 11:36:53 ET]
Table 'Sahlia II' 6-max Seat #5 is the button
Seat 1: AlexPinsk1 ($100 in chips) 
Seat 2: Youngy 2 ($78.50 in chips) 
Seat 3: Callumwak ($124.30 in chips) 
Seat 4: tintin641 ($100 in chips) 
Seat 5: Nicedaymybro ($100.77 in chips) 
Seat 6: MoRsCeReBruM ($111 in chips) 
MoRsCeReBruM: posts small blind $0.50
AlexPinsk1: posts big blind $1
*** HOLE CARDS ***
Youngy 2: folds 
Callumwak: calls $1
tintin641: folds 
Nicedaymybro: folds 
MoRsCeReBruM: folds 
AlexPinsk1: checks 
*** FLOP *** [7c 5c 2s]
AlexPinsk1: bets $1.50
Callumwak: calls $1.50
*** TURN *** [7c 5c 2s] [6c]
AlexPinsk1: checks 
Callumwak: bets $4
AlexPinsk1: calls $4
*** RIVER *** [7c 5c 2s 6c] [2c]
AlexPinsk1: checks 
Callumwak: checks 
*** SHOW DOWN ***
AlexPinsk1: shows [Qs 7h] (two pair, Sevens and Deuces)
Callumwak: shows [8d 9d] (a straight, Five to Nine)
Callumwak collected $12.82 from pot
*** SUMMARY ***
Total pot $13.50 | Rake $0.68 
Board [7c 5c 2s 6c 2c]
Seat 1: AlexPinsk1 (big blind) showed [Qs 7h] and lost with two pair, Sevens and Deuces
Seat 2: Youngy 2 folded before Flop (didn't bet)
Seat 3: Callumwak showed [8d 9d] and won ($12.82) with a straight, Five to Nine
Seat 4: tintin641 folded before Flop (didn't bet)
Seat 5: Nicedaymybro (button) folded before Flop (didn't bet)
Seat 6: MoRsCeReBruM (small blind) folded before Flop



PokerStars Hand #254767373895:  Hold'em No Limit ($0.50/$1.00 USD) - 2025/02/08 16:37:44 WET [2025/02/08 11:37:44 ET]
Table 'Sahlia II' 6-max Seat #6 is the button
Seat 1: AlexPinsk1 ($100 in chips) 
Seat 2: Youngy 2 ($78.50 in chips) 
Seat 3: Callumwak ($130.62 in chips) 
Seat 4: tintin641 ($100 in chips) 
Seat 5: Nicedaymybro ($100.77 in chips) 
Seat 6: MoRsCeReBruM ($110.50 in chips) 
AlexPinsk1: posts small blind $0.50
Youngy 2: posts big blind $1
*** HOLE CARDS ***
Callumwak: folds 
tintin641: folds 
Nicedaymybro: folds 
MoRsCeReBruM: folds 
AlexPinsk1: raises $2 to $3
Youngy 2: folds 
Uncalled bet ($2) returned to AlexPinsk1
AlexPinsk1 collected $2 from pot
AlexPinsk1: doesn't show hand 
*** SUMMARY ***
Total pot $2 | Rake $0 
Seat 1: AlexPinsk1 (small blind) collected ($2)
Seat 2: Youngy 2 (big blind) folded before Flop
Seat 3: Callumwak folded before Flop (didn't bet)
Seat 4: tintin641 folded before Flop (didn't bet)
Seat 5: Nicedaymybro folded before Flop (didn't bet)
Seat 6: MoRsCeReBruM (button) folded before Flop (didn't bet)



PokerStars Hand #254767379728:  Hold'em No Limit ($0.50/$1.00 USD) - 2025/02/08 16:38:07 WET [2025/02/08 11:38:07 ET]
Table 'Sahlia II' 6-max Seat #1 is the button
Seat 1: AlexPinsk1 ($101 in chips) 
Seat 2: Youngy 2 ($77.50 in chips) 
Seat 3: Callumwak ($130.62 in chips) 
Seat 4: tintin641 ($100 in chips) 
Seat 5: Nicedaymybro ($100.77 in chips) 
Seat 6: MoRsCeReBruM ($110.50 in chips) 
Youngy 2: posts small blind $0.50
Callumwak: posts big blind $1
*** HOLE CARDS ***
tintin641: folds 
Nicedaymybro: folds 
MoRsCeReBruM: raises $1.20 to $2.20
AlexPinsk1: folds 
Youngy 2: folds 
Callumwak: calls $1.20
*** FLOP *** [Jc Ks Ad]
Callumwak: bets $3
MoRsCeReBruM: calls $3
*** TURN *** [Jc Ks Ad] [4c]
Callumwak: checks 
MoRsCeReBruM: checks 
*** RIVER *** [Jc Ks Ad 4c] [Qc]
Callumwak: checks 
MoRsCeReBruM: checks 
*** SHOW DOWN ***
Callumwak: shows [9c As] (a pair of Aces)
MoRsCeReBruM: mucks hand 
Callumwak collected $10.36 from pot
*** SUMMARY ***
Total pot $10.90 | Rake $0.54 
Board [Jc Ks Ad 4c Qc]
Seat 1: AlexPinsk1 (button) folded before Flop (didn't bet)
Seat 2: Youngy 2 (small blind) folded before Flop
Seat 3: Callumwak (big blind) showed [9c As] and won ($10.36) with a pair of Aces
Seat 4: tintin641 folded before Flop (didn't bet)
Seat 5: Nicedaymybro folded before Flop (didn't bet)
Seat 6: MoRsCeReBruM mucked



PokerStars Hand #254767393473:  Hold'em No Limit ($0.50/$1.00 USD) - 2025/02/08 16:39:02 WET [2025/02/08 11:39:02 ET]
Table 'Sahlia II' 6-max Seat #2 is the button
Seat 1: AlexPinsk1 ($101 in chips) 
Seat 2: Youngy 2 ($77 in chips) 
Seat 3: Callumwak ($135.78 in chips) 
Seat 4: tintin641 ($100 in chips) 
Seat 5: Nicedaymybro ($100.77 in chips) 
Seat 6: MoRsCeReBruM ($105.30 in chips) 
Callumwak: posts small blind $0.50
tintin641: posts big blind $1
*** HOLE CARDS ***
Nicedaymybro: raises $1.50 to $2.50
MoRsCeReBruM: folds 
AlexPinsk1: folds 
Youngy 2: raises $6.50 to $9
Callumwak: calls $8.50
tintin641: folds 
Nicedaymybro: folds 
*** FLOP *** [5c 3s Td]
Callumwak: checks 
Youngy 2: checks 
*** TURN *** [5c 3s Td] [4h]
Callumwak: bets $3
Youngy 2: calls $3
*** RIVER *** [5c 3s Td 4h] [9h]
Callumwak: checks 
Youngy 2: checks 
*** SHOW DOWN ***
Callumwak: shows [Qh Ah] (high card Ace)
Youngy 2: shows [Kd Ac] (high card Ace - King kicker)
Youngy 2 collected $26.12 from pot
*** SUMMARY ***
Total pot $27.50 | Rake $1.38 
Board [5c 3s Td 4h 9h]
Seat 1: AlexPinsk1 folded before Flop (didn't bet)
Seat 2: Youngy 2 (button) showed [Kd Ac] and won ($26.12) with high card Ace
Seat 3: Callumwak (small blind) showed [Qh Ah] and lost with high card Ace
Seat 4: tintin641 (big blind) folded before Flop
Seat 5: Nicedaymybro folded before Flop
Seat 6: MoRsCeReBruM folded before Flop (didn't bet)



PokerStars Hand #254767405236:  Hold'em No Limit ($0.50/$1.00 USD) - 2025/02/08 16:39:48 WET [2025/02/08 11:39:48 ET]
Table 'Sahlia II' 6-max Seat #3 is the button
Seat 1: AlexPinsk1 ($101 in chips) 
Seat 2: Youngy 2 ($91.12 in chips) 
Seat 3: Callumwak ($123.78 in chips) 
Seat 4: tintin641 ($100 in chips) 
Seat 5: Nicedaymybro ($100 in chips) 
Seat 6: MoRsCeReBruM ($105.30 in chips) 
tintin641: posts small blind $0.50
Nicedaymybro: posts big blind $1
*** HOLE CARDS ***
MoRsCeReBruM: folds 
AlexPinsk1: raises $1.50 to $2.50
Youngy 2: folds 
Callumwak: calls $2.50
tintin641: folds 
Nicedaymybro: folds 
*** FLOP *** [2c 4s 6s]
AlexPinsk1: checks 
Callumwak: bets $5
AlexPinsk1: folds 
Uncalled bet ($5) returned to Callumwak
Callumwak collected $6.18 from pot
*** SUMMARY ***
Total pot $6.50 | Rake $0.32 
Board [2c 4s 6s]
Seat 1: AlexPinsk1 folded on the Flop
Seat 2: Youngy 2 folded before Flop (didn't bet)
Seat 3: Callumwak (button) collected ($6.18)
Seat 4: tintin641 (small blind) folded before Flop
Seat 5: Nicedaymybro (big blind) folded before Flop
Seat 6: MoRsCeReBruM folded before Flop (didn't bet)



PokerStars Hand #254767411372:  Hold'em No Limit ($0.50/$1.00 USD) - 2025/02/08 16:40:13 WET [2025/02/08 11:40:13 ET]
Table 'Sahlia II' 6-max Seat #4 is the button
Seat 1: AlexPinsk1 ($100 in chips) 
Seat 2: Youngy 2 ($91.12 in chips) 
Seat 3: Callumwak ($127.46 in chips) 
Seat 4: tintin641 ($100 in chips) 
Seat 5: Nicedaymybro ($100 in chips) 
Seat 6: MoRsCeReBruM ($105.30 in chips) 
Nicedaymybro: posts small blind $0.50
MoRsCeReBruM: posts big blind $1
*** HOLE CARDS ***
AlexPinsk1: folds 
Youngy 2: folds 
Callumwak: folds 
tintin641: folds 
Nicedaymybro: raises $2 to $3
MoRsCeReBruM: raises $6 to $9
Nicedaymybro: folds 
Uncalled bet ($6) returned to MoRsCeReBruM
MoRsCeReBruM collected $6 from pot
MoRsCeReBruM: doesn't show hand 
*** SUMMARY ***
Total pot $6 | Rake $0 
Seat 1: AlexPinsk1 folded before Flop (didn't bet)
Seat 2: Youngy 2 folded before Flop (didn't bet)
Seat 3: Callumwak folded before Flop (didn't bet)
Seat 4: tintin641 (button) folded before Flop (didn't bet)
Seat 5: Nicedaymybro (small blind) folded before Flop
Seat 6: MoRsCeReBruM (big blind) collected ($6)



PokerStars Hand #254767418789:  Hold'em No Limit ($0.50/$1.00 USD) - 2025/02/08 16:40:42 WET [2025/02/08 11:40:42 ET]
Table 'Sahlia II' 6-max Seat #5 is the button
Seat 1: AlexPinsk1 ($100 in chips) 
Seat 2: Youngy 2 ($91.12 in chips) 
Seat 3: Callumwak ($127.46 in chips) 
Seat 4: tintin641 ($100 in chips) 
Seat 5: Nicedaymybro ($100 in chips) 
Seat 6: MoRsCeReBruM ($108.30 in chips) 
MoRsCeReBruM: posts small blind $0.50
AlexPinsk1: posts big blind $1
*** HOLE CARDS ***
Youngy 2: folds 
Callumwak: calls $1
tintin641: raises $3 to $4
Nicedaymybro: folds 
MoRsCeReBruM: folds 
AlexPinsk1: folds 
Callumwak: folds 
Uncalled bet ($3) returned to tintin641
tintin641 collected $3.50 from pot
tintin641: doesn't show hand 
*** SUMMARY ***
Total pot $3.50 | Rake $0 
Seat 1: AlexPinsk1 (big blind) folded before Flop
Seat 2: Youngy 2 folded before Flop (didn't bet)
Seat 3: Callumwak folded before Flop
Seat 4: tintin641 collected ($3.50)
Seat 5: Nicedaymybro (button) folded before Flop (didn't bet)
Seat 6: MoRsCeReBruM (small blind) folded before Flop



PokerStars Hand #254767425660:  Hold'em No Limit ($0.50/$1.00 USD) - 2025/02/08 16:41:10 WET [2025/02/08 11:41:10 ET]
Table 'Sahlia II' 6-max Seat #6 is the button
Seat 1: AlexPinsk1 ($100 in chips) 
Seat 2: Youngy 2 ($91.12 in chips) 
Seat 3: Callumwak ($126.46 in chips) 
Seat 4: tintin641 ($102.50 in chips) 
Seat 5: Nicedaymybro ($100 in chips) 
Seat 6: MoRsCeReBruM ($107.80 in chips) 
AlexPinsk1: posts small blind $0.50
Youngy 2: posts big blind $1
*** HOLE CARDS ***
Callumwak: folds 
tintin641: folds 
Nicedaymybro: folds 
MoRsCeReBruM: raises $1.50 to $2.50
AlexPinsk1: folds 
Youngy 2: folds 
Uncalled bet ($1.50) returned to MoRsCeReBruM
MoRsCeReBruM collected $2.50 from pot
MoRsCeReBruM: doesn't show hand 
*** SUMMARY ***
Total pot $2.50 | Rake $0 
Seat 1: AlexPinsk1 (small blind) folded before Flop
Seat 2: Youngy 2 (big blind) folded before Flop
Seat 3: Callumwak folded before Flop (didn't bet)
Seat 4: tintin641 folded before Flop (didn't bet)
Seat 5: Nicedaymybro folded before Flop (didn't bet)
Seat 6: MoRsCeReBruM (button) collected ($2.50)



PokerStars Hand #254767432113:  Hold'em No Limit ($0.50/$1.00 USD) - 2025/02/08 16:41:36 WET [2025/02/08 11:41:36 ET]
Table 'Sahlia II' 6-max Seat #1 is the button
Seat 1: AlexPinsk1 ($100 in chips) 
Seat 2: Youngy 2 ($90.12 in chips) 
Seat 3: Callumwak ($126.46 in chips) 
Seat 4: tintin641 ($102.50 in chips) 
Seat 5: Nicedaymybro ($100 in chips) 
Seat 6: MoRsCeReBruM ($109.30 in chips) 
Youngy 2: posts small blind $0.50
Callumwak: posts big blind $1
*** HOLE CARDS ***
tintin641: folds 
Nicedaymybro: folds 
MoRsCeReBruM: folds 
AlexPinsk1: raises $1.50 to $2.50
Youngy 2: folds 
Callumwak: folds 
Uncalled bet ($1.50) returned to AlexPinsk1
AlexPinsk1 collected $2.50 from pot
AlexPinsk1: doesn't show hand 
*** SUMMARY ***
Total pot $2.50 | Rake $0 
Seat 1: AlexPinsk1 (button) collected ($2.50)
Seat 2: Youngy 2 (small blind) folded before Flop
Seat 3: Callumwak (big blind) folded before Flop
Seat 4: tintin641 folded before Flop (didn't bet)
Seat 5: Nicedaymybro folded before Flop (didn't bet)
Seat 6: MoRsCeReBruM folded before Flop (didn't bet)



PokerStars Hand #254767437859:  Hold'em No Limit ($0.50/$1.00 USD) - 2025/02/08 16:41:58 WET [2025/02/08 11:41:58 ET]
Table 'Sahlia II' 6-max Seat #2 is the button
Seat 1: AlexPinsk1 ($101.50 in chips) 
Seat 2: Youngy 2 ($89.62 in chips) 
Seat 3: Callumwak ($125.46 in chips) 
Seat 4: tintin641 ($102.50 in chips) 
Seat 5: Nicedaymybro ($100 in chips) 
Seat 6: MoRsCeReBruM ($109.30 in chips) 
Callumwak: posts small blind $0.50
tintin641: posts big blind $1
*** HOLE CARDS ***
Nicedaymybro: folds 
MoRsCeReBruM: raises $1 to $2
AlexPinsk1: folds 
Youngy 2: folds 
Callumwak: folds 
tintin641: folds 
Uncalled bet ($1) returned to MoRsCeReBruM
MoRsCeReBruM collected $2.50 from pot
MoRsCeReBruM: doesn't show hand 
*** SUMMARY ***
Total pot $2.50 | Rake $0 
Seat 1: AlexPinsk1 folded before Flop (didn't bet)
Seat 2: Youngy 2 (button) folded before Flop (didn't bet)
Seat 3: Callumwak (small blind) folded before Flop
Seat 4: tintin641 (big blind) folded before Flop
Seat 5: Nicedaymybro folded before Flop (didn't bet)
Seat 6: MoRsCeReBruM collected ($2.50)



PokerStars Hand #254767442002:  Hold'em No Limit ($0.50/$1.00 USD) - 2025/02/08 16:42:14 WET [2025/02/08 11:42:14 ET]
Table 'Sahlia II' 6-max Seat #3 is the button
Seat 1: AlexPinsk1 ($101.50 in chips) 
Seat 2: Youngy 2 ($89.62 in chips) 
Seat 3: Callumwak ($124.96 in chips) 
Seat 4: tintin641 ($101.50 in chips) 
Seat 5: Nicedaymybro ($100 in chips) 
Seat 6: MoRsCeReBruM ($110.80 in chips) 
tintin641: posts small blind $0.50
Nicedaymybro: posts big blind $1
*** HOLE CARDS ***
MoRsCeReBruM: raises $1 to $2
AlexPinsk1: folds 
Youngy 2: folds 
Callumwak: calls $2
tintin641: folds 
Nicedaymybro: folds 
*** FLOP *** [5h 8d 6h]
MoRsCeReBruM: checks 
Callumwak: checks 
*** TURN *** [5h 8d 6h] [Ks]
MoRsCeReBruM: bets $3.92
Callumwak: calls $3.92
*** RIVER *** [5h 8d 6h Ks] [Tc]
MoRsCeReBruM: bets $9.50
Callumwak: calls $9.50
*** SHOW DOWN ***
MoRsCeReBruM: shows [Qc Kc] (a pair of Kings)
Callumwak: mucks hand 
MoRsCeReBruM collected $30.72 from pot
*** SUMMARY ***
Total pot $32.34 | Rake $1.62 
Board [5h 8d 6h Ks Tc]
Seat 1: AlexPinsk1 folded before Flop (didn't bet)
Seat 2: Youngy 2 folded before Flop (didn't bet)
Seat 3: Callumwak (button) mucked
Seat 4: tintin641 (small blind) folded before Flop
Seat 5: Nicedaymybro (big blind) folded before Flop
Seat 6: MoRsCeReBruM showed [Qc Kc] and won ($30.72) with a pair of Kings



PokerStars Hand #254767451219:  Hold'em No Limit ($0.50/$1.00 USD) - 2025/02/08 16:42:51 WET [2025/02/08 11:42:51 ET]
Table 'Sahlia II' 6-max Seat #4 is the button
Seat 1: AlexPinsk1 ($101.50 in chips) 
Seat 2: Youngy 2 ($89.62 in chips) 
Seat 3: Callumwak ($109.54 in chips) 
Seat 4: tintin641 ($101 in chips) 
Seat 5: Nicedaymybro ($100 in chips) 
Seat 6: MoRsCeReBruM ($126.10 in chips) 
Nicedaymybro: posts small blind $0.50
MoRsCeReBruM: posts big blind $1
*** HOLE CARDS ***
AlexPinsk1: folds 
Youngy 2: raises $1.50 to $2.50
Callumwak: folds 
tintin641: folds 
Nicedaymybro: folds 
MoRsCeReBruM: folds 
Uncalled bet ($1.50) returned to Youngy 2
Youngy 2 collected $2.50 from pot
*** SUMMARY ***
Total pot $2.50 | Rake $0 
Seat 1: AlexPinsk1 folded before Flop (didn't bet)
Seat 2: Youngy 2 collected ($2.50)
Seat 3: Callumwak folded before Flop (didn't bet)
Seat 4: tintin641 (button) folded before Flop (didn't bet)
Seat 5: Nicedaymybro (small blind) folded before Flop
Seat 6: MoRsCeReBruM (big blind) folded before Flop



PokerStars Hand #254767455968:  Hold'em No Limit ($0.50/$1.00 USD) - 2025/02/08 16:43:09 WET [2025/02/08 11:43:09 ET]
Table 'Sahlia II' 6-max Seat #5 is the button
Seat 1: AlexPinsk1 ($101.50 in chips) 
Seat 2: Youngy 2 ($91.12 in chips) 
Seat 3: Callumwak ($109.54 in chips) 
Seat 4: tintin641 ($101 in chips) 
Seat 5: Nicedaymybro ($100 in chips) 
Seat 6: MoRsCeReBruM ($125.10 in chips) 
MoRsCeReBruM: posts small blind $0.50
AlexPinsk1: posts big blind $1
*** HOLE CARDS ***
Youngy 2: raises $1 to $2
Callumwak: calls $2
tintin641: folds 
Nicedaymybro: folds 
MoRsCeReBruM: folds 
AlexPinsk1: folds 
*** FLOP *** [8s 5d Ad]
Youngy 2: bets $2
Callumwak: calls $2
*** TURN *** [8s 5d Ad] [6h]
Youngy 2: checks 
Callumwak: checks 
*** RIVER *** [8s 5d Ad 6h] [4s]
Youngy 2: checks 
Callumwak: checks 
*** SHOW DOWN ***
Youngy 2: shows [9s Qs] (high card Ace)
Callumwak: shows [Kd Jc] (high card Ace - King kicker)
Callumwak collected $9.02 from pot
*** SUMMARY ***
Total pot $9.50 | Rake $0.48 
Board [8s 5d Ad 6h 4s]
Seat 1: AlexPinsk1 (big blind) folded before Flop
Seat 2: Youngy 2 showed [9s Qs] and lost with high card Ace
Seat 3: Callumwak showed [Kd Jc] and won ($9.02) with high card Ace
Seat 4: tintin641 folded before Flop (didn't bet)
Seat 5: Nicedaymybro (button) folded before Flop (didn't bet)
Seat 6: MoRsCeReBruM (small blind) folded before Flop



PokerStars Hand #254767467245:  Hold'em No Limit ($0.50/$1.00 USD) - 2025/02/08 16:43:53 WET [2025/02/08 11:43:53 ET]
Table 'Sahlia II' 6-max Seat #6 is the button
Seat 2: Youngy 2 ($87.12 in chips) is sitting out
Seat 1: AlexPinsk1 ($100.50 in chips) 
Seat 3: Callumwak ($114.56 in chips) 
Seat 4: tintin641 ($101 in chips) 
Seat 5: Nicedaymybro ($100 in chips) 
Seat 6: MoRsCeReBruM ($124.60 in chips) 
AlexPinsk1: posts small blind $0.50
Youngy 2: is sitting out 
Callumwak: posts big blind $1
*** HOLE CARDS ***
tintin641: folds 
Nicedaymybro: folds 
MoRsCeReBruM: folds 
AlexPinsk1: folds 
Uncalled bet ($0.50) returned to Callumwak
Youngy 2 leaves the table
Callumwak collected $1 from pot
*** SUMMARY ***
Total pot $1 | Rake $0 
Seat 2: Youngy 2
Seat 1: AlexPinsk1 (small blind) folded before Flop
Seat 3: Callumwak (big blind) collected ($1)
Seat 4: tintin641 folded before Flop (didn't bet)
Seat 5: Nicedaymybro folded before Flop (didn't bet)
Seat 6: MoRsCeReBruM (button) folded before Flop (didn't bet)



PokerStars Hand #254767469976:  Hold'em No Limit ($0.50/$1.00 USD) - 2025/02/08 16:44:04 WET [2025/02/08 11:44:04 ET]
Table 'Sahlia II' 6-max Seat #1 is the button
Seat 1: AlexPinsk1 ($100 in chips) 
Seat 3: Callumwak ($115.06 in chips) 
Seat 4: tintin641 ($101 in chips) 
Seat 5: Nicedaymybro ($100 in chips) 
Seat 6: MoRsCeReBruM ($124.60 in chips) 
Callumwak: posts small blind $0.50
tintin641: posts big blind $1
*** HOLE CARDS ***
Nicedaymybro: folds 
MoRsCeReBruM: folds 
AlexPinsk1: raises $1.50 to $2.50
Callumwak: calls $2
tintin641: folds 
*** FLOP *** [2d Ks 4h]
Callumwak: bets $3
AlexPinsk1: folds 
Uncalled bet ($3) returned to Callumwak
Callumwak collected $5.70 from pot
*** SUMMARY ***
Total pot $6 | Rake $0.30 
Board [2d Ks 4h]
Seat 1: AlexPinsk1 (button) folded on the Flop
Seat 3: Callumwak (small blind) collected ($5.70)
Seat 4: tintin641 (big blind) folded before Flop
Seat 5: Nicedaymybro folded before Flop (didn't bet)
Seat 6: MoRsCeReBruM folded before Flop (didn't bet)



PokerStars Hand #254767477973:  Hold'em No Limit ($0.50/$1.00 USD) - 2025/02/08 16:44:35 WET [2025/02/08 11:44:35 ET]
Table 'Sahlia II' 6-max Seat #3 is the button
Seat 1: AlexPinsk1 ($100 in chips) 
Seat 3: Callumwak ($118.26 in chips) 
Seat 4: tintin641 ($100 in chips) 
Seat 5: Nicedaymybro ($100 in chips) 
Seat 6: MoRsCeReBruM ($124.60 in chips) 
tintin641: posts small blind $0.50
Nicedaymybro: posts big blind $1
*** HOLE CARDS ***
MoRsCeReBruM: folds 
AlexPinsk1: raises $1.50 to $2.50
Callumwak: folds 
tintin641: folds 
Nicedaymybro: folds 
Uncalled bet ($1.50) returned to AlexPinsk1
AlexPinsk1 collected $2.50 from pot
AlexPinsk1: doesn't show hand 
*** SUMMARY ***
Total pot $2.50 | Rake $0 
Seat 1: AlexPinsk1 collected ($2.50)
Seat 3: Callumwak (button) folded before Flop (didn't bet)
Seat 4: tintin641 (small blind) folded before Flop
Seat 5: Nicedaymybro (big blind) folded before Flop
Seat 6: MoRsCeReBruM folded before Flop (didn't bet)



PokerStars Hand #254767482117:  Hold'em No Limit ($0.50/$1.00 USD) - 2025/02/08 16:44:51 WET [2025/02/08 11:44:51 ET]
Table 'Sahlia II' 6-max Seat #4 is the button
Seat 1: AlexPinsk1 ($101.50 in chips) 
Seat 3: Callumwak ($118.26 in chips) 
Seat 4: tintin641 ($100 in chips) 
Seat 5: Nicedaymybro ($100 in chips) 
Seat 6: MoRsCeReBruM ($124.60 in chips) 
Nicedaymybro: posts small blind $0.50
MoRsCeReBruM: posts big blind $1
*** HOLE CARDS ***
AlexPinsk1: raises $1.50 to $2.50
Callumwak: folds 
tintin641: folds 
Nicedaymybro: raises $8.50 to $11
MoRsCeReBruM: folds 
AlexPinsk1: folds 
Uncalled bet ($8.50) returned to Nicedaymybro
Nicedaymybro collected $6 from pot
Nicedaymybro: doesn't show hand 
*** SUMMARY ***
Total pot $6 | Rake $0 
Seat 1: AlexPinsk1 folded before Flop
Seat 3: Callumwak folded before Flop (didn't bet)
Seat 4: tintin641 (button) folded before Flop (didn't bet)
Seat 5: Nicedaymybro (small blind) collected ($6)
Seat 6: MoRsCeReBruM (big blind) folded before Flop



PokerStars Hand #254767486859:  Hold'em No Limit ($0.50/$1.00 USD) - 2025/02/08 16:45:10 WET [2025/02/08 11:45:10 ET]
Table 'Sahlia II' 6-max Seat #5 is the button
Seat 1: AlexPinsk1 ($100 in chips) 
Seat 3: Callumwak ($118.26 in chips) 
Seat 4: tintin641 ($100 in chips) 
Seat 5: Nicedaymybro ($103.50 in chips) 
Seat 6: MoRsCeReBruM ($123.60 in chips) 
MoRsCeReBruM: posts small blind $0.50
AlexPinsk1: posts big blind $1
*** HOLE CARDS ***
Callumwak: folds 
tintin641: folds 
Nicedaymybro: folds 
MoRsCeReBruM: folds 
Uncalled bet ($0.50) returned to AlexPinsk1
AlexPinsk1 collected $1 from pot
AlexPinsk1: doesn't show hand 
*** SUMMARY ***
Total pot $1 | Rake $0 
Seat 1: AlexPinsk1 (big blind) collected ($1)
Seat 3: Callumwak folded before Flop (didn't bet)
Seat 4: tintin641 folded before Flop (didn't bet)
Seat 5: Nicedaymybro (button) folded before Flop (didn't bet)
Seat 6: MoRsCeReBruM (small blind) folded before Flop



PokerStars Hand #254767489069:  Hold'em No Limit ($0.50/$1.00 USD) - 2025/02/08 16:45:19 WET [2025/02/08 11:45:19 ET]
Table 'Sahlia II' 6-max Seat #6 is the button
Seat 1: AlexPinsk1 ($100.50 in chips) 
Seat 3: Callumwak ($118.26 in chips) 
Seat 4: tintin641 ($100 in chips) 
Seat 5: Nicedaymybro ($103.50 in chips) 
Seat 6: MoRsCeReBruM ($123.10 in chips) 
xxxZeka joins the table at seat #2 
AlexPinsk1: posts small blind $0.50
Callumwak: posts big blind $1
*** HOLE CARDS ***
tintin641: folds 
Nicedaymybro: folds 
MoRsCeReBruM: folds 
AlexPinsk1: raises $2 to $3
Callumwak: folds 
Uncalled bet ($2) returned to AlexPinsk1
AlexPinsk1 collected $2 from pot
AlexPinsk1: doesn't show hand 
*** SUMMARY ***
Total pot $2 | Rake $0 
Seat 1: AlexPinsk1 (small blind) collected ($2)
Seat 3: Callumwak (big blind) folded before Flop
Seat 4: tintin641 folded before Flop (didn't bet)
Seat 5: Nicedaymybro folded before Flop (didn't bet)
Seat 6: MoRsCeReBruM (button) folded before Flop (didn't bet)



PokerStars Hand #254767492733:  Hold'em No Limit ($0.50/$1.00 USD) - 2025/02/08 16:45:33 WET [2025/02/08 11:45:33 ET]
Table 'Sahlia II' 6-max Seat #1 is the button
Seat 2: xxxZeka ($100 in chips) is sitting out
Seat 1: AlexPinsk1 ($101.50 in chips) 
Seat 3: Callumwak ($117.26 in chips) 
Seat 4: tintin641 ($100 in chips) 
Seat 5: Nicedaymybro ($103.50 in chips) 
Seat 6: MoRsCeReBruM ($123.10 in chips) 
Callumwak: posts small blind $0.50
tintin641: posts big blind $1
*** HOLE CARDS ***
Nicedaymybro: folds 
MoRsCeReBruM: folds 
AlexPinsk1: raises $1.50 to $2.50
Callumwak: folds 
tintin641: calls $1.50
*** FLOP *** [9d Ks 8c]
tintin641: checks 
AlexPinsk1: bets $3.92
tintin641: calls $3.92
*** TURN *** [9d Ks 8c] [8h]
tintin641: checks 
AlexPinsk1: checks 
*** RIVER *** [9d Ks 8c 8h] [3d]
tintin641: checks 
AlexPinsk1: bets $9.50
tintin641: calls $9.50
*** SHOW DOWN ***
AlexPinsk1: shows [Jc Kd] (two pair, Kings and Eights)
tintin641: mucks hand 
AlexPinsk1 collected $30.72 from pot
*** SUMMARY ***
Total pot $32.34 | Rake $1.62 
Board [9d Ks 8c 8h 3d]
Seat 2: xxxZeka
Seat 1: AlexPinsk1 (button) showed [Jc Kd] and won ($30.72) with two pair, Kings and Eights
Seat 3: Callumwak (small blind) folded before Flop
Seat 4: tintin641 (big blind) mucked
Seat 5: Nicedaymybro folded before Flop (didn't bet)
Seat 6: MoRsCeReBruM folded before Flop (didn't bet)



PokerStars Hand #254767515494:  Hold'em No Limit ($0.50/$1.00 USD) - 2025/02/08 16:47:02 WET [2025/02/08 11:47:02 ET]
Table 'Sahlia II' 6-max Seat #3 is the button
Seat 2: xxxZeka ($100 in chips) is sitting out
Seat 1: AlexPinsk1 ($116.30 in chips) 
Seat 3: Callumwak ($116.76 in chips) 
Seat 4: tintin641 ($100 in chips) 
Seat 5: Nicedaymybro ($103.50 in chips) 
Seat 6: MoRsCeReBruM ($123.10 in chips) 
tintin641: posts small blind $0.50
Nicedaymybro: posts big blind $1
xxxZeka: sits out 
*** HOLE CARDS ***
MoRsCeReBruM: folds 
AlexPinsk1: folds 
Callumwak: folds 
tintin641: raises $2 to $3
Nicedaymybro: folds 
Uncalled bet ($2) returned to tintin641
tintin641 collected $2 from pot
tintin641: doesn't show hand 
*** SUMMARY ***
Total pot $2 | Rake $0 
Seat 2: xxxZeka
Seat 1: AlexPinsk1 folded before Flop (didn't bet)
Seat 3: Callumwak (button) folded before Flop (didn't bet)
Seat 4: tintin641 (small blind) collected ($2)
Seat 5: Nicedaymybro (big blind) folded before Flop
Seat 6: MoRsCeReBruM folded before Flop (didn't bet)



PokerStars Hand #254767519240:  Hold'em No Limit ($0.50/$1.00 USD) - 2025/02/08 16:47:17 WET [2025/02/08 11:47:17 ET]
Table 'Sahlia II' 6-max Seat #4 is the button
Seat 2: xxxZeka ($100 in chips) is sitting out
Seat 1: AlexPinsk1 ($116.30 in chips) 
Seat 3: Callumwak ($116.76 in chips) 
Seat 4: tintin641 ($101 in chips) 
Seat 5: Nicedaymybro ($102.50 in chips) 
Seat 6: MoRsCeReBruM ($123.10 in chips) 
Nicedaymybro: posts small blind $0.50
MoRsCeReBruM: posts big blind $1
xxxZeka: sits out 
*** HOLE CARDS ***
AlexPinsk1: folds 
Callumwak: folds 
tintin641: raises $1.50 to $2.50
Nicedaymybro: folds 
MoRsCeReBruM: folds 
Uncalled bet ($1.50) returned to tintin641
tintin641 collected $2.50 from pot
tintin641: doesn't show hand 
*** SUMMARY ***
Total pot $2.50 | Rake $0 
Seat 2: xxxZeka
Seat 1: AlexPinsk1 folded before Flop (didn't bet)
Seat 3: Callumwak folded before Flop (didn't bet)
Seat 4: tintin641 (button) collected ($2.50)
Seat 5: Nicedaymybro (small blind) folded before Flop
Seat 6: MoRsCeReBruM (big blind) folded before Flop



PokerStars Hand #254767523097:  Hold'em No Limit ($0.50/$1.00 USD) - 2025/02/08 16:47:32 WET [2025/02/08 11:47:32 ET]
Table 'Sahlia II' 6-max Seat #5 is the button
Seat 2: xxxZeka ($100 in chips) is sitting out
Seat 1: AlexPinsk1 ($116.30 in chips) 
Seat 3: Callumwak ($116.76 in chips) 
Seat 4: tintin641 ($102.50 in chips) 
Seat 5: Nicedaymybro ($102 in chips) 
Seat 6: MoRsCeReBruM ($122.10 in chips) 
MoRsCeReBruM: posts small blind $0.50
AlexPinsk1: posts big blind $1
xxxZeka: sits out 
*** HOLE CARDS ***
Callumwak: folds 
tintin641: folds 
Nicedaymybro: raises $1.50 to $2.50
MoRsCeReBruM: folds 
AlexPinsk1: calls $1.50
*** FLOP *** [Jc 2s 9s]
AlexPinsk1: checks 
Nicedaymybro: checks 
*** TURN *** [Jc 2s 9s] [Kd]
AlexPinsk1: checks 
Nicedaymybro: bets $3.92
AlexPinsk1: folds 
Uncalled bet ($3.92) returned to Nicedaymybro
Nicedaymybro collected $5.22 from pot
Nicedaymybro: doesn't show hand 
*** SUMMARY ***
Total pot $5.50 | Rake $0.28 
Board [Jc 2s 9s Kd]
Seat 2: xxxZeka
Seat 1: AlexPinsk1 (big blind) folded on the Turn
Seat 3: Callumwak folded before Flop (didn't bet)
Seat 4: tintin641 folded before Flop (didn't bet)
Seat 5: Nicedaymybro (button) collected ($5.22)
Seat 6: MoRsCeReBruM (small blind) folded before Flop



PokerStars Hand #254767535338:  Hold'em No Limit ($0.50/$1.00 USD) - 2025/02/08 16:48:20 WET [2025/02/08 11:48:20 ET]
Table 'Sahlia II' 6-max Seat #6 is the button
Seat 1: AlexPinsk1 ($113.80 in chips) 
Seat 2: xxxZeka ($100 in chips) 
Seat 3: Callumwak ($116.76 in chips) 
Seat 4: tintin641 ($102.50 in chips) 
Seat 5: Nicedaymybro ($104.72 in chips) 
Seat 6: MoRsCeReBruM ($121.60 in chips) 
AlexPinsk1: posts small blind $0.50
xxxZeka: posts big blind $1
*** HOLE CARDS ***
Callumwak: calls $1
tintin641: folds 
Nicedaymybro: folds 
MoRsCeReBruM: folds 
AlexPinsk1: folds 
xxxZeka: checks 
*** FLOP *** [4h 2c Th]
xxxZeka: bets $2
Callumwak: calls $2
*** TURN *** [4h 2c Th] [Ad]
xxxZeka: checks 
Callumwak: checks 
*** RIVER *** [4h 2c Th Ad] [Qd]
xxxZeka: checks 
Callumwak: bets $3
xxxZeka: folds 
Uncalled bet ($3) returned to Callumwak
Callumwak collected $6.18 from pot
*** SUMMARY ***
Total pot $6.50 | Rake $0.32 
Board [4h 2c Th Ad Qd]
Seat 1: AlexPinsk1 (small blind) folded before Flop
Seat 2: xxxZeka (big blind) folded on the River
Seat 3: Callumwak collected ($6.18)
Seat 4: tintin641 folded before Flop (didn't bet)
Seat 5: Nicedaymybro folded before Flop (didn't bet)
Seat 6: MoRsCeReBruM (button) folded before Flop (didn't bet)



PokerStars Hand #254767550466:  Hold'em No Limit ($0.50/$1.00 USD) - 2025/02/08 16:49:19 WET [2025/02/08 11:49:19 ET]
Table 'Sahlia II' 6-max Seat #1 is the button
Seat 1: AlexPinsk1 ($113.30 in chips) 
Seat 2: xxxZeka ($100 in chips) 
Seat 3: Callumwak ($119.94 in chips) 
Seat 4: tintin641 ($102.50 in chips) 
Seat 5: Nicedaymybro ($104.72 in chips) 
Seat 6: MoRsCeReBruM ($121.60 in chips) 
xxxZeka: posts small blind $0.50
Callumwak: posts big blind $1
*** HOLE CARDS ***
tintin641: raises $1.50 to $2.50
Nicedaymybro: folds 
MoRsCeReBruM: raises $5 to $7.50
AlexPinsk1: folds 
xxxZeka: folds 
Callumwak: folds 
tintin641: folds 
Uncalled bet ($5) returned to MoRsCeReBruM
MoRsCeReBruM collected $6.50 from pot
MoRsCeReBruM: doesn't show hand 
*** SUMMARY ***
Total pot $6.50 | Rake $0 
Seat 1: AlexPinsk1 (button) folded before Flop (didn't bet)
Seat 2: xxxZeka (small blind) folded before Flop
Seat 3: Callumwak (big blind) folded before Flop
Seat 4: tintin641 folded before Flop
Seat 5: Nicedaymybro folded before Flop (didn't bet)
Seat 6: MoRsCeReBruM collected ($6.50)



PokerStars Hand #254767555569:  Hold'em No Limit ($0.50/$1.00 USD) - 2025/02/08 16:49:39 WET [2025/02/08 11:49:39 ET]
Table 'Sahlia II' 6-max Seat #2 is the button
Seat 1: AlexPinsk1 ($113.30 in chips) 
Seat 2: xxxZeka ($100 in chips) 
Seat 3: Callumwak ($118.94 in chips) 
Seat 4: tintin641 ($100 in chips) 
Seat 5: Nicedaymybro ($104.72 in chips) 
Seat 6: MoRsCeReBruM ($125.60 in chips) 
Callumwak: posts small blind $0.50
tintin641: posts big blind $1
*** HOLE CARDS ***
Nicedaymybro: folds 
MoRsCeReBruM: folds 
AlexPinsk1: folds 
xxxZeka: folds 
Callumwak: raises $3 to $4
tintin641: calls $3
*** FLOP *** [Kh 6h 4h]
Callumwak: checks 
tintin641: checks 
*** TURN *** [Kh 6h 4h] [3d]
Callumwak: bets $4
tintin641: folds 
Uncalled bet ($4) returned to Callumwak
Callumwak collected $7.60 from pot
*** SUMMARY ***
Total pot $8 | Rake $0.40 
Board [Kh 6h 4h 3d]
Seat 1: AlexPinsk1 folded before Flop (didn't bet)
Seat 2: xxxZeka (button) folded before Flop (didn't bet)
Seat 3: Callumwak (small blind) collected ($7.60)
Seat 4: tintin641 (big blind) folded on the Turn
Seat 5: Nicedaymybro folded before Flop (didn't bet)
Seat 6: MoRsCeReBruM folded before Flop (didn't bet)



PokerStars Hand #254767568763:  Hold'em No Limit ($0.50/$1.00 USD) - 2025/02/08 16:50:31 WET [2025/02/08 11:50:31 ET]
Table 'Sahlia II' 6-max Seat #3 is the button
Seat 1: AlexPinsk1 ($113.30 in chips) 
Seat 2: xxxZeka ($100 in chips) 
Seat 3: Callumwak ($122.54 in chips) 
Seat 4: tintin641 ($100 in chips) 
Seat 5: Nicedaymybro ($104.72 in chips) 
Seat 6: MoRsCeReBruM ($125.60 in chips) 
tintin641: posts small blind $0.50
Nicedaymybro: posts big blind $1
*** HOLE CARDS ***
MoRsCeReBruM: folds 
AlexPinsk1: folds 
xxxZeka: raises $1.50 to $2.50
Callumwak: folds 
tintin641: folds 
Nicedaymybro: calls $1.50
*** FLOP *** [9c Td 2d]
Nicedaymybro: checks 
xxxZeka: checks 
*** TURN *** [9c Td 2d] [Qs]
Nicedaymybro: bets $1.72
xxxZeka: raises $8.66 to $10.38
Nicedaymybro: calls $8.66
*** RIVER *** [9c Td 2d Qs] [Jd]
Nicedaymybro: bets $2.50
xxxZeka: calls $2.50
*** SHOW DOWN ***
Nicedaymybro: shows [8c Qc] (a straight, Eight to Queen)
xxxZeka: mucks hand 
Nicedaymybro collected $29.70 from pot
*** SUMMARY ***
Total pot $31.26 | Rake $1.56 
Board [9c Td 2d Qs Jd]
Seat 1: AlexPinsk1 folded before Flop (didn't bet)
Seat 2: xxxZeka mucked
Seat 3: Callumwak (button) folded before Flop (didn't bet)
Seat 4: tintin641 (small blind) folded before Flop
Seat 5: Nicedaymybro (big blind) showed [8c Qc] and won ($29.70) with a straight, Eight to Queen
Seat 6: MoRsCeReBruM folded before Flop (didn't bet)



PokerStars Hand #254767585930:  Hold'em No Limit ($0.50/$1.00 USD) - 2025/02/08 16:51:38 WET [2025/02/08 11:51:38 ET]
Table 'Sahlia II' 6-max Seat #4 is the button
Seat 6: MoRsCeReBruM ($125.60 in chips) is sitting out
Seat 1: AlexPinsk1 ($113.30 in chips) 
Seat 2: xxxZeka ($100 in chips) 
Seat 3: Callumwak ($122.54 in chips) 
Seat 4: tintin641 ($100 in chips) 
Seat 5: Nicedaymybro ($119.04 in chips) 
Nicedaymybro: posts small blind $0.50
MoRsCeReBruM: is sitting out 
AlexPinsk1: posts big blind $1
*** HOLE CARDS ***
xxxZeka: folds 
MoRsCeReBruM leaves the table
Callumwak: folds 
tintin641: folds 
Nicedaymybro: folds 
Uncalled bet ($0.50) returned to AlexPinsk1
AlexPinsk1 collected $1 from pot
AlexPinsk1: doesn't show hand 
*** SUMMARY ***
Total pot $1 | Rake $0 
Seat 6: MoRsCeReBruM
Seat 1: AlexPinsk1 (big blind) collected ($1)
Seat 2: xxxZeka folded before Flop (didn't bet)
Seat 3: Callumwak folded before Flop (didn't bet)
Seat 4: tintin641 (button) folded before Flop (didn't bet)
Seat 5: Nicedaymybro (small blind) folded before Flop



PokerStars Hand #254767588957:  Hold'em No Limit ($0.50/$1.00 USD) - 2025/02/08 16:51:50 WET [2025/02/08 11:51:50 ET]
Table 'Sahlia II' 6-max Seat #5 is the button
Seat 1: AlexPinsk1 ($113.80 in chips) 
Seat 2: xxxZeka ($100 in chips) 
Seat 3: Callumwak ($122.54 in chips) 
Seat 4: tintin641 ($100 in chips) 
Seat 5: Nicedaymybro ($118.54 in chips) 
AlexPinsk1: posts small blind $0.50
xxxZeka: posts big blind $1
*** HOLE CARDS ***
kvcsszblcs joins the table at seat #6 
Callumwak: folds 
tintin641: raises $1.50 to $2.50
Nicedaymybro: folds 
AlexPinsk1: folds 
xxxZeka: folds 
Uncalled bet ($1.50) returned to tintin641
tintin641 collected $2.50 from pot
tintin641: doesn't show hand 
*** SUMMARY ***
Total pot $2.50 | Rake $0 
Seat 1: AlexPinsk1 (small blind) folded before Flop
Seat 2: xxxZeka (big blind) folded before Flop
Seat 3: Callumwak folded before Flop (didn't bet)
Seat 4: tintin641 collected ($2.50)
Seat 5: Nicedaymybro (button) folded before Flop (didn't bet)



PokerStars Hand #254767592622:  Hold'em No Limit ($0.50/$1.00 USD) - 2025/02/08 16:52:05 WET [2025/02/08 11:52:05 ET]
Table 'Sahlia II' 6-max Seat #1 is the button
Seat 6: kvcsszblcs ($100 in chips) is sitting out
Seat 1: AlexPinsk1 ($113.30 in chips) 
Seat 2: xxxZeka ($100 in chips) 
Seat 3: Callumwak ($122.54 in chips) 
Seat 4: tintin641 ($101.50 in chips) 
Seat 5: Nicedaymybro ($118.54 in chips) 
xxxZeka: posts small blind $0.50
Callumwak: posts big blind $1
kvcsszblcs: sits out 
*** HOLE CARDS ***
tintin641: raises $1.50 to $2.50
Nicedaymybro: folds 
AlexPinsk1: folds 
xxxZeka: folds 
Callumwak: calls $1.50
*** FLOP *** [3h 8d 9c]
Callumwak: checks 
tintin641: checks 
*** TURN *** [3h 8d 9c] [Qs]
Callumwak: bets $3
tintin641: calls $3
*** RIVER *** [3h 8d 9c Qs] [6d]
Callumwak: bets $10
tintin641: calls $10
*** SHOW DOWN ***
Callumwak: shows [Ts Kh] (high card King)
tintin641: shows [Qd Ah] (a pair of Queens)
tintin641 collected $29.92 from pot
*** SUMMARY ***
Total pot $31.50 | Rake $1.58 
Board [3h 8d 9c Qs 6d]
Seat 6: kvcsszblcs
Seat 1: AlexPinsk1 (button) folded before Flop (didn't bet)
Seat 2: xxxZeka (small blind) folded before Flop
Seat 3: Callumwak (big blind) showed [Ts Kh] and lost with high card King
Seat 4: tintin641 showed [Qd Ah] and won ($29.92) with a pair of Queens
Seat 5: Nicedaymybro folded before Flop (didn't bet)



PokerStars Hand #254767611389:  Hold'em No Limit ($0.50/$1.00 USD) - 2025/02/08 16:53:19 WET [2025/02/08 11:53:19 ET]
Table 'Sahlia II' 6-max Seat #2 is the button
Seat 6: kvcsszblcs ($100 in chips) is sitting out
Seat 1: AlexPinsk1 ($113.30 in chips) 
Seat 2: xxxZeka ($100 in chips) 
Seat 3: Callumwak ($107.04 in chips) 
Seat 4: tintin641 ($115.92 in chips) 
Seat 5: Nicedaymybro ($118.54 in chips) 
Callumwak: posts small blind $0.50
tintin641: posts big blind $1
kvcsszblcs: sits out 
*** HOLE CARDS ***
Nicedaymybro: folds 
AlexPinsk1: raises $1.50 to $2.50
xxxZeka: folds 
Callumwak: folds 
tintin641: calls $1.50
*** FLOP *** [8d 5s 7d]
tintin641: checks 
AlexPinsk1: checks 
*** TURN *** [8d 5s 7d] [9h]
tintin641: bets $1.72
AlexPinsk1: raises $3.28 to $5
tintin641: calls $3.28
*** RIVER *** [8d 5s 7d 9h] [6d]
tintin641: checks 
AlexPinsk1: checks 
*** SHOW DOWN ***
tintin641: shows [Td Jc] (a straight, Seven to Jack)
AlexPinsk1: shows [Th Js] (a straight, Seven to Jack)
tintin641 collected $7.36 from pot
AlexPinsk1 collected $7.36 from pot
Nicedaymybro leaves the table
*** SUMMARY ***
Total pot $15.50 | Rake $0.78 
Board [8d 5s 7d 9h 6d]
Seat 6: kvcsszblcs
Seat 1: AlexPinsk1 showed [Th Js] and won ($7.36) with a straight, Seven to Jack
Seat 2: xxxZeka (button) folded before Flop (didn't bet)
Seat 3: Callumwak (small blind) folded before Flop
Seat 4: tintin641 (big blind) showed [Td Jc] and won ($7.36) with a straight, Seven to Jack
Seat 5: Nicedaymybro folded before Flop (didn't bet)



PokerStars Hand #254767631664:  Hold'em No Limit ($0.50/$1.00 USD) - 2025/02/08 16:54:40 WET [2025/02/08 11:54:40 ET]
Table 'Sahlia II' 6-max Seat #3 is the button
Seat 1: AlexPinsk1 ($113.16 in chips) 
Seat 2: xxxZeka ($100 in chips) 
Seat 3: Callumwak ($106.54 in chips) 
Seat 4: tintin641 ($115.78 in chips) 
Seat 6: kvcsszblcs ($100 in chips) 
tintin641: posts small blind $0.50
kvcsszblcs: posts big blind $1
*** HOLE CARDS ***
AlexPinsk1: folds 
xxxZeka: raises $1.50 to $2.50
Callumwak: folds 
BGS013 joins the table at seat #5 
tintin641: folds 
kvcsszblcs: folds 
Uncalled bet ($1.50) returned to xxxZeka
xxxZeka collected $2.50 from pot
xxxZeka: doesn't show hand 
*** SUMMARY ***
Total pot $2.50 | Rake $0 
Seat 1: AlexPinsk1 folded before Flop (didn't bet)
Seat 2: xxxZeka collected ($2.50)
Seat 3: Callumwak (button) folded before Flop (didn't bet)
Seat 4: tintin641 (small blind) folded before Flop
Seat 6: kvcsszblcs (big blind) folded before Flop



PokerStars Hand #254767636746:  Hold'em No Limit ($0.50/$1.00 USD) - 2025/02/08 16:55:01 WET [2025/02/08 11:55:01 ET]
Table 'Sahlia II' 6-max Seat #4 is the button
Seat 5: BGS013 ($100 in chips) is sitting out
Seat 1: AlexPinsk1 ($113.16 in chips) 
Seat 2: xxxZeka ($101.50 in chips) 
Seat 3: Callumwak ($106.54 in chips) 
Seat 4: tintin641 ($115.28 in chips) 
Seat 6: kvcsszblcs ($100 in chips) 
kvcsszblcs: posts small blind $0.50
AlexPinsk1: posts big blind $1
*** HOLE CARDS ***
xxxZeka: folds 
Callumwak: raises $1 to $2
tintin641: folds 
kvcsszblcs: raises $9 to $11
AlexPinsk1: folds 
Callumwak: folds 
Uncalled bet ($9) returned to kvcsszblcs
kvcsszblcs collected $5 from pot
kvcsszblcs: doesn't show hand 
*** SUMMARY ***
Total pot $5 | Rake $0 
Seat 5: BGS013
Seat 1: AlexPinsk1 (big blind) folded before Flop
Seat 2: xxxZeka folded before Flop (didn't bet)
Seat 3: Callumwak folded before Flop
Seat 4: tintin641 (button) folded before Flop (didn't bet)
Seat 6: kvcsszblcs (small blind) collected ($5)



PokerStars Hand #254767641152:  Hold'em No Limit ($0.50/$1.00 USD) - 2025/02/08 16:55:25 WET [2025/02/08 11:55:25 ET]
Table 'Sahlia II' 6-max Seat #6 is the button
Seat 5: BGS013 ($100 in chips) is sitting out
Seat 1: AlexPinsk1 ($112.16 in chips) 
Seat 2: xxxZeka ($101.50 in chips) 
Seat 3: Callumwak ($104.54 in chips) 
Seat 4: tintin641 ($115.28 in chips) 
Seat 6: kvcsszblcs ($103 in chips) 
AlexPinsk1: posts small blind $0.50
xxxZeka: posts big blind $1
BGS013: sits out 
*** HOLE CARDS ***
Callumwak: folds 
tintin641: folds 
kvcsszblcs: folds 
AlexPinsk1: folds 
Uncalled bet ($0.50) returned to xxxZeka
xxxZeka collected $1 from pot
xxxZeka: doesn't show hand 
*** SUMMARY ***
Total pot $1 | Rake $0 
Seat 5: BGS013
Seat 1: AlexPinsk1 (small blind) folded before Flop
Seat 2: xxxZeka (big blind) collected ($1)
Seat 3: Callumwak folded before Flop (didn't bet)
Seat 4: tintin641 folded before Flop (didn't bet)
Seat 6: kvcsszblcs (button) folded before Flop (didn't bet)



PokerStars Hand #254767643086:  Hold'em No Limit ($0.50/$1.00 USD) - 2025/02/08 16:55:35 WET [2025/02/08 11:55:35 ET]
Table 'Sahlia II' 6-max Seat #1 is the button
Seat 5: BGS013 ($100 in chips) is sitting out
Seat 1: AlexPinsk1 ($111.66 in chips) 
Seat 2: xxxZeka ($102 in chips) 
Seat 3: Callumwak ($104.54 in chips) 
Seat 4: tintin641 ($115.28 in chips) 
Seat 6: kvcsszblcs ($103 in chips) 
xxxZeka: posts small blind $0.50
Callumwak: posts big blind $1
BGS013: sits out 
*** HOLE CARDS ***
tintin641: raises $1.50 to $2.50
kvcsszblcs: folds 
AlexPinsk1: raises $5 to $7.50
xxxZeka: folds 
Callumwak: folds 
tintin641: calls $5
*** FLOP *** [7c 3c Td]
tintin641: checks 
AlexPinsk1: checks 
*** TURN *** [7c 3c Td] [6s]
tintin641: bets $5.17
AlexPinsk1: calls $5.17
*** RIVER *** [7c 3c Td 6s] [5h]
tintin641: bets $8.42
AlexPinsk1: calls $8.42
*** SHOW DOWN ***
tintin641: shows [Jc Js] (a pair of Jacks)
AlexPinsk1: mucks hand 
tintin641 collected $41.50 from pot
*** SUMMARY ***
Total pot $43.68 | Rake $2.18 
Board [7c 3c Td 6s 5h]
Seat 5: BGS013
Seat 1: AlexPinsk1 (button) mucked
Seat 2: xxxZeka (small blind) folded before Flop
Seat 3: Callumwak (big blind) folded before Flop
Seat 4: tintin641 showed [Jc Js] and won ($41.50) with a pair of Jacks
Seat 6: kvcsszblcs folded before Flop (didn't bet)



PokerStars Hand #254767659448:  Hold'em No Limit ($0.50/$1.00 USD) - 2025/02/08 16:57:05 WET [2025/02/08 11:57:05 ET]
Table 'Sahlia II' 6-max Seat #2 is the button
Seat 1: AlexPinsk1 ($100 in chips) 
Seat 2: xxxZeka ($101.50 in chips) 
Seat 3: Callumwak ($103.54 in chips) 
Seat 5: BGS013 ($100 in chips) 
Seat 6: kvcsszblcs ($103 in chips) 
Callumwak: posts small blind $0.50
BGS013: posts big blind $1
*** HOLE CARDS ***
kvcsszblcs: folds 
AlexPinsk1: folds 
xxxZeka: folds 
Callumwak: raises $2 to $3
BGS013: calls $2
*** FLOP *** [Qs 8c 6s]
Callumwak: bets $3
BGS013: folds 
Uncalled bet ($3) returned to Callumwak
Callumwak collected $5.70 from pot
*** SUMMARY ***
Total pot $6 | Rake $0.30 
Board [Qs 8c 6s]
Seat 1: AlexPinsk1 folded before Flop (didn't bet)
Seat 2: xxxZeka (button) folded before Flop (didn't bet)
Seat 3: Callumwak (small blind) collected ($5.70)
Seat 5: BGS013 (big blind) folded on the Flop
Seat 6: kvcsszblcs folded before Flop (didn't bet)



PokerStars Hand #254767664335:  Hold'em No Limit ($0.50/$1.00 USD) - 2025/02/08 16:57:32 WET [2025/02/08 11:57:32 ET]
Table 'Sahlia II' 6-max Seat #3 is the button
Seat 1: AlexPinsk1 ($100 in chips) 
Seat 2: xxxZeka ($101.50 in chips) 
Seat 3: Callumwak ($106.24 in chips) 
Seat 5: BGS013 ($100 in chips) 
Seat 6: kvcsszblcs ($103 in chips) 
BGS013: posts small blind $0.50
kvcsszblcs: posts big blind $1
*** HOLE CARDS ***
AlexPinsk1: folds 
xxxZeka: folds 
Callumwak: calls $1
BGS013: folds 
kvcsszblcs: checks 
*** FLOP *** [7c Th 7d]
kvcsszblcs: checks 
Callumwak: checks 
*** TURN *** [7c Th 7d] [2h]
kvcsszblcs: bets $1.50
Callumwak: calls $1.50
*** RIVER *** [7c Th 7d 2h] [7h]
kvcsszblcs: bets $3
Callumwak: calls $3
*** SHOW DOWN ***
kvcsszblcs: shows [Td 2d] (a full house, Sevens full of Tens)
Callumwak: mucks hand 
kvcsszblcs collected $10.92 from pot
*** SUMMARY ***
Total pot $11.50 | Rake $0.58 
Board [7c Th 7d 2h 7h]
Seat 1: AlexPinsk1 folded before Flop (didn't bet)
Seat 2: xxxZeka folded before Flop (didn't bet)
Seat 3: Callumwak (button) mucked
Seat 5: BGS013 (small blind) folded before Flop
Seat 6: kvcsszblcs (big blind) showed [Td 2d] and won ($10.92) with a full house, Sevens full of Tens



PokerStars Hand #254767671640:  Hold'em No Limit ($0.50/$1.00 USD) - 2025/02/08 16:58:11 WET [2025/02/08 11:58:11 ET]
Table 'Sahlia II' 6-max Seat #5 is the button
Seat 1: AlexPinsk1 ($100 in chips) 
Seat 2: xxxZeka ($101.50 in chips) 
Seat 3: Callumwak ($100.74 in chips) 
Seat 5: BGS013 ($100 in chips) 
Seat 6: kvcsszblcs ($108.42 in chips) 
kvcsszblcs: posts small blind $0.50
AlexPinsk1: posts big blind $1
*** HOLE CARDS ***
xxxZeka: folds 
Callumwak: calls $1
BGS013: folds 
kvcsszblcs: folds 
xxxZeka leaves the table
AlexPinsk1: checks 
*** FLOP *** [Ad 5h Kh]
AlexPinsk1: checks 
Callumwak: checks 
*** TURN *** [Ad 5h Kh] [4c]
AlexPinsk1: checks 
Callumwak: checks 
*** RIVER *** [Ad 5h Kh 4c] [9c]
AlexPinsk1: bets $1
Callumwak: calls $1
xxxZeka joins the table at seat #4 
*** SHOW DOWN ***
AlexPinsk1: shows [6s 9s] (a pair of Nines)
Callumwak: mucks hand 
AlexPinsk1 collected $4.28 from pot
*** SUMMARY ***
Total pot $4.50 | Rake $0.22 
Board [Ad 5h Kh 4c 9c]
Seat 1: AlexPinsk1 (big blind) showed [6s 9s] and won ($4.28) with a pair of Nines
Seat 2: xxxZeka folded before Flop (didn't bet)
Seat 3: Callumwak mucked
Seat 5: BGS013 (button) folded before Flop (didn't bet)
Seat 6: kvcsszblcs (small blind) folded before Flop



PokerStars Hand #254767677080:  Hold'em No Limit ($0.50/$1.00 USD) - 2025/02/08 16:58:41 WET [2025/02/08 11:58:41 ET]
Table 'Sahlia II' 6-max Seat #6 is the button
Seat 4: xxxZeka ($101.50 in chips) is sitting out
Seat 1: AlexPinsk1 ($102.28 in chips) 
Seat 3: Callumwak ($98.74 in chips) 
Seat 5: BGS013 ($100 in chips) 
Seat 6: kvcsszblcs ($107.92 in chips) 
AlexPinsk1: posts small blind $0.50
Callumwak: posts big blind $1
xxxZeka: sits out 
*** HOLE CARDS ***
BGS013: folds 
kvcsszblcs: raises $1.25 to $2.25
AlexPinsk1: folds 
Callumwak: folds 
Uncalled bet ($1.25) returned to kvcsszblcs
kvcsszblcs collected $2.50 from pot
kvcsszblcs: doesn't show hand 
*** SUMMARY ***
Total pot $2.50 | Rake $0 
Seat 4: xxxZeka
Seat 1: AlexPinsk1 (small blind) folded before Flop
Seat 3: Callumwak (big blind) folded before Flop
Seat 5: BGS013 folded before Flop (didn't bet)
Seat 6: kvcsszblcs (button) collected ($2.50)



PokerStars Hand #254767694966:  Hold'em No Limit ($0.50/$1.00 USD) - 2025/02/08 17:00:17 WET [2025/02/08 12:00:17 ET]
Table 'Sahlia II' 6-max Seat #5 is the button
Seat 2: Pon4uk.ua ($100 in chips) is sitting out
Seat 1: AlexPinsk1 ($101.50 in chips) 
Seat 3: Callumwak ($95.24 in chips) 
Seat 4: xxxZeka ($106 in chips) 
Seat 5: BGS013 ($100 in chips) 
Seat 6: kvcsszblcs ($109.92 in chips) 
kvcsszblcs: posts small blind $0.50
AlexPinsk1: posts big blind $1
Pon4uk.ua: sits out 
*** HOLE CARDS ***
Callumwak: folds 
xxxZeka: folds 
BGS013: folds 
kvcsszblcs: raises $1.85 to $2.85
AlexPinsk1: folds 
Uncalled bet ($1.85) returned to kvcsszblcs
kvcsszblcs collected $2 from pot
kvcsszblcs: doesn't show hand 
*** SUMMARY ***
Total pot $2 | Rake $0 
Seat 2: Pon4uk.ua
Seat 1: AlexPinsk1 (big blind) folded before Flop
Seat 3: Callumwak folded before Flop (didn't bet)
Seat 4: xxxZeka folded before Flop (didn't bet)
Seat 5: BGS013 (button) folded before Flop (didn't bet)
Seat 6: kvcsszblcs (small blind) collected ($2)



PokerStars Hand #254767699213:  Hold'em No Limit ($0.50/$1.00 USD) - 2025/02/08 17:00:38 WET [2025/02/08 12:00:38 ET]
Table 'Sahlia II' 6-max Seat #6 is the button
Seat 1: AlexPinsk1 ($100.50 in chips) 
Seat 2: Pon4uk.ua ($100 in chips) 
Seat 3: Callumwak ($95.24 in chips) 
Seat 4: xxxZeka ($106 in chips) 
Seat 5: BGS013 ($100 in chips) 
Seat 6: kvcsszblcs ($110.92 in chips) 
AlexPinsk1: posts small blind $0.50
Pon4uk.ua: posts big blind $1
*** HOLE CARDS ***
Callumwak: calls $1
xxxZeka: raises $3 to $4
BGS013: folds 
kvcsszblcs: folds 
AlexPinsk1: folds 
Pon4uk.ua: folds 
Callumwak: folds 
Uncalled bet ($3) returned to xxxZeka
xxxZeka collected $3.50 from pot
xxxZeka: doesn't show hand 
*** SUMMARY ***
Total pot $3.50 | Rake $0 
Seat 1: AlexPinsk1 (small blind) folded before Flop
Seat 2: Pon4uk.ua (big blind) folded before Flop
Seat 3: Callumwak folded before Flop
Seat 4: xxxZeka collected ($3.50)
Seat 5: BGS013 folded before Flop (didn't bet)
Seat 6: kvcsszblcs (button) folded before Flop (didn't bet)



PokerStars Hand #254767706629:  Hold'em No Limit ($0.50/$1.00 USD) - 2025/02/08 17:01:13 WET [2025/02/08 12:01:13 ET]
Table 'Sahlia II' 6-max Seat #1 is the button
Seat 1: AlexPinsk1 ($100 in chips) 
Seat 2: Pon4uk.ua ($100 in chips) 
Seat 3: Callumwak ($94.24 in chips) 
Seat 4: xxxZeka ($108.50 in chips) 
Seat 5: BGS013 ($100 in chips) 
Seat 6: kvcsszblcs ($110.92 in chips) 
Pon4uk.ua: posts small blind $0.50
Callumwak: posts big blind $1
*** HOLE CARDS ***
xxxZeka: folds 
BGS013: raises $1 to $2
kvcsszblcs: folds 
AlexPinsk1: folds 
Pon4uk.ua: folds 
Callumwak: folds 
Uncalled bet ($1) returned to BGS013
BGS013 collected $2.50 from pot
BGS013: doesn't show hand 
*** SUMMARY ***
Total pot $2.50 | Rake $0 
Seat 1: AlexPinsk1 (button) folded before Flop (didn't bet)
Seat 2: Pon4uk.ua (small blind) folded before Flop
Seat 3: Callumwak (big blind) folded before Flop
Seat 4: xxxZeka folded before Flop (didn't bet)
Seat 5: BGS013 collected ($2.50)
Seat 6: kvcsszblcs folded before Flop (didn't bet)



PokerStars Hand #254767713164:  Hold'em No Limit ($0.50/$1.00 USD) - 2025/02/08 17:01:42 WET [2025/02/08 12:01:42 ET]
Table 'Sahlia II' 6-max Seat #2 is the button
Seat 1: AlexPinsk1 ($100 in chips) 
Seat 2: Pon4uk.ua ($100 in chips) 
Seat 3: Callumwak ($93.24 in chips) 
Seat 4: xxxZeka ($108.50 in chips) 
Seat 5: BGS013 ($101.50 in chips) 
Seat 6: kvcsszblcs ($110.92 in chips) 
Callumwak: posts small blind $0.50
xxxZeka: posts big blind $1
*** HOLE CARDS ***
BGS013: folds 
kvcsszblcs: raises $1 to $2
AlexPinsk1: folds 
Pon4uk.ua: folds 
Callumwak: folds 
xxxZeka: calls $1
*** FLOP *** [7c 3s 9h]
xxxZeka: checks 
kvcsszblcs: checks 
*** TURN *** [7c 3s 9h] [8h]
xxxZeka: bets $2
kvcsszblcs: folds 
Uncalled bet ($2) returned to xxxZeka
xxxZeka collected $4.28 from pot
xxxZeka: doesn't show hand 
*** SUMMARY ***
Total pot $4.50 | Rake $0.22 
Board [7c 3s 9h 8h]
Seat 1: AlexPinsk1 folded before Flop (didn't bet)
Seat 2: Pon4uk.ua (button) folded before Flop (didn't bet)
Seat 3: Callumwak (small blind) folded before Flop
Seat 4: xxxZeka (big blind) collected ($4.28)
Seat 5: BGS013 folded before Flop (didn't bet)
Seat 6: kvcsszblcs folded on the Turn



PokerStars Hand #254767726483:  Hold'em No Limit ($0.50/$1.00 USD) - 2025/02/08 17:02:37 WET [2025/02/08 12:02:37 ET]
Table 'Sahlia II' 6-max Seat #3 is the button
Seat 1: AlexPinsk1 ($100 in chips) 
Seat 2: Pon4uk.ua ($100 in chips) 
Seat 3: Callumwak ($92.74 in chips) 
Seat 4: xxxZeka ($110.78 in chips) 
Seat 5: BGS013 ($101.50 in chips) 
Seat 6: kvcsszblcs ($108.92 in chips) 
xxxZeka: posts small blind $0.50
BGS013: posts big blind $1
*** HOLE CARDS ***
kvcsszblcs: raises $1 to $2
AlexPinsk1: folds 
Pon4uk.ua: folds 
Callumwak: folds 
xxxZeka: folds 
BGS013: calls $1
*** FLOP *** [Ad 2d Jd]
BGS013: checks 
kvcsszblcs: bets $1
BGS013: calls $1
*** TURN *** [Ad 2d Jd] [2c]
BGS013: checks 
kvcsszblcs: checks 
*** RIVER *** [Ad 2d Jd 2c] [Tc]
BGS013: bets $4.82
kvcsszblcs: calls $4.82
*** SHOW DOWN ***
BGS013: shows [3s 5s] (a pair of Deuces)
kvcsszblcs: shows [Kh Ks] (two pair, Kings and Deuces)
kvcsszblcs collected $15.33 from pot
*** SUMMARY ***
Total pot $16.14 | Rake $0.81 
Board [Ad 2d Jd 2c Tc]
Seat 1: AlexPinsk1 folded before Flop (didn't bet)
Seat 2: Pon4uk.ua folded before Flop (didn't bet)
Seat 3: Callumwak (button) folded before Flop (didn't bet)
Seat 4: xxxZeka (small blind) folded before Flop
Seat 5: BGS013 (big blind) showed [3s 5s] and lost with a pair of Deuces
Seat 6: kvcsszblcs showed [Kh Ks] and won ($15.33) with two pair, Kings and Deuces



PokerStars Hand #254767747438:  Hold'em No Limit ($0.50/$1.00 USD) - 2025/02/08 17:04:02 WET [2025/02/08 12:04:02 ET]
Table 'Sahlia II' 6-max Seat #4 is the button
Seat 1: AlexPinsk1 ($100 in chips) 
Seat 2: Pon4uk.ua ($100 in chips) 
Seat 3: Callumwak ($92.74 in chips) 
Seat 4: xxxZeka ($110.28 in chips) 
Seat 5: BGS013 ($100 in chips) 
Seat 6: kvcsszblcs ($116.43 in chips) 
BGS013: posts small blind $0.50
kvcsszblcs: posts big blind $1
*** HOLE CARDS ***
AlexPinsk1: folds 
Pon4uk.ua: folds 
Callumwak: raises $3 to $4
xxxZeka: folds 
BGS013: folds 
kvcsszblcs: folds 
Uncalled bet ($3) returned to Callumwak
Callumwak collected $2.50 from pot
*** SUMMARY ***
Total pot $2.50 | Rake $0 
Seat 1: AlexPinsk1 folded before Flop (didn't bet)
Seat 2: Pon4uk.ua folded before Flop (didn't bet)
Seat 3: Callumwak collected ($2.50)
Seat 4: xxxZeka (button) folded before Flop (didn't bet)
Seat 5: BGS013 (small blind) folded before Flop
Seat 6: kvcsszblcs (big blind) folded before Flop



PokerStars Hand #254767754265:  Hold'em No Limit ($0.50/$1.00 USD) - 2025/02/08 17:04:29 WET [2025/02/08 12:04:29 ET]
Table 'Sahlia II' 6-max Seat #5 is the button
Seat 1: AlexPinsk1 ($100 in chips) 
Seat 2: Pon4uk.ua ($100 in chips) 
Seat 3: Callumwak ($94.24 in chips) 
Seat 4: xxxZeka ($110.28 in chips) 
Seat 5: BGS013 ($100 in chips) 
Seat 6: kvcsszblcs ($115.43 in chips) 
kvcsszblcs: posts small blind $0.50
AlexPinsk1: posts big blind $1
*** HOLE CARDS ***
Pon4uk.ua: folds 
Callumwak: folds 
xxxZeka: folds 
BGS013: raises $1.50 to $2.50
kvcsszblcs: folds 
AlexPinsk1: folds 
Uncalled bet ($1.50) returned to BGS013
BGS013 collected $2.50 from pot
BGS013: doesn't show hand 
*** SUMMARY ***
Total pot $2.50 | Rake $0 
Seat 1: AlexPinsk1 (big blind) folded before Flop
Seat 2: Pon4uk.ua folded before Flop (didn't bet)
Seat 3: Callumwak folded before Flop (didn't bet)
Seat 4: xxxZeka folded before Flop (didn't bet)
Seat 5: BGS013 (button) collected ($2.50)
Seat 6: kvcsszblcs (small blind) folded before Flop



PokerStars Hand #254767758917:  Hold'em No Limit ($0.50/$1.00 USD) - 2025/02/08 17:04:48 WET [2025/02/08 12:04:48 ET]
Table 'Sahlia II' 6-max Seat #6 is the button
Seat 1: AlexPinsk1 ($100 in chips) 
Seat 2: Pon4uk.ua ($100 in chips) 
Seat 3: Callumwak ($94.24 in chips) 
Seat 4: xxxZeka ($110.28 in chips) 
Seat 5: BGS013 ($101.50 in chips) 
Seat 6: kvcsszblcs ($114.93 in chips) 
AlexPinsk1: posts small blind $0.50
Pon4uk.ua: posts big blind $1
*** HOLE CARDS ***
Callumwak: folds 
xxxZeka: folds 
BGS013: folds 
kvcsszblcs: folds 
AlexPinsk1: folds 
Uncalled bet ($0.50) returned to Pon4uk.ua
Pon4uk.ua collected $1 from pot
Pon4uk.ua: doesn't show hand 
*** SUMMARY ***
Total pot $1 | Rake $0 
Seat 1: AlexPinsk1 (small blind) folded before Flop
Seat 2: Pon4uk.ua (big blind) collected ($1)
Seat 3: Callumwak folded before Flop (didn't bet)
Seat 4: xxxZeka folded before Flop (didn't bet)
Seat 5: BGS013 folded before Flop (didn't bet)
Seat 6: kvcsszblcs (button) folded before Flop (didn't bet)



PokerStars Hand #254767764042:  Hold'em No Limit ($0.50/$1.00 USD) - 2025/02/08 17:05:08 WET [2025/02/08 12:05:08 ET]
Table 'Sahlia II' 6-max Seat #1 is the button
Seat 1: AlexPinsk1 ($100 in chips) 
Seat 2: Pon4uk.ua ($100.50 in chips) 
Seat 3: Callumwak ($94.24 in chips) 
Seat 4: xxxZeka ($110.28 in chips) 
Seat 5: BGS013 ($101.50 in chips) 
Seat 6: kvcsszblcs ($114.93 in chips) 
Pon4uk.ua: posts small blind $0.50
Callumwak: posts big blind $1
*** HOLE CARDS ***
xxxZeka: folds 
BGS013: folds 
kvcsszblcs: folds 
AlexPinsk1: folds 
Pon4uk.ua: raises $1.75 to $2.75
Callumwak: calls $1.75
*** FLOP *** [3c Qh 4h]
Pon4uk.ua: bets $1.72
Callumwak: calls $1.72
*** TURN *** [3c Qh 4h] [2h]
Pon4uk.ua: checks 
Callumwak: checks 
*** RIVER *** [3c Qh 4h 2h] [Qs]
Pon4uk.ua: checks 
Callumwak: checks 
*** SHOW DOWN ***
Pon4uk.ua: shows [Js 4s] (two pair, Queens and Fours)
Callumwak: mucks hand 
Pon4uk.ua collected $8.49 from pot
*** SUMMARY ***
Total pot $8.94 | Rake $0.45 
Board [3c Qh 4h 2h Qs]
Seat 1: AlexPinsk1 (button) folded before Flop (didn't bet)
Seat 2: Pon4uk.ua (small blind) showed [Js 4s] and won ($8.49) with two pair, Queens and Fours
Seat 3: Callumwak (big blind) mucked
Seat 4: xxxZeka folded before Flop (didn't bet)
Seat 5: BGS013 folded before Flop (didn't bet)
Seat 6: kvcsszblcs folded before Flop (didn't bet)



PokerStars Hand #254767784557:  Hold'em No Limit ($0.50/$1.00 USD) - 2025/02/08 17:06:28 WET [2025/02/08 12:06:28 ET]
Table 'Sahlia II' 6-max Seat #2 is the button
Seat 1: AlexPinsk1 ($100 in chips) 
Seat 2: Pon4uk.ua ($104.52 in chips) 
Seat 3: Callumwak ($89.77 in chips) 
Seat 4: xxxZeka ($110.28 in chips) 
Seat 5: BGS013 ($101.50 in chips) 
Seat 6: kvcsszblcs ($114.93 in chips) 
Callumwak: posts small blind $0.50
xxxZeka: posts big blind $1
*** HOLE CARDS ***
BGS013: folds 
kvcsszblcs: folds 
AlexPinsk1: raises $1.50 to $2.50
Pon4uk.ua: folds 
Callumwak: folds 
xxxZeka: folds 
Uncalled bet ($1.50) returned to AlexPinsk1
AlexPinsk1 collected $2.50 from pot
AlexPinsk1: doesn't show hand 
*** SUMMARY ***
Total pot $2.50 | Rake $0 
Seat 1: AlexPinsk1 collected ($2.50)
Seat 2: Pon4uk.ua (button) folded before Flop (didn't bet)
Seat 3: Callumwak (small blind) folded before Flop
Seat 4: xxxZeka (big blind) folded before Flop
Seat 5: BGS013 folded before Flop (didn't bet)
Seat 6: kvcsszblcs folded before Flop (didn't bet)



PokerStars Hand #254767787709:  Hold'em No Limit ($0.50/$1.00 USD) - 2025/02/08 17:06:41 WET [2025/02/08 12:06:41 ET]
Table 'Sahlia II' 6-max Seat #3 is the button
Seat 1: AlexPinsk1 ($101.50 in chips) 
Seat 2: Pon4uk.ua ($104.52 in chips) 
Seat 3: Callumwak ($89.27 in chips) 
Seat 4: xxxZeka ($109.28 in chips) 
Seat 5: BGS013 ($101.50 in chips) 
Seat 6: kvcsszblcs ($114.93 in chips) 
xxxZeka: posts small blind $0.50
BGS013: posts big blind $1
*** HOLE CARDS ***
kvcsszblcs: raises $1 to $2
AlexPinsk1: folds 
Pon4uk.ua: folds 
Callumwak: folds 
xxxZeka: folds 
BGS013: folds 
Uncalled bet ($1) returned to kvcsszblcs
kvcsszblcs collected $2.50 from pot
kvcsszblcs: doesn't show hand 
*** SUMMARY ***
Total pot $2.50 | Rake $0 
Seat 1: AlexPinsk1 folded before Flop (didn't bet)
Seat 2: Pon4uk.ua folded before Flop (didn't bet)
Seat 3: Callumwak (button) folded before Flop (didn't bet)
Seat 4: xxxZeka (small blind) folded before Flop
Seat 5: BGS013 (big blind) folded before Flop
Seat 6: kvcsszblcs collected ($2.50)



PokerStars Hand #254767793734:  Hold'em No Limit ($0.50/$1.00 USD) - 2025/02/08 17:07:04 WET [2025/02/08 12:07:04 ET]
Table 'Sahlia II' 6-max Seat #4 is the button
Seat 1: AlexPinsk1 ($101.50 in chips) 
Seat 2: Pon4uk.ua ($104.52 in chips) 
Seat 3: Callumwak ($89.27 in chips) 
Seat 4: xxxZeka ($108.78 in chips) 
Seat 5: BGS013 ($100.50 in chips) 
Seat 6: kvcsszblcs ($116.43 in chips) 
BGS013: posts small blind $0.50
kvcsszblcs: posts big blind $1
*** HOLE CARDS ***
AlexPinsk1: folds 
Pon4uk.ua has timed out
Pon4uk.ua: folds 
Callumwak: folds 
xxxZeka: raises $1.50 to $2.50
BGS013: folds 
kvcsszblcs: folds 
Uncalled bet ($1.50) returned to xxxZeka
xxxZeka collected $2.50 from pot
xxxZeka: doesn't show hand 
*** SUMMARY ***
Total pot $2.50 | Rake $0 
Seat 1: AlexPinsk1 folded before Flop (didn't bet)
Seat 2: Pon4uk.ua folded before Flop (didn't bet)
Seat 3: Callumwak folded before Flop (didn't bet)
Seat 4: xxxZeka (button) collected ($2.50)
Seat 5: BGS013 (small blind) folded before Flop
Seat 6: kvcsszblcs (big blind) folded before Flop



PokerStars Hand #254767800647:  Hold'em No Limit ($0.50/$1.00 USD) - 2025/02/08 17:07:31 WET [2025/02/08 12:07:31 ET]
Table 'Sahlia II' 6-max Seat #5 is the button
Seat 1: AlexPinsk1 ($101.50 in chips) is sitting out
Seat 2: Pon4uk.ua ($104.52 in chips) 
Seat 3: Callumwak ($89.27 in chips) 
Seat 4: xxxZeka ($110.28 in chips) 
Seat 5: BGS013 ($100 in chips) 
Seat 6: kvcsszblcs ($115.43 in chips) 
kvcsszblcs: posts small blind $0.50
AlexPinsk1: is sitting out 
Pon4uk.ua: posts big blind $1
*** HOLE CARDS ***
Callumwak: folds 
xxxZeka: folds 
BGS013: raises $1.50 to $2.50
kvcsszblcs: folds 
Pon4uk.ua: folds 
Uncalled bet ($1.50) returned to BGS013
BGS013 collected $2.50 from pot
BGS013: doesn't show hand 
*** SUMMARY ***
Total pot $2.50 | Rake $0 
Seat 1: AlexPinsk1
Seat 2: Pon4uk.ua (big blind) folded before Flop
Seat 3: Callumwak folded before Flop (didn't bet)
Seat 4: xxxZeka folded before Flop (didn't bet)
Seat 5: BGS013 (button) collected ($2.50)
Seat 6: kvcsszblcs (small blind) folded before Flop



PokerStars Hand #254767806037:  Hold'em No Limit ($0.50/$1.00 USD) - 2025/02/08 17:07:52 WET [2025/02/08 12:07:52 ET]
Table 'Sahlia II' 6-max Seat #6 is the button
Seat 1: AlexPinsk1 ($101.50 in chips) is sitting out
Seat 2: Pon4uk.ua ($103.52 in chips) 
Seat 3: Callumwak ($89.27 in chips) 
Seat 4: xxxZeka ($110.28 in chips) 
Seat 5: BGS013 ($101.50 in chips) 
Seat 6: kvcsszblcs ($114.93 in chips) 
Pon4uk.ua: posts small blind $0.50
Callumwak: posts big blind $1
*** HOLE CARDS ***
xxxZeka: raises $1.50 to $2.50
BGS013: folds 
kvcsszblcs: folds 
Pon4uk.ua: folds 
Callumwak: folds 
Uncalled bet ($1.50) returned to xxxZeka
xxxZeka collected $2.50 from pot
xxxZeka: doesn't show hand 
*** SUMMARY ***
Total pot $2.50 | Rake $0 
Seat 1: AlexPinsk1
Seat 2: Pon4uk.ua (small blind) folded before Flop
Seat 3: Callumwak (big blind) folded before Flop
Seat 4: xxxZeka collected ($2.50)
Seat 5: BGS013 folded before Flop (didn't bet)
Seat 6: kvcsszblcs (button) folded before Flop (didn't bet)



PokerStars Hand #254767808582:  Hold'em No Limit ($0.50/$1.00 USD) - 2025/02/08 17:08:02 WET [2025/02/08 12:08:02 ET]
Table 'Sahlia II' 6-max Seat #2 is the button
Seat 1: AlexPinsk1 ($101.50 in chips) is sitting out
Seat 2: Pon4uk.ua ($103.02 in chips) 
Seat 3: Callumwak ($88.27 in chips) 
Seat 4: xxxZeka ($111.78 in chips) 
Seat 5: BGS013 ($101.50 in chips) 
Seat 6: kvcsszblcs ($114.93 in chips) 
Callumwak: posts small blind $0.50
xxxZeka: posts big blind $1
*** HOLE CARDS ***
BGS013: folds 
kvcsszblcs: folds 
Pon4uk.ua: folds 
Callumwak: folds 
Uncalled bet ($0.50) returned to xxxZeka
xxxZeka collected $1 from pot
xxxZeka: doesn't show hand 
*** SUMMARY ***
Total pot $1 | Rake $0 
Seat 1: AlexPinsk1
Seat 2: Pon4uk.ua (button) folded before Flop (didn't bet)
Seat 3: Callumwak (small blind) folded before Flop
Seat 4: xxxZeka (big blind) collected ($1)
Seat 5: BGS013 folded before Flop (didn't bet)
Seat 6: kvcsszblcs folded before Flop (didn't bet)



PokerStars Hand #254767812501:  Hold'em No Limit ($0.50/$1.00 USD) - 2025/02/08 17:08:18 WET [2025/02/08 12:08:18 ET]
Table 'Sahlia II' 6-max Seat #3 is the button
Seat 1: AlexPinsk1 ($101.50 in chips) is sitting out
Seat 2: Pon4uk.ua ($103.02 in chips) 
Seat 3: Callumwak ($87.77 in chips) 
Seat 4: xxxZeka ($112.28 in chips) 
Seat 5: BGS013 ($101.50 in chips) 
Seat 6: kvcsszblcs ($114.93 in chips) 
xxxZeka: posts small blind $0.50
BGS013: posts big blind $1
*** HOLE CARDS ***
kvcsszblcs: folds 
Pon4uk.ua: raises $1.50 to $2.50
Callumwak: folds 
xxxZeka: folds 
BGS013: folds 
Uncalled bet ($1.50) returned to Pon4uk.ua
Pon4uk.ua collected $2.50 from pot
Pon4uk.ua: doesn't show hand 
*** SUMMARY ***
Total pot $2.50 | Rake $0 
Seat 1: AlexPinsk1
Seat 2: Pon4uk.ua collected ($2.50)
Seat 3: Callumwak (button) folded before Flop (didn't bet)
Seat 4: xxxZeka (small blind) folded before Flop
Seat 5: BGS013 (big blind) folded before Flop
Seat 6: kvcsszblcs folded before Flop (didn't bet)



PokerStars Hand #254767817214:  Hold'em No Limit ($0.50/$1.00 USD) - 2025/02/08 17:08:36 WET [2025/02/08 12:08:36 ET]
Table 'Sahlia II' 6-max Seat #4 is the button
Seat 1: AlexPinsk1 ($101.50 in chips) is sitting out
Seat 2: Pon4uk.ua ($104.52 in chips) 
Seat 3: Callumwak ($87.77 in chips) 
Seat 4: xxxZeka ($111.78 in chips) 
Seat 5: BGS013 ($100.50 in chips) 
Seat 6: kvcsszblcs ($114.93 in chips) 
BGS013: posts small blind $0.50
kvcsszblcs: posts big blind $1
*** HOLE CARDS ***
Pon4uk.ua: raises $1 to $2
Callumwak: calls $2
xxxZeka: folds 
BGS013: folds 
kvcsszblcs: folds 
*** FLOP *** [4h 2c 3s]
Pon4uk.ua: bets $2.61
Callumwak: calls $2.61
*** TURN *** [4h 2c 3s] [8h]
Pon4uk.ua: bets $7.64
Callumwak: calls $7.64
*** RIVER *** [4h 2c 3s 8h] [8s]
Pon4uk.ua: checks 
Callumwak: bets $12.35
Pon4uk.ua: calls $12.35
*** SHOW DOWN ***
Callumwak: shows [7d 7s] (two pair, Eights and Sevens)
Pon4uk.ua: mucks hand 
Callumwak collected $48.20 from pot
*** SUMMARY ***
Total pot $50.70 | Rake $2.50 
Board [4h 2c 3s 8h 8s]
Seat 1: AlexPinsk1
Seat 2: Pon4uk.ua mucked
Seat 3: Callumwak showed [7d 7s] and won ($48.20) with two pair, Eights and Sevens
Seat 4: xxxZeka (button) folded before Flop (didn't bet)
Seat 5: BGS013 (small blind) folded before Flop
Seat 6: kvcsszblcs (big blind) folded before Flop



PokerStars Hand #254767828433:  Hold'em No Limit ($0.50/$1.00 USD) - 2025/02/08 17:09:21 WET [2025/02/08 12:09:21 ET]
Table 'Sahlia II' 6-max Seat #5 is the button
Seat 1: AlexPinsk1 ($101.50 in chips) is sitting out
Seat 2: Pon4uk.ua ($100 in chips) 
Seat 3: Callumwak ($111.37 in chips) 
Seat 4: xxxZeka ($111.78 in chips) 
Seat 5: BGS013 ($100 in chips) 
Seat 6: kvcsszblcs ($113.93 in chips) 
kvcsszblcs: posts small blind $0.50
Pon4uk.ua: posts big blind $1
*** HOLE CARDS ***
Callumwak: raises $1 to $2
xxxZeka: folds 
BGS013: folds 
kvcsszblcs: raises $8 to $10
Pon4uk.ua: folds 
Callumwak: folds 
Uncalled bet ($8) returned to kvcsszblcs
kvcsszblcs collected $5 from pot
kvcsszblcs: doesn't show hand 
*** SUMMARY ***
Total pot $5 | Rake $0 
Seat 1: AlexPinsk1
Seat 2: Pon4uk.ua (big blind) folded before Flop
Seat 3: Callumwak folded before Flop
Seat 4: xxxZeka folded before Flop (didn't bet)
Seat 5: BGS013 (button) folded before Flop (didn't bet)
Seat 6: kvcsszblcs (small blind) collected ($5)



PokerStars Hand #254767834171:  Hold'em No Limit ($0.50/$1.00 USD) - 2025/02/08 17:09:44 WET [2025/02/08 12:09:44 ET]
Table 'Sahlia II' 6-max Seat #6 is the button
Seat 1: AlexPinsk1 ($101.50 in chips) is sitting out
Seat 2: Pon4uk.ua ($100 in chips) 
Seat 3: Callumwak ($109.37 in chips) 
Seat 4: xxxZeka ($111.78 in chips) 
Seat 5: BGS013 ($100 in chips) 
Seat 6: kvcsszblcs ($116.93 in chips) 
Pon4uk.ua: posts small blind $0.50
Callumwak: posts big blind $1
*** HOLE CARDS ***
xxxZeka: folds 
BGS013: folds 
kvcsszblcs: raises $1.25 to $2.25
Pon4uk.ua: folds 
Callumwak: calls $1.25
*** FLOP *** [2c 8d Th]
Callumwak: bets $2
kvcsszblcs: folds 
Uncalled bet ($2) returned to Callumwak
Callumwak collected $4.75 from pot
*** SUMMARY ***
Total pot $5 | Rake $0.25 
Board [2c 8d Th]
Seat 1: AlexPinsk1
Seat 2: Pon4uk.ua (small blind) folded before Flop
Seat 3: Callumwak (big blind) collected ($4.75)
Seat 4: xxxZeka folded before Flop (didn't bet)
Seat 5: BGS013 folded before Flop (didn't bet)
Seat 6: kvcsszblcs (button) folded on the Flop



PokerStars Hand #254767846551:  Hold'em No Limit ($0.50/$1.00 USD) - 2025/02/08 17:10:32 WET [2025/02/08 12:10:32 ET]
Table 'Sahlia II' 6-max Seat #2 is the button
Seat 1: AlexPinsk1 ($101.50 in chips) is sitting out
Seat 2: Pon4uk.ua ($100 in chips) 
Seat 3: Callumwak ($111.87 in chips) 
Seat 4: xxxZeka ($111.78 in chips) 
Seat 5: BGS013 ($100 in chips) 
Seat 6: kvcsszblcs ($114.68 in chips) 
Callumwak: posts small blind $0.50
xxxZeka: posts big blind $1
*** HOLE CARDS ***
BGS013: folds 
kvcsszblcs: folds 
Pon4uk.ua: raises $1.50 to $2.50
Callumwak: folds 
xxxZeka: folds 
Uncalled bet ($1.50) returned to Pon4uk.ua
Pon4uk.ua collected $2.50 from pot
Pon4uk.ua: doesn't show hand 
*** SUMMARY ***
Total pot $2.50 | Rake $0 
Seat 1: AlexPinsk1
Seat 2: Pon4uk.ua (button) collected ($2.50)
Seat 3: Callumwak (small blind) folded before Flop
Seat 4: xxxZeka (big blind) folded before Flop
Seat 5: BGS013 folded before Flop (didn't bet)
Seat 6: kvcsszblcs folded before Flop (didn't bet)



PokerStars Hand #254767850132:  Hold'em No Limit ($0.50/$1.00 USD) - 2025/02/08 17:10:46 WET [2025/02/08 12:10:46 ET]
Table 'Sahlia II' 6-max Seat #3 is the button
Seat 1: AlexPinsk1 ($101.50 in chips) is sitting out
Seat 2: Pon4uk.ua ($101.50 in chips) 
Seat 3: Callumwak ($111.37 in chips) 
Seat 4: xxxZeka ($110.78 in chips) 
Seat 5: BGS013 ($100 in chips) 
Seat 6: kvcsszblcs ($114.68 in chips) 
xxxZeka: posts small blind $0.50
BGS013: posts big blind $1
*** HOLE CARDS ***
kvcsszblcs: folds 
Pon4uk.ua: folds 
Callumwak: folds 
xxxZeka: folds 
Uncalled bet ($0.50) returned to BGS013
BGS013 collected $1 from pot
BGS013: doesn't show hand 
*** SUMMARY ***
Total pot $1 | Rake $0 
Seat 1: AlexPinsk1
Seat 2: Pon4uk.ua folded before Flop (didn't bet)
Seat 3: Callumwak (button) folded before Flop (didn't bet)
Seat 4: xxxZeka (small blind) folded before Flop
Seat 5: BGS013 (big blind) collected ($1)
Seat 6: kvcsszblcs folded before Flop (didn't bet)



PokerStars Hand #254767855216:  Hold'em No Limit ($0.50/$1.00 USD) - 2025/02/08 17:11:06 WET [2025/02/08 12:11:06 ET]
Table 'Sahlia II' 6-max Seat #4 is the button
Seat 1: AlexPinsk1 ($101.50 in chips) is sitting out
Seat 2: Pon4uk.ua ($101.50 in chips) 
Seat 3: Callumwak ($111.37 in chips) 
Seat 4: xxxZeka ($110.28 in chips) 
Seat 5: BGS013 ($100.50 in chips) 
Seat 6: kvcsszblcs ($114.68 in chips) 
BGS013: posts small blind $0.50
kvcsszblcs: posts big blind $1
*** HOLE CARDS ***
Pon4uk.ua: raises $1 to $2
Callumwak: folds 
xxxZeka: folds 
BGS013: folds 
kvcsszblcs: calls $1
*** FLOP *** [2c Jc 5s]
kvcsszblcs: checks 
Pon4uk.ua: bets $2
kvcsszblcs: calls $2
*** TURN *** [2c Jc 5s] [Ts]
kvcsszblcs: checks 
Pon4uk.ua: checks 
*** RIVER *** [2c Jc 5s Ts] [As]
kvcsszblcs: bets $6.06
Pon4uk.ua: folds 
Uncalled bet ($6.06) returned to kvcsszblcs
kvcsszblcs collected $8.08 from pot
kvcsszblcs: doesn't show hand 
*** SUMMARY ***
Total pot $8.50 | Rake $0.42 
Board [2c Jc 5s Ts As]
Seat 1: AlexPinsk1
Seat 2: Pon4uk.ua folded on the River
Seat 3: Callumwak folded before Flop (didn't bet)
Seat 4: xxxZeka (button) folded before Flop (didn't bet)
Seat 5: BGS013 (small blind) folded before Flop
Seat 6: kvcsszblcs (big blind) collected ($8.08)



PokerStars Hand #254767869029:  Hold'em No Limit ($0.50/$1.00 USD) - 2025/02/08 17:11:59 WET [2025/02/08 12:11:59 ET]
Table 'Sahlia II' 6-max Seat #5 is the button
Seat 1: AlexPinsk1 ($101.50 in chips) is sitting out
Seat 2: Pon4uk.ua ($100 in chips) 
Seat 3: Callumwak ($111.37 in chips) 
Seat 4: xxxZeka ($110.28 in chips) 
Seat 5: BGS013 ($100 in chips) 
Seat 6: kvcsszblcs ($118.76 in chips) 
kvcsszblcs: posts small blind $0.50
Pon4uk.ua: posts big blind $1
*** HOLE CARDS ***
Callumwak: raises $2 to $3
AlexPinsk1 leaves the table
xxxZeka: folds 
BGS013: folds 
kvcsszblcs: folds 
Pon4uk.ua: folds 
Uncalled bet ($2) returned to Callumwak
Callumwak collected $2.50 from pot
*** SUMMARY ***
Total pot $2.50 | Rake $0 
Seat 1: AlexPinsk1
Seat 2: Pon4uk.ua (big blind) folded before Flop
Seat 3: Callumwak collected ($2.50)
Seat 4: xxxZeka folded before Flop (didn't bet)
Seat 5: BGS013 (button) folded before Flop (didn't bet)
Seat 6: kvcsszblcs (small blind) folded before Flop



PokerStars Hand #254767872360:  Hold'em No Limit ($0.50/$1.00 USD) - 2025/02/08 17:12:12 WET [2025/02/08 12:12:12 ET]
Table 'Sahlia II' 6-max Seat #6 is the button
Seat 2: Pon4uk.ua ($100 in chips) 
Seat 3: Callumwak ($112.87 in chips) 
Seat 4: xxxZeka ($110.28 in chips) 
Seat 5: BGS013 ($100 in chips) 
Seat 6: kvcsszblcs ($118.26 in chips) 
Pon4uk.ua: posts small blind $0.50
Callumwak: posts big blind $1
*** HOLE CARDS ***
xxxZeka: folds 
BGS013: folds 
kvcsszblcs: raises $1.25 to $2.25
Pon4uk.ua: folds 
Callumwak: calls $1.25
*** FLOP *** [2c 9h Jc]
Callumwak: bets $2
AngelovAlexMKD joins the table at seat #1 
kvcsszblcs: calls $2
*** TURN *** [2c 9h Jc] [Th]
Callumwak: checks 
kvcsszblcs: bets $6.41
Callumwak: raises $6.41 to $12.82
kvcsszblcs: calls $6.41
*** RIVER *** [2c 9h Jc Th] [3d]
Callumwak: bets $24.46
kvcsszblcs: folds 
Uncalled bet ($24.46) returned to Callumwak
Callumwak collected $32.91 from pot
*** SUMMARY ***
Total pot $34.64 | Rake $1.73 
Board [2c 9h Jc Th 3d]
Seat 2: Pon4uk.ua (small blind) folded before Flop
Seat 3: Callumwak (big blind) collected ($32.91)
Seat 4: xxxZeka folded before Flop (didn't bet)
Seat 5: BGS013 folded before Flop (didn't bet)
Seat 6: kvcsszblcs (button) folded on the River



PokerStars Hand #254767899304:  Hold'em No Limit ($0.50/$1.00 USD) - 2025/02/08 17:13:54 WET [2025/02/08 12:13:54 ET]
Table 'Sahlia II' 6-max Seat #2 is the button
Seat 1: AngelovAlexMKD ($100 in chips) is sitting out
Seat 2: Pon4uk.ua ($100 in chips) 
Seat 3: Callumwak ($128.71 in chips) 
Seat 4: xxxZeka ($110.28 in chips) 
Seat 5: BGS013 ($100 in chips) 
Seat 6: kvcsszblcs ($101.19 in chips) 
Callumwak: posts small blind $0.50
xxxZeka: posts big blind $1
AngelovAlexMKD: sits out 
*** HOLE CARDS ***
BGS013: folds 
kvcsszblcs: folds 
Pon4uk.ua: raises $1.50 to $2.50
Callumwak: folds 
xxxZeka: folds 
Uncalled bet ($1.50) returned to Pon4uk.ua
Pon4uk.ua collected $2.50 from pot
Pon4uk.ua: doesn't show hand 
*** SUMMARY ***
Total pot $2.50 | Rake $0 
Seat 1: AngelovAlexMKD
Seat 2: Pon4uk.ua (button) collected ($2.50)
Seat 3: Callumwak (small blind) folded before Flop
Seat 4: xxxZeka (big blind) folded before Flop
Seat 5: BGS013 folded before Flop (didn't bet)
Seat 6: kvcsszblcs folded before Flop (didn't bet)



PokerStars Hand #254767904325:  Hold'em No Limit ($0.50/$1.00 USD) - 2025/02/08 17:14:13 WET [2025/02/08 12:14:13 ET]
Table 'Sahlia II' 6-max Seat #3 is the button
Seat 1: AngelovAlexMKD ($100 in chips) is sitting out
Seat 2: Pon4uk.ua ($101.50 in chips) 
Seat 3: Callumwak ($128.21 in chips) 
Seat 4: xxxZeka ($109.28 in chips) 
Seat 5: BGS013 ($100 in chips) 
Seat 6: kvcsszblcs ($101.19 in chips) 
xxxZeka: posts small blind $0.50
BGS013: posts big blind $1
AngelovAlexMKD: sits out 
*** HOLE CARDS ***
kvcsszblcs: folds 
Pon4uk.ua: folds 
Callumwak: folds 
xxxZeka: folds 
Uncalled bet ($0.50) returned to BGS013
BGS013 collected $1 from pot
BGS013: doesn't show hand 
*** SUMMARY ***
Total pot $1 | Rake $0 
Seat 1: AngelovAlexMKD
Seat 2: Pon4uk.ua folded before Flop (didn't bet)
Seat 3: Callumwak (button) folded before Flop (didn't bet)
Seat 4: xxxZeka (small blind) folded before Flop
Seat 5: BGS013 (big blind) collected ($1)
Seat 6: kvcsszblcs folded before Flop (didn't bet)



PokerStars Hand #254767908417:  Hold'em No Limit ($0.50/$1.00 USD) - 2025/02/08 17:14:29 WET [2025/02/08 12:14:29 ET]
Table 'Sahlia II' 6-max Seat #4 is the button
Seat 1: AngelovAlexMKD ($100 in chips) is sitting out
Seat 2: Pon4uk.ua ($101.50 in chips) 
Seat 3: Callumwak ($128.21 in chips) 
Seat 4: xxxZeka ($108.78 in chips) 
Seat 5: BGS013 ($100.50 in chips) 
Seat 6: kvcsszblcs ($101.19 in chips) 
BGS013: posts small blind $0.50
kvcsszblcs: posts big blind $1
AngelovAlexMKD: sits out 
*** HOLE CARDS ***
Pon4uk.ua: folds 
Callumwak: folds 
Callumwak leaves the table
xxxZeka: folds 
BGS013: folds 
Uncalled bet ($0.50) returned to kvcsszblcs
kvcsszblcs collected $1 from pot
kvcsszblcs: doesn't show hand 
*** SUMMARY ***
Total pot $1 | Rake $0 
Seat 1: AngelovAlexMKD
Seat 2: Pon4uk.ua folded before Flop (didn't bet)
Seat 3: Callumwak folded before Flop (didn't bet)
Seat 4: xxxZeka (button) folded before Flop (didn't bet)
Seat 5: BGS013 (small blind) folded before Flop
Seat 6: kvcsszblcs (big blind) collected ($1)



PokerStars Hand #254767912178:  Hold'em No Limit ($0.50/$1.00 USD) - 2025/02/08 17:14:43 WET [2025/02/08 12:14:43 ET]
Table 'Sahlia II' 6-max Seat #5 is the button
Seat 1: AngelovAlexMKD ($100 in chips) 
Seat 2: Pon4uk.ua ($101.50 in chips) 
Seat 4: xxxZeka ($108.78 in chips) 
Seat 5: BGS013 ($100 in chips) 
Seat 6: kvcsszblcs ($101.69 in chips) 
kvcsszblcs: posts small blind $0.50
AngelovAlexMKD: posts big blind $1
*** HOLE CARDS ***
Pon4uk.ua: raises $1 to $2
xxxZeka: folds 
BGS013: folds 
kvcsszblcs: folds 
AngelovAlexMKD: folds 
Uncalled bet ($1) returned to Pon4uk.ua
Pon4uk.ua collected $2.50 from pot
Pon4uk.ua: doesn't show hand 
*** SUMMARY ***
Total pot $2.50 | Rake $0 
Seat 1: AngelovAlexMKD (big blind) folded before Flop
Seat 2: Pon4uk.ua collected ($2.50)
Seat 4: xxxZeka folded before Flop (didn't bet)
Seat 5: BGS013 (button) folded before Flop (didn't bet)
Seat 6: kvcsszblcs (small blind) folded before Flop



PokerStars Hand #254767916705:  Hold'em No Limit ($0.50/$1.00 USD) - 2025/02/08 17:15:00 WET [2025/02/08 12:15:00 ET]
Table 'Sahlia II' 6-max Seat #6 is the button
Seat 1: AngelovAlexMKD ($100 in chips) 
Seat 2: Pon4uk.ua ($103 in chips) 
Seat 4: xxxZeka ($108.78 in chips) 
Seat 5: BGS013 ($100 in chips) 
Seat 6: kvcsszblcs ($101.19 in chips) 
AngelovAlexMKD: posts small blind $0.50
Pon4uk.ua: posts big blind $1
*** HOLE CARDS ***
xxxZeka: folds 
BGS013: raises $1.50 to $2.50
kvcsszblcs: folds 
AngelovAlexMKD: folds 
Pon4uk.ua: folds 
Uncalled bet ($1.50) returned to BGS013
Pon4uk.ua leaves the table
BGS013 collected $2.50 from pot
BGS013: doesn't show hand 
*** SUMMARY ***
Total pot $2.50 | Rake $0 
Seat 1: AngelovAlexMKD (small blind) folded before Flop
Seat 2: Pon4uk.ua (big blind) folded before Flop
Seat 4: xxxZeka folded before Flop (didn't bet)
Seat 5: BGS013 collected ($2.50)
Seat 6: kvcsszblcs (button) folded before Flop (didn't bet)



PokerStars Hand #254767921762:  Hold'em No Limit ($0.50/$1.00 USD) - 2025/02/08 17:15:19 WET [2025/02/08 12:15:19 ET]
Table 'Sahlia II' 6-max Seat #1 is the button
Seat 1: AngelovAlexMKD ($100 in chips) 
Seat 4: xxxZeka ($108.78 in chips) 
Seat 5: BGS013 ($101.50 in chips) 
Seat 6: kvcsszblcs ($101.19 in chips) 
xxxZeka: posts small blind $0.50
BGS013: posts big blind $1
*** HOLE CARDS ***
kvcsszblcs: folds 
AngelovAlexMKD: raises $1.50 to $2.50
xxxZeka: raises $8.50 to $11
BGS013: folds 
AngelovAlexMKD: folds 
Uncalled bet ($8.50) returned to xxxZeka
xxxZeka collected $6 from pot
xxxZeka: doesn't show hand 
*** SUMMARY ***
Total pot $6 | Rake $0 
Seat 1: AngelovAlexMKD (button) folded before Flop
Seat 4: xxxZeka (small blind) collected ($6)
Seat 5: BGS013 (big blind) folded before Flop
Seat 6: kvcsszblcs folded before Flop (didn't bet)



PokerStars Hand #254767926459:  Hold'em No Limit ($0.50/$1.00 USD) - 2025/02/08 17:15:38 WET [2025/02/08 12:15:38 ET]
Table 'Sahlia II' 6-max Seat #4 is the button
Seat 1: AngelovAlexMKD ($100 in chips) 
Seat 4: xxxZeka ($112.28 in chips) 
Seat 5: BGS013 ($100.50 in chips) 
Seat 6: kvcsszblcs ($101.19 in chips) 
BGS013: posts small blind $0.50
kvcsszblcs: posts big blind $1
*** HOLE CARDS ***
AngelovAlexMKD: folds 
xxxZeka: folds 
BGS013: raises $2 to $3
kvcsszblcs: folds 
Uncalled bet ($2) returned to BGS013
BGS013 collected $2 from pot
BGS013: doesn't show hand 
*** SUMMARY ***
Total pot $2 | Rake $0 
Seat 1: AngelovAlexMKD folded before Flop (didn't bet)
Seat 4: xxxZeka (button) folded before Flop (didn't bet)
Seat 5: BGS013 (small blind) collected ($2)
Seat 6: kvcsszblcs (big blind) folded before Flop



PokerStars Hand #254767931005:  Hold'em No Limit ($0.50/$1.00 USD) - 2025/02/08 17:15:54 WET [2025/02/08 12:15:54 ET]
Table 'Sahlia II' 6-max Seat #5 is the button
Seat 1: AngelovAlexMKD ($100 in chips) 
Seat 4: xxxZeka ($112.28 in chips) 
Seat 5: BGS013 ($101.50 in chips) 
Seat 6: kvcsszblcs ($100.19 in chips) 
kvcsszblcs: posts small blind $0.50
AngelovAlexMKD: posts big blind $1
*** HOLE CARDS ***
xxxZeka: folds 
xxxZeka leaves the table
BGS013: raises $1.50 to $2.50
kvcsszblcs: raises $8.50 to $11
AngelovAlexMKD: folds 
BGS013: folds 
Uncalled bet ($8.50) returned to kvcsszblcs
kvcsszblcs collected $6 from pot
kvcsszblcs: doesn't show hand 
*** SUMMARY ***
Total pot $6 | Rake $0 
Seat 1: AngelovAlexMKD (big blind) folded before Flop
Seat 4: xxxZeka folded before Flop (didn't bet)
Seat 5: BGS013 (button) folded before Flop
Seat 6: kvcsszblcs (small blind) collected ($6)



PokerStars Hand #254767934820:  Hold'em No Limit ($0.50/$1.00 USD) - 2025/02/08 17:16:09 WET [2025/02/08 12:16:09 ET]
Table 'Sahlia II' 6-max Seat #6 is the button
Seat 1: AngelovAlexMKD ($100 in chips) 
Seat 5: BGS013 ($100 in chips) 
Seat 6: kvcsszblcs ($103.69 in chips) 
AngelovAlexMKD: posts small blind $0.50
BGS013: posts big blind $1
*** HOLE CARDS ***
kvcsszblcs: raises $1.25 to $2.25
PayTaxOrDie joins the table at seat #3 
AngelovAlexMKD: folds 
BGS013: calls $1.25
*** FLOP *** [7d Ac 8s]
BGS013: checks 
kvcsszblcs: checks 
*** TURN *** [7d Ac 8s] [Ts]
BGS013: bets $7
IrukandjiLi joins the table at seat #4 
kvcsszblcs: calls $7
*** RIVER *** [7d Ac 8s Ts] [9h]
William_Gull joins the table at seat #2 
BGS013: bets $6
kvcsszblcs: folds 
Uncalled bet ($6) returned to BGS013
BGS013 collected $18.05 from pot
BGS013: doesn't show hand 
*** SUMMARY ***
Total pot $19 | Rake $0.95 
Board [7d Ac 8s Ts 9h]
Seat 1: AngelovAlexMKD (small blind) folded before Flop
Seat 5: BGS013 (big blind) collected ($18.05)
Seat 6: kvcsszblcs (button) folded on the River



PokerStars Hand #254767953005:  Hold'em No Limit ($0.50/$1.00 USD) - 2025/02/08 17:17:18 WET [2025/02/08 12:17:18 ET]
Table 'Sahlia II' 6-max Seat #5 is the button
Seat 2: William_Gull ($100 in chips) is sitting out
Seat 3: PayTaxOrDie ($100 in chips) is sitting out
Seat 4: IrukandjiLi ($100 in chips) is sitting out
Seat 6: kvcsszblcs ($100 in chips) is sitting out
Seat 1: AngelovAlexMKD ($100 in chips) 
Seat 5: BGS013 ($108.80 in chips) 
BGS013: posts small blind $0.50
kvcsszblcs: is sitting out 
AngelovAlexMKD: posts big blind $1
*** HOLE CARDS ***
BGS013: raises $1.50 to $2.50
AngelovAlexMKD: folds 
Uncalled bet ($1.50) returned to BGS013
BGS013 collected $2 from pot
BGS013: doesn't show hand 
*** SUMMARY ***
Total pot $2 | Rake $0 
Seat 2: William_Gull
Seat 3: PayTaxOrDie
Seat 4: IrukandjiLi
Seat 6: kvcsszblcs
Seat 1: AngelovAlexMKD (big blind) folded before Flop
Seat 5: BGS013 (button) (small blind) collected ($2)



PokerStars Hand #254767678947:  Hold'em No Limit ($0.50/$1.00 USD) - 2025/02/08 16:58:51 WET [2025/02/08 11:58:51 ET]
Table 'Sahlia II' 6-max Seat #1 is the button
Seat 1: AlexPinsk1 ($101.78 in chips) 
Seat 3: Callumwak ($97.74 in chips) 
Seat 4: xxxZeka ($101.50 in chips) 
Seat 5: BGS013 ($100 in chips) 
Seat 6: kvcsszblcs ($109.42 in chips) 
Callumwak: posts small blind $0.50
xxxZeka: posts big blind $1
*** HOLE CARDS ***
BGS013: folds 
kvcsszblcs: folds 
AlexPinsk1: raises $1.50 to $2.50
Callumwak: calls $2
xxxZeka: raises $12.50 to $15
AlexPinsk1: folds 
Callumwak: folds 
Uncalled bet ($12.50) returned to xxxZeka
xxxZeka collected $7.50 from pot
xxxZeka: doesn't show hand 
*** SUMMARY ***
Total pot $7.50 | Rake $0 
Seat 1: AlexPinsk1 (button) folded before Flop
Seat 3: Callumwak (small blind) folded before Flop
Seat 4: xxxZeka (big blind) collected ($7.50)
Seat 5: BGS013 folded before Flop (didn't bet)
Seat 6: kvcsszblcs folded before Flop (didn't bet)



PokerStars Hand #254767686942:  Hold'em No Limit ($0.50/$1.00 USD) - 2025/02/08 16:59:34 WET [2025/02/08 11:59:34 ET]
Table 'Sahlia II' 6-max Seat #3 is the button
Seat 1: AlexPinsk1 ($100 in chips) 
Seat 3: Callumwak ($95.24 in chips) 
Seat 4: xxxZeka ($106.50 in chips) 
Seat 5: BGS013 ($100 in chips) 
Seat 6: kvcsszblcs ($109.42 in chips) 
xxxZeka: posts small blind $0.50
BGS013: posts big blind $1
*** HOLE CARDS ***
kvcsszblcs: folds 
AlexPinsk1: raises $1.50 to $2.50
Callumwak: folds 
xxxZeka: folds 
BGS013: folds 
Uncalled bet ($1.50) returned to AlexPinsk1
AlexPinsk1 collected $2.50 from pot
AlexPinsk1: doesn't show hand 
*** SUMMARY ***
Total pot $2.50 | Rake $0 
Seat 1: AlexPinsk1 collected ($2.50)
Seat 3: Callumwak (button) folded before Flop (didn't bet)
Seat 4: xxxZeka (small blind) folded before Flop
Seat 5: BGS013 (big blind) folded before Flop
Seat 6: kvcsszblcs folded before Flop (didn't bet)



PokerStars Hand #254767690394:  Hold'em No Limit ($0.50/$1.00 USD) - 2025/02/08 16:59:53 WET [2025/02/08 11:59:53 ET]
Table 'Sahlia II' 6-max Seat #4 is the button
Seat 1: AlexPinsk1 ($101.50 in chips) 
Seat 3: Callumwak ($95.24 in chips) 
Seat 4: xxxZeka ($106 in chips) 
Seat 5: BGS013 ($100 in chips) 
Seat 6: kvcsszblcs ($109.42 in chips) 
BGS013: posts small blind $0.50
kvcsszblcs: posts big blind $1
*** HOLE CARDS ***
AlexPinsk1: folds 
Callumwak: folds 
xxxZeka: folds 
Pon4uk.ua joins the table at seat #2 
BGS013: folds 
Uncalled bet ($0.50) returned to kvcsszblcs
kvcsszblcs collected $1 from pot
kvcsszblcs: doesn't show hand 
*** SUMMARY ***
Total pot $1 | Rake $0 
Seat 1: AlexPinsk1 folded before Flop (didn't bet)
Seat 3: Callumwak folded before Flop (didn't bet)
Seat 4: xxxZeka (button) folded before Flop (didn't bet)
Seat 5: BGS013 (small blind) folded before Flop
Seat 6: kvcsszblcs (big blind) collected ($1)



PokerStars Hand #254767955933:  Hold'em No Limit ($0.50/$1.00 USD) - 2025/02/08 17:17:29 WET [2025/02/08 12:17:29 ET]
Table 'Sahlia II' 6-max Seat #5 is the button
Seat 3: PayTaxOrDie ($100 in chips) is sitting out
Seat 4: IrukandjiLi ($100 in chips) is sitting out
Seat 6: kvcsszblcs ($100 in chips) is sitting out
Seat 1: AngelovAlexMKD ($100 in chips) 
Seat 2: William_Gull ($100 in chips) 
Seat 5: BGS013 ($109.80 in chips) 
AngelovAlexMKD: posts small blind $0.50
William_Gull: posts big blind $1
PayTaxOrDie: sits out 
IrukandjiLi: sits out 
*** HOLE CARDS ***
BGS013: folds 
kvcsszblcs leaves the table
AngelovAlexMKD: folds 
Uncalled bet ($0.50) returned to William_Gull
William_Gull collected $1 from pot
William_Gull: doesn't show hand 
*** SUMMARY ***
Total pot $1 | Rake $0 
Seat 3: PayTaxOrDie
Seat 4: IrukandjiLi
Seat 6: kvcsszblcs
Seat 1: AngelovAlexMKD (small blind) folded before Flop
Seat 2: William_Gull (big blind) collected ($1)
Seat 5: BGS013 (button) folded before Flop (didn't bet)



PokerStars Hand #254767959022:  Hold'em No Limit ($0.50/$1.00 USD) - 2025/02/08 17:17:40 WET [2025/02/08 12:17:40 ET]
Table 'Sahlia II' 6-max Seat #1 is the button
Seat 4: IrukandjiLi ($100 in chips) is sitting out
Seat 1: AngelovAlexMKD ($100 in chips) 
Seat 2: William_Gull ($100.50 in chips) 
Seat 3: PayTaxOrDie ($100 in chips) 
Seat 5: BGS013 ($109.80 in chips) 
William_Gull: posts small blind $0.50
PayTaxOrDie: posts big blind $1
IrukandjiLi: sits out 
*** HOLE CARDS ***
BGS013: folds 
AngelovAlexMKD: folds 
William_Gull: folds 
Uncalled bet ($0.50) returned to PayTaxOrDie
PayTaxOrDie collected $1 from pot
PayTaxOrDie: doesn't show hand 
*** SUMMARY ***
Total pot $1 | Rake $0 
Seat 4: IrukandjiLi
Seat 1: AngelovAlexMKD (button) folded before Flop (didn't bet)
Seat 2: William_Gull (small blind) folded before Flop
Seat 3: PayTaxOrDie (big blind) collected ($1)
Seat 5: BGS013 folded before Flop (didn't bet)



PokerStars Hand #254767962304:  Hold'em No Limit ($0.50/$1.00 USD) - 2025/02/08 17:17:53 WET [2025/02/08 12:17:53 ET]
Table 'Sahlia II' 6-max Seat #2 is the button
Seat 1: AngelovAlexMKD ($100 in chips) 
Seat 2: William_Gull ($100 in chips) 
Seat 3: PayTaxOrDie ($100.50 in chips) 
Seat 4: IrukandjiLi ($100 in chips) 
Seat 5: BGS013 ($109.80 in chips) 
PayTaxOrDie: posts small blind $0.50
IrukandjiLi: posts big blind $1
*** HOLE CARDS ***
BGS013: folds 
AngelovAlexMKD: folds 
William_Gull: folds 
PayTaxOrDie: folds 
Uncalled bet ($0.50) returned to IrukandjiLi
IrukandjiLi collected $1 from pot
IrukandjiLi: doesn't show hand 
*** SUMMARY ***
Total pot $1 | Rake $0 
Seat 1: AngelovAlexMKD folded before Flop (didn't bet)
Seat 2: William_Gull (button) folded before Flop (didn't bet)
Seat 3: PayTaxOrDie (small blind) folded before Flop
Seat 4: IrukandjiLi (big blind) collected ($1)
Seat 5: BGS013 folded before Flop (didn't bet)



PokerStars Hand #254767965146:  Hold'em No Limit ($0.50/$1.00 USD) - 2025/02/08 17:18:04 WET [2025/02/08 12:18:04 ET]
Table 'Sahlia II' 6-max Seat #3 is the button
Seat 1: AngelovAlexMKD ($100 in chips) 
Seat 2: William_Gull ($100 in chips) 
Seat 3: PayTaxOrDie ($100 in chips) 
Seat 4: IrukandjiLi ($100.50 in chips) 
Seat 5: BGS013 ($109.80 in chips) 
IrukandjiLi: posts small blind $0.50
BGS013: posts big blind $1
*** HOLE CARDS ***
AngelovAlexMKD: raises $1.25 to $2.25
William_Gull: folds 
PayTaxOrDie: raises $5.25 to $7.50
IrukandjiLi: folds 
BGS013: folds 
AngelovAlexMKD: raises $15 to $22.50
PayTaxOrDie: folds 
Uncalled bet ($15) returned to AngelovAlexMKD
AngelovAlexMKD collected $16.50 from pot
AngelovAlexMKD: doesn't show hand 
*** SUMMARY ***
Total pot $16.50 | Rake $0 
Seat 1: AngelovAlexMKD collected ($16.50)
Seat 2: William_Gull folded before Flop (didn't bet)
Seat 3: PayTaxOrDie (button) folded before Flop
Seat 4: IrukandjiLi (small blind) folded before Flop
Seat 5: BGS013 (big blind) folded before Flop



PokerStars Hand #254767974361:  Hold'em No Limit ($0.50/$1.00 USD) - 2025/02/08 17:18:38 WET [2025/02/08 12:18:38 ET]
Table 'Sahlia II' 6-max Seat #4 is the button
Seat 1: AngelovAlexMKD ($109 in chips) 
Seat 2: William_Gull ($100 in chips) 
Seat 3: PayTaxOrDie ($100 in chips) 
Seat 4: IrukandjiLi ($100 in chips) 
Seat 5: BGS013 ($108.80 in chips) 
BGS013: posts small blind $0.50
AngelovAlexMKD: posts big blind $1
*** HOLE CARDS ***
William_Gull: raises $1.50 to $2.50
PayTaxOrDie: folds 
IrukandjiLi: folds 
BGS013: raises $8.50 to $11
AngelovAlexMKD: folds 
William_Gull: raises $14 to $25
BGS013: folds 
Uncalled bet ($14) returned to William_Gull
William_Gull collected $23 from pot
William_Gull: doesn't show hand 
*** SUMMARY ***
Total pot $23 | Rake $0 
Seat 1: AngelovAlexMKD (big blind) folded before Flop
Seat 2: William_Gull collected ($23)
Seat 3: PayTaxOrDie folded before Flop (didn't bet)
Seat 4: IrukandjiLi (button) folded before Flop (didn't bet)
Seat 5: BGS013 (small blind) folded before Flop



PokerStars Hand #254767983251:  Hold'em No Limit ($0.50/$1.00 USD) - 2025/02/08 17:19:12 WET [2025/02/08 12:19:12 ET]
Table 'Sahlia II' 6-max Seat #5 is the button
Seat 1: AngelovAlexMKD ($108 in chips) 
Seat 2: William_Gull ($112 in chips) 
Seat 3: PayTaxOrDie ($100 in chips) 
Seat 4: IrukandjiLi ($100 in chips) 
Seat 5: BGS013 ($100 in chips) 
AngelovAlexMKD: posts small blind $0.50
William_Gull: posts big blind $1
*** HOLE CARDS ***
PayTaxOrDie: folds 
IrukandjiLi: folds 
BGS013: folds 
AngelovAlexMKD: folds 
Uncalled bet ($0.50) returned to William_Gull
William_Gull collected $1 from pot
William_Gull: doesn't show hand 
*** SUMMARY ***
Total pot $1 | Rake $0 
Seat 1: AngelovAlexMKD (small blind) folded before Flop
Seat 2: William_Gull (big blind) collected ($1)
Seat 3: PayTaxOrDie folded before Flop (didn't bet)
Seat 4: IrukandjiLi folded before Flop (didn't bet)
Seat 5: BGS013 (button) folded before Flop (didn't bet)



PokerStars Hand #254767985504:  Hold'em No Limit ($0.50/$1.00 USD) - 2025/02/08 17:19:21 WET [2025/02/08 12:19:21 ET]
Table 'Sahlia II' 6-max Seat #1 is the button
Seat 1: AngelovAlexMKD ($107.50 in chips) 
Seat 2: William_Gull ($112.50 in chips) 
Seat 3: PayTaxOrDie ($100 in chips) 
Seat 4: IrukandjiLi ($100 in chips) 
Seat 5: BGS013 ($100 in chips) 
William_Gull: posts small blind $0.50
PayTaxOrDie: posts big blind $1
*** HOLE CARDS ***
IrukandjiLi: folds 
BGS013: folds 
AngelovAlexMKD: raises $1.50 to $2.50
William_Gull: folds 
PayTaxOrDie: folds 
Uncalled bet ($1.50) returned to AngelovAlexMKD
AngelovAlexMKD collected $2.50 from pot
AngelovAlexMKD: doesn't show hand 
*** SUMMARY ***
Total pot $2.50 | Rake $0 
Seat 1: AngelovAlexMKD (button) collected ($2.50)
Seat 2: William_Gull (small blind) folded before Flop
Seat 3: PayTaxOrDie (big blind) folded before Flop
Seat 4: IrukandjiLi folded before Flop (didn't bet)
Seat 5: BGS013 folded before Flop (didn't bet)



PokerStars Hand #254768603129:  Hold'em No Limit ($0.50/$1.00 USD) - 2025/02/08 17:26:49 WET [2025/02/08 12:26:49 ET]
Table 'Sahlia II' 6-max Seat #1 is the button
Seat 3: PayTaxOrDie ($145.90 in chips) is sitting out
Seat 4: IrukandjiLi ($105.83 in chips) is sitting out
Seat 5: Joe_Li7 ($100 in chips) is sitting out
Seat 1: AngelovAlexMKD ($104.85 in chips) 
Seat 2: William_Gull ($100 in chips) 
Seat 6: ThiagoKigami ($100 in chips) 
William_Gull: posts small blind $0.50
PayTaxOrDie: is sitting out 
IrukandjiLi: is sitting out 
Joe_Li7: is sitting out 
IrukandjiLi leaves the table
ThiagoKigami: posts big blind $1
*** HOLE CARDS ***
PayTaxOrDie leaves the table
AngelovAlexMKD: raises $1.50 to $2.50
William_Gull: folds 
ThiagoKigami: calls $1.50
*** FLOP *** [8c Ks 5d]
ThiagoKigami: checks 
AngelovAlexMKD: bets $1.72
ThiagoKigami: calls $1.72
*** TURN *** [8c Ks 5d] [Jc]
ThiagoKigami: bets $4.25
AngelovAlexMKD: folds 
Uncalled bet ($4.25) returned to ThiagoKigami
ThiagoKigami collected $8.49 from pot
ThiagoKigami: doesn't show hand 
*** SUMMARY ***
Total pot $8.94 | Rake $0.45 
Board [8c Ks 5d Jc]
Seat 3: PayTaxOrDie
Seat 4: IrukandjiLi
Seat 5: Joe_Li7
Seat 1: AngelovAlexMKD (button) folded on the Turn
Seat 2: William_Gull (small blind) folded before Flop
Seat 6: ThiagoKigami (big blind) collected ($8.49)



PokerStars Hand #254768618360:  Hold'em No Limit ($0.50/$1.00 USD) - 2025/02/08 17:27:47 WET [2025/02/08 12:27:47 ET]
Table 'Sahlia II' 6-max Seat #2 is the button
Seat 5: Joe_Li7 ($100 in chips) is sitting out
Seat 6: ThiagoKigami ($104.27 in chips) is sitting out
Seat 1: AngelovAlexMKD ($100.63 in chips) 
Seat 2: William_Gull ($100 in chips) 
William_Gull: posts small blind $0.50
AngelovAlexMKD: posts big blind $1
*** HOLE CARDS ***
William_Gull: folds 
Uncalled bet ($0.50) returned to AngelovAlexMKD
Joe_Li7 leaves the table
AngelovAlexMKD collected $1 from pot
AngelovAlexMKD: doesn't show hand 
*** SUMMARY ***
Total pot $1 | Rake $0 
Seat 5: Joe_Li7
Seat 6: ThiagoKigami
Seat 1: AngelovAlexMKD (big blind) collected ($1)
Seat 2: William_Gull (button) (small blind) folded before Flop



PokerStars Hand #254768620156:  Hold'em No Limit ($0.50/$1.00 USD) - 2025/02/08 17:27:54 WET [2025/02/08 12:27:54 ET]
Table 'Sahlia II' 6-max Seat #1 is the button
Seat 6: ThiagoKigami ($104.27 in chips) is sitting out
Seat 1: AngelovAlexMKD ($101.13 in chips) 
Seat 2: William_Gull ($100 in chips) 
AngelovAlexMKD: posts small blind $0.50
William_Gull: posts big blind $1
*** HOLE CARDS ***
AngelovAlexMKD: raises $1.50 to $2.50
William_Gull: folds 
Uncalled bet ($1.50) returned to AngelovAlexMKD
ThiagoKigami leaves the table
AngelovAlexMKD collected $2 from pot
AngelovAlexMKD: doesn't show hand 
*** SUMMARY ***
Total pot $2 | Rake $0 
Seat 6: ThiagoKigami
Seat 1: AngelovAlexMKD (button) (small blind) collected ($2)
Seat 2: William_Gull (big blind) folded before Flop



PokerStars Hand #254768622520:  Hold'em No Limit ($0.50/$1.00 USD) - 2025/02/08 17:28:02 WET [2025/02/08 12:28:02 ET]
Table 'Sahlia II' 6-max Seat #2 is the button
Seat 1: AngelovAlexMKD ($102.13 in chips) 
Seat 2: William_Gull ($100 in chips) 
William_Gull: posts small blind $0.50
AngelovAlexMKD: posts big blind $1
*** HOLE CARDS ***
William_Gull: folds 
Uncalled bet ($0.50) returned to AngelovAlexMKD
AngelovAlexMKD collected $1 from pot
AngelovAlexMKD: doesn't show hand 
*** SUMMARY ***
Total pot $1 | Rake $0 
Seat 1: AngelovAlexMKD (big blind) collected ($1)
Seat 2: William_Gull (button) (small blind) folded before Flop



PokerStars Hand #254767990153:  Hold'em No Limit ($0.50/$1.00 USD) - 2025/02/08 17:19:38 WET [2025/02/08 12:19:38 ET]
Table 'Sahlia II' 6-max Seat #2 is the button
Seat 1: AngelovAlexMKD ($109 in chips) 
Seat 2: William_Gull ($112 in chips) 
Seat 3: PayTaxOrDie ($100 in chips) 
Seat 4: IrukandjiLi ($100 in chips) 
Seat 5: BGS013 ($100 in chips) 
PayTaxOrDie: posts small blind $0.50
IrukandjiLi: posts big blind $1
*** HOLE CARDS ***
BGS013: folds 
AngelovAlexMKD: folds 
BGS013 leaves the table
William_Gull: raises $1.20 to $2.20
PayTaxOrDie: folds 
IrukandjiLi: calls $1.20
*** FLOP *** [Qs 4c Ts]
IrukandjiLi: checks 
William_Gull: checks 
*** TURN *** [Qs 4c Ts] [Qc]
IrukandjiLi: checks 
William_Gull: checks 
*** RIVER *** [Qs 4c Ts Qc] [Th]
IrukandjiLi: bets $4.66
William_Gull: folds 
Uncalled bet ($4.66) returned to IrukandjiLi
IrukandjiLi collected $4.66 from pot
IrukandjiLi: doesn't show hand 
*** SUMMARY ***
Total pot $4.90 | Rake $0.24 
Board [Qs 4c Ts Qc Th]
Seat 1: AngelovAlexMKD folded before Flop (didn't bet)
Seat 2: William_Gull (button) folded on the River
Seat 3: PayTaxOrDie (small blind) folded before Flop
Seat 4: IrukandjiLi (big blind) collected ($4.66)
Seat 5: BGS013 folded before Flop (didn't bet)



PokerStars Hand #254768003117:  Hold'em No Limit ($0.50/$1.00 USD) - 2025/02/08 17:20:28 WET [2025/02/08 12:20:28 ET]
Table 'Sahlia II' 6-max Seat #3 is the button
Seat 1: AngelovAlexMKD ($109 in chips) 
Seat 2: William_Gull ($109.80 in chips) 
Seat 3: PayTaxOrDie ($100 in chips) 
Seat 4: IrukandjiLi ($102.46 in chips) 
IrukandjiLi: posts small blind $0.50
AngelovAlexMKD: posts big blind $1
*** HOLE CARDS ***
William_Gull: raises $1.50 to $2.50
PayTaxOrDie: calls $2.50
IrukandjiLi: folds 
AngelovAlexMKD: folds 
*** FLOP *** [6d 8s Qd]
William_Gull: bets $3.09
PayTaxOrDie: folds 
Uncalled bet ($3.09) returned to William_Gull
William_Gull collected $6.18 from pot
William_Gull: doesn't show hand 
*** SUMMARY ***
Total pot $6.50 | Rake $0.32 
Board [6d 8s Qd]
Seat 1: AngelovAlexMKD (big blind) folded before Flop
Seat 2: William_Gull collected ($6.18)
Seat 3: PayTaxOrDie (button) folded on the Flop
Seat 4: IrukandjiLi (small blind) folded before Flop



PokerStars Hand #254768009516:  Hold'em No Limit ($0.50/$1.00 USD) - 2025/02/08 17:20:52 WET [2025/02/08 12:20:52 ET]
Table 'Sahlia II' 6-max Seat #4 is the button
Seat 1: AngelovAlexMKD ($108 in chips) 
Seat 2: William_Gull ($113.48 in chips) 
Seat 3: PayTaxOrDie ($100 in chips) 
Seat 4: IrukandjiLi ($101.96 in chips) 
AngelovAlexMKD: posts small blind $0.50
William_Gull: posts big blind $1
*** HOLE CARDS ***
PayTaxOrDie: raises $1.30 to $2.30
IrukandjiLi: folds 
AngelovAlexMKD: raises $6.70 to $9
William_Gull: folds 
PayTaxOrDie: folds 
Uncalled bet ($6.70) returned to AngelovAlexMKD
AngelovAlexMKD collected $5.60 from pot
AngelovAlexMKD: doesn't show hand 
*** SUMMARY ***
Total pot $5.60 | Rake $0 
Seat 1: AngelovAlexMKD (small blind) collected ($5.60)
Seat 2: William_Gull (big blind) folded before Flop
Seat 3: PayTaxOrDie folded before Flop
Seat 4: IrukandjiLi (button) folded before Flop (didn't bet)



PokerStars Hand #254768017313:  Hold'em No Limit ($0.50/$1.00 USD) - 2025/02/08 17:21:22 WET [2025/02/08 12:21:22 ET]
Table 'Sahlia II' 6-max Seat #1 is the button
Seat 1: AngelovAlexMKD ($111.30 in chips) 
Seat 2: William_Gull ($112.48 in chips) 
Seat 3: PayTaxOrDie ($100 in chips) 
Seat 4: IrukandjiLi ($101.96 in chips) 
William_Gull: posts small blind $0.50
PayTaxOrDie: posts big blind $1
*** HOLE CARDS ***
BenCampbel10 joins the table at seat #6 
IrukandjiLi: raises $1.50 to $2.50
AngelovAlexMKD: folds 
William_Gull: folds 
PayTaxOrDie: raises $10.50 to $13
Joe_Li7 joins the table at seat #5 
IrukandjiLi: calls $10.50
*** FLOP *** [Kc 2h Jd]
PayTaxOrDie: bets $10.20
IrukandjiLi: folds 
Uncalled bet ($10.20) returned to PayTaxOrDie
PayTaxOrDie collected $25.50 from pot
PayTaxOrDie: doesn't show hand 
*** SUMMARY ***
Total pot $26.50 | Rake $1 
Board [Kc 2h Jd]
Seat 1: AngelovAlexMKD (button) folded before Flop (didn't bet)
Seat 2: William_Gull (small blind) folded before Flop
Seat 3: PayTaxOrDie (big blind) collected ($25.50)
Seat 4: IrukandjiLi folded on the Flop



PokerStars Hand #254768036708:  Hold'em No Limit ($0.50/$1.00 USD) - 2025/02/08 17:22:37 WET [2025/02/08 12:22:37 ET]
Table 'Sahlia II' 6-max Seat #2 is the button
Seat 5: Joe_Li7 ($100 in chips) is sitting out
Seat 6: BenCampbel10 ($100 in chips) is sitting out
Seat 1: AngelovAlexMKD ($111.30 in chips) 
Seat 2: William_Gull ($111.98 in chips) 
Seat 3: PayTaxOrDie ($112.50 in chips) 
Seat 4: IrukandjiLi ($100 in chips) 
PayTaxOrDie: posts small blind $0.50
IrukandjiLi: posts big blind $1
Joe_Li7: sits out 
BenCampbel10: sits out 
*** HOLE CARDS ***
AngelovAlexMKD: folds 
William_Gull: folds 
PayTaxOrDie: folds 
Uncalled bet ($0.50) returned to IrukandjiLi
IrukandjiLi collected $1 from pot
IrukandjiLi: doesn't show hand 
*** SUMMARY ***
Total pot $1 | Rake $0 
Seat 5: Joe_Li7
Seat 6: BenCampbel10
Seat 1: AngelovAlexMKD folded before Flop (didn't bet)
Seat 2: William_Gull (button) folded before Flop (didn't bet)
Seat 3: PayTaxOrDie (small blind) folded before Flop
Seat 4: IrukandjiLi (big blind) collected ($1)



PokerStars Hand #254768038984:  Hold'em No Limit ($0.50/$1.00 USD) - 2025/02/08 17:22:45 WET [2025/02/08 12:22:45 ET]
Table 'Sahlia II' 6-max Seat #3 is the button
Seat 6: BenCampbel10 ($100 in chips) is sitting out
Seat 1: AngelovAlexMKD ($111.30 in chips) 
Seat 2: William_Gull ($111.98 in chips) 
Seat 3: PayTaxOrDie ($112 in chips) 
Seat 4: IrukandjiLi ($100.50 in chips) 
Seat 5: Joe_Li7 ($100 in chips) 
IrukandjiLi: posts small blind $0.50
Joe_Li7: posts big blind $1
BenCampbel10: sits out 
*** HOLE CARDS ***
AngelovAlexMKD: folds 
William_Gull: folds 
BenCampbel10 leaves the table
PayTaxOrDie: raises $1.50 to $2.50
IrukandjiLi: folds 
Joe_Li7: folds 
Uncalled bet ($1.50) returned to PayTaxOrDie
PayTaxOrDie collected $2.50 from pot
PayTaxOrDie: doesn't show hand 
*** SUMMARY ***
Total pot $2.50 | Rake $0 
Seat 6: BenCampbel10
Seat 1: AngelovAlexMKD folded before Flop (didn't bet)
Seat 2: William_Gull folded before Flop (didn't bet)
Seat 3: PayTaxOrDie (button) collected ($2.50)
Seat 4: IrukandjiLi (small blind) folded before Flop
Seat 5: Joe_Li7 (big blind) folded before Flop



PokerStars Hand #254768041840:  Hold'em No Limit ($0.50/$1.00 USD) - 2025/02/08 17:22:56 WET [2025/02/08 12:22:56 ET]
Table 'Sahlia II' 6-max Seat #4 is the button
Seat 1: AngelovAlexMKD ($111.30 in chips) 
Seat 2: William_Gull ($111.98 in chips) 
Seat 3: PayTaxOrDie ($113.50 in chips) 
Seat 4: IrukandjiLi ($100 in chips) 
Seat 5: Joe_Li7 ($100 in chips) 
Joe_Li7: posts small blind $0.50
AngelovAlexMKD: posts big blind $1
*** HOLE CARDS ***
William_Gull: folds 
PayTaxOrDie: folds 
IrukandjiLi: raises $1.50 to $2.50
Joe_Li7: folds 
AngelovAlexMKD: calls $1.50
*** FLOP *** [5h 4c Jd]
AngelovAlexMKD: checks 
IrukandjiLi: checks 
*** TURN *** [5h 4c Jd] [6h]
AngelovAlexMKD: checks 
IrukandjiLi: checks 
*** RIVER *** [5h 4c Jd 6h] [Qh]
AngelovAlexMKD: bets $3.45
ThiagoKigami joins the table at seat #6 
IrukandjiLi: calls $3.45
*** SHOW DOWN ***
AngelovAlexMKD: shows [Kc 3c] (high card King)
IrukandjiLi: shows [9d Qs] (a pair of Queens)
IrukandjiLi collected $11.78 from pot
*** SUMMARY ***
Total pot $12.40 | Rake $0.62 
Board [5h 4c Jd 6h Qh]
Seat 1: AngelovAlexMKD (big blind) showed [Kc 3c] and lost with high card King
Seat 2: William_Gull folded before Flop (didn't bet)
Seat 3: PayTaxOrDie folded before Flop (didn't bet)
Seat 4: IrukandjiLi (button) showed [9d Qs] and won ($11.78) with a pair of Queens
Seat 5: Joe_Li7 (small blind) folded before Flop



PokerStars Hand #254768565718:  Hold'em No Limit ($0.50/$1.00 USD) - 2025/02/08 17:24:27 WET [2025/02/08 12:24:27 ET]
Table 'Sahlia II' 6-max Seat #5 is the button
Seat 6: ThiagoKigami ($100 in chips) is sitting out
Seat 1: AngelovAlexMKD ($105.35 in chips) 
Seat 2: William_Gull ($111.98 in chips) 
Seat 3: PayTaxOrDie ($113.50 in chips) 
Seat 4: IrukandjiLi ($105.83 in chips) 
Seat 5: Joe_Li7 ($100 in chips) 
AngelovAlexMKD: posts small blind $0.50
William_Gull: posts big blind $1
*** HOLE CARDS ***
PayTaxOrDie: raises $1 to $2
IrukandjiLi: folds 
Joe_Li7: raises $5 to $7
AngelovAlexMKD: folds 
William_Gull: calls $6
PayTaxOrDie: calls $5
*** FLOP *** [7d Jd 2h]
William_Gull: checks 
PayTaxOrDie: checks 
Joe_Li7: bets $10.20
William_Gull: calls $10.20
PayTaxOrDie: calls $10.20
*** TURN *** [7d Jd 2h] [5s]
William_Gull: checks 
PayTaxOrDie: checks 
Joe_Li7: checks 
*** RIVER *** [7d Jd 2h 5s] [Ad]
William_Gull: checks 
PayTaxOrDie: checks 
Joe_Li7: checks 
*** SHOW DOWN ***
William_Gull: shows [Qd Qs] (a pair of Queens)
PayTaxOrDie: shows [Jc Ac] (two pair, Aces and Jacks)
Joe_Li7: mucks hand 
PayTaxOrDie collected $49.60 from pot
*** SUMMARY ***
Total pot $52.10 | Rake $2.50 
Board [7d Jd 2h 5s Ad]
Seat 6: ThiagoKigami
Seat 1: AngelovAlexMKD (small blind) folded before Flop
Seat 2: William_Gull (big blind) showed [Qd Qs] and lost with a pair of Queens
Seat 3: PayTaxOrDie showed [Jc Ac] and won ($49.60) with two pair, Aces and Jacks
Seat 4: IrukandjiLi folded before Flop (didn't bet)
Seat 5: Joe_Li7 (button) mucked



