PokerStars Hand #254765742652:  Hold'em No Limit ($0.50/$1.00 USD) - 2025/02/08 14:37:00 WET [2025/02/08 9:37:00 ET]
Table 'Srbija II' 6-max Seat #2 is the button
Seat 1: gig.gyty ($101.50 in chips) 
Seat 2: Rysiff ($132.99 in chips) 
Seat 4: AngelovAlexMKD ($100.50 in chips) 
Seat 5: vitalik_sw ($100 in chips) 
AngelovAlexMKD: posts small blind $0.50
vitalik_sw: posts big blind $1
*** HOLE CARDS ***
gig.gyty: raises $1.25 to $2.25
Rysiff: folds 
BGS013 joins the table at seat #3 
AngelovAlexMKD: folds 
vitalik_sw: folds 
Uncalled bet ($1.25) returned to gig.gyty
gig.gyty collected $2.50 from pot
gig.gyty: doesn't show hand 
*** SUMMARY ***
Total pot $2.50 | Rake $0 
Seat 1: gig.gyty collected ($2.50)
Seat 2: Rysiff (button) folded before Flop (didn't bet)
Seat 4: AngelovAlexMKD (small blind) folded before Flop
Seat 5: vitalik_sw (big blind) folded before Flop



PokerStars Hand #254765745121:  Hold'em No Limit ($0.50/$1.00 USD) - 2025/02/08 14:37:12 WET [2025/02/08 9:37:12 ET]
Table 'Srbija II' 6-max Seat #4 is the button
Seat 1: gig.gyty ($103 in chips) is sitting out
Seat 2: Rysiff ($132.99 in chips) is sitting out
Seat 3: BGS013 ($100 in chips) 
Seat 4: AngelovAlexMKD ($100 in chips) 
Seat 5: vitalik_sw ($100 in chips) 
vitalik_sw: posts small blind $0.50
gig.gyty: is sitting out 
Rysiff: is sitting out 
BGS013: posts big blind $1
*** HOLE CARDS ***
AngelovAlexMKD: folds 
vitalik_sw: raises $2 to $3
Rysiff leaves the table
BGS013: folds 
Uncalled bet ($2) returned to vitalik_sw
vitalik_sw collected $2 from pot
vitalik_sw: doesn't show hand 
*** SUMMARY ***
Total pot $2 | Rake $0 
Seat 1: gig.gyty
Seat 2: Rysiff
Seat 3: BGS013 (big blind) folded before Flop
Seat 4: AngelovAlexMKD (button) folded before Flop (didn't bet)
Seat 5: vitalik_sw (small blind) collected ($2)



PokerStars Hand #254765748840:  Hold'em No Limit ($0.50/$1.00 USD) - 2025/02/08 14:37:31 WET [2025/02/08 9:37:31 ET]
Table 'Srbija II' 6-max Seat #5 is the button
Seat 1: gig.gyty ($103 in chips) is sitting out
Seat 3: BGS013 ($100 in chips) 
Seat 4: AngelovAlexMKD ($100 in chips) 
Seat 5: vitalik_sw ($101 in chips) 
BGS013: posts small blind $0.50
AngelovAlexMKD: posts big blind $1
*** HOLE CARDS ***
vitalik_sw: folds 
BGS013: folds 
Uncalled bet ($0.50) returned to AngelovAlexMKD
AngelovAlexMKD collected $1 from pot
AngelovAlexMKD: doesn't show hand 
*** SUMMARY ***
Total pot $1 | Rake $0 
Seat 1: gig.gyty
Seat 3: BGS013 (small blind) folded before Flop
Seat 4: AngelovAlexMKD (big blind) collected ($1)
Seat 5: vitalik_sw (button) folded before Flop (didn't bet)



PokerStars Hand #254765750525:  Hold'em No Limit ($0.50/$1.00 USD) - 2025/02/08 14:37:39 WET [2025/02/08 9:37:39 ET]
Table 'Srbija II' 6-max Seat #4 is the button
Seat 1: gig.gyty ($103 in chips) is sitting out
Seat 5: vitalik_sw ($101 in chips) is sitting out
Seat 3: BGS013 ($100 in chips) 
Seat 4: AngelovAlexMKD ($100.50 in chips) 
AngelovAlexMKD: posts small blind $0.50
vitalik_sw: is sitting out 
BGS013: posts big blind $1
*** HOLE CARDS ***
gig.gyty leaves the table
vitalik_sw leaves the table
AngelovAlexMKD: folds 
Uncalled bet ($0.50) returned to BGS013
BGS013 collected $1 from pot
BGS013: doesn't show hand 
*** SUMMARY ***
Total pot $1 | Rake $0 
Seat 1: gig.gyty
Seat 5: vitalik_sw
Seat 3: BGS013 (big blind) collected ($1)
Seat 4: AngelovAlexMKD (button) (small blind) folded before Flop



PokerStars Hand #254765787240:  Hold'em No Limit ($0.50/$1.00 USD) - 2025/02/08 14:40:37 WET [2025/02/08 9:40:37 ET]
Table 'Srbija II' 6-max Seat #1 is the button
Seat 4: AngelovAlexMKD ($100 in chips) is sitting out
Seat 1: Oli3579 ($100 in chips) 
Seat 3: BGS013 ($100.50 in chips) 
Oli3579: posts small blind $0.50
BGS013: posts big blind $1
*** HOLE CARDS ***
Oli3579: raises $1.50 to $2.50
BGS013: calls $1.50
*** FLOP *** [Qd 3d 7s]
BGS013: checks 
Oli3579: bets $1.57
BGS013: calls $1.57
*** TURN *** [Qd 3d 7s] [5h]
BGS013: checks 
Oli3579: checks 
*** RIVER *** [Qd 3d 7s 5h] [2h]
BGS013: bets $2.01
Oli3579: calls $2.01
*** SHOW DOWN ***
BGS013: shows [8h 7c] (a pair of Sevens)
Oli3579: shows [8d 8s] (a pair of Eights)
Oli3579 collected $11.55 from pot
*** SUMMARY ***
Total pot $12.16 | Rake $0.61 
Board [Qd 3d 7s 5h 2h]
Seat 4: AngelovAlexMKD
Seat 1: Oli3579 (button) (small blind) showed [8d 8s] and won ($11.55) with a pair of Eights
Seat 3: BGS013 (big blind) showed [8h 7c] and lost with a pair of Sevens



PokerStars Hand #254765796693:  Hold'em No Limit ($0.50/$1.00 USD) - 2025/02/08 14:41:23 WET [2025/02/08 9:41:23 ET]
Table 'Srbija II' 6-max Seat #1 is the button
Seat 1: Oli3579 ($105.47 in chips) 
Seat 3: BGS013 ($100 in chips) 
Seat 4: AngelovAlexMKD ($100 in chips) 
BGS013: posts small blind $0.50
AngelovAlexMKD: posts big blind $1
*** HOLE CARDS ***
Oli3579: raises $1.25 to $2.25
BGS013: raises $8.75 to $11
AngelovAlexMKD: folds 
Oli3579: folds 
Uncalled bet ($8.75) returned to BGS013
BGS013 collected $5.50 from pot
BGS013: doesn't show hand 
*** SUMMARY ***
Total pot $5.50 | Rake $0 
Seat 1: Oli3579 (button) folded before Flop
Seat 3: BGS013 (small blind) collected ($5.50)
Seat 4: AngelovAlexMKD (big blind) folded before Flop



PokerStars Hand #254765802307:  Hold'em No Limit ($0.50/$1.00 USD) - 2025/02/08 14:41:50 WET [2025/02/08 9:41:50 ET]
Table 'Srbija II' 6-max Seat #3 is the button
Seat 1: Oli3579 ($103.22 in chips) 
Seat 3: BGS013 ($103.25 in chips) 
Seat 4: AngelovAlexMKD ($100 in chips) 
AngelovAlexMKD: posts small blind $0.50
Oli3579: posts big blind $1
*** HOLE CARDS ***
BGS013: raises $1.50 to $2.50
AngelovAlexMKD: folds 
Oli3579: calls $1.50
*** FLOP *** [Qd Ac 5c]
Oli3579: checks 
BGS013: bets $1.36
Oli3579: calls $1.36
*** TURN *** [Qd Ac 5c] [Ad]
Oli3579: checks 
BGS013: checks 
*** RIVER *** [Qd Ac 5c Ad] [Th]
Oli3579: checks 
BGS013: checks 
*** SHOW DOWN ***
Oli3579: shows [3s Qs] (two pair, Aces and Queens)
BGS013: mucks hand 
Oli3579 collected $7.81 from pot
*** SUMMARY ***
Total pot $8.22 | Rake $0.41 
Board [Qd Ac 5c Ad Th]
Seat 1: Oli3579 (big blind) showed [3s Qs] and won ($7.81) with two pair, Aces and Queens
Seat 3: BGS013 (button) mucked
Seat 4: AngelovAlexMKD (small blind) folded before Flop



PokerStars Hand #254765811451:  Hold'em No Limit ($0.50/$1.00 USD) - 2025/02/08 14:42:34 WET [2025/02/08 9:42:34 ET]
Table 'Srbija II' 6-max Seat #1 is the button
Seat 3: BGS013 ($100 in chips) is sitting out
Seat 1: Oli3579 ($107.17 in chips) 
Seat 4: AngelovAlexMKD ($100 in chips) 
Oli3579: posts small blind $0.50
BGS013: is sitting out 
AngelovAlexMKD: posts big blind $1
*** HOLE CARDS ***
BGS013 leaves the table
Oli3579: raises $1.50 to $2.50
AngelovAlexMKD: calls $1.50
*** FLOP *** [4d 8d Th]
AngelovAlexMKD: checks 
Oli3579: bets $3.14
shootingGRID joins the table at seat #6 
AngelovAlexMKD: folds 
Uncalled bet ($3.14) returned to Oli3579
Oli3579 collected $4.75 from pot
Oli3579: doesn't show hand 
*** SUMMARY ***
Total pot $5 | Rake $0.25 
Board [4d 8d Th]
Seat 3: BGS013
Seat 1: Oli3579 (button) (small blind) collected ($4.75)
Seat 4: AngelovAlexMKD (big blind) folded on the Flop



PokerStars Hand #254765817830:  Hold'em No Limit ($0.50/$1.00 USD) - 2025/02/08 14:43:05 WET [2025/02/08 9:43:05 ET]
Table 'Srbija II' 6-max Seat #4 is the button
Seat 4: AngelovAlexMKD ($100 in chips) 
Seat 6: shootingGRID ($100 in chips) 
AngelovAlexMKD: posts small blind $0.50
shootingGRID: posts big blind $1
*** HOLE CARDS ***
AngelovAlexMKD: raises $1.50 to $2.50
shootingGRID: folds 
Uncalled bet ($1.50) returned to AngelovAlexMKD
AngelovAlexMKD collected $2 from pot
AngelovAlexMKD: doesn't show hand 
*** SUMMARY ***
Total pot $2 | Rake $0 
Seat 4: AngelovAlexMKD (button) (small blind) collected ($2)
Seat 6: shootingGRID (big blind) folded before Flop



