PokerStars Hand #254764288737:  Hold'em No Limit ($0.50/$1.00 USD) - 2025/02/08 12:20:37 WET [2025/02/08 7:20:37 ET]
Table 'Kevola' 6-max Seat #2 is the button
Seat 1: vezis3 ($100 in chips) 
Seat 2: blistein ($104.07 in chips) 
Seat 3: vadjkeee ($100 in chips) 
Seat 4: Burlica2013 ($100 in chips) 
Seat 5: xcinaz ($100 in chips) 
Seat 6: Kareka200 ($61.37 in chips) 
vadjkeee: posts small blind $0.50
Burlica2013: posts big blind $1
*** HOLE CARDS ***
xcinaz: raises $1 to $2
Kareka200: folds 
vezis3: folds 
blistein: folds 
vadjkeee: folds 
Burlica2013: folds 
Uncalled bet ($1) returned to xcinaz
xcinaz collected $2.50 from pot
xcinaz: doesn't show hand 
*** SUMMARY ***
Total pot $2.50 | Rake $0 
Seat 1: vezis3 folded before Flop (didn't bet)
Seat 2: blistein (button) folded before Flop (didn't bet)
Seat 3: vadjkeee (small blind) folded before Flop
Seat 4: Burlica2013 (big blind) folded before Flop
Seat 5: xcinaz collected ($2.50)
Seat 6: Kareka200 folded before Flop (didn't bet)



PokerStars Hand #254764290635:  Hold'em No Limit ($0.50/$1.00 USD) - 2025/02/08 12:20:50 WET [2025/02/08 7:20:50 ET]
Table 'Kevola' 6-max Seat #3 is the button
Seat 1: vezis3 ($100 in chips) 
Seat 2: blistein ($104.07 in chips) 
Seat 3: vadjkeee ($100 in chips) 
Seat 4: Burlica2013 ($100 in chips) 
Seat 5: xcinaz ($101.50 in chips) 
Seat 6: Kareka200 ($61.37 in chips) 
Burlica2013: posts small blind $0.50
xcinaz: posts big blind $1
*** HOLE CARDS ***
Kareka200: folds 
vezis3: raises $1 to $2
blistein: folds 
vadjkeee: folds 
Burlica2013: folds 
xcinaz: folds 
Uncalled bet ($1) returned to vezis3
vezis3 collected $2.50 from pot
vezis3: doesn't show hand 
*** SUMMARY ***
Total pot $2.50 | Rake $0 
Seat 1: vezis3 collected ($2.50)
Seat 2: blistein folded before Flop (didn't bet)
Seat 3: vadjkeee (button) folded before Flop (didn't bet)
Seat 4: Burlica2013 (small blind) folded before Flop
Seat 5: xcinaz (big blind) folded before Flop
Seat 6: Kareka200 folded before Flop (didn't bet)



PokerStars Hand #254764293267:  Hold'em No Limit ($0.50/$1.00 USD) - 2025/02/08 12:21:08 WET [2025/02/08 7:21:08 ET]
Table 'Kevola' 6-max Seat #4 is the button
Seat 1: vezis3 ($101.50 in chips) 
Seat 2: blistein ($104.07 in chips) 
Seat 3: vadjkeee ($100 in chips) 
Seat 4: Burlica2013 ($100 in chips) 
Seat 5: xcinaz ($100.50 in chips) 
Seat 6: Kareka200 ($61.37 in chips) 
xcinaz: posts small blind $0.50
Kareka200: posts big blind $1
*** HOLE CARDS ***
vezis3: folds 
blistein: folds 
vadjkeee: folds 
Burlica2013: raises $1.45 to $2.45
xcinaz: folds 
Kareka200: calls $1.45
*** FLOP *** [3h 6d 7s]
Kareka200: checks 
Burlica2013: bets $1.69
Kareka200: calls $1.69
*** TURN *** [3h 6d 7s] [8c]
Kareka200: checks 
Burlica2013: checks 
*** RIVER *** [3h 6d 7s 8c] [Td]
Kareka200: checks 
Burlica2013: checks 
*** SHOW DOWN ***
Kareka200: shows [Jc Tc] (a pair of Tens)
Burlica2013: mucks hand 
Kareka200 collected $8.34 from pot
*** SUMMARY ***
Total pot $8.78 | Rake $0.44 
Board [3h 6d 7s 8c Td]
Seat 1: vezis3 folded before Flop (didn't bet)
Seat 2: blistein folded before Flop (didn't bet)
Seat 3: vadjkeee folded before Flop (didn't bet)
Seat 4: Burlica2013 (button) mucked
Seat 5: xcinaz (small blind) folded before Flop
Seat 6: Kareka200 (big blind) showed [Jc Tc] and won ($8.34) with a pair of Tens



PokerStars Hand #254764298040:  Hold'em No Limit ($0.50/$1.00 USD) - 2025/02/08 12:21:39 WET [2025/02/08 7:21:39 ET]
Table 'Kevola' 6-max Seat #5 is the button
Seat 1: vezis3 ($101.50 in chips) 
Seat 2: blistein ($104.07 in chips) 
Seat 3: vadjkeee ($100 in chips) 
Seat 4: Burlica2013 ($100 in chips) 
Seat 5: xcinaz ($100 in chips) 
Seat 6: Kareka200 ($65.57 in chips) 
Kareka200: posts small blind $0.50
vezis3: posts big blind $1
*** HOLE CARDS ***
blistein: folds 
vadjkeee: raises $1.50 to $2.50
Burlica2013: folds 
xcinaz: folds 
Kareka200: folds 
vezis3: calls $1.50
*** FLOP *** [9d 9h Js]
vezis3: checks 
vadjkeee: bets $1.30
vezis3: folds 
Uncalled bet ($1.30) returned to vadjkeee
vadjkeee collected $5.22 from pot
vadjkeee: doesn't show hand 
*** SUMMARY ***
Total pot $5.50 | Rake $0.28 
Board [9d 9h Js]
Seat 1: vezis3 (big blind) folded on the Flop
Seat 2: blistein folded before Flop (didn't bet)
Seat 3: vadjkeee collected ($5.22)
Seat 4: Burlica2013 folded before Flop (didn't bet)
Seat 5: xcinaz (button) folded before Flop (didn't bet)
Seat 6: Kareka200 (small blind) folded before Flop



PokerStars Hand #254764301790:  Hold'em No Limit ($0.50/$1.00 USD) - 2025/02/08 12:22:04 WET [2025/02/08 7:22:04 ET]
Table 'Kevola' 6-max Seat #6 is the button
Seat 1: vezis3 ($100 in chips) 
Seat 2: blistein ($104.07 in chips) 
Seat 3: vadjkeee ($102.72 in chips) 
Seat 4: Burlica2013 ($100 in chips) 
Seat 5: xcinaz ($100 in chips) 
Seat 6: Kareka200 ($65.07 in chips) 
vezis3: posts small blind $0.50
blistein: posts big blind $1
*** HOLE CARDS ***
vadjkeee: folds 
Burlica2013: folds 
xcinaz: raises $1.20 to $2.20
Kareka200: calls $2.20
vezis3: folds 
blistein: calls $1.20
*** FLOP *** [4h 5c 9h]
blistein: checks 
xcinaz: checks 
Kareka200: checks 
*** TURN *** [4h 5c 9h] [Jh]
blistein: bets $5.05
xcinaz: folds 
Kareka200: folds 
Uncalled bet ($5.05) returned to blistein
blistein collected $6.74 from pot
blistein: doesn't show hand 
*** SUMMARY ***
Total pot $7.10 | Rake $0.36 
Board [4h 5c 9h Jh]
Seat 1: vezis3 (small blind) folded before Flop
Seat 2: blistein (big blind) collected ($6.74)
Seat 3: vadjkeee folded before Flop (didn't bet)
Seat 4: Burlica2013 folded before Flop (didn't bet)
Seat 5: xcinaz folded on the Turn
Seat 6: Kareka200 (button) folded on the Turn



PokerStars Hand #254764325462:  Hold'em No Limit ($0.50/$1.00 USD) - 2025/02/08 12:24:40 WET [2025/02/08 7:24:40 ET]
Table 'Kevola' 6-max Seat #5 is the button
Seat 3: vadjkeee ($102.72 in chips) is sitting out
Seat 1: vezis3 ($107.72 in chips) 
Seat 2: blistein ($105.61 in chips) 
Seat 4: Burlica2013 ($100 in chips) 
Seat 5: xcinaz ($103.45 in chips) 
Seat 6: Kareka200 ($54.87 in chips) 
Kareka200: posts small blind $0.50
vezis3: posts big blind $1
*** HOLE CARDS ***
blistein: folds 
Burlica2013: folds 
xcinaz: raises $1.50 to $2.50
Kareka200: folds 
vezis3: calls $1.50
*** FLOP *** [Jd Th Jc]
vezis3: checks 
xcinaz: checks 
*** TURN *** [Jd Th Jc] [3h]
vezis3: bets $2.19
xcinaz: folds 
Uncalled bet ($2.19) returned to vezis3
vezis3 collected $5.22 from pot
vezis3: doesn't show hand 
*** SUMMARY ***
Total pot $5.50 | Rake $0.28 
Board [Jd Th Jc 3h]
Seat 3: vadjkeee
Seat 1: vezis3 (big blind) collected ($5.22)
Seat 2: blistein folded before Flop (didn't bet)
Seat 4: Burlica2013 folded before Flop (didn't bet)
Seat 5: xcinaz (button) folded on the Turn
Seat 6: Kareka200 (small blind) folded before Flop



PokerStars Hand #254764335232:  Hold'em No Limit ($0.50/$1.00 USD) - 2025/02/08 12:25:46 WET [2025/02/08 7:25:46 ET]
Table 'Kevola' 6-max Seat #6 is the button
Seat 3: vadjkeee ($102.72 in chips) is sitting out
Seat 1: vezis3 ($110.44 in chips) 
Seat 2: blistein ($105.61 in chips) 
Seat 4: Burlica2013 ($100 in chips) 
Seat 5: xcinaz ($100.95 in chips) 
Seat 6: Kareka200 ($54.37 in chips) 
vezis3: posts small blind $0.50
blistein: posts big blind $1
*** HOLE CARDS ***
Burlica2013: folds 
xcinaz: folds 
Kareka200: folds 
vezis3: raises $2 to $3
blistein: calls $2
*** FLOP *** [5s 3d 6s]
vezis3: bets $1.88
blistein: folds 
Uncalled bet ($1.88) returned to vezis3
vezis3 collected $5.70 from pot
vezis3: doesn't show hand 
*** SUMMARY ***
Total pot $6 | Rake $0.30 
Board [5s 3d 6s]
Seat 3: vadjkeee
Seat 1: vezis3 (small blind) collected ($5.70)
Seat 2: blistein (big blind) folded on the Flop
Seat 4: Burlica2013 folded before Flop (didn't bet)
Seat 5: xcinaz folded before Flop (didn't bet)
Seat 6: Kareka200 (button) folded before Flop (didn't bet)



PokerStars Hand #254764339402:  Hold'em No Limit ($0.50/$1.00 USD) - 2025/02/08 12:26:14 WET [2025/02/08 7:26:14 ET]
Table 'Kevola' 6-max Seat #1 is the button
Seat 3: vadjkeee ($102.72 in chips) is sitting out
Seat 1: vezis3 ($113.14 in chips) 
Seat 2: blistein ($102.61 in chips) 
Seat 4: Burlica2013 ($100 in chips) 
Seat 5: xcinaz ($100.95 in chips) 
Seat 6: Kareka200 ($54.37 in chips) 
blistein: posts small blind $0.50
Burlica2013: posts big blind $1
*** HOLE CARDS ***
xcinaz: folds 
Kareka200: calls $1
vezis3: raises $3 to $4
blistein: folds 
Burlica2013: folds 
Kareka200: calls $3
*** FLOP *** [7h 2c 7s]
Kareka200: checks 
vezis3: checks 
*** TURN *** [7h 2c 7s] [Td]
Kareka200: checks 
vezis3: bets $2.98
Kareka200: folds 
Uncalled bet ($2.98) returned to vezis3
vezis3 collected $9.02 from pot
vezis3: doesn't show hand 
*** SUMMARY ***
Total pot $9.50 | Rake $0.48 
Board [7h 2c 7s Td]
Seat 3: vadjkeee
Seat 1: vezis3 (button) collected ($9.02)
Seat 2: blistein (small blind) folded before Flop
Seat 4: Burlica2013 (big blind) folded before Flop
Seat 5: xcinaz folded before Flop (didn't bet)
Seat 6: Kareka200 folded on the Turn



PokerStars Hand #254764344619:  Hold'em No Limit ($0.50/$1.00 USD) - 2025/02/08 12:26:49 WET [2025/02/08 7:26:49 ET]
Table 'Kevola' 6-max Seat #2 is the button
Seat 3: vadjkeee ($102.72 in chips) is sitting out
Seat 1: vezis3 ($118.16 in chips) 
Seat 2: blistein ($102.11 in chips) 
Seat 4: Burlica2013 ($100 in chips) 
Seat 5: xcinaz ($100.95 in chips) 
Seat 6: Kareka200 ($50.37 in chips) 
Burlica2013: posts small blind $0.50
xcinaz: posts big blind $1
*** HOLE CARDS ***
Kareka200: folds 
vezis3: raises $1 to $2
blistein: folds 
Burlica2013: folds 
xcinaz: folds 
Uncalled bet ($1) returned to vezis3
vezis3 collected $2.50 from pot
vezis3: doesn't show hand 
*** SUMMARY ***
Total pot $2.50 | Rake $0 
Seat 3: vadjkeee
Seat 1: vezis3 collected ($2.50)
Seat 2: blistein (button) folded before Flop (didn't bet)
Seat 4: Burlica2013 (small blind) folded before Flop
Seat 5: xcinaz (big blind) folded before Flop
Seat 6: Kareka200 folded before Flop (didn't bet)



PokerStars Hand #254764346892:  Hold'em No Limit ($0.50/$1.00 USD) - 2025/02/08 12:27:04 WET [2025/02/08 7:27:04 ET]
Table 'Kevola' 6-max Seat #4 is the button
Seat 3: vadjkeee ($102.72 in chips) is sitting out
Seat 1: vezis3 ($119.66 in chips) 
Seat 2: blistein ($102.11 in chips) 
Seat 4: Burlica2013 ($100 in chips) 
Seat 5: xcinaz ($100 in chips) 
Seat 6: Kareka200 ($50.37 in chips) 
xcinaz: posts small blind $0.50
Kareka200: posts big blind $1
*** HOLE CARDS ***
vezis3: folds 
blistein: raises $1.30 to $2.30
Burlica2013: folds 
xcinaz: folds 
Kareka200: calls $1.30
*** FLOP *** [Jd Ts 2h]
Kareka200: bets $2
blistein: calls $2
*** TURN *** [Jd Ts 2h] [2s]
vadjkeee leaves the table
Kareka200: bets $3
blistein: calls $3
*** RIVER *** [Jd Ts 2h 2s] [Kc]
Kareka200: bets $14.34
treidei3 joins the table at seat #3 
blistein: folds 
Uncalled bet ($14.34) returned to Kareka200
Kareka200 collected $14.34 from pot
*** SUMMARY ***
Total pot $15.10 | Rake $0.76 
Board [Jd Ts 2h 2s Kc]
Seat 3: vadjkeee
Seat 1: vezis3 folded before Flop (didn't bet)
Seat 2: blistein folded on the River
Seat 4: Burlica2013 (button) folded before Flop (didn't bet)
Seat 5: xcinaz (small blind) folded before Flop
Seat 6: Kareka200 (big blind) collected ($14.34)



PokerStars Hand #254764358043:  Hold'em No Limit ($0.50/$1.00 USD) - 2025/02/08 12:28:17 WET [2025/02/08 7:28:17 ET]
Table 'Kevola' 6-max Seat #5 is the button
Seat 3: treidei3 ($100 in chips) is sitting out
Seat 1: vezis3 ($119.66 in chips) 
Seat 2: blistein ($100 in chips) 
Seat 4: Burlica2013 ($100 in chips) 
Seat 5: xcinaz ($100 in chips) 
Seat 6: Kareka200 ($57.41 in chips) 
Kareka200: posts small blind $0.50
vezis3: posts big blind $1
treidei3: sits out 
*** HOLE CARDS ***
blistein: folds 
Burlica2013: raises $1.25 to $2.25
xcinaz: raises $5.75 to $8
Kareka200: calls $7.50
vezis3: folds 
Burlica2013: raises $12.80 to $20.80
xcinaz: folds 
Kareka200: calls $12.80
*** FLOP *** [7c 7s 6d]
Kareka200: bets $36.61 and is all-in
Burlica2013: calls $36.61
*** TURN *** [7c 7s 6d] [6h]
*** RIVER *** [7c 7s 6d 6h] [Kh]
*** SHOW DOWN ***
Kareka200: shows [6c Tc] (a full house, Sixes full of Sevens)
Burlica2013: shows [Ah Js] (two pair, Sevens and Sixes)
Kareka200 collected $121.32 from pot
*** SUMMARY ***
Total pot $123.82 | Rake $2.50 
Board [7c 7s 6d 6h Kh]
Seat 3: treidei3
Seat 1: vezis3 (big blind) folded before Flop
Seat 2: blistein folded before Flop (didn't bet)
Seat 4: Burlica2013 showed [Ah Js] and lost with two pair, Sevens and Sixes
Seat 5: xcinaz (button) folded before Flop
Seat 6: Kareka200 (small blind) showed [6c Tc] and won ($121.32) with a full house, Sixes full of Sevens



PokerStars Hand #254764365948:  Hold'em No Limit ($0.50/$1.00 USD) - 2025/02/08 12:29:09 WET [2025/02/08 7:29:09 ET]
Table 'Kevola' 6-max Seat #6 is the button
Seat 3: treidei3 ($100 in chips) is sitting out
Seat 1: vezis3 ($118.66 in chips) 
Seat 2: blistein ($100 in chips) 
Seat 4: Burlica2013 ($100 in chips) 
Seat 5: xcinaz ($100 in chips) 
Seat 6: Kareka200 ($121.32 in chips) 
vezis3: posts small blind $0.50
blistein: posts big blind $1
treidei3: sits out 
*** HOLE CARDS ***
Burlica2013: raises $1.20 to $2.20
xcinaz: raises $5.80 to $8
Kareka200: folds 
vezis3: raises $13 to $21
blistein: folds 
Burlica2013: folds 
xcinaz: folds 
Uncalled bet ($13) returned to vezis3
vezis3 collected $19.20 from pot
vezis3: doesn't show hand 
*** SUMMARY ***
Total pot $19.20 | Rake $0 
Seat 3: treidei3
Seat 1: vezis3 (small blind) collected ($19.20)
Seat 2: blistein (big blind) folded before Flop
Seat 4: Burlica2013 folded before Flop
Seat 5: xcinaz folded before Flop
Seat 6: Kareka200 (button) folded before Flop (didn't bet)



PokerStars Hand #254764371319:  Hold'em No Limit ($0.50/$1.00 USD) - 2025/02/08 12:29:44 WET [2025/02/08 7:29:44 ET]
Table 'Kevola' 6-max Seat #1 is the button
Seat 1: vezis3 ($129.86 in chips) 
Seat 2: blistein ($100 in chips) 
Seat 3: treidei3 ($100 in chips) 
Seat 4: Burlica2013 ($100 in chips) 
Seat 5: xcinaz ($100 in chips) 
Seat 6: Kareka200 ($121.32 in chips) 
blistein: posts small blind $0.50
treidei3: posts big blind $1
*** HOLE CARDS ***
Burlica2013: raises $1.20 to $2.20
xcinaz: folds 
Kareka200: calls $2.20
vezis3: folds 
blistein: folds 
treidei3: folds 
*** FLOP *** [3c Qd 4h]
Burlica2013: checks 
Kareka200: checks 
*** TURN *** [3c Qd 4h] [Kc]
Burlica2013: bets $2.80
Kareka200: calls $2.80
*** RIVER *** [3c Qd 4h Kc] [4d]
Burlica2013: checks 
Kareka200: bets $5
Burlica2013: raises $20 to $25
Kareka200: calls $20
*** SHOW DOWN ***
Burlica2013: shows [Ac 4c] (three of a kind, Fours)
Kareka200: mucks hand 
Burlica2013 collected $59 from pot
*** SUMMARY ***
Total pot $61.50 | Rake $2.50 
Board [3c Qd 4h Kc 4d]
Seat 1: vezis3 (button) folded before Flop (didn't bet)
Seat 2: blistein (small blind) folded before Flop
Seat 3: treidei3 (big blind) folded before Flop
Seat 4: Burlica2013 showed [Ac 4c] and won ($59) with three of a kind, Fours
Seat 5: xcinaz folded before Flop (didn't bet)
Seat 6: Kareka200 mucked



PokerStars Hand #254764378720:  Hold'em No Limit ($0.50/$1.00 USD) - 2025/02/08 12:30:31 WET [2025/02/08 7:30:31 ET]
Table 'Kevola' 6-max Seat #2 is the button
Seat 1: vezis3 ($129.86 in chips) 
Seat 2: blistein ($100 in chips) 
Seat 3: treidei3 ($100 in chips) 
Seat 4: Burlica2013 ($129 in chips) 
Seat 5: xcinaz ($100 in chips) 
Seat 6: Kareka200 ($91.32 in chips) 
treidei3: posts small blind $0.50
Burlica2013: posts big blind $1
*** HOLE CARDS ***
xcinaz: folds 
Kareka200: folds 
vezis3: folds 
blistein: folds 
Kareka200 leaves the table
treidei3: raises $2 to $3
Burlica2013: folds 
Uncalled bet ($2) returned to treidei3
treidei3 collected $2 from pot
treidei3: doesn't show hand 
*** SUMMARY ***
Total pot $2 | Rake $0 
Seat 1: vezis3 folded before Flop (didn't bet)
Seat 2: blistein (button) folded before Flop (didn't bet)
Seat 3: treidei3 (small blind) collected ($2)
Seat 4: Burlica2013 (big blind) folded before Flop
Seat 5: xcinaz folded before Flop (didn't bet)
Seat 6: Kareka200 folded before Flop (didn't bet)



PokerStars Hand #254764382339:  Hold'em No Limit ($0.50/$1.00 USD) - 2025/02/08 12:30:55 WET [2025/02/08 7:30:55 ET]
Table 'Kevola' 6-max Seat #3 is the button
Seat 1: vezis3 ($129.86 in chips) 
Seat 2: blistein ($100 in chips) 
Seat 3: treidei3 ($101 in chips) 
Seat 4: Burlica2013 ($128 in chips) 
Seat 5: xcinaz ($100 in chips) 
Burlica2013: posts small blind $0.50
xcinaz: posts big blind $1
*** HOLE CARDS ***
vezis3: folds 
blistein: folds 
treidei3: folds 
Burlica2013: folds 
Uncalled bet ($0.50) returned to xcinaz
xcinaz collected $1 from pot
xcinaz: doesn't show hand 
*** SUMMARY ***
Total pot $1 | Rake $0 
Seat 1: vezis3 folded before Flop (didn't bet)
Seat 2: blistein folded before Flop (didn't bet)
Seat 3: treidei3 (button) folded before Flop (didn't bet)
Seat 4: Burlica2013 (small blind) folded before Flop
Seat 5: xcinaz (big blind) collected ($1)



PokerStars Hand #254764383830:  Hold'em No Limit ($0.50/$1.00 USD) - 2025/02/08 12:31:04 WET [2025/02/08 7:31:04 ET]
Table 'Kevola' 6-max Seat #4 is the button
Seat 1: vezis3 ($129.86 in chips) 
Seat 2: blistein ($100 in chips) 
Seat 3: treidei3 ($101 in chips) 
Seat 4: Burlica2013 ($127.50 in chips) 
Seat 5: xcinaz ($100.50 in chips) 
xcinaz: posts small blind $0.50
vezis3: posts big blind $1
*** HOLE CARDS ***
AntoanetaDas joins the table at seat #6 
blistein: folds 
treidei3: folds 
blistein leaves the table
Burlica2013: folds 
xcinaz: raises $2 to $3
vezis3: folds 
Uncalled bet ($2) returned to xcinaz
xcinaz collected $2 from pot
xcinaz: doesn't show hand 
*** SUMMARY ***
Total pot $2 | Rake $0 
Seat 1: vezis3 (big blind) folded before Flop
Seat 2: blistein folded before Flop (didn't bet)
Seat 3: treidei3 folded before Flop (didn't bet)
Seat 4: Burlica2013 (button) folded before Flop (didn't bet)
Seat 5: xcinaz (small blind) collected ($2)



PokerStars Hand #254764388663:  Hold'em No Limit ($0.50/$1.00 USD) - 2025/02/08 12:31:35 WET [2025/02/08 7:31:35 ET]
Table 'Kevola' 6-max Seat #1 is the button
Seat 3: treidei3 ($101 in chips) is sitting out
Seat 4: Burlica2013 ($127.50 in chips) is sitting out
Seat 6: AntoanetaDas ($100 in chips) is sitting out
Seat 1: vezis3 ($128.86 in chips) 
Seat 5: xcinaz ($101.50 in chips) 
vezis3: posts small blind $0.50
treidei3: is sitting out 
Burlica2013: is sitting out 
xcinaz: posts big blind $1
*** HOLE CARDS ***
vezis3: raises $1.40 to $2.40
xcinaz: folds 
Uncalled bet ($1.40) returned to vezis3
vezis3 collected $2 from pot
vezis3: doesn't show hand 
*** SUMMARY ***
Total pot $2 | Rake $0 
Seat 3: treidei3
Seat 4: Burlica2013
Seat 6: AntoanetaDas
Seat 1: vezis3 (button) (small blind) collected ($2)
Seat 5: xcinaz (big blind) folded before Flop



PokerStars Hand #254764390608:  Hold'em No Limit ($0.50/$1.00 USD) - 2025/02/08 12:31:48 WET [2025/02/08 7:31:48 ET]
Table 'Kevola' 6-max Seat #5 is the button
Seat 3: treidei3 ($101 in chips) is sitting out
Seat 6: AntoanetaDas ($100 in chips) is sitting out
Seat 1: vezis3 ($129.86 in chips) 
Seat 4: Burlica2013 ($127.50 in chips) 
Seat 5: xcinaz ($100.50 in chips) 
vezis3: posts small blind $0.50
Burlica2013: posts big blind $1
*** HOLE CARDS ***
xcinaz: folds 
vezis3: folds 
Uncalled bet ($0.50) returned to Burlica2013
Burlica2013 collected $1 from pot
Burlica2013: doesn't show hand 
*** SUMMARY ***
Total pot $1 | Rake $0 
Seat 3: treidei3
Seat 6: AntoanetaDas
Seat 1: vezis3 (small blind) folded before Flop
Seat 4: Burlica2013 (big blind) collected ($1)
Seat 5: xcinaz (button) folded before Flop (didn't bet)



PokerStars Hand #254764391942:  Hold'em No Limit ($0.50/$1.00 USD) - 2025/02/08 12:31:57 WET [2025/02/08 7:31:57 ET]
Table 'Kevola' 6-max Seat #1 is the button
Seat 3: treidei3 ($101 in chips) is sitting out
Seat 6: AntoanetaDas ($100 in chips) is sitting out
Seat 1: vezis3 ($129.36 in chips) 
Seat 4: Burlica2013 ($128 in chips) 
Seat 5: xcinaz ($100.50 in chips) 
Burlica2013: posts small blind $0.50
xcinaz: posts big blind $1
AntoanetaDas: sits out 
*** HOLE CARDS ***
vezis3: folds 
Burlica2013: raises $2 to $3
xcinaz: raises $6 to $9
Burlica2013: folds 
Uncalled bet ($6) returned to xcinaz
xcinaz collected $6 from pot
xcinaz: doesn't show hand 
*** SUMMARY ***
Total pot $6 | Rake $0 
Seat 3: treidei3
Seat 6: AntoanetaDas
Seat 1: vezis3 (button) folded before Flop (didn't bet)
Seat 4: Burlica2013 (small blind) folded before Flop
Seat 5: xcinaz (big blind) collected ($6)



PokerStars Hand #254764395683:  Hold'em No Limit ($0.50/$1.00 USD) - 2025/02/08 12:32:21 WET [2025/02/08 7:32:21 ET]
Table 'Kevola' 6-max Seat #4 is the button
Seat 3: treidei3 ($101 in chips) is sitting out
Seat 1: vezis3 ($129.36 in chips) 
Seat 4: Burlica2013 ($125 in chips) 
Seat 5: xcinaz ($103.50 in chips) 
Seat 6: AntoanetaDas ($100 in chips) 
xcinaz: posts small blind $0.50
AntoanetaDas: posts big blind $1
treidei3: sits out 
*** HOLE CARDS ***
vezis3: raises $1.40 to $2.40
Burlica2013: folds 
Pon4uk.ua joins the table at seat #2 
xcinaz: folds 
AntoanetaDas: folds 
Uncalled bet ($1.40) returned to vezis3
vezis3 collected $2.50 from pot
vezis3: doesn't show hand 
*** SUMMARY ***
Total pot $2.50 | Rake $0 
Seat 3: treidei3
Seat 1: vezis3 collected ($2.50)
Seat 4: Burlica2013 (button) folded before Flop (didn't bet)
Seat 5: xcinaz (small blind) folded before Flop
Seat 6: AntoanetaDas (big blind) folded before Flop



PokerStars Hand #254764398109:  Hold'em No Limit ($0.50/$1.00 USD) - 2025/02/08 12:32:36 WET [2025/02/08 7:32:36 ET]
Table 'Kevola' 6-max Seat #5 is the button
Seat 2: Pon4uk.ua ($100 in chips) is sitting out
Seat 3: treidei3 ($101 in chips) is sitting out
Seat 1: vezis3 ($130.86 in chips) 
Seat 4: Burlica2013 ($125 in chips) 
Seat 5: xcinaz ($103 in chips) 
Seat 6: AntoanetaDas ($99 in chips) 
AntoanetaDas: posts small blind $0.50
vezis3: posts big blind $1
Pon4uk.ua: sits out 
treidei3: sits out 
*** HOLE CARDS ***
Burlica2013: raises $1.25 to $2.25
xcinaz: folds 
AntoanetaDas: folds 
vezis3: folds 
Uncalled bet ($1.25) returned to Burlica2013
Burlica2013 collected $2.50 from pot
Burlica2013: doesn't show hand 
*** SUMMARY ***
Total pot $2.50 | Rake $0 
Seat 2: Pon4uk.ua
Seat 3: treidei3
Seat 1: vezis3 (big blind) folded before Flop
Seat 4: Burlica2013 collected ($2.50)
Seat 5: xcinaz (button) folded before Flop (didn't bet)
Seat 6: AntoanetaDas (small blind) folded before Flop



PokerStars Hand #254764400883:  Hold'em No Limit ($0.50/$1.00 USD) - 2025/02/08 12:32:55 WET [2025/02/08 7:32:55 ET]
Table 'Kevola' 6-max Seat #6 is the button
Seat 3: treidei3 ($101 in chips) is sitting out
Seat 1: vezis3 ($129.86 in chips) 
Seat 2: Pon4uk.ua ($100 in chips) 
Seat 5: xcinaz ($103 in chips) 
Seat 6: AntoanetaDas ($98.50 in chips) 
vezis3: posts small blind $0.50
Pon4uk.ua: posts big blind $1
treidei3: sits out 
*** HOLE CARDS ***
xcinaz: folds 
AntoanetaDas: raises $1.50 to $2.50
vezis3: raises $9.50 to $12
Pon4uk.ua: folds 
AntoanetaDas: calls $9.50
*** FLOP *** [5c 3s 9c]
vezis3: bets $16
AntoanetaDas: calls $16
*** TURN *** [5c 3s 9c] [Jh]
vezis3: checks 
AntoanetaDas: bets $30
vezis3: folds 
Uncalled bet ($30) returned to AntoanetaDas
AntoanetaDas collected $56 from pot
AntoanetaDas: doesn't show hand 
*** SUMMARY ***
Total pot $57 | Rake $1 
Board [5c 3s 9c Jh]
Seat 3: treidei3
Seat 1: vezis3 (small blind) folded on the Turn
Seat 2: Pon4uk.ua (big blind) folded before Flop
Seat 5: xcinaz folded before Flop (didn't bet)
Seat 6: AntoanetaDas (button) collected ($56)



PokerStars Hand #254764407483:  Hold'em No Limit ($0.50/$1.00 USD) - 2025/02/08 12:33:37 WET [2025/02/08 7:33:37 ET]
Table 'Kevola' 6-max Seat #1 is the button
Seat 1: vezis3 ($101.86 in chips) 
Seat 2: Pon4uk.ua ($100 in chips) 
Seat 3: treidei3 ($101 in chips) 
Seat 5: xcinaz ($103 in chips) 
Seat 6: AntoanetaDas ($126.50 in chips) 
Pon4uk.ua: posts small blind $0.50
treidei3: posts big blind $1
*** HOLE CARDS ***
xcinaz: folds 
AntoanetaDas: folds 
vezis3: folds 
Pon4uk.ua: folds 
Uncalled bet ($0.50) returned to treidei3
treidei3 collected $1 from pot
treidei3: doesn't show hand 
*** SUMMARY ***
Total pot $1 | Rake $0 
Seat 1: vezis3 (button) folded before Flop (didn't bet)
Seat 2: Pon4uk.ua (small blind) folded before Flop
Seat 3: treidei3 (big blind) collected ($1)
Seat 5: xcinaz folded before Flop (didn't bet)
Seat 6: AntoanetaDas folded before Flop (didn't bet)



PokerStars Hand #254764409284:  Hold'em No Limit ($0.50/$1.00 USD) - 2025/02/08 12:33:49 WET [2025/02/08 7:33:49 ET]
Table 'Kevola' 6-max Seat #2 is the button
Seat 1: vezis3 ($101.86 in chips) 
Seat 2: Pon4uk.ua ($100 in chips) 
Seat 3: treidei3 ($101.50 in chips) 
Seat 5: xcinaz ($103 in chips) 
Seat 6: AntoanetaDas ($126.50 in chips) 
treidei3: posts small blind $0.50
xcinaz: posts big blind $1
*** HOLE CARDS ***
AntoanetaDas: folds 
vezis3: raises $1.40 to $2.40
Pon4uk.ua: folds 
treidei3: folds 
xcinaz: folds 
Uncalled bet ($1.40) returned to vezis3
vezis3 collected $2.50 from pot
vezis3: doesn't show hand 
*** SUMMARY ***
Total pot $2.50 | Rake $0 
Seat 1: vezis3 collected ($2.50)
Seat 2: Pon4uk.ua (button) folded before Flop (didn't bet)
Seat 3: treidei3 (small blind) folded before Flop
Seat 5: xcinaz (big blind) folded before Flop
Seat 6: AntoanetaDas folded before Flop (didn't bet)



PokerStars Hand #254764414132:  Hold'em No Limit ($0.50/$1.00 USD) - 2025/02/08 12:34:20 WET [2025/02/08 7:34:20 ET]
Table 'Kevola' 6-max Seat #3 is the button
Seat 1: vezis3 ($103.36 in chips) 
Seat 2: Pon4uk.ua ($100 in chips) 
Seat 3: treidei3 ($101 in chips) 
Seat 5: xcinaz ($102 in chips) 
Seat 6: AntoanetaDas ($126.50 in chips) 
xcinaz: posts small blind $0.50
AntoanetaDas: posts big blind $1
*** HOLE CARDS ***
vezis3: raises $1 to $2
Pon4uk.ua: folds 
treidei3: folds 
MCMXCXIX joins the table at seat #4 
MCMXCXIX is disconnected 
xcinaz: folds 
AntoanetaDas: folds 
Uncalled bet ($1) returned to vezis3
vezis3 collected $2.50 from pot
vezis3: doesn't show hand 
*** SUMMARY ***
Total pot $2.50 | Rake $0 
Seat 1: vezis3 collected ($2.50)
Seat 2: Pon4uk.ua folded before Flop (didn't bet)
Seat 3: treidei3 (button) folded before Flop (didn't bet)
Seat 5: xcinaz (small blind) folded before Flop
Seat 6: AntoanetaDas (big blind) folded before Flop



PokerStars Hand #254764416189:  Hold'em No Limit ($0.50/$1.00 USD) - 2025/02/08 12:34:34 WET [2025/02/08 7:34:34 ET]
Table 'Kevola' 6-max Seat #5 is the button
Seat 4: MCMXCXIX ($100 in chips) is sitting out
Seat 1: vezis3 ($104.86 in chips) 
Seat 2: Pon4uk.ua ($100 in chips) 
Seat 3: treidei3 ($101 in chips) 
Seat 5: xcinaz ($101.50 in chips) 
Seat 6: AntoanetaDas ($125.50 in chips) 
AntoanetaDas: posts small blind $0.50
vezis3: posts big blind $1
MCMXCXIX: sits out 
*** HOLE CARDS ***
Pon4uk.ua: folds 
treidei3: folds 
xcinaz: raises $1.50 to $2.50
AntoanetaDas: folds 
vezis3: folds 
Uncalled bet ($1.50) returned to xcinaz
xcinaz collected $2.50 from pot
xcinaz: doesn't show hand 
*** SUMMARY ***
Total pot $2.50 | Rake $0 
Seat 4: MCMXCXIX
Seat 1: vezis3 (big blind) folded before Flop
Seat 2: Pon4uk.ua folded before Flop (didn't bet)
Seat 3: treidei3 folded before Flop (didn't bet)
Seat 5: xcinaz (button) collected ($2.50)
Seat 6: AntoanetaDas (small blind) folded before Flop



PokerStars Hand #254764419027:  Hold'em No Limit ($0.50/$1.00 USD) - 2025/02/08 12:34:52 WET [2025/02/08 7:34:52 ET]
Table 'Kevola' 6-max Seat #6 is the button
Seat 1: vezis3 ($103.86 in chips) 
Seat 2: Pon4uk.ua ($100 in chips) 
Seat 3: treidei3 ($101 in chips) 
Seat 4: MCMXCXIX ($100 in chips) 
Seat 5: xcinaz ($103 in chips) 
Seat 6: AntoanetaDas ($125 in chips) 
vezis3: posts small blind $0.50
Pon4uk.ua: posts big blind $1
MCMXCXIX: posts big blind $1
*** HOLE CARDS ***
treidei3: raises $3 to $4
MCMXCXIX: folds 
xcinaz: folds 
AntoanetaDas: folds 
vezis3: folds 
Pon4uk.ua: folds 
Uncalled bet ($3) returned to treidei3
treidei3 collected $3.50 from pot
treidei3: doesn't show hand 
*** SUMMARY ***
Total pot $3.50 | Rake $0 
Seat 1: vezis3 (small blind) folded before Flop
Seat 2: Pon4uk.ua (big blind) folded before Flop
Seat 3: treidei3 collected ($3.50)
Seat 4: MCMXCXIX folded before Flop (didn't bet)
Seat 5: xcinaz folded before Flop (didn't bet)
Seat 6: AntoanetaDas (button) folded before Flop (didn't bet)



PokerStars Hand #254764421253:  Hold'em No Limit ($0.50/$1.00 USD) - 2025/02/08 12:35:06 WET [2025/02/08 7:35:06 ET]
Table 'Kevola' 6-max Seat #1 is the button
Seat 1: vezis3 ($103.36 in chips) 
Seat 2: Pon4uk.ua ($100 in chips) 
Seat 3: treidei3 ($103.50 in chips) 
Seat 4: MCMXCXIX ($99 in chips) 
Seat 5: xcinaz ($103 in chips) 
Seat 6: AntoanetaDas ($125 in chips) 
Pon4uk.ua: posts small blind $0.50
treidei3: posts big blind $1
*** HOLE CARDS ***
MCMXCXIX: folds 
xcinaz: folds 
AntoanetaDas: raises $2 to $3
vezis3: folds 
Pon4uk.ua: folds 
treidei3: calls $2
*** FLOP *** [Jc Kc 2h]
treidei3: checks 
AntoanetaDas: bets $3.09
treidei3: folds 
Uncalled bet ($3.09) returned to AntoanetaDas
AntoanetaDas collected $6.18 from pot
AntoanetaDas: doesn't show hand 
*** SUMMARY ***
Total pot $6.50 | Rake $0.32 
Board [Jc Kc 2h]
Seat 1: vezis3 (button) folded before Flop (didn't bet)
Seat 2: Pon4uk.ua (small blind) folded before Flop
Seat 3: treidei3 (big blind) folded on the Flop
Seat 4: MCMXCXIX folded before Flop (didn't bet)
Seat 5: xcinaz folded before Flop (didn't bet)
Seat 6: AntoanetaDas collected ($6.18)



PokerStars Hand #254764426221:  Hold'em No Limit ($0.50/$1.00 USD) - 2025/02/08 12:35:39 WET [2025/02/08 7:35:39 ET]
Table 'Kevola' 6-max Seat #2 is the button
Seat 1: vezis3 ($103.36 in chips) 
Seat 2: Pon4uk.ua ($100 in chips) 
Seat 3: treidei3 ($100.50 in chips) 
Seat 4: MCMXCXIX ($99 in chips) 
Seat 5: xcinaz ($103 in chips) 
Seat 6: AntoanetaDas ($128.18 in chips) 
treidei3: posts small blind $0.50
MCMXCXIX: posts big blind $1
*** HOLE CARDS ***
xcinaz: folds 
AntoanetaDas: folds 
vezis3: raises $1.40 to $2.40
Pon4uk.ua: folds 
treidei3: folds 
MCMXCXIX: calls $1.40
*** FLOP *** [4h 3h 7d]
MCMXCXIX: checks 
vezis3: checks 
*** TURN *** [4h 3h 7d] [Ac]
MCMXCXIX: bets $2.52
vezis3: folds 
Uncalled bet ($2.52) returned to MCMXCXIX
MCMXCXIX collected $5.04 from pot
*** SUMMARY ***
Total pot $5.30 | Rake $0.26 
Board [4h 3h 7d Ac]
Seat 1: vezis3 folded on the Turn
Seat 2: Pon4uk.ua (button) folded before Flop (didn't bet)
Seat 3: treidei3 (small blind) folded before Flop
Seat 4: MCMXCXIX (big blind) collected ($5.04)
Seat 5: xcinaz folded before Flop (didn't bet)
Seat 6: AntoanetaDas folded before Flop (didn't bet)



PokerStars Hand #254764431160:  Hold'em No Limit ($0.50/$1.00 USD) - 2025/02/08 12:36:10 WET [2025/02/08 7:36:10 ET]
Table 'Kevola' 6-max Seat #3 is the button
Seat 1: vezis3 ($100.96 in chips) 
Seat 2: Pon4uk.ua ($100 in chips) 
Seat 3: treidei3 ($100 in chips) 
Seat 4: MCMXCXIX ($101.64 in chips) 
Seat 5: xcinaz ($103 in chips) 
Seat 6: AntoanetaDas ($128.18 in chips) 
MCMXCXIX: posts small blind $0.50
xcinaz: posts big blind $1
*** HOLE CARDS ***
AntoanetaDas: folds 
vezis3: folds 
Pon4uk.ua: folds 
treidei3: folds 
AntoanetaDas leaves the table
MCMXCXIX: raises $1 to $2
xcinaz: folds 
Uncalled bet ($1) returned to MCMXCXIX
MCMXCXIX collected $2 from pot
*** SUMMARY ***
Total pot $2 | Rake $0 
Seat 1: vezis3 folded before Flop (didn't bet)
Seat 2: Pon4uk.ua folded before Flop (didn't bet)
Seat 3: treidei3 (button) folded before Flop (didn't bet)
Seat 4: MCMXCXIX (small blind) collected ($2)
Seat 5: xcinaz (big blind) folded before Flop
Seat 6: AntoanetaDas folded before Flop (didn't bet)



PokerStars Hand #254764435387:  Hold'em No Limit ($0.50/$1.00 USD) - 2025/02/08 12:36:37 WET [2025/02/08 7:36:37 ET]
Table 'Kevola' 6-max Seat #4 is the button
Seat 1: vezis3 ($100.96 in chips) 
Seat 2: Pon4uk.ua ($100 in chips) 
Seat 3: treidei3 ($100 in chips) 
Seat 4: MCMXCXIX ($102.64 in chips) 
Seat 5: xcinaz ($102 in chips) 
xcinaz: posts small blind $0.50
vezis3: posts big blind $1
*** HOLE CARDS ***
Pon4uk.ua: folds 
treidei3: folds 
MCMXCXIX: calls $1
xcinaz: raises $3 to $4
vezis3: folds 
MCMXCXIX: folds 
Uncalled bet ($3) returned to xcinaz
xcinaz collected $3 from pot
xcinaz: doesn't show hand 
Emily_GetMan joins the table at seat #6 
*** SUMMARY ***
Total pot $3 | Rake $0 
Seat 1: vezis3 (big blind) folded before Flop
Seat 2: Pon4uk.ua folded before Flop (didn't bet)
Seat 3: treidei3 folded before Flop (didn't bet)
Seat 4: MCMXCXIX (button) folded before Flop
Seat 5: xcinaz (small blind) collected ($3)



PokerStars Hand #254764440240:  Hold'em No Limit ($0.50/$1.00 USD) - 2025/02/08 12:37:08 WET [2025/02/08 7:37:08 ET]
Table 'Kevola' 6-max Seat #5 is the button
Seat 6: Emily_GetMan ($100 in chips) is sitting out
Seat 1: vezis3 ($100 in chips) 
Seat 2: Pon4uk.ua ($100 in chips) 
Seat 3: treidei3 ($100 in chips) 
Seat 4: MCMXCXIX ($101.64 in chips) 
Seat 5: xcinaz ($104 in chips) 
vezis3: posts small blind $0.50
Pon4uk.ua: posts big blind $1
*** HOLE CARDS ***
treidei3: folds 
MCMXCXIX: folds 
xcinaz: raises $1.50 to $2.50
vezis3: folds 
Pon4uk.ua: calls $1.50
*** FLOP *** [8d 3c 6h]
Pon4uk.ua: checks 
xcinaz: checks 
*** TURN *** [8d 3c 6h] [Ts]
Pon4uk.ua: bets $3.92
xcinaz: folds 
Uncalled bet ($3.92) returned to Pon4uk.ua
Pon4uk.ua collected $5.22 from pot
Pon4uk.ua: doesn't show hand 
*** SUMMARY ***
Total pot $5.50 | Rake $0.28 
Board [8d 3c 6h Ts]
Seat 6: Emily_GetMan
Seat 1: vezis3 (small blind) folded before Flop
Seat 2: Pon4uk.ua (big blind) collected ($5.22)
Seat 3: treidei3 folded before Flop (didn't bet)
Seat 4: MCMXCXIX folded before Flop (didn't bet)
Seat 5: xcinaz (button) folded on the Turn



PokerStars Hand #254764447166:  Hold'em No Limit ($0.50/$1.00 USD) - 2025/02/08 12:37:52 WET [2025/02/08 7:37:52 ET]
Table 'Kevola' 6-max Seat #1 is the button
Seat 6: Emily_GetMan ($100 in chips) is sitting out
Seat 1: vezis3 ($100 in chips) 
Seat 2: Pon4uk.ua ($102.72 in chips) 
Seat 3: treidei3 ($100 in chips) 
Seat 4: MCMXCXIX ($101.64 in chips) 
Seat 5: xcinaz ($101.50 in chips) 
Pon4uk.ua: posts small blind $0.50
treidei3: posts big blind $1
Emily_GetMan: sits out 
*** HOLE CARDS ***
MCMXCXIX: folds 
xcinaz: raises $1.20 to $2.20
vezis3: folds 
Pon4uk.ua: folds 
treidei3: folds 
Uncalled bet ($1.20) returned to xcinaz
xcinaz collected $2.50 from pot
xcinaz: doesn't show hand 
*** SUMMARY ***
Total pot $2.50 | Rake $0 
Seat 6: Emily_GetMan
Seat 1: vezis3 (button) folded before Flop (didn't bet)
Seat 2: Pon4uk.ua (small blind) folded before Flop
Seat 3: treidei3 (big blind) folded before Flop
Seat 4: MCMXCXIX folded before Flop (didn't bet)
Seat 5: xcinaz collected ($2.50)



PokerStars Hand #254764450554:  Hold'em No Limit ($0.50/$1.00 USD) - 2025/02/08 12:38:13 WET [2025/02/08 7:38:13 ET]
Table 'Kevola' 6-max Seat #2 is the button
Seat 6: Emily_GetMan ($100 in chips) is sitting out
Seat 1: vezis3 ($100 in chips) 
Seat 2: Pon4uk.ua ($102.22 in chips) 
Seat 3: treidei3 ($100 in chips) 
Seat 4: MCMXCXIX ($101.64 in chips) 
Seat 5: xcinaz ($103 in chips) 
treidei3: posts small blind $0.50
MCMXCXIX: posts big blind $1
Emily_GetMan: sits out 
*** HOLE CARDS ***
xcinaz: folds 
vezis3: folds 
Pon4uk.ua: raises $1.50 to $2.50
treidei3: folds 
MCMXCXIX: folds 
Uncalled bet ($1.50) returned to Pon4uk.ua
Pon4uk.ua collected $2.50 from pot
Pon4uk.ua: doesn't show hand 
*** SUMMARY ***
Total pot $2.50 | Rake $0 
Seat 6: Emily_GetMan
Seat 1: vezis3 folded before Flop (didn't bet)
Seat 2: Pon4uk.ua (button) collected ($2.50)
Seat 3: treidei3 (small blind) folded before Flop
Seat 4: MCMXCXIX (big blind) folded before Flop
Seat 5: xcinaz folded before Flop (didn't bet)



PokerStars Hand #254764453884:  Hold'em No Limit ($0.50/$1.00 USD) - 2025/02/08 12:38:34 WET [2025/02/08 7:38:34 ET]
Table 'Kevola' 6-max Seat #3 is the button
Seat 5: xcinaz ($103 in chips) is sitting out
Seat 1: vezis3 ($100 in chips) 
Seat 2: Pon4uk.ua ($103.72 in chips) 
Seat 3: treidei3 ($100 in chips) 
Seat 4: MCMXCXIX ($100.64 in chips) 
Seat 6: Emily_GetMan ($100 in chips) 
MCMXCXIX: posts small blind $0.50
xcinaz: is sitting out 
Emily_GetMan: posts big blind $1
*** HOLE CARDS ***
vezis3: folds 
Pon4uk.ua: folds 
treidei3: raises $1.20 to $2.20
MCMXCXIX: calls $1.70
Emily_GetMan: calls $1.20
*** FLOP *** [7c Ah Qh]
MCMXCXIX: checks 
Emily_GetMan: checks 
treidei3: checks 
*** TURN *** [7c Ah Qh] [4d]
MCMXCXIX: checks 
Emily_GetMan: bets $4.14
treidei3: calls $4.14
MCMXCXIX: folds 
*** RIVER *** [7c Ah Qh 4d] [Jc]
Emily_GetMan: checks 
treidei3: checks 
*** SHOW DOWN ***
Emily_GetMan: shows [9h As] (a pair of Aces)
treidei3: mucks hand 
Emily_GetMan collected $14.14 from pot
*** SUMMARY ***
Total pot $14.88 | Rake $0.74 
Board [7c Ah Qh 4d Jc]
Seat 5: xcinaz
Seat 1: vezis3 folded before Flop (didn't bet)
Seat 2: Pon4uk.ua folded before Flop (didn't bet)
Seat 3: treidei3 (button) mucked
Seat 4: MCMXCXIX (small blind) folded on the Turn
Seat 6: Emily_GetMan (big blind) showed [9h As] and won ($14.14) with a pair of Aces



PokerStars Hand #254764461739:  Hold'em No Limit ($0.50/$1.00 USD) - 2025/02/08 12:39:24 WET [2025/02/08 7:39:24 ET]
Table 'Kevola' 6-max Seat #4 is the button
Seat 5: xcinaz ($103 in chips) is sitting out
Seat 1: vezis3 ($100 in chips) 
Seat 2: Pon4uk.ua ($103.72 in chips) 
Seat 3: treidei3 ($100 in chips) 
Seat 4: MCMXCXIX ($98.44 in chips) 
Seat 6: Emily_GetMan ($107.80 in chips) 
Emily_GetMan: posts small blind $0.50
vezis3: posts big blind $1
*** HOLE CARDS ***
Pon4uk.ua: folds 
treidei3: folds 
MCMXCXIX: folds 
Emily_GetMan: folds 
Uncalled bet ($0.50) returned to vezis3
vezis3 collected $1 from pot
vezis3: doesn't show hand 
*** SUMMARY ***
Total pot $1 | Rake $0 
Seat 5: xcinaz
Seat 1: vezis3 (big blind) collected ($1)
Seat 2: Pon4uk.ua folded before Flop (didn't bet)
Seat 3: treidei3 folded before Flop (didn't bet)
Seat 4: MCMXCXIX (button) folded before Flop (didn't bet)
Seat 6: Emily_GetMan (small blind) folded before Flop



PokerStars Hand #254764464121:  Hold'em No Limit ($0.50/$1.00 USD) - 2025/02/08 12:39:39 WET [2025/02/08 7:39:39 ET]
Table 'Kevola' 6-max Seat #6 is the button
Seat 5: xcinaz ($103 in chips) is sitting out
Seat 1: vezis3 ($100.50 in chips) 
Seat 2: Pon4uk.ua ($103.72 in chips) 
Seat 3: treidei3 ($100 in chips) 
Seat 4: MCMXCXIX ($98.44 in chips) 
Seat 6: Emily_GetMan ($107.30 in chips) 
vezis3: posts small blind $0.50
Pon4uk.ua: posts big blind $1
*** HOLE CARDS ***
treidei3: folds 
MCMXCXIX: folds 
Emily_GetMan: folds 
vezis3: raises $2 to $3
Pon4uk.ua: calls $2
*** FLOP *** [As Kh 9s]
vezis3: checks 
Pon4uk.ua: checks 
*** TURN *** [As Kh 9s] [8c]
vezis3: bets $4.39
Pon4uk.ua: folds 
Uncalled bet ($4.39) returned to vezis3
vezis3 collected $5.70 from pot
vezis3: doesn't show hand 
*** SUMMARY ***
Total pot $6 | Rake $0.30 
Board [As Kh 9s 8c]
Seat 5: xcinaz
Seat 1: vezis3 (small blind) collected ($5.70)
Seat 2: Pon4uk.ua (big blind) folded on the Turn
Seat 3: treidei3 folded before Flop (didn't bet)
Seat 4: MCMXCXIX folded before Flop (didn't bet)
Seat 6: Emily_GetMan (button) folded before Flop (didn't bet)



PokerStars Hand #254764472028:  Hold'em No Limit ($0.50/$1.00 USD) - 2025/02/08 12:40:28 WET [2025/02/08 7:40:28 ET]
Table 'Kevola' 6-max Seat #1 is the button
Seat 5: xcinaz ($103 in chips) is sitting out
Seat 1: vezis3 ($103.20 in chips) 
Seat 2: Pon4uk.ua ($100.72 in chips) 
Seat 3: treidei3 ($100 in chips) 
Seat 4: MCMXCXIX ($98.44 in chips) 
Seat 6: Emily_GetMan ($107.30 in chips) 
Pon4uk.ua: posts small blind $0.50
treidei3: posts big blind $1
xcinaz: sits out 
*** HOLE CARDS ***
MCMXCXIX: folds 
Emily_GetMan: folds 
vezis3: folds 
Pon4uk.ua: raises $1.75 to $2.75
treidei3: raises $5 to $7.75
Pon4uk.ua: folds 
Uncalled bet ($5) returned to treidei3
treidei3 collected $5.50 from pot
treidei3: doesn't show hand 
*** SUMMARY ***
Total pot $5.50 | Rake $0 
Seat 5: xcinaz
Seat 1: vezis3 (button) folded before Flop (didn't bet)
Seat 2: Pon4uk.ua (small blind) folded before Flop
Seat 3: treidei3 (big blind) collected ($5.50)
Seat 4: MCMXCXIX folded before Flop (didn't bet)
Seat 6: Emily_GetMan folded before Flop (didn't bet)



PokerStars Hand #254764478006:  Hold'em No Limit ($0.50/$1.00 USD) - 2025/02/08 12:41:04 WET [2025/02/08 7:41:04 ET]
Table 'Kevola' 6-max Seat #2 is the button
Seat 5: xcinaz ($103 in chips) is sitting out
Seat 1: vezis3 ($103.20 in chips) 
Seat 2: Pon4uk.ua ($100 in chips) 
Seat 3: treidei3 ($102.75 in chips) 
Seat 4: MCMXCXIX ($98.44 in chips) 
Seat 6: Emily_GetMan ($107.30 in chips) 
treidei3: posts small blind $0.50
MCMXCXIX: posts big blind $1
xcinaz: sits out 
*** HOLE CARDS ***
Emily_GetMan: folds 
vezis3: folds 
Pon4uk.ua: raises $1.50 to $2.50
treidei3: folds 
MCMXCXIX: folds 
Uncalled bet ($1.50) returned to Pon4uk.ua
Pon4uk.ua collected $2.50 from pot
Pon4uk.ua: doesn't show hand 
*** SUMMARY ***
Total pot $2.50 | Rake $0 
Seat 5: xcinaz
Seat 1: vezis3 folded before Flop (didn't bet)
Seat 2: Pon4uk.ua (button) collected ($2.50)
Seat 3: treidei3 (small blind) folded before Flop
Seat 4: MCMXCXIX (big blind) folded before Flop
Seat 6: Emily_GetMan folded before Flop (didn't bet)



PokerStars Hand #254764479999:  Hold'em No Limit ($0.50/$1.00 USD) - 2025/02/08 12:41:16 WET [2025/02/08 7:41:16 ET]
Table 'Kevola' 6-max Seat #3 is the button
Seat 1: vezis3 ($103.20 in chips) 
Seat 2: Pon4uk.ua ($101.50 in chips) 
Seat 3: treidei3 ($102.25 in chips) 
Seat 4: MCMXCXIX ($97.44 in chips) 
Seat 5: xcinaz ($103 in chips) 
Seat 6: Emily_GetMan ($107.30 in chips) 
MCMXCXIX: posts small blind $0.50
xcinaz: posts big blind $1
*** HOLE CARDS ***
Emily_GetMan: folds 
vezis3: folds 
Pon4uk.ua: raises $1.50 to $2.50
treidei3: folds 
MCMXCXIX: calls $2
xcinaz: folds 
*** FLOP *** [6h 7d Kh]
MCMXCXIX: checks 
Pon4uk.ua: bets $2.85
MCMXCXIX: folds 
Uncalled bet ($2.85) returned to Pon4uk.ua
Pon4uk.ua collected $5.70 from pot
Pon4uk.ua: doesn't show hand 
*** SUMMARY ***
Total pot $6 | Rake $0.30 
Board [6h 7d Kh]
Seat 1: vezis3 folded before Flop (didn't bet)
Seat 2: Pon4uk.ua collected ($5.70)
Seat 3: treidei3 (button) folded before Flop (didn't bet)
Seat 4: MCMXCXIX (small blind) folded on the Flop
Seat 5: xcinaz (big blind) folded before Flop
Seat 6: Emily_GetMan folded before Flop (didn't bet)



PokerStars Hand #254764487888:  Hold'em No Limit ($0.50/$1.00 USD) - 2025/02/08 12:42:05 WET [2025/02/08 7:42:05 ET]
Table 'Kevola' 6-max Seat #4 is the button
Seat 1: vezis3 ($103.20 in chips) 
Seat 2: Pon4uk.ua ($104.70 in chips) 
Seat 3: treidei3 ($102.25 in chips) 
Seat 4: MCMXCXIX ($94.94 in chips) 
Seat 5: xcinaz ($102 in chips) 
Seat 6: Emily_GetMan ($107.30 in chips) 
xcinaz: posts small blind $0.50
Emily_GetMan: posts big blind $1
*** HOLE CARDS ***
vezis3: folds 
Pon4uk.ua: folds 
treidei3: folds 
MCMXCXIX: raises $1 to $2
xcinaz: folds 
Emily_GetMan: folds 
Uncalled bet ($1) returned to MCMXCXIX
MCMXCXIX collected $2.50 from pot
*** SUMMARY ***
Total pot $2.50 | Rake $0 
Seat 1: vezis3 folded before Flop (didn't bet)
Seat 2: Pon4uk.ua folded before Flop (didn't bet)
Seat 3: treidei3 folded before Flop (didn't bet)
Seat 4: MCMXCXIX (button) collected ($2.50)
Seat 5: xcinaz (small blind) folded before Flop
Seat 6: Emily_GetMan (big blind) folded before Flop



PokerStars Hand #254764490932:  Hold'em No Limit ($0.50/$1.00 USD) - 2025/02/08 12:42:24 WET [2025/02/08 7:42:24 ET]
Table 'Kevola' 6-max Seat #5 is the button
Seat 1: vezis3 ($103.20 in chips) 
Seat 2: Pon4uk.ua ($104.70 in chips) 
Seat 3: treidei3 ($102.25 in chips) 
Seat 4: MCMXCXIX ($96.44 in chips) 
Seat 5: xcinaz ($101.50 in chips) 
Seat 6: Emily_GetMan ($106.30 in chips) 
Emily_GetMan: posts small blind $0.50
vezis3: posts big blind $1
*** HOLE CARDS ***
Pon4uk.ua: folds 
treidei3: folds 
MCMXCXIX: folds 
xcinaz: raises $1.50 to $2.50
Emily_GetMan: folds 
vezis3: calls $1.50
*** FLOP *** [2s Kd Qs]
vezis3: checks 
xcinaz: bets $1.31
vezis3: calls $1.31
*** TURN *** [2s Kd Qs] [6s]
vezis3: checks 
xcinaz: checks 
*** RIVER *** [2s Kd Qs 6s] [Ac]
vezis3: checks 
xcinaz: checks 
*** SHOW DOWN ***
vezis3: shows [9d Qc] (a pair of Queens)
xcinaz: mucks hand 
vezis3 collected $7.71 from pot
*** SUMMARY ***
Total pot $8.12 | Rake $0.41 
Board [2s Kd Qs 6s Ac]
Seat 1: vezis3 (big blind) showed [9d Qc] and won ($7.71) with a pair of Queens
Seat 2: Pon4uk.ua folded before Flop (didn't bet)
Seat 3: treidei3 folded before Flop (didn't bet)
Seat 4: MCMXCXIX folded before Flop (didn't bet)
Seat 5: xcinaz (button) mucked
Seat 6: Emily_GetMan (small blind) folded before Flop



PokerStars Hand #254764499584:  Hold'em No Limit ($0.50/$1.00 USD) - 2025/02/08 12:43:17 WET [2025/02/08 7:43:17 ET]
Table 'Kevola' 6-max Seat #6 is the button
Seat 1: vezis3 ($107.10 in chips) 
Seat 2: Pon4uk.ua ($104.70 in chips) 
Seat 3: treidei3 ($102.25 in chips) 
Seat 4: MCMXCXIX ($96.44 in chips) 
Seat 5: xcinaz ($100 in chips) 
Seat 6: Emily_GetMan ($105.80 in chips) 
vezis3: posts small blind $0.50
Pon4uk.ua: posts big blind $1
*** HOLE CARDS ***
treidei3: folds 
MCMXCXIX: folds 
xcinaz: folds 
Emily_GetMan: folds 
vezis3: folds 
Uncalled bet ($0.50) returned to Pon4uk.ua
Pon4uk.ua collected $1 from pot
Pon4uk.ua: doesn't show hand 
*** SUMMARY ***
Total pot $1 | Rake $0 
Seat 1: vezis3 (small blind) folded before Flop
Seat 2: Pon4uk.ua (big blind) collected ($1)
Seat 3: treidei3 folded before Flop (didn't bet)
Seat 4: MCMXCXIX folded before Flop (didn't bet)
Seat 5: xcinaz folded before Flop (didn't bet)
Seat 6: Emily_GetMan (button) folded before Flop (didn't bet)



PokerStars Hand #254764502163:  Hold'em No Limit ($0.50/$1.00 USD) - 2025/02/08 12:43:33 WET [2025/02/08 7:43:33 ET]
Table 'Kevola' 6-max Seat #1 is the button
Seat 1: vezis3 ($106.60 in chips) 
Seat 2: Pon4uk.ua ($105.20 in chips) 
Seat 3: treidei3 ($102.25 in chips) 
Seat 4: MCMXCXIX ($96.44 in chips) 
Seat 5: xcinaz ($100 in chips) 
Seat 6: Emily_GetMan ($105.80 in chips) 
Pon4uk.ua: posts small blind $0.50
treidei3: posts big blind $1
*** HOLE CARDS ***
MCMXCXIX: folds 
xcinaz: folds 
Emily_GetMan: folds 
vezis3: folds 
Pon4uk.ua: raises $1.75 to $2.75
treidei3: folds 
Uncalled bet ($1.75) returned to Pon4uk.ua
Pon4uk.ua collected $2 from pot
Pon4uk.ua: doesn't show hand 
*** SUMMARY ***
Total pot $2 | Rake $0 
Seat 1: vezis3 (button) folded before Flop (didn't bet)
Seat 2: Pon4uk.ua (small blind) collected ($2)
Seat 3: treidei3 (big blind) folded before Flop
Seat 4: MCMXCXIX folded before Flop (didn't bet)
Seat 5: xcinaz folded before Flop (didn't bet)
Seat 6: Emily_GetMan folded before Flop (didn't bet)



PokerStars Hand #254764504633:  Hold'em No Limit ($0.50/$1.00 USD) - 2025/02/08 12:43:48 WET [2025/02/08 7:43:48 ET]
Table 'Kevola' 6-max Seat #2 is the button
Seat 1: vezis3 ($106.60 in chips) 
Seat 2: Pon4uk.ua ($106.20 in chips) 
Seat 3: treidei3 ($101.25 in chips) 
Seat 4: MCMXCXIX ($96.44 in chips) 
Seat 5: xcinaz ($100 in chips) 
Seat 6: Emily_GetMan ($105.80 in chips) 
treidei3: posts small blind $0.50
MCMXCXIX: posts big blind $1
*** HOLE CARDS ***
xcinaz: folds 
Emily_GetMan: folds 
vezis3: raises $1.40 to $2.40
Pon4uk.ua: folds 
treidei3: folds 
MCMXCXIX: calls $1.40
*** FLOP *** [Ah 2s 6c]
MCMXCXIX: checks 
vezis3: bets $1.66
MCMXCXIX: calls $1.66
*** TURN *** [Ah 2s 6c] [2h]
MCMXCXIX: checks 
vezis3: checks 
*** RIVER *** [Ah 2s 6c 2h] [8h]
MCMXCXIX: checks 
vezis3: checks 
*** SHOW DOWN ***
MCMXCXIX: shows [Js 6s] (two pair, Sixes and Deuces)
vezis3: mucks hand 
MCMXCXIX collected $8.19 from pot
*** SUMMARY ***
Total pot $8.62 | Rake $0.43 
Board [Ah 2s 6c 2h 8h]
Seat 1: vezis3 mucked
Seat 2: Pon4uk.ua (button) folded before Flop (didn't bet)
Seat 3: treidei3 (small blind) folded before Flop
Seat 4: MCMXCXIX (big blind) showed [Js 6s] and won ($8.19) with two pair, Sixes and Deuces
Seat 5: xcinaz folded before Flop (didn't bet)
Seat 6: Emily_GetMan folded before Flop (didn't bet)



PokerStars Hand #254764511217:  Hold'em No Limit ($0.50/$1.00 USD) - 2025/02/08 12:44:29 WET [2025/02/08 7:44:29 ET]
Table 'Kevola' 6-max Seat #3 is the button
Seat 1: vezis3 ($102.54 in chips) 
Seat 2: Pon4uk.ua ($106.20 in chips) 
Seat 3: treidei3 ($100.75 in chips) 
Seat 4: MCMXCXIX ($100.57 in chips) 
Seat 5: xcinaz ($100 in chips) 
Seat 6: Emily_GetMan ($105.80 in chips) 
MCMXCXIX: posts small blind $0.50
xcinaz: posts big blind $1
*** HOLE CARDS ***
Emily_GetMan: folds 
vezis3: folds 
Pon4uk.ua: raises $1.50 to $2.50
treidei3: folds 
MCMXCXIX: folds 
xcinaz: folds 
Uncalled bet ($1.50) returned to Pon4uk.ua
Pon4uk.ua collected $2.50 from pot
Pon4uk.ua: doesn't show hand 
*** SUMMARY ***
Total pot $2.50 | Rake $0 
Seat 1: vezis3 folded before Flop (didn't bet)
Seat 2: Pon4uk.ua collected ($2.50)
Seat 3: treidei3 (button) folded before Flop (didn't bet)
Seat 4: MCMXCXIX (small blind) folded before Flop
Seat 5: xcinaz (big blind) folded before Flop
Seat 6: Emily_GetMan folded before Flop (didn't bet)



PokerStars Hand #254764514877:  Hold'em No Limit ($0.50/$1.00 USD) - 2025/02/08 12:44:51 WET [2025/02/08 7:44:51 ET]
Table 'Kevola' 6-max Seat #4 is the button
Seat 1: vezis3 ($102.54 in chips) 
Seat 2: Pon4uk.ua ($107.70 in chips) 
Seat 3: treidei3 ($100.75 in chips) 
Seat 4: MCMXCXIX ($100.07 in chips) 
Seat 5: xcinaz ($100 in chips) 
Seat 6: Emily_GetMan ($105.80 in chips) 
xcinaz: posts small blind $0.50
Emily_GetMan: posts big blind $1
*** HOLE CARDS ***
vezis3: folds 
Pon4uk.ua: folds 
treidei3: folds 
MCMXCXIX: raises $1 to $2
xcinaz: raises $8 to $10
Emily_GetMan: folds 
MCMXCXIX: folds 
Uncalled bet ($8) returned to xcinaz
xcinaz collected $5 from pot
xcinaz: doesn't show hand 
*** SUMMARY ***
Total pot $5 | Rake $0 
Seat 1: vezis3 folded before Flop (didn't bet)
Seat 2: Pon4uk.ua folded before Flop (didn't bet)
Seat 3: treidei3 folded before Flop (didn't bet)
Seat 4: MCMXCXIX (button) folded before Flop
Seat 5: xcinaz (small blind) collected ($5)
Seat 6: Emily_GetMan (big blind) folded before Flop



PokerStars Hand #254764517892:  Hold'em No Limit ($0.50/$1.00 USD) - 2025/02/08 12:45:09 WET [2025/02/08 7:45:09 ET]
Table 'Kevola' 6-max Seat #5 is the button
Seat 1: vezis3 ($102.54 in chips) 
Seat 2: Pon4uk.ua ($107.70 in chips) 
Seat 3: treidei3 ($100.75 in chips) 
Seat 4: MCMXCXIX ($98.07 in chips) 
Seat 5: xcinaz ($103 in chips) 
Seat 6: Emily_GetMan ($104.80 in chips) 
Emily_GetMan: posts small blind $0.50
vezis3: posts big blind $1
*** HOLE CARDS ***
Pon4uk.ua: folds 
treidei3: folds 
MCMXCXIX: raises $1 to $2
xcinaz: raises $5 to $7
Emily_GetMan: raises $14 to $21
vezis3: folds 
MCMXCXIX: folds 
xcinaz: folds 
Uncalled bet ($14) returned to Emily_GetMan
Emily_GetMan collected $17 from pot
Emily_GetMan: doesn't show hand 
*** SUMMARY ***
Total pot $17 | Rake $0 
Seat 1: vezis3 (big blind) folded before Flop
Seat 2: Pon4uk.ua folded before Flop (didn't bet)
Seat 3: treidei3 folded before Flop (didn't bet)
Seat 4: MCMXCXIX folded before Flop
Seat 5: xcinaz (button) folded before Flop
Seat 6: Emily_GetMan (small blind) collected ($17)



PokerStars Hand #254764521732:  Hold'em No Limit ($0.50/$1.00 USD) - 2025/02/08 12:45:32 WET [2025/02/08 7:45:32 ET]
Table 'Kevola' 6-max Seat #6 is the button
Seat 1: vezis3 ($101.54 in chips) 
Seat 2: Pon4uk.ua ($107.70 in chips) 
Seat 3: treidei3 ($100.75 in chips) 
Seat 4: MCMXCXIX ($96.07 in chips) 
Seat 5: xcinaz ($100 in chips) 
Seat 6: Emily_GetMan ($114.80 in chips) 
vezis3: posts small blind $0.50
Pon4uk.ua: posts big blind $1
*** HOLE CARDS ***
treidei3: folds 
MCMXCXIX: folds 
xcinaz: folds 
Emily_GetMan: folds 
vezis3: folds 
Uncalled bet ($0.50) returned to Pon4uk.ua
Pon4uk.ua collected $1 from pot
Pon4uk.ua: doesn't show hand 
*** SUMMARY ***
Total pot $1 | Rake $0 
Seat 1: vezis3 (small blind) folded before Flop
Seat 2: Pon4uk.ua (big blind) collected ($1)
Seat 3: treidei3 folded before Flop (didn't bet)
Seat 4: MCMXCXIX folded before Flop (didn't bet)
Seat 5: xcinaz folded before Flop (didn't bet)
Seat 6: Emily_GetMan (button) folded before Flop (didn't bet)



PokerStars Hand #254764523550:  Hold'em No Limit ($0.50/$1.00 USD) - 2025/02/08 12:45:43 WET [2025/02/08 7:45:43 ET]
Table 'Kevola' 6-max Seat #1 is the button
Seat 1: vezis3 ($101.04 in chips) 
Seat 2: Pon4uk.ua ($108.20 in chips) 
Seat 3: treidei3 ($100.75 in chips) 
Seat 4: MCMXCXIX ($96.07 in chips) 
Seat 5: xcinaz ($100 in chips) 
Seat 6: Emily_GetMan ($114.80 in chips) 
Pon4uk.ua: posts small blind $0.50
treidei3: posts big blind $1
*** HOLE CARDS ***
MCMXCXIX: folds 
xcinaz: raises $1 to $2
Emily_GetMan: folds 
vezis3: folds 
Pon4uk.ua: folds 
treidei3: folds 
Uncalled bet ($1) returned to xcinaz
xcinaz collected $2.50 from pot
xcinaz: doesn't show hand 
*** SUMMARY ***
Total pot $2.50 | Rake $0 
Seat 1: vezis3 (button) folded before Flop (didn't bet)
Seat 2: Pon4uk.ua (small blind) folded before Flop
Seat 3: treidei3 (big blind) folded before Flop
Seat 4: MCMXCXIX folded before Flop (didn't bet)
Seat 5: xcinaz collected ($2.50)
Seat 6: Emily_GetMan folded before Flop (didn't bet)



PokerStars Hand #254764528133:  Hold'em No Limit ($0.50/$1.00 USD) - 2025/02/08 12:46:11 WET [2025/02/08 7:46:11 ET]
Table 'Kevola' 6-max Seat #2 is the button
Seat 1: vezis3 ($101.04 in chips) 
Seat 2: Pon4uk.ua ($107.70 in chips) 
Seat 3: treidei3 ($100 in chips) 
Seat 4: MCMXCXIX ($96.07 in chips) 
Seat 5: xcinaz ($101.50 in chips) 
Seat 6: Emily_GetMan ($114.80 in chips) 
treidei3: posts small blind $0.50
MCMXCXIX: posts big blind $1
*** HOLE CARDS ***
xcinaz: folds 
Emily_GetMan: raises $1 to $2
vezis3: folds 
Pon4uk.ua: folds 
treidei3: folds 
MCMXCXIX: raises $4.50 to $6.50
Emily_GetMan: folds 
Uncalled bet ($4.50) returned to MCMXCXIX
MCMXCXIX collected $4.50 from pot
*** SUMMARY ***
Total pot $4.50 | Rake $0 
Seat 1: vezis3 folded before Flop (didn't bet)
Seat 2: Pon4uk.ua (button) folded before Flop (didn't bet)
Seat 3: treidei3 (small blind) folded before Flop
Seat 4: MCMXCXIX (big blind) collected ($4.50)
Seat 5: xcinaz folded before Flop (didn't bet)
Seat 6: Emily_GetMan folded before Flop



PokerStars Hand #254764531425:  Hold'em No Limit ($0.50/$1.00 USD) - 2025/02/08 12:46:31 WET [2025/02/08 7:46:31 ET]
Table 'Kevola' 6-max Seat #3 is the button
Seat 1: vezis3 ($101.04 in chips) 
Seat 2: Pon4uk.ua ($107.70 in chips) 
Seat 3: treidei3 ($100 in chips) 
Seat 4: MCMXCXIX ($98.57 in chips) 
Seat 5: xcinaz ($101.50 in chips) 
Seat 6: Emily_GetMan ($112.80 in chips) 
MCMXCXIX: posts small blind $0.50
xcinaz: posts big blind $1
*** HOLE CARDS ***
Emily_GetMan: raises $1 to $2
vezis3: folds 
Pon4uk.ua: folds 
treidei3: folds 
MCMXCXIX: calls $1.50
xcinaz: folds 
*** FLOP *** [6c Tc 3s]
MCMXCXIX: checks 
Emily_GetMan: checks 
*** TURN *** [6c Tc 3s] [Qd]
MCMXCXIX: bets $1
Emily_GetMan: calls $1
*** RIVER *** [6c Tc 3s Qd] [7d]
MCMXCXIX: checks 
Emily_GetMan: checks 
*** SHOW DOWN ***
MCMXCXIX: shows [7c 9c] (a pair of Sevens)
Emily_GetMan: mucks hand 
MCMXCXIX collected $6.65 from pot
*** SUMMARY ***
Total pot $7 | Rake $0.35 
Board [6c Tc 3s Qd 7d]
Seat 1: vezis3 folded before Flop (didn't bet)
Seat 2: Pon4uk.ua folded before Flop (didn't bet)
Seat 3: treidei3 (button) folded before Flop (didn't bet)
Seat 4: MCMXCXIX (small blind) showed [7c 9c] and won ($6.65) with a pair of Sevens
Seat 5: xcinaz (big blind) folded before Flop
Seat 6: Emily_GetMan mucked



PokerStars Hand #254764535311:  Hold'em No Limit ($0.50/$1.00 USD) - 2025/02/08 12:46:55 WET [2025/02/08 7:46:55 ET]
Table 'Kevola' 6-max Seat #4 is the button
Seat 1: vezis3 ($101.04 in chips) 
Seat 2: Pon4uk.ua ($107.70 in chips) 
Seat 3: treidei3 ($100 in chips) 
Seat 4: MCMXCXIX ($102.22 in chips) 
Seat 5: xcinaz ($100.50 in chips) 
Seat 6: Emily_GetMan ($109.80 in chips) 
xcinaz: posts small blind $0.50
Emily_GetMan: posts big blind $1
*** HOLE CARDS ***
vezis3: folds 
Pon4uk.ua: raises $1 to $2
treidei3: raises $4 to $6
MCMXCXIX: folds 
xcinaz: folds 
Emily_GetMan: folds 
Pon4uk.ua: calls $4
*** FLOP *** [Ah 8c 2c]
Pon4uk.ua: checks 
treidei3: bets $6.41
Pon4uk.ua: raises $12.82 to $19.23
treidei3: folds 
Uncalled bet ($12.82) returned to Pon4uk.ua
Pon4uk.ua collected $25 from pot
Pon4uk.ua: doesn't show hand 
*** SUMMARY ***
Total pot $26.32 | Rake $1.32 
Board [Ah 8c 2c]
Seat 1: vezis3 folded before Flop (didn't bet)
Seat 2: Pon4uk.ua collected ($25)
Seat 3: treidei3 folded on the Flop
Seat 4: MCMXCXIX (button) folded before Flop (didn't bet)
Seat 5: xcinaz (small blind) folded before Flop
Seat 6: Emily_GetMan (big blind) folded before Flop



PokerStars Hand #254764542660:  Hold'em No Limit ($0.50/$1.00 USD) - 2025/02/08 12:47:39 WET [2025/02/08 7:47:39 ET]
Table 'Kevola' 6-max Seat #5 is the button
Seat 1: vezis3 ($101.04 in chips) 
Seat 2: Pon4uk.ua ($120.29 in chips) 
Seat 3: treidei3 ($100 in chips) 
Seat 4: MCMXCXIX ($102.22 in chips) 
Seat 5: xcinaz ($100 in chips) 
Seat 6: Emily_GetMan ($108.80 in chips) 
Emily_GetMan: posts small blind $0.50
vezis3: posts big blind $1
*** HOLE CARDS ***
Pon4uk.ua: folds 
treidei3: folds 
MCMXCXIX: folds 
xcinaz: raises $1.50 to $2.50
Emily_GetMan: folds 
vezis3: calls $1.50
*** FLOP *** [5s Jh Tc]
vezis3: checks 
MCMXCXIX is disconnected 
xcinaz: bets $4.44
vezis3: calls $4.44
*** TURN *** [5s Jh Tc] [Ac]
vezis3: checks 
xcinaz: bets $11.61
vezis3: folds 
Uncalled bet ($11.61) returned to xcinaz
xcinaz collected $13.66 from pot
xcinaz: doesn't show hand 
*** SUMMARY ***
Total pot $14.38 | Rake $0.72 
Board [5s Jh Tc Ac]
Seat 1: vezis3 (big blind) folded on the Turn
Seat 2: Pon4uk.ua folded before Flop (didn't bet)
Seat 3: treidei3 folded before Flop (didn't bet)
Seat 4: MCMXCXIX folded before Flop (didn't bet)
Seat 5: xcinaz (button) collected ($13.66)
Seat 6: Emily_GetMan (small blind) folded before Flop



PokerStars Hand #254764554384:  Hold'em No Limit ($0.50/$1.00 USD) - 2025/02/08 12:48:50 WET [2025/02/08 7:48:50 ET]
Table 'Kevola' 6-max Seat #6 is the button
Seat 1: vezis3 ($100 in chips) 
Seat 2: Pon4uk.ua ($120.29 in chips) 
Seat 3: treidei3 ($100 in chips) 
Seat 4: MCMXCXIX ($102.22 in chips) 
Seat 5: xcinaz ($106.72 in chips) 
Seat 6: Emily_GetMan ($108.30 in chips) 
vezis3: posts small blind $0.50
Pon4uk.ua: posts big blind $1
*** HOLE CARDS ***
treidei3: folds 
MCMXCXIX has timed out while disconnected
MCMXCXIX: folds 
xcinaz: folds 
Emily_GetMan: raises $1.50 to $2.50
vezis3: folds 
Pon4uk.ua: calls $1.50
*** FLOP *** [8c Qc Tc]
Pon4uk.ua: checks 
Emily_GetMan: checks 
*** TURN *** [8c Qc Tc] [6d]
Pon4uk.ua: bets $2.61
Emily_GetMan: calls $2.61
*** RIVER *** [8c Qc Tc 6d] [2h]
Pon4uk.ua: bets $3.36
Emily_GetMan: folds 
Uncalled bet ($3.36) returned to Pon4uk.ua
Pon4uk.ua collected $10.18 from pot
Pon4uk.ua: doesn't show hand 
*** SUMMARY ***
Total pot $10.72 | Rake $0.54 
Board [8c Qc Tc 6d 2h]
Seat 1: vezis3 (small blind) folded before Flop
Seat 2: Pon4uk.ua (big blind) collected ($10.18)
Seat 3: treidei3 folded before Flop (didn't bet)
Seat 4: MCMXCXIX folded before Flop (didn't bet)
Seat 5: xcinaz folded before Flop (didn't bet)
Seat 6: Emily_GetMan (button) folded on the River



PokerStars Hand #254764566818:  Hold'em No Limit ($0.50/$1.00 USD) - 2025/02/08 12:50:04 WET [2025/02/08 7:50:04 ET]
Table 'Kevola' 6-max Seat #1 is the button
Seat 4: MCMXCXIX ($102.22 in chips) is sitting out
Seat 1: vezis3 ($100 in chips) 
Seat 2: Pon4uk.ua ($125.36 in chips) 
Seat 3: treidei3 ($100 in chips) 
Seat 5: xcinaz ($106.72 in chips) 
Seat 6: Emily_GetMan ($103.19 in chips) 
Pon4uk.ua: posts small blind $0.50
treidei3: posts big blind $1
*** HOLE CARDS ***
xcinaz: folds 
Emily_GetMan: raises $1 to $2
vezis3: folds 
Pon4uk.ua: folds 
treidei3: folds 
Uncalled bet ($1) returned to Emily_GetMan
Emily_GetMan collected $2.50 from pot
Emily_GetMan: doesn't show hand 
*** SUMMARY ***
Total pot $2.50 | Rake $0 
Seat 4: MCMXCXIX
Seat 1: vezis3 (button) folded before Flop (didn't bet)
Seat 2: Pon4uk.ua (small blind) folded before Flop
Seat 3: treidei3 (big blind) folded before Flop
Seat 5: xcinaz folded before Flop (didn't bet)
Seat 6: Emily_GetMan collected ($2.50)



PokerStars Hand #254764568557:  Hold'em No Limit ($0.50/$1.00 USD) - 2025/02/08 12:50:15 WET [2025/02/08 7:50:15 ET]
Table 'Kevola' 6-max Seat #2 is the button
Seat 4: MCMXCXIX ($102.22 in chips) is sitting out
Seat 1: vezis3 ($100 in chips) 
Seat 2: Pon4uk.ua ($124.86 in chips) 
Seat 3: treidei3 ($100 in chips) 
Seat 5: xcinaz ($106.72 in chips) 
Seat 6: Emily_GetMan ($104.69 in chips) 
treidei3: posts small blind $0.50
xcinaz: posts big blind $1
*** HOLE CARDS ***
Emily_GetMan: folds 
vezis3: raises $1.40 to $2.40
Pon4uk.ua: folds 
treidei3: folds 
xcinaz: folds 
Uncalled bet ($1.40) returned to vezis3
vezis3 collected $2.50 from pot
vezis3: doesn't show hand 
*** SUMMARY ***
Total pot $2.50 | Rake $0 
Seat 4: MCMXCXIX
Seat 1: vezis3 collected ($2.50)
Seat 2: Pon4uk.ua (button) folded before Flop (didn't bet)
Seat 3: treidei3 (small blind) folded before Flop
Seat 5: xcinaz (big blind) folded before Flop
Seat 6: Emily_GetMan folded before Flop (didn't bet)



PokerStars Hand #254764570776:  Hold'em No Limit ($0.50/$1.00 USD) - 2025/02/08 12:50:28 WET [2025/02/08 7:50:28 ET]
Table 'Kevola' 6-max Seat #3 is the button
Seat 4: MCMXCXIX ($102.22 in chips) is sitting out
Seat 1: vezis3 ($101.50 in chips) 
Seat 2: Pon4uk.ua ($124.86 in chips) 
Seat 3: treidei3 ($100 in chips) 
Seat 5: xcinaz ($105.72 in chips) 
Seat 6: Emily_GetMan ($104.69 in chips) 
xcinaz: posts small blind $0.50
Emily_GetMan: posts big blind $1
*** HOLE CARDS ***
vezis3: folds 
Pon4uk.ua: folds 
treidei3: folds 
xcinaz: raises $2 to $3
Emily_GetMan: folds 
Uncalled bet ($2) returned to xcinaz
xcinaz collected $2 from pot
xcinaz: doesn't show hand 
*** SUMMARY ***
Total pot $2 | Rake $0 
Seat 4: MCMXCXIX
Seat 1: vezis3 folded before Flop (didn't bet)
Seat 2: Pon4uk.ua folded before Flop (didn't bet)
Seat 3: treidei3 (button) folded before Flop (didn't bet)
Seat 5: xcinaz (small blind) collected ($2)
Seat 6: Emily_GetMan (big blind) folded before Flop



PokerStars Hand #254764574149:  Hold'em No Limit ($0.50/$1.00 USD) - 2025/02/08 12:50:48 WET [2025/02/08 7:50:48 ET]
Table 'Kevola' 6-max Seat #5 is the button
Seat 4: MCMXCXIX ($102.22 in chips) is sitting out
Seat 1: vezis3 ($101.50 in chips) 
Seat 2: Pon4uk.ua ($124.86 in chips) 
Seat 3: treidei3 ($100 in chips) 
Seat 5: xcinaz ($106.72 in chips) 
Seat 6: Emily_GetMan ($103.69 in chips) 
Emily_GetMan: posts small blind $0.50
vezis3: posts big blind $1
*** HOLE CARDS ***
Pon4uk.ua: folds 
treidei3: folds 
xcinaz: folds 
Emily_GetMan: folds 
Uncalled bet ($0.50) returned to vezis3
vezis3 collected $1 from pot
vezis3: doesn't show hand 
*** SUMMARY ***
Total pot $1 | Rake $0 
Seat 4: MCMXCXIX
Seat 1: vezis3 (big blind) collected ($1)
Seat 2: Pon4uk.ua folded before Flop (didn't bet)
Seat 3: treidei3 folded before Flop (didn't bet)
Seat 5: xcinaz (button) folded before Flop (didn't bet)
Seat 6: Emily_GetMan (small blind) folded before Flop



PokerStars Hand #254764576339:  Hold'em No Limit ($0.50/$1.00 USD) - 2025/02/08 12:51:01 WET [2025/02/08 7:51:01 ET]
Table 'Kevola' 6-max Seat #6 is the button
Seat 4: MCMXCXIX ($102.22 in chips) is sitting out
Seat 1: vezis3 ($102 in chips) 
Seat 2: Pon4uk.ua ($124.86 in chips) 
Seat 3: treidei3 ($100 in chips) 
Seat 5: xcinaz ($106.72 in chips) 
Seat 6: Emily_GetMan ($103.19 in chips) 
vezis3: posts small blind $0.50
Pon4uk.ua: posts big blind $1
*** HOLE CARDS ***
treidei3: folds 
xcinaz: folds 
Emily_GetMan: raises $1.50 to $2.50
vezis3: folds 
Pon4uk.ua: calls $1.50
*** FLOP *** [Jc Qc Tc]
Pon4uk.ua: checks 
Emily_GetMan: bets $1.72
Pon4uk.ua: raises $4.33 to $6.05
Emily_GetMan: calls $4.33
*** TURN *** [Jc Qc Tc] [9d]
Pon4uk.ua: bets $12.54
Emily_GetMan: calls $12.54
*** RIVER *** [Jc Qc Tc 9d] [7h]
Pon4uk.ua: bets $4
Emily_GetMan: folds 
Uncalled bet ($4) returned to Pon4uk.ua
Pon4uk.ua collected $40.55 from pot
Pon4uk.ua: doesn't show hand 
*** SUMMARY ***
Total pot $42.68 | Rake $2.13 
Board [Jc Qc Tc 9d 7h]
Seat 4: MCMXCXIX
Seat 1: vezis3 (small blind) folded before Flop
Seat 2: Pon4uk.ua (big blind) collected ($40.55)
Seat 3: treidei3 folded before Flop (didn't bet)
Seat 5: xcinaz folded before Flop (didn't bet)
Seat 6: Emily_GetMan (button) folded on the River



PokerStars Hand #254764587031:  Hold'em No Limit ($0.50/$1.00 USD) - 2025/02/08 12:52:05 WET [2025/02/08 7:52:05 ET]
Table 'Kevola' 6-max Seat #1 is the button
Seat 4: MCMXCXIX ($102.22 in chips) is sitting out
Seat 1: vezis3 ($101.50 in chips) 
Seat 2: Pon4uk.ua ($144.32 in chips) 
Seat 3: treidei3 ($100 in chips) 
Seat 5: xcinaz ($106.72 in chips) 
Seat 6: Emily_GetMan ($100 in chips) 
Pon4uk.ua: posts small blind $0.50
treidei3: posts big blind $1
*** HOLE CARDS ***
xcinaz: raises $1 to $2
Emily_GetMan: raises $5 to $7
vezis3: folds 
Pon4uk.ua: folds 
treidei3: folds 
xcinaz: raises $12 to $19
Emily_GetMan: calls $12
*** FLOP *** [2h 5s 5h]
xcinaz: checks 
Emily_GetMan: checks 
*** TURN *** [2h 5s 5h] [Jc]
xcinaz: checks 
Emily_GetMan: bets $12.38
xcinaz: folds 
Uncalled bet ($12.38) returned to Emily_GetMan
Emily_GetMan collected $37.52 from pot
Emily_GetMan: doesn't show hand 
*** SUMMARY ***
Total pot $39.50 | Rake $1.98 
Board [2h 5s 5h Jc]
Seat 4: MCMXCXIX
Seat 1: vezis3 (button) folded before Flop (didn't bet)
Seat 2: Pon4uk.ua (small blind) folded before Flop
Seat 3: treidei3 (big blind) folded before Flop
Seat 5: xcinaz folded on the Turn
Seat 6: Emily_GetMan collected ($37.52)



PokerStars Hand #254764602459:  Hold'em No Limit ($0.50/$1.00 USD) - 2025/02/08 12:53:36 WET [2025/02/08 7:53:36 ET]
Table 'Kevola' 6-max Seat #2 is the button
Seat 4: MCMXCXIX ($102.22 in chips) is sitting out
Seat 5: xcinaz ($100 in chips) is sitting out
Seat 1: vezis3 ($101.50 in chips) 
Seat 2: Pon4uk.ua ($143.82 in chips) 
Seat 3: treidei3 ($100 in chips) 
Seat 6: Emily_GetMan ($118.52 in chips) 
treidei3: posts small blind $0.50
xcinaz: is sitting out 
Emily_GetMan: posts big blind $1
*** HOLE CARDS ***
vezis3: folds 
xcinaz leaves the table
Pon4uk.ua: raises $1.50 to $2.50
treidei3: folds 
Emily_GetMan: folds 
Uncalled bet ($1.50) returned to Pon4uk.ua
Pon4uk.ua collected $2.50 from pot
Pon4uk.ua: doesn't show hand 
*** SUMMARY ***
Total pot $2.50 | Rake $0 
Seat 4: MCMXCXIX
Seat 5: xcinaz
Seat 1: vezis3 folded before Flop (didn't bet)
Seat 2: Pon4uk.ua (button) collected ($2.50)
Seat 3: treidei3 (small blind) folded before Flop
Seat 6: Emily_GetMan (big blind) folded before Flop



PokerStars Hand #254764603979:  Hold'em No Limit ($0.50/$1.00 USD) - 2025/02/08 12:53:45 WET [2025/02/08 7:53:45 ET]
Table 'Kevola' 6-max Seat #3 is the button
Seat 4: MCMXCXIX ($102.22 in chips) is sitting out
Seat 1: vezis3 ($101.50 in chips) 
Seat 2: Pon4uk.ua ($145.32 in chips) 
Seat 3: treidei3 ($100 in chips) 
Seat 6: Emily_GetMan ($117.52 in chips) 
Emily_GetMan: posts small blind $0.50
vezis3: posts big blind $1
*** HOLE CARDS ***
Pon4uk.ua: folds 
treidei3: folds 
Emily_GetMan: folds 
Uncalled bet ($0.50) returned to vezis3
vezis3 collected $1 from pot
vezis3: doesn't show hand 
*** SUMMARY ***
Total pot $1 | Rake $0 
Seat 4: MCMXCXIX
Seat 1: vezis3 (big blind) collected ($1)
Seat 2: Pon4uk.ua folded before Flop (didn't bet)
Seat 3: treidei3 (button) folded before Flop (didn't bet)
Seat 6: Emily_GetMan (small blind) folded before Flop



PokerStars Hand #254764607947:  Hold'em No Limit ($0.50/$1.00 USD) - 2025/02/08 12:54:09 WET [2025/02/08 7:54:09 ET]
Table 'Kevola' 6-max Seat #6 is the button
Seat 4: MCMXCXIX ($102.22 in chips) is sitting out
Seat 1: vezis3 ($102 in chips) 
Seat 2: Pon4uk.ua ($145.32 in chips) 
Seat 3: treidei3 ($100 in chips) 
Seat 6: Emily_GetMan ($117.02 in chips) 
vezis3: posts small blind $0.50
Pon4uk.ua: posts big blind $1
*** HOLE CARDS ***
treidei3: raises $1.20 to $2.20
Emily_GetMan: folds 
vezis3: folds 
Pon4uk.ua: raises $8.30 to $10.50
shootingGRID joins the table at seat #5 
treidei3: folds 
Uncalled bet ($8.30) returned to Pon4uk.ua
Pon4uk.ua collected $4.90 from pot
Pon4uk.ua: doesn't show hand 
*** SUMMARY ***
Total pot $4.90 | Rake $0 
Seat 4: MCMXCXIX
Seat 1: vezis3 (small blind) folded before Flop
Seat 2: Pon4uk.ua (big blind) collected ($4.90)
Seat 3: treidei3 folded before Flop
Seat 6: Emily_GetMan (button) folded before Flop (didn't bet)



PokerStars Hand #254764611289:  Hold'em No Limit ($0.50/$1.00 USD) - 2025/02/08 12:54:29 WET [2025/02/08 7:54:29 ET]
Table 'Kevola' 6-max Seat #1 is the button
Seat 4: MCMXCXIX ($102.22 in chips) is sitting out
Seat 5: shootingGRID ($100 in chips) is sitting out
Seat 1: vezis3 ($101.50 in chips) 
Seat 2: Pon4uk.ua ($148.02 in chips) 
Seat 3: treidei3 ($100 in chips) 
Seat 6: Emily_GetMan ($117.02 in chips) 
Pon4uk.ua: posts small blind $0.50
treidei3: posts big blind $1
shootingGRID: sits out 
*** HOLE CARDS ***
Emily_GetMan: raises $1 to $2
vezis3: folds 
Pon4uk.ua: folds 
treidei3: calls $1
*** FLOP *** [6s 6d Qh]
treidei3: checks 
Emily_GetMan: bets $1.41
treidei3: folds 
Uncalled bet ($1.41) returned to Emily_GetMan
Emily_GetMan collected $4.28 from pot
Emily_GetMan: doesn't show hand 
*** SUMMARY ***
Total pot $4.50 | Rake $0.22 
Board [6s 6d Qh]
Seat 4: MCMXCXIX
Seat 5: shootingGRID
Seat 1: vezis3 (button) folded before Flop (didn't bet)
Seat 2: Pon4uk.ua (small blind) folded before Flop
Seat 3: treidei3 (big blind) folded on the Flop
Seat 6: Emily_GetMan collected ($4.28)



PokerStars Hand #254764614299:  Hold'em No Limit ($0.50/$1.00 USD) - 2025/02/08 12:54:46 WET [2025/02/08 7:54:46 ET]
Table 'Kevola' 6-max Seat #2 is the button
Seat 4: MCMXCXIX ($102.22 in chips) is sitting out
Seat 1: vezis3 ($101.50 in chips) 
Seat 2: Pon4uk.ua ($147.52 in chips) 
Seat 3: treidei3 ($100 in chips) 
Seat 5: shootingGRID ($100 in chips) 
Seat 6: Emily_GetMan ($119.30 in chips) 
treidei3: posts small blind $0.50
shootingGRID: posts big blind $1
*** HOLE CARDS ***
Emily_GetMan: folds 
vezis3: folds 
Pon4uk.ua: folds 
treidei3: raises $2 to $3
shootingGRID: calls $2
*** FLOP *** [8h Jd Ac]
treidei3: bets $1.88
shootingGRID: calls $1.88
*** TURN *** [8h Jd Ac] [9s]
treidei3: bets $6.95
shootingGRID: folds 
Uncalled bet ($6.95) returned to treidei3
treidei3 collected $9.27 from pot
treidei3: doesn't show hand 
*** SUMMARY ***
Total pot $9.76 | Rake $0.49 
Board [8h Jd Ac 9s]
Seat 4: MCMXCXIX
Seat 1: vezis3 folded before Flop (didn't bet)
Seat 2: Pon4uk.ua (button) folded before Flop (didn't bet)
Seat 3: treidei3 (small blind) collected ($9.27)
Seat 5: shootingGRID (big blind) folded on the Turn
Seat 6: Emily_GetMan folded before Flop (didn't bet)



PokerStars Hand #254764622914:  Hold'em No Limit ($0.50/$1.00 USD) - 2025/02/08 12:55:49 WET [2025/02/08 7:55:49 ET]
Table 'Kevola' 6-max Seat #3 is the button
Seat 4: MCMXCXIX ($102.22 in chips) is sitting out
Seat 6: Emily_GetMan ($119.30 in chips) is sitting out
Seat 1: vezis3 ($101.50 in chips) 
Seat 2: Pon4uk.ua ($147.52 in chips) 
Seat 3: treidei3 ($104.39 in chips) 
Seat 5: shootingGRID ($100 in chips) 
shootingGRID: posts small blind $0.50
Emily_GetMan: is sitting out 
vezis3: posts big blind $1
*** HOLE CARDS ***
Pon4uk.ua: raises $1.50 to $2.50
treidei3: folds 
shootingGRID: folds 
vezis3: folds 
Uncalled bet ($1.50) returned to Pon4uk.ua
Pon4uk.ua collected $2.50 from pot
Pon4uk.ua: doesn't show hand 
*** SUMMARY ***
Total pot $2.50 | Rake $0 
Seat 4: MCMXCXIX
Seat 6: Emily_GetMan
Seat 1: vezis3 (big blind) folded before Flop
Seat 2: Pon4uk.ua collected ($2.50)
Seat 3: treidei3 (button) folded before Flop (didn't bet)
Seat 5: shootingGRID (small blind) folded before Flop



PokerStars Hand #254764625697:  Hold'em No Limit ($0.50/$1.00 USD) - 2025/02/08 12:56:10 WET [2025/02/08 7:56:10 ET]
Table 'Kevola' 6-max Seat #5 is the button
Seat 4: MCMXCXIX ($102.22 in chips) is sitting out
Seat 6: Emily_GetMan ($119.30 in chips) is sitting out
Seat 1: vezis3 ($100.50 in chips) 
Seat 2: Pon4uk.ua ($149.02 in chips) 
Seat 3: treidei3 ($104.39 in chips) 
Seat 5: shootingGRID ($100 in chips) 
vezis3: posts small blind $0.50
Pon4uk.ua: posts big blind $1
MCMXCXIX has timed out
MCMXCXIX: is sitting out 
*** HOLE CARDS ***
treidei3: folds 
MCMXCXIX is disconnected 
shootingGRID: folds 
vezis3: raises $2 to $3
Pon4uk.ua: folds 
Uncalled bet ($2) returned to vezis3
vezis3 collected $2 from pot
vezis3: doesn't show hand 
*** SUMMARY ***
Total pot $2 | Rake $0 
Seat 4: MCMXCXIX
Seat 6: Emily_GetMan
Seat 1: vezis3 (small blind) collected ($2)
Seat 2: Pon4uk.ua (big blind) folded before Flop
Seat 3: treidei3 folded before Flop (didn't bet)
Seat 5: shootingGRID (button) folded before Flop (didn't bet)



PokerStars Hand #254764629262:  Hold'em No Limit ($0.50/$1.00 USD) - 2025/02/08 12:56:37 WET [2025/02/08 7:56:37 ET]
Table 'Kevola' 6-max Seat #1 is the button
Seat 4: MCMXCXIX ($102.22 in chips) is sitting out
Seat 6: Emily_GetMan ($119.30 in chips) is sitting out
Seat 1: vezis3 ($101.50 in chips) 
Seat 2: Pon4uk.ua ($148.02 in chips) 
Seat 3: treidei3 ($104.39 in chips) 
Seat 5: shootingGRID ($100 in chips) 
Pon4uk.ua: posts small blind $0.50
treidei3: posts big blind $1
Emily_GetMan: sits out 
*** HOLE CARDS ***
shootingGRID: folds 
Emily_GetMan leaves the table
vezis3: raises $1.40 to $2.40
Pon4uk.ua: folds 
treidei3: folds 
Uncalled bet ($1.40) returned to vezis3
vezis3 collected $2.50 from pot
vezis3: doesn't show hand 
*** SUMMARY ***
Total pot $2.50 | Rake $0 
Seat 4: MCMXCXIX
Seat 6: Emily_GetMan
Seat 1: vezis3 (button) collected ($2.50)
Seat 2: Pon4uk.ua (small blind) folded before Flop
Seat 3: treidei3 (big blind) folded before Flop
Seat 5: shootingGRID folded before Flop (didn't bet)



PokerStars Hand #254764630813:  Hold'em No Limit ($0.50/$1.00 USD) - 2025/02/08 12:56:49 WET [2025/02/08 7:56:49 ET]
Table 'Kevola' 6-max Seat #2 is the button
Seat 4: MCMXCXIX ($102.22 in chips) is sitting out
Seat 1: vezis3 ($103 in chips) 
Seat 2: Pon4uk.ua ($147.52 in chips) 
Seat 3: treidei3 ($103.39 in chips) 
Seat 5: shootingGRID ($100 in chips) 
treidei3: posts small blind $0.50
shootingGRID: posts big blind $1
*** HOLE CARDS ***
vezis3: raises $1.40 to $2.40
Pon4uk.ua: folds 
treidei3: folds 
shootingGRID: folds 
Uncalled bet ($1.40) returned to vezis3
vezis3 collected $2.50 from pot
MCMXCXIX leaves the table
vezis3: doesn't show hand 
*** SUMMARY ***
Total pot $2.50 | Rake $0 
Seat 4: MCMXCXIX
Seat 1: vezis3 collected ($2.50)
Seat 2: Pon4uk.ua (button) folded before Flop (didn't bet)
Seat 3: treidei3 (small blind) folded before Flop
Seat 5: shootingGRID (big blind) folded before Flop



PokerStars Hand #254764632381:  Hold'em No Limit ($0.50/$1.00 USD) - 2025/02/08 12:57:00 WET [2025/02/08 7:57:00 ET]
Table 'Kevola' 6-max Seat #3 is the button
Seat 1: vezis3 ($104.50 in chips) 
Seat 2: Pon4uk.ua ($147.52 in chips) 
Seat 3: treidei3 ($102.89 in chips) 
Seat 5: shootingGRID ($100 in chips) 
shootingGRID: posts small blind $0.50
vezis3: posts big blind $1
*** HOLE CARDS ***
Pon4uk.ua: raises $1.50 to $2.50
treidei3: folds 
shootingGRID: folds 
vezis3: raises $9.50 to $12
Pon4uk.ua: calls $9.50
*** FLOP *** [2h 8d Js]
vezis3: bets $16
Pon4uk.ua: calls $16
*** TURN *** [2h 8d Js] [8s]
vezis3: bets $23.31
Pon4uk.ua: calls $23.31
*** RIVER *** [2h 8d Js 8s] [7c]
vezis3: bets $53.19 and is all-in
Pon4uk.ua: folds 
Uncalled bet ($53.19) returned to vezis3
vezis3 collected $102.12 from pot
vezis3: doesn't show hand 
*** SUMMARY ***
Total pot $103.12 | Rake $1 
Board [2h 8d Js 8s 7c]
Seat 1: vezis3 (big blind) collected ($102.12)
Seat 2: Pon4uk.ua folded on the River
Seat 3: treidei3 (button) folded before Flop (didn't bet)
Seat 5: shootingGRID (small blind) folded before Flop



PokerStars Hand #254764644865:  Hold'em No Limit ($0.50/$1.00 USD) - 2025/02/08 12:58:34 WET [2025/02/08 7:58:34 ET]
Table 'Kevola' 6-max Seat #5 is the button
Seat 2: Pon4uk.ua ($100 in chips) is sitting out
Seat 1: vezis3 ($155.31 in chips) 
Seat 3: treidei3 ($102.89 in chips) 
Seat 5: shootingGRID ($100 in chips) 
vezis3: posts small blind $0.50
Pon4uk.ua: is sitting out 
treidei3: posts big blind $1
*** HOLE CARDS ***
shootingGRID: folds 
vezis3: raises $2 to $3
treidei3: calls $2
*** FLOP *** [7h 4d Ac]
vezis3: bets $1.88
Pon4uk.ua leaves the table
treidei3: raises $4.12 to $6
vezis3: folds 
Uncalled bet ($4.12) returned to treidei3
treidei3 collected $9.27 from pot
treidei3: doesn't show hand 
*** SUMMARY ***
Total pot $9.76 | Rake $0.49 
Board [7h 4d Ac]
Seat 2: Pon4uk.ua
Seat 1: vezis3 (small blind) folded on the Flop
Seat 3: treidei3 (big blind) collected ($9.27)
Seat 5: shootingGRID (button) folded before Flop (didn't bet)



PokerStars Hand #254764647692:  Hold'em No Limit ($0.50/$1.00 USD) - 2025/02/08 12:58:55 WET [2025/02/08 7:58:55 ET]
Table 'Kevola' 6-max Seat #1 is the button
Seat 1: vezis3 ($150.43 in chips) 
Seat 3: treidei3 ($107.28 in chips) 
Seat 5: shootingGRID ($100 in chips) 
treidei3: posts small blind $0.50
shootingGRID: posts big blind $1
*** HOLE CARDS ***
vezis3: raises $1.40 to $2.40
treidei3: folds 
shootingGRID: raises $10.60 to $13
vezis3: raises $13 to $26
shootingGRID: calls $13
*** FLOP *** [4d Js 3h]
shootingGRID: checks 
vezis3: bets $17
blistein joins the table at seat #4 
River0203 joins the table at seat #2 
River0203 is disconnected 
Pon4uk.ua joins the table at seat #6 
shootingGRID: calls $17
*** TURN *** [4d Js 3h] [Jh]
shootingGRID: checks 
vezis3: checks 
*** RIVER *** [4d Js 3h Jh] [Td]
shootingGRID: bets $57 and is all-in
vezis3: calls $57
*** SHOW DOWN ***
shootingGRID: shows [Kd Qs] (a pair of Jacks)
vezis3: shows [Ad Th] (two pair, Jacks and Tens)
vezis3 collected $199.50 from pot
*** SUMMARY ***
Total pot $200.50 | Rake $1 
Board [4d Js 3h Jh Td]
Seat 1: vezis3 (button) showed [Ad Th] and won ($199.50) with two pair, Jacks and Tens
Seat 3: treidei3 (small blind) folded before Flop
Seat 5: shootingGRID (big blind) showed [Kd Qs] and lost with a pair of Jacks



PokerStars Hand #254764657658:  Hold'em No Limit ($0.50/$1.00 USD) - 2025/02/08 13:00:09 WET [2025/02/08 8:00:09 ET]
Table 'Kevola' 6-max Seat #3 is the button
Seat 4: blistein ($100 in chips) is sitting out
Seat 1: vezis3 ($249.93 in chips) 
Seat 2: River0203 ($40 in chips) 
Seat 3: treidei3 ($106.78 in chips) 
Seat 5: shootingGRID ($100 in chips) 
Seat 6: Pon4uk.ua ($100 in chips) 
shootingGRID: posts small blind $0.50
Pon4uk.ua: posts big blind $1
River0203: posts big blind $1
*** HOLE CARDS ***
vezis3: folds 
River0203: checks 
treidei3: folds 
shootingGRID: folds 
Pon4uk.ua: checks 
*** FLOP *** [Qc 8c 3h]
Pon4uk.ua: checks 
River0203: bets $2.38
Pon4uk.ua: calls $2.38
*** TURN *** [Qc 8c 3h] [5d]
Pon4uk.ua: checks 
River0203: checks 
*** RIVER *** [Qc 8c 3h 5d] [4c]
Pon4uk.ua: checks 
River0203: checks 
*** SHOW DOWN ***
Pon4uk.ua: shows [8s 2d] (a pair of Eights)
River0203: mucks hand 
Pon4uk.ua collected $6.90 from pot
*** SUMMARY ***
Total pot $7.26 | Rake $0.36 
Board [Qc 8c 3h 5d 4c]
Seat 4: blistein
Seat 1: vezis3 folded before Flop (didn't bet)
Seat 2: River0203 mucked
Seat 3: treidei3 (button) folded before Flop (didn't bet)
Seat 5: shootingGRID (small blind) folded before Flop
Seat 6: Pon4uk.ua (big blind) showed [8s 2d] and won ($6.90) with a pair of Eights



PokerStars Hand #254764666121:  Hold'em No Limit ($0.50/$1.00 USD) - 2025/02/08 13:01:05 WET [2025/02/08 8:01:05 ET]
Table 'Kevola' 6-max Seat #5 is the button
Seat 4: blistein ($100 in chips) is sitting out
Seat 1: vezis3 ($249.93 in chips) 
Seat 2: River0203 ($36.62 in chips) 
Seat 3: treidei3 ($106.78 in chips) 
Seat 5: shootingGRID ($100 in chips) 
Seat 6: Pon4uk.ua ($103.52 in chips) 
Pon4uk.ua: posts small blind $0.50
vezis3: posts big blind $1
blistein: sits out 
*** HOLE CARDS ***
River0203: folds 
treidei3: folds 
shootingGRID: raises $1.50 to $2.50
Pon4uk.ua: folds 
vezis3: calls $1.50
*** FLOP *** [As Qd 8s]
vezis3: bets $1.72
shootingGRID: raises $4.78 to $6.50
vezis3: calls $4.78
*** TURN *** [As Qd 8s] [Jc]
vezis3: checks 
shootingGRID: checks 
*** RIVER *** [As Qd 8s Jc] [Th]
vezis3: bets $5.80
shootingGRID: raises $25.20 to $31
vezis3: folds 
Uncalled bet ($25.20) returned to shootingGRID
shootingGRID collected $28.60 from pot
shootingGRID: shows [Js 5s]
*** SUMMARY ***
Total pot $30.10 | Rake $1.50 
Board [As Qd 8s Jc Th]
Seat 4: blistein
Seat 1: vezis3 (big blind) folded on the River
Seat 2: River0203 folded before Flop (didn't bet)
Seat 3: treidei3 folded before Flop (didn't bet)
Seat 5: shootingGRID (button) collected ($28.60)
Seat 6: Pon4uk.ua (small blind) folded before Flop



PokerStars Hand #254764676231:  Hold'em No Limit ($0.50/$1.00 USD) - 2025/02/08 13:02:07 WET [2025/02/08 8:02:07 ET]
Table 'Kevola' 6-max Seat #6 is the button
Seat 4: blistein ($100 in chips) is sitting out
Seat 1: vezis3 ($235.13 in chips) 
Seat 2: River0203 ($36.62 in chips) 
Seat 3: treidei3 ($106.78 in chips) 
Seat 5: shootingGRID ($113.80 in chips) 
Seat 6: Pon4uk.ua ($103.02 in chips) 
vezis3: posts small blind $0.50
River0203: posts big blind $1
blistein: sits out 
*** HOLE CARDS ***
treidei3: folds 
shootingGRID: folds 
Pon4uk.ua: folds 
vezis3: folds 
Uncalled bet ($0.50) returned to River0203
River0203 collected $1 from pot
*** SUMMARY ***
Total pot $1 | Rake $0 
Seat 4: blistein
Seat 1: vezis3 (small blind) folded before Flop
Seat 2: River0203 (big blind) collected ($1)
Seat 3: treidei3 folded before Flop (didn't bet)
Seat 5: shootingGRID folded before Flop (didn't bet)
Seat 6: Pon4uk.ua (button) folded before Flop (didn't bet)



PokerStars Hand #254764677954:  Hold'em No Limit ($0.50/$1.00 USD) - 2025/02/08 13:02:16 WET [2025/02/08 8:02:16 ET]
Table 'Kevola' 6-max Seat #1 is the button
Seat 4: blistein ($100 in chips) is sitting out
Seat 1: vezis3 ($234.63 in chips) 
Seat 2: River0203 ($37.12 in chips) 
Seat 3: treidei3 ($106.78 in chips) 
Seat 5: shootingGRID ($113.80 in chips) 
Seat 6: Pon4uk.ua ($103.02 in chips) 
River0203: posts small blind $0.50
treidei3: posts big blind $1
blistein: sits out 
*** HOLE CARDS ***
shootingGRID: folds 
Pon4uk.ua: folds 
vezis3: raises $1.40 to $2.40
River0203: folds 
treidei3: folds 
Uncalled bet ($1.40) returned to vezis3
vezis3 collected $2.50 from pot
vezis3: doesn't show hand 
*** SUMMARY ***
Total pot $2.50 | Rake $0 
Seat 4: blistein
Seat 1: vezis3 (button) collected ($2.50)
Seat 2: River0203 (small blind) folded before Flop
Seat 3: treidei3 (big blind) folded before Flop
Seat 5: shootingGRID folded before Flop (didn't bet)
Seat 6: Pon4uk.ua folded before Flop (didn't bet)



PokerStars Hand #254764680029:  Hold'em No Limit ($0.50/$1.00 USD) - 2025/02/08 13:02:28 WET [2025/02/08 8:02:28 ET]
Table 'Kevola' 6-max Seat #2 is the button
Seat 1: vezis3 ($236.13 in chips) 
Seat 2: River0203 ($36.62 in chips) 
Seat 3: treidei3 ($105.78 in chips) 
Seat 4: blistein ($100 in chips) 
Seat 5: shootingGRID ($113.80 in chips) 
Seat 6: Pon4uk.ua ($103.02 in chips) 
treidei3: posts small blind $0.50
blistein: posts big blind $1
*** HOLE CARDS ***
shootingGRID: folds 
Pon4uk.ua: raises $1 to $2
vezis3: folds 
River0203: calls $2
treidei3: folds 
blistein: folds 
*** FLOP *** [4s 2h 6h]
Pon4uk.ua: checks 
River0203: bets $2.61
Pon4uk.ua: calls $2.61
*** TURN *** [4s 2h 6h] [8d]
Pon4uk.ua: checks 
River0203: checks 
*** RIVER *** [4s 2h 6h 8d] [Qh]
Pon4uk.ua: checks 
River0203: bets $5.09
Pon4uk.ua: folds 
Uncalled bet ($5.09) returned to River0203
River0203 collected $10.18 from pot
*** SUMMARY ***
Total pot $10.72 | Rake $0.54 
Board [4s 2h 6h 8d Qh]
Seat 1: vezis3 folded before Flop (didn't bet)
Seat 2: River0203 (button) collected ($10.18)
Seat 3: treidei3 (small blind) folded before Flop
Seat 4: blistein (big blind) folded before Flop
Seat 5: shootingGRID folded before Flop (didn't bet)
Seat 6: Pon4uk.ua folded on the River



PokerStars Hand #254764688738:  Hold'em No Limit ($0.50/$1.00 USD) - 2025/02/08 13:03:19 WET [2025/02/08 8:03:19 ET]
Table 'Kevola' 6-max Seat #3 is the button
Seat 1: vezis3 ($236.13 in chips) 
Seat 2: River0203 ($42.19 in chips) 
Seat 3: treidei3 ($105.28 in chips) 
Seat 4: blistein ($100 in chips) 
Seat 5: shootingGRID ($113.80 in chips) 
Seat 6: Pon4uk.ua ($100 in chips) 
blistein: posts small blind $0.50
shootingGRID: posts big blind $1
*** HOLE CARDS ***
Pon4uk.ua: folds 
vezis3: folds 
River0203: folds 
treidei3: folds 
blistein: folds 
Uncalled bet ($0.50) returned to shootingGRID
shootingGRID collected $1 from pot
*** SUMMARY ***
Total pot $1 | Rake $0 
Seat 1: vezis3 folded before Flop (didn't bet)
Seat 2: River0203 folded before Flop (didn't bet)
Seat 3: treidei3 (button) folded before Flop (didn't bet)
Seat 4: blistein (small blind) folded before Flop
Seat 5: shootingGRID (big blind) collected ($1)
Seat 6: Pon4uk.ua folded before Flop (didn't bet)



PokerStars Hand #254764691174:  Hold'em No Limit ($0.50/$1.00 USD) - 2025/02/08 13:03:34 WET [2025/02/08 8:03:34 ET]
Table 'Kevola' 6-max Seat #4 is the button
Seat 1: vezis3 ($236.13 in chips) 
Seat 2: River0203 ($42.19 in chips) 
Seat 3: treidei3 ($105.28 in chips) 
Seat 4: blistein ($100 in chips) 
Seat 5: shootingGRID ($114.30 in chips) 
Seat 6: Pon4uk.ua ($100 in chips) 
shootingGRID: posts small blind $0.50
Pon4uk.ua: posts big blind $1
*** HOLE CARDS ***
vezis3: raises $1 to $2
River0203: folds 
treidei3: folds 
blistein: folds 
shootingGRID: folds 
Pon4uk.ua: calls $1
*** FLOP *** [Qh Jc Qc]
Pon4uk.ua: checks 
vezis3: bets $1.41
Pon4uk.ua: calls $1.41
*** TURN *** [Qh Jc Qc] [6h]
Pon4uk.ua: checks 
vezis3: checks 
*** RIVER *** [Qh Jc Qc 6h] [6s]
Pon4uk.ua: checks 
vezis3: checks 
*** SHOW DOWN ***
Pon4uk.ua: shows [Ah Td] (two pair, Queens and Sixes)
vezis3: shows [8d Ad] (two pair, Queens and Sixes)
Pon4uk.ua collected $3.48 from pot
vezis3 collected $3.47 from pot
*** SUMMARY ***
Total pot $7.32 | Rake $0.37 
Board [Qh Jc Qc 6h 6s]
Seat 1: vezis3 showed [8d Ad] and won ($3.47) with two pair, Queens and Sixes
Seat 2: River0203 folded before Flop (didn't bet)
Seat 3: treidei3 folded before Flop (didn't bet)
Seat 4: blistein (button) folded before Flop (didn't bet)
Seat 5: shootingGRID (small blind) folded before Flop
Seat 6: Pon4uk.ua (big blind) showed [Ah Td] and won ($3.48) with two pair, Queens and Sixes



PokerStars Hand #254764701256:  Hold'em No Limit ($0.50/$1.00 USD) - 2025/02/08 13:04:32 WET [2025/02/08 8:04:32 ET]
Table 'Kevola' 6-max Seat #5 is the button
Seat 1: vezis3 ($236.19 in chips) 
Seat 2: River0203 ($42.19 in chips) 
Seat 3: treidei3 ($105.28 in chips) 
Seat 4: blistein ($100 in chips) 
Seat 5: shootingGRID ($113.80 in chips) 
Seat 6: Pon4uk.ua ($100.07 in chips) 
Pon4uk.ua: posts small blind $0.50
vezis3: posts big blind $1
*** HOLE CARDS ***
River0203: raises $1 to $2
treidei3: folds 
blistein: folds 
shootingGRID: folds 
Pon4uk.ua: folds 
vezis3: calls $1
*** FLOP *** [Ts 3c Jd]
vezis3: checks 
River0203: checks 
*** TURN *** [Ts 3c Jd] [Ac]
vezis3: checks 
River0203: checks 
*** RIVER *** [Ts 3c Jd Ac] [4d]
vezis3: checks 
River0203: checks 
*** SHOW DOWN ***
vezis3: shows [9h 6c] (high card Ace)
River0203: shows [6s Qs] (high card Ace - Queen kicker)
River0203 collected $4.28 from pot
*** SUMMARY ***
Total pot $4.50 | Rake $0.22 
Board [Ts 3c Jd Ac 4d]
Seat 1: vezis3 (big blind) showed [9h 6c] and lost with high card Ace
Seat 2: River0203 showed [6s Qs] and won ($4.28) with high card Ace
Seat 3: treidei3 folded before Flop (didn't bet)
Seat 4: blistein folded before Flop (didn't bet)
Seat 5: shootingGRID (button) folded before Flop (didn't bet)
Seat 6: Pon4uk.ua (small blind) folded before Flop



PokerStars Hand #254764709749:  Hold'em No Limit ($0.50/$1.00 USD) - 2025/02/08 13:05:20 WET [2025/02/08 8:05:20 ET]
Table 'Kevola' 6-max Seat #6 is the button
Seat 1: vezis3 ($234.19 in chips) 
Seat 2: River0203 ($44.47 in chips) 
Seat 3: treidei3 ($105.28 in chips) 
Seat 4: blistein ($100 in chips) 
Seat 5: shootingGRID ($113.80 in chips) 
Seat 6: Pon4uk.ua ($100 in chips) 
vezis3: posts small blind $0.50
River0203: posts big blind $1
*** HOLE CARDS ***
treidei3: folds 
blistein: folds 
shootingGRID: folds 
Pon4uk.ua: folds 
vezis3: raises $2 to $3
River0203: calls $2
*** FLOP *** [7d 5s 2h]
vezis3: checks 
River0203: bets $3
vezis3: calls $3
*** TURN *** [7d 5s 2h] [Jh]
vezis3: checks 
River0203: checks 
*** RIVER *** [7d 5s 2h Jh] [8s]
vezis3: checks 
River0203: checks 
*** SHOW DOWN ***
vezis3: shows [As Td] (high card Ace)
River0203: shows [Ac 5h] (a pair of Fives)
River0203 collected $11.40 from pot
*** SUMMARY ***
Total pot $12 | Rake $0.60 
Board [7d 5s 2h Jh 8s]
Seat 1: vezis3 (small blind) showed [As Td] and lost with high card Ace
Seat 2: River0203 (big blind) showed [Ac 5h] and won ($11.40) with a pair of Fives
Seat 3: treidei3 folded before Flop (didn't bet)
Seat 4: blistein folded before Flop (didn't bet)
Seat 5: shootingGRID folded before Flop (didn't bet)
Seat 6: Pon4uk.ua (button) folded before Flop (didn't bet)



PokerStars Hand #254764716473:  Hold'em No Limit ($0.50/$1.00 USD) - 2025/02/08 13:05:59 WET [2025/02/08 8:05:59 ET]
Table 'Kevola' 6-max Seat #1 is the button
Seat 1: vezis3 ($228.19 in chips) 
Seat 2: River0203 ($49.87 in chips) 
Seat 3: treidei3 ($105.28 in chips) 
Seat 4: blistein ($100 in chips) 
Seat 5: shootingGRID ($113.80 in chips) 
Seat 6: Pon4uk.ua ($100 in chips) 
River0203: posts small blind $0.50
treidei3: posts big blind $1
*** HOLE CARDS ***
blistein: folds 
shootingGRID: folds 
Pon4uk.ua: raises $1.50 to $2.50
vezis3: folds 
River0203: raises $3.50 to $6
treidei3: folds 
Pon4uk.ua: calls $3.50
*** FLOP *** [Ts Tc Qh]
River0203: bets $12.35
Pon4uk.ua: folds 
Uncalled bet ($12.35) returned to River0203
River0203 collected $12.35 from pot
*** SUMMARY ***
Total pot $13 | Rake $0.65 
Board [Ts Tc Qh]
Seat 1: vezis3 (button) folded before Flop (didn't bet)
Seat 2: River0203 (small blind) collected ($12.35)
Seat 3: treidei3 (big blind) folded before Flop
Seat 4: blistein folded before Flop (didn't bet)
Seat 5: shootingGRID folded before Flop (didn't bet)
Seat 6: Pon4uk.ua folded on the Flop



PokerStars Hand #254764727078:  Hold'em No Limit ($0.50/$1.00 USD) - 2025/02/08 13:07:01 WET [2025/02/08 8:07:01 ET]
Table 'Kevola' 6-max Seat #2 is the button
Seat 1: vezis3 ($228.19 in chips) 
Seat 2: River0203 ($56.22 in chips) 
Seat 3: treidei3 ($104.28 in chips) 
Seat 4: blistein ($100 in chips) 
Seat 5: shootingGRID ($113.80 in chips) 
Seat 6: Pon4uk.ua ($100 in chips) 
treidei3: posts small blind $0.50
blistein: posts big blind $1
*** HOLE CARDS ***
shootingGRID: raises $1.25 to $2.25
Pon4uk.ua: folds 
vezis3: folds 
River0203: calls $2.25
treidei3: calls $1.75
blistein: folds 
*** FLOP *** [2s 3d 9c]
treidei3: checks 
shootingGRID: bets $2.43
River0203: calls $2.43
treidei3: raises $7.33 to $9.76
shootingGRID: folds 
River0203: folds 
Uncalled bet ($7.33) returned to treidei3
treidei3 collected $14.29 from pot
treidei3: doesn't show hand 
*** SUMMARY ***
Total pot $15.04 | Rake $0.75 
Board [2s 3d 9c]
Seat 1: vezis3 folded before Flop (didn't bet)
Seat 2: River0203 (button) folded on the Flop
Seat 3: treidei3 (small blind) collected ($14.29)
Seat 4: blistein (big blind) folded before Flop
Seat 5: shootingGRID folded on the Flop
Seat 6: Pon4uk.ua folded before Flop (didn't bet)



PokerStars Hand #254764735157:  Hold'em No Limit ($0.50/$1.00 USD) - 2025/02/08 13:07:47 WET [2025/02/08 8:07:47 ET]
Table 'Kevola' 6-max Seat #3 is the button
Seat 1: vezis3 ($228.19 in chips) 
Seat 2: River0203 ($51.54 in chips) 
Seat 3: treidei3 ($113.89 in chips) 
Seat 4: blistein ($100 in chips) 
Seat 5: shootingGRID ($109.12 in chips) 
Seat 6: Pon4uk.ua ($100 in chips) 
blistein: posts small blind $0.50
shootingGRID: posts big blind $1
*** HOLE CARDS ***
Pon4uk.ua: folds 
vezis3: raises $1 to $2
River0203: folds 
treidei3: folds 
blistein: folds 
shootingGRID: folds 
Uncalled bet ($1) returned to vezis3
vezis3 collected $2.50 from pot
vezis3: doesn't show hand 
*** SUMMARY ***
Total pot $2.50 | Rake $0 
Seat 1: vezis3 collected ($2.50)
Seat 2: River0203 folded before Flop (didn't bet)
Seat 3: treidei3 (button) folded before Flop (didn't bet)
Seat 4: blistein (small blind) folded before Flop
Seat 5: shootingGRID (big blind) folded before Flop
Seat 6: Pon4uk.ua folded before Flop (didn't bet)



PokerStars Hand #254764738669:  Hold'em No Limit ($0.50/$1.00 USD) - 2025/02/08 13:08:07 WET [2025/02/08 8:08:07 ET]
Table 'Kevola' 6-max Seat #4 is the button
Seat 1: vezis3 ($229.69 in chips) 
Seat 2: River0203 ($51.54 in chips) 
Seat 3: treidei3 ($113.89 in chips) 
Seat 4: blistein ($100 in chips) 
Seat 5: shootingGRID ($108.12 in chips) 
Seat 6: Pon4uk.ua ($100 in chips) 
shootingGRID: posts small blind $0.50
Pon4uk.ua: posts big blind $1
*** HOLE CARDS ***
vezis3: folds 
River0203: folds 
treidei3: folds 
blistein: raises $1.50 to $2.50
shootingGRID: folds 
Pon4uk.ua: calls $1.50
*** FLOP *** [5s 4c 6h]
River0203 leaves the table
Pon4uk.ua: checks 
blistein: checks 
*** TURN *** [5s 4c 6h] [6c]
Pon4uk.ua: bets $3.92
blistein: calls $3.92
*** RIVER *** [5s 4c 6h 6c] [Th]
Pon4uk.ua: checks 
blistein: checks 
*** SHOW DOWN ***
Pon4uk.ua: shows [9s 9c] (two pair, Nines and Sixes)
blistein: mucks hand 
Pon4uk.ua collected $12.67 from pot
*** SUMMARY ***
Total pot $13.34 | Rake $0.67 
Board [5s 4c 6h 6c Th]
Seat 1: vezis3 folded before Flop (didn't bet)
Seat 2: River0203 folded before Flop (didn't bet)
Seat 3: treidei3 folded before Flop (didn't bet)
Seat 4: blistein (button) mucked
Seat 5: shootingGRID (small blind) folded before Flop
Seat 6: Pon4uk.ua (big blind) showed [9s 9c] and won ($12.67) with two pair, Nines and Sixes



PokerStars Hand #254764745240:  Hold'em No Limit ($0.50/$1.00 USD) - 2025/02/08 13:08:45 WET [2025/02/08 8:08:45 ET]
Table 'Kevola' 6-max Seat #5 is the button
Seat 1: vezis3 ($229.69 in chips) 
Seat 3: treidei3 ($113.89 in chips) 
Seat 4: blistein ($100 in chips) 
Seat 5: shootingGRID ($107.62 in chips) 
Seat 6: Pon4uk.ua ($106.25 in chips) 
Pon4uk.ua: posts small blind $0.50
vezis3: posts big blind $1
*** HOLE CARDS ***
treidei3: folds 
blistein: raises $1.30 to $2.30
shootingGRID: folds 
Pon4uk.ua: folds 
vezis3: calls $1.30
*** FLOP *** [Ad 2h Qs]
vezis3: checks 
blistein: bets $3.63
vezis3: calls $3.63
*** TURN *** [Ad 2h Qs] [6c]
vezis3: checks 
blistein: checks 
*** RIVER *** [Ad 2h Qs 6c] [7h]
vezis3: bets $3.87
blistein: folds 
Uncalled bet ($3.87) returned to vezis3
vezis3 collected $11.74 from pot
vezis3: doesn't show hand 
*** SUMMARY ***
Total pot $12.36 | Rake $0.62 
Board [Ad 2h Qs 6c 7h]
Seat 1: vezis3 (big blind) collected ($11.74)
Seat 3: treidei3 folded before Flop (didn't bet)
Seat 4: blistein folded on the River
Seat 5: shootingGRID (button) folded before Flop (didn't bet)
Seat 6: Pon4uk.ua (small blind) folded before Flop



PokerStars Hand #254764758672:  Hold'em No Limit ($0.50/$1.00 USD) - 2025/02/08 13:10:02 WET [2025/02/08 8:10:02 ET]
Table 'Kevola' 6-max Seat #6 is the button
Seat 1: vezis3 ($235.50 in chips) 
Seat 3: treidei3 ($113.89 in chips) 
Seat 4: blistein ($100 in chips) 
Seat 5: shootingGRID ($107.62 in chips) 
Seat 6: Pon4uk.ua ($105.75 in chips) 
vezis3: posts small blind $0.50
treidei3: posts big blind $1
*** HOLE CARDS ***
blistein: raises $1.20 to $2.20
shootingGRID: folds 
Pon4uk.ua: folds 
Pon4uk.ua leaves the table
vezis3: calls $1.70
treidei3: folds 
*** FLOP *** [Qd 9c Th]
vezis3: checks 
blistein: bets $1.74
vezis3: folds 
Uncalled bet ($1.74) returned to blistein
blistein collected $5.13 from pot
blistein: doesn't show hand 
*** SUMMARY ***
Total pot $5.40 | Rake $0.27 
Board [Qd 9c Th]
Seat 1: vezis3 (small blind) folded on the Flop
Seat 3: treidei3 (big blind) folded before Flop
Seat 4: blistein collected ($5.13)
Seat 5: shootingGRID folded before Flop (didn't bet)
Seat 6: Pon4uk.ua (button) folded before Flop (didn't bet)



PokerStars Hand #254764766654:  Hold'em No Limit ($0.50/$1.00 USD) - 2025/02/08 13:10:47 WET [2025/02/08 8:10:47 ET]
Table 'Kevola' 6-max Seat #1 is the button
Seat 4: blistein ($102.93 in chips) is sitting out
Seat 1: vezis3 ($233.30 in chips) 
Seat 3: treidei3 ($112.89 in chips) 
Seat 5: shootingGRID ($107.62 in chips) 
treidei3: posts small blind $0.50
blistein: is sitting out 
shootingGRID: posts big blind $1
*** HOLE CARDS ***
vezis3: folds 
treidei3: folds 
Uncalled bet ($0.50) returned to shootingGRID
shootingGRID collected $1 from pot
blistein leaves the table
*** SUMMARY ***
Total pot $1 | Rake $0 
Seat 4: blistein
Seat 1: vezis3 (button) folded before Flop (didn't bet)
Seat 3: treidei3 (small blind) folded before Flop
Seat 5: shootingGRID (big blind) collected ($1)



PokerStars Hand #254764767933:  Hold'em No Limit ($0.50/$1.00 USD) - 2025/02/08 13:10:55 WET [2025/02/08 8:10:55 ET]
Table 'Kevola' 6-max Seat #3 is the button
Seat 1: vezis3 ($233.30 in chips) 
Seat 3: treidei3 ($112.39 in chips) 
Seat 5: shootingGRID ($108.12 in chips) 
shootingGRID: posts small blind $0.50
vezis3: posts big blind $1
*** HOLE CARDS ***
treidei3: folds 
shootingGRID: folds 
Uncalled bet ($0.50) returned to vezis3
vezis3 collected $1 from pot
vezis3: doesn't show hand 
*** SUMMARY ***
Total pot $1 | Rake $0 
Seat 1: vezis3 (big blind) collected ($1)
Seat 3: treidei3 (button) folded before Flop (didn't bet)
Seat 5: shootingGRID (small blind) folded before Flop



PokerStars Hand #254764769865:  Hold'em No Limit ($0.50/$1.00 USD) - 2025/02/08 13:11:06 WET [2025/02/08 8:11:06 ET]
Table 'Kevola' 6-max Seat #5 is the button
Seat 1: vezis3 ($233.80 in chips) 
Seat 3: treidei3 ($112.39 in chips) 
Seat 5: shootingGRID ($107.62 in chips) 
vezis3: posts small blind $0.50
treidei3: posts big blind $1
*** HOLE CARDS ***
shootingGRID: raises $1.50 to $2.50
vezis3: folds 
treidei3: folds 
Uncalled bet ($1.50) returned to shootingGRID
shootingGRID collected $2.50 from pot
*** SUMMARY ***
Total pot $2.50 | Rake $0 
Seat 1: vezis3 (small blind) folded before Flop
Seat 3: treidei3 (big blind) folded before Flop
Seat 5: shootingGRID (button) collected ($2.50)



PokerStars Hand #254764772097:  Hold'em No Limit ($0.50/$1.00 USD) - 2025/02/08 13:11:18 WET [2025/02/08 8:11:18 ET]
Table 'Kevola' 6-max Seat #1 is the button
Seat 1: vezis3 ($233.30 in chips) 
Seat 3: treidei3 ($111.39 in chips) 
Seat 5: shootingGRID ($109.12 in chips) 
treidei3: posts small blind $0.50
shootingGRID: posts big blind $1
*** HOLE CARDS ***
vezis3: folds 
treidei3: raises $2 to $3
shootingGRID: calls $2
*** FLOP *** [9s Qh Jc]
treidei3: bets $1.88
shootingGRID: calls $1.88
*** TURN *** [9s Qh Jc] [9d]
treidei3: bets $6.95
shootingGRID: raises $16.55 to $23.50
treidei3: folds 
Uncalled bet ($16.55) returned to shootingGRID
shootingGRID collected $22.66 from pot
*** SUMMARY ***
Total pot $23.66 | Rake $1 
Board [9s Qh Jc 9d]
Seat 1: vezis3 (button) folded before Flop (didn't bet)
Seat 3: treidei3 (small blind) folded on the Turn
Seat 5: shootingGRID (big blind) collected ($22.66)



PokerStars Hand #254764783742:  Hold'em No Limit ($0.50/$1.00 USD) - 2025/02/08 13:12:24 WET [2025/02/08 8:12:24 ET]
Table 'Kevola' 6-max Seat #5 is the button
Seat 1: vezis3 ($233.30 in chips) is sitting out
Seat 3: treidei3 ($100 in chips) 
Seat 5: shootingGRID ($119.95 in chips) 
shootingGRID: posts small blind $0.50
vezis3: is sitting out 
treidei3: posts big blind $1
*** HOLE CARDS ***
shootingGRID: raises $1.25 to $2.25
vezis3 leaves the table
treidei3: folds 
Uncalled bet ($1.25) returned to shootingGRID
shootingGRID collected $2 from pot
shootingGRID: doesn't show hand 
*** SUMMARY ***
Total pot $2 | Rake $0 
Seat 1: vezis3
Seat 3: treidei3 (big blind) folded before Flop
Seat 5: shootingGRID (button) (small blind) collected ($2)



