PokerStars Hand #254761393060:  Hold'em No Limit ($0.50/$1.00 USD) - 2025/02/08 4:43:49 WET [2025/02/07 23:43:49 ET]
Table 'Drakonia II' 6-max Seat #2 is the button
Seat 1: QuennevilleN1 ($50.57 in chips) 
Seat 2: cloudbreath ($100.29 in chips) 
Seat 3: 7bekon7 ($138.64 in chips) 
Seat 4: vezis3 ($100 in chips) 
Seat 5: ddyyjj ($108.38 in chips) 
Seat 6: Rysiff ($166.12 in chips) 
7bekon7: posts small blind $0.50
vezis3: posts big blind $1
*** HOLE CARDS ***
ddyyjj: folds 
Rysiff: folds 
QuennevilleN1: folds 
cloudbreath: folds 
7bekon7: folds 
Uncalled bet ($0.50) returned to vezis3
vezis3 collected $1 from pot
vezis3: doesn't show hand 
*** SUMMARY ***
Total pot $1 | Rake $0 
Seat 1: QuennevilleN1 folded before Flop (didn't bet)
Seat 2: cloudbreath (button) folded before Flop (didn't bet)
Seat 3: 7bekon7 (small blind) folded before Flop
Seat 4: vezis3 (big blind) collected ($1)
Seat 5: ddyyjj folded before Flop (didn't bet)
Seat 6: Rysiff folded before Flop (didn't bet)



PokerStars Hand #254761394474:  Hold'em No Limit ($0.50/$1.00 USD) - 2025/02/08 4:44:01 WET [2025/02/07 23:44:01 ET]
Table 'Drakonia II' 6-max Seat #3 is the button
Seat 1: QuennevilleN1 ($50.57 in chips) 
Seat 2: cloudbreath ($100.29 in chips) 
Seat 3: 7bekon7 ($138.14 in chips) 
Seat 4: vezis3 ($100.50 in chips) 
Seat 5: ddyyjj ($108.38 in chips) 
Seat 6: Rysiff ($166.12 in chips) 
vezis3: posts small blind $0.50
ddyyjj: posts big blind $1
*** HOLE CARDS ***
Rysiff: folds 
QuennevilleN1: calls $1
cloudbreath: folds 
7bekon7: folds 
vezis3: folds 
ddyyjj: checks 
*** FLOP *** [8h 6s 4c]
ddyyjj: checks 
QuennevilleN1: bets $3
ddyyjj: raises $3.77 to $6.77
QuennevilleN1: calls $3.77
*** TURN *** [8h 6s 4c] [8c]
ddyyjj: bets $9.91
QuennevilleN1: raises $9.91 to $19.82
ddyyjj: folds 
Uncalled bet ($9.91) returned to QuennevilleN1
QuennevilleN1 collected $34.07 from pot
*** SUMMARY ***
Total pot $35.86 | Rake $1.79 
Board [8h 6s 4c 8c]
Seat 1: QuennevilleN1 collected ($34.07)
Seat 2: cloudbreath folded before Flop (didn't bet)
Seat 3: 7bekon7 (button) folded before Flop (didn't bet)
Seat 4: vezis3 (small blind) folded before Flop
Seat 5: ddyyjj (big blind) folded on the Turn
Seat 6: Rysiff folded before Flop (didn't bet)



PokerStars Hand #254761402545:  Hold'em No Limit ($0.50/$1.00 USD) - 2025/02/08 4:45:14 WET [2025/02/07 23:45:14 ET]
Table 'Drakonia II' 6-max Seat #4 is the button
Seat 1: QuennevilleN1 ($66.96 in chips) 
Seat 2: cloudbreath ($100.29 in chips) 
Seat 3: 7bekon7 ($138.14 in chips) 
Seat 4: vezis3 ($100 in chips) 
Seat 5: ddyyjj ($90.70 in chips) 
Seat 6: Rysiff ($166.12 in chips) 
ddyyjj: posts small blind $0.50
Rysiff: posts big blind $1
*** HOLE CARDS ***
QuennevilleN1: calls $1
cloudbreath: folds 
7bekon7: folds 
vezis3: folds 
ddyyjj: folds 
Rysiff: checks 
*** FLOP *** [8h Kc Kd]
Rysiff: bets $2
QuennevilleN1: calls $2
*** TURN *** [8h Kc Kd] [8s]
Rysiff: bets $4.94
QuennevilleN1: folds 
Uncalled bet ($4.94) returned to Rysiff
Rysiff collected $6.18 from pot
Rysiff: doesn't show hand 
*** SUMMARY ***
Total pot $6.50 | Rake $0.32 
Board [8h Kc Kd 8s]
Seat 1: QuennevilleN1 folded on the Turn
Seat 2: cloudbreath folded before Flop (didn't bet)
Seat 3: 7bekon7 folded before Flop (didn't bet)
Seat 4: vezis3 (button) folded before Flop (didn't bet)
Seat 5: ddyyjj (small blind) folded before Flop
Seat 6: Rysiff (big blind) collected ($6.18)



PokerStars Hand #254761407189:  Hold'em No Limit ($0.50/$1.00 USD) - 2025/02/08 4:45:56 WET [2025/02/07 23:45:56 ET]
Table 'Drakonia II' 6-max Seat #5 is the button
Seat 1: QuennevilleN1 ($63.96 in chips) 
Seat 2: cloudbreath ($100.29 in chips) 
Seat 3: 7bekon7 ($138.14 in chips) 
Seat 4: vezis3 ($100 in chips) 
Seat 5: ddyyjj ($90.20 in chips) 
Seat 6: Rysiff ($169.30 in chips) 
Rysiff: posts small blind $0.50
QuennevilleN1: posts big blind $1
*** HOLE CARDS ***
cloudbreath: folds 
7bekon7: folds 
vezis3: raises $1.40 to $2.40
ddyyjj: folds 
Rysiff: folds 
QuennevilleN1: calls $1.40
*** FLOP *** [2h 5s 8d]
QuennevilleN1: bets $3
vezis3: calls $3
*** TURN *** [2h 5s 8d] [9d]
QuennevilleN1: bets $6
vezis3: folds 
Uncalled bet ($6) returned to QuennevilleN1
QuennevilleN1 collected $10.74 from pot
*** SUMMARY ***
Total pot $11.30 | Rake $0.56 
Board [2h 5s 8d 9d]
Seat 1: QuennevilleN1 (big blind) collected ($10.74)
Seat 2: cloudbreath folded before Flop (didn't bet)
Seat 3: 7bekon7 folded before Flop (didn't bet)
Seat 4: vezis3 folded on the Turn
Seat 5: ddyyjj (button) folded before Flop (didn't bet)
Seat 6: Rysiff (small blind) folded before Flop



PokerStars Hand #254761411170:  Hold'em No Limit ($0.50/$1.00 USD) - 2025/02/08 4:46:32 WET [2025/02/07 23:46:32 ET]
Table 'Drakonia II' 6-max Seat #6 is the button
Seat 1: QuennevilleN1 ($69.30 in chips) 
Seat 2: cloudbreath ($100.29 in chips) 
Seat 3: 7bekon7 ($138.14 in chips) 
Seat 4: vezis3 ($100 in chips) 
Seat 5: ddyyjj ($90.20 in chips) 
Seat 6: Rysiff ($168.80 in chips) 
QuennevilleN1: posts small blind $0.50
cloudbreath: posts big blind $1
*** HOLE CARDS ***
7bekon7: folds 
vezis3: folds 
ddyyjj has timed out
ddyyjj: folds 
Rysiff: raises $1.50 to $2.50
QuennevilleN1: calls $2
cloudbreath: calls $1.50
*** FLOP *** [7h 5h 2d]
QuennevilleN1: bets $7.12
cloudbreath: folds 
Rysiff: folds 
Uncalled bet ($7.12) returned to QuennevilleN1
QuennevilleN1 collected $7.12 from pot
*** SUMMARY ***
Total pot $7.50 | Rake $0.38 
Board [7h 5h 2d]
Seat 1: QuennevilleN1 (small blind) collected ($7.12)
Seat 2: cloudbreath (big blind) folded on the Flop
Seat 3: 7bekon7 folded before Flop (didn't bet)
Seat 4: vezis3 folded before Flop (didn't bet)
Seat 5: ddyyjj folded before Flop (didn't bet)
Seat 6: Rysiff (button) folded on the Flop



PokerStars Hand #254761416671:  Hold'em No Limit ($0.50/$1.00 USD) - 2025/02/08 4:47:22 WET [2025/02/07 23:47:22 ET]
Table 'Drakonia II' 6-max Seat #1 is the button
Seat 5: ddyyjj ($90.20 in chips) is sitting out
Seat 1: QuennevilleN1 ($73.92 in chips) 
Seat 2: cloudbreath ($97.79 in chips) 
Seat 3: 7bekon7 ($138.14 in chips) 
Seat 4: vezis3 ($100 in chips) 
Seat 6: Rysiff ($166.30 in chips) 
cloudbreath: posts small blind $0.50
7bekon7: posts big blind $1
*** HOLE CARDS ***
vezis3: raises $1 to $2
Rysiff: folds 
QuennevilleN1: calls $2
cloudbreath: folds 
7bekon7: calls $1
*** FLOP *** [7c Ts As]
7bekon7: checks 
vezis3: checks 
QuennevilleN1: bets $1
7bekon7: calls $1
vezis3: raises $3 to $4
QuennevilleN1: calls $3
7bekon7: folds 
*** TURN *** [7c Ts As] [Td]
vezis3: checks 
ddyyjj leaves the table
QuennevilleN1: bets $5
vezis3: folds 
Uncalled bet ($5) returned to QuennevilleN1
QuennevilleN1 collected $14.72 from pot
nickreason17 joins the table at seat #5 
*** SUMMARY ***
Total pot $15.50 | Rake $0.78 
Board [7c Ts As Td]
Seat 5: ddyyjj
Seat 1: QuennevilleN1 (button) collected ($14.72)
Seat 2: cloudbreath (small blind) folded before Flop
Seat 3: 7bekon7 (big blind) folded on the Flop
Seat 4: vezis3 folded on the Turn
Seat 6: Rysiff folded before Flop (didn't bet)



PokerStars Hand #254761423168:  Hold'em No Limit ($0.50/$1.00 USD) - 2025/02/08 4:48:20 WET [2025/02/07 23:48:20 ET]
Table 'Drakonia II' 6-max Seat #2 is the button
Seat 5: nickreason17 ($100 in chips) is sitting out
Seat 1: QuennevilleN1 ($82.64 in chips) 
Seat 2: cloudbreath ($97.29 in chips) 
Seat 3: 7bekon7 ($135.14 in chips) 
Seat 4: vezis3 ($100 in chips) 
Seat 6: Rysiff ($166.30 in chips) 
7bekon7: posts small blind $0.50
vezis3: posts big blind $1
nickreason17: sits out 
*** HOLE CARDS ***
Rysiff: folds 
QuennevilleN1: folds 
cloudbreath: folds 
7bekon7: raises $2 to $3
vezis3: calls $2
*** FLOP *** [2h 3h 6s]
7bekon7: checks 
vezis3: checks 
*** TURN *** [2h 3h 6s] [9s]
7bekon7: checks 
vezis3: checks 
*** RIVER *** [2h 3h 6s 9s] [8d]
7bekon7: checks 
vezis3: checks 
*** SHOW DOWN ***
7bekon7: shows [Ac Kc] (high card Ace)
vezis3: mucks hand 
7bekon7 collected $5.70 from pot
*** SUMMARY ***
Total pot $6 | Rake $0.30 
Board [2h 3h 6s 9s 8d]
Seat 5: nickreason17
Seat 1: QuennevilleN1 folded before Flop (didn't bet)
Seat 2: cloudbreath (button) folded before Flop (didn't bet)
Seat 3: 7bekon7 (small blind) showed [Ac Kc] and won ($5.70) with high card Ace
Seat 4: vezis3 (big blind) mucked
Seat 6: Rysiff folded before Flop (didn't bet)



PokerStars Hand #254761431276:  Hold'em No Limit ($0.50/$1.00 USD) - 2025/02/08 4:49:34 WET [2025/02/07 23:49:34 ET]
Table 'Drakonia II' 6-max Seat #3 is the button
Seat 1: QuennevilleN1 ($82.64 in chips) 
Seat 2: cloudbreath ($97.29 in chips) 
Seat 3: 7bekon7 ($137.84 in chips) 
Seat 4: vezis3 ($100 in chips) 
Seat 5: nickreason17 ($100 in chips) 
Seat 6: Rysiff ($166.30 in chips) 
vezis3: posts small blind $0.50
nickreason17: posts big blind $1
*** HOLE CARDS ***
Rysiff: folds 
QuennevilleN1: calls $1
cloudbreath: folds 
7bekon7: folds 
vezis3: folds 
nickreason17: raises $4 to $5
QuennevilleN1: calls $4
*** FLOP *** [8d Ac 5s]
nickreason17: checks 
QuennevilleN1: bets $4
nickreason17: calls $4
*** TURN *** [8d Ac 5s] [Jh]
nickreason17: checks 
QuennevilleN1: bets $9
nickreason17: calls $9
*** RIVER *** [8d Ac 5s Jh] [2h]
nickreason17: checks 
QuennevilleN1: bets $13
nickreason17: folds 
Uncalled bet ($13) returned to QuennevilleN1
QuennevilleN1 collected $34.68 from pot
*** SUMMARY ***
Total pot $36.50 | Rake $1.82 
Board [8d Ac 5s Jh 2h]
Seat 1: QuennevilleN1 collected ($34.68)
Seat 2: cloudbreath folded before Flop (didn't bet)
Seat 3: 7bekon7 (button) folded before Flop (didn't bet)
Seat 4: vezis3 (small blind) folded before Flop
Seat 5: nickreason17 (big blind) folded on the River
Seat 6: Rysiff folded before Flop (didn't bet)



PokerStars Hand #254761439453:  Hold'em No Limit ($0.50/$1.00 USD) - 2025/02/08 4:50:49 WET [2025/02/07 23:50:49 ET]
Table 'Drakonia II' 6-max Seat #4 is the button
Seat 1: QuennevilleN1 ($99.32 in chips) 
Seat 2: cloudbreath ($97.29 in chips) 
Seat 3: 7bekon7 ($137.84 in chips) 
Seat 4: vezis3 ($100 in chips) 
Seat 5: nickreason17 ($100 in chips) 
Seat 6: Rysiff ($166.30 in chips) 
nickreason17: posts small blind $0.50
Rysiff: posts big blind $1
*** HOLE CARDS ***
QuennevilleN1: calls $1
cloudbreath: folds 
7bekon7: folds 
vezis3: raises $3 to $4
nickreason17: folds 
Rysiff: folds 
QuennevilleN1: calls $3
*** FLOP *** [3h 7h 7s]
QuennevilleN1: bets $4.51
vezis3: folds 
Uncalled bet ($4.51) returned to QuennevilleN1
QuennevilleN1 collected $9.02 from pot
*** SUMMARY ***
Total pot $9.50 | Rake $0.48 
Board [3h 7h 7s]
Seat 1: QuennevilleN1 collected ($9.02)
Seat 2: cloudbreath folded before Flop (didn't bet)
Seat 3: 7bekon7 folded before Flop (didn't bet)
Seat 4: vezis3 (button) folded on the Flop
Seat 5: nickreason17 (small blind) folded before Flop
Seat 6: Rysiff (big blind) folded before Flop



PokerStars Hand #254761442464:  Hold'em No Limit ($0.50/$1.00 USD) - 2025/02/08 4:51:16 WET [2025/02/07 23:51:16 ET]
Table 'Drakonia II' 6-max Seat #5 is the button
Seat 1: QuennevilleN1 ($104.34 in chips) 
Seat 2: cloudbreath ($97.29 in chips) 
Seat 3: 7bekon7 ($137.84 in chips) 
Seat 4: vezis3 ($100 in chips) 
Seat 5: nickreason17 ($100 in chips) 
Seat 6: Rysiff ($165.30 in chips) 
Rysiff: posts small blind $0.50
QuennevilleN1: posts big blind $1
*** HOLE CARDS ***
cloudbreath: folds 
7bekon7: folds 
vezis3: folds 
nickreason17: folds 
Rysiff: folds 
Uncalled bet ($0.50) returned to QuennevilleN1
QuennevilleN1 collected $1 from pot
*** SUMMARY ***
Total pot $1 | Rake $0 
Seat 1: QuennevilleN1 (big blind) collected ($1)
Seat 2: cloudbreath folded before Flop (didn't bet)
Seat 3: 7bekon7 folded before Flop (didn't bet)
Seat 4: vezis3 folded before Flop (didn't bet)
Seat 5: nickreason17 (button) folded before Flop (didn't bet)
Seat 6: Rysiff (small blind) folded before Flop



PokerStars Hand #254761444284:  Hold'em No Limit ($0.50/$1.00 USD) - 2025/02/08 4:51:33 WET [2025/02/07 23:51:33 ET]
Table 'Drakonia II' 6-max Seat #6 is the button
Seat 1: QuennevilleN1 ($104.84 in chips) 
Seat 2: cloudbreath ($97.29 in chips) 
Seat 3: 7bekon7 ($137.84 in chips) 
Seat 4: vezis3 ($100 in chips) 
Seat 5: nickreason17 ($100 in chips) 
Seat 6: Rysiff ($164.80 in chips) 
QuennevilleN1: posts small blind $0.50
cloudbreath: posts big blind $1
*** HOLE CARDS ***
7bekon7: folds 
vezis3: folds 
nickreason17: folds 
Rysiff: raises $1.50 to $2.50
QuennevilleN1: calls $2
cloudbreath: folds 
*** FLOP *** [6s 8s 9d]
QuennevilleN1: bets $3
Rysiff: calls $3
*** TURN *** [6s 8s 9d] [7d]
QuennevilleN1: bets $11.40
Rysiff: calls $11.40
*** RIVER *** [6s 8s 9d 7d] [Kc]
QuennevilleN1: bets $16.53
Rysiff: folds 
Uncalled bet ($16.53) returned to QuennevilleN1
QuennevilleN1 collected $33.06 from pot
*** SUMMARY ***
Total pot $34.80 | Rake $1.74 
Board [6s 8s 9d 7d Kc]
Seat 1: QuennevilleN1 (small blind) collected ($33.06)
Seat 2: cloudbreath (big blind) folded before Flop
Seat 3: 7bekon7 folded before Flop (didn't bet)
Seat 4: vezis3 folded before Flop (didn't bet)
Seat 5: nickreason17 folded before Flop (didn't bet)
Seat 6: Rysiff (button) folded on the River



PokerStars Hand #254761450112:  Hold'em No Limit ($0.50/$1.00 USD) - 2025/02/08 4:52:26 WET [2025/02/07 23:52:26 ET]
Table 'Drakonia II' 6-max Seat #1 is the button
Seat 1: QuennevilleN1 ($121 in chips) 
Seat 2: cloudbreath ($96.29 in chips) 
Seat 3: 7bekon7 ($137.84 in chips) 
Seat 4: vezis3 ($100 in chips) 
Seat 5: nickreason17 ($100 in chips) 
Seat 6: Rysiff ($147.90 in chips) 
cloudbreath: posts small blind $0.50
7bekon7: posts big blind $1
*** HOLE CARDS ***
vezis3: folds 
nickreason17: raises $1.25 to $2.25
Rysiff: folds 
QuennevilleN1: folds 
cloudbreath: folds 
7bekon7: calls $1.25
*** FLOP *** [Tc Kd Qs]
QuennevilleN1 leaves the table
7bekon7: checks 
nickreason17: bets $3.26
7bekon7: folds 
Uncalled bet ($3.26) returned to nickreason17
nickreason17 collected $4.75 from pot
nickreason17: doesn't show hand 
*** SUMMARY ***
Total pot $5 | Rake $0.25 
Board [Tc Kd Qs]
Seat 1: QuennevilleN1 (button) folded before Flop (didn't bet)
Seat 2: cloudbreath (small blind) folded before Flop
Seat 3: 7bekon7 (big blind) folded on the Flop
Seat 4: vezis3 folded before Flop (didn't bet)
Seat 5: nickreason17 collected ($4.75)
Seat 6: Rysiff folded before Flop (didn't bet)



PokerStars Hand #254761454393:  Hold'em No Limit ($0.50/$1.00 USD) - 2025/02/08 4:53:06 WET [2025/02/07 23:53:06 ET]
Table 'Drakonia II' 6-max Seat #2 is the button
Seat 2: cloudbreath ($95.79 in chips) 
Seat 3: 7bekon7 ($135.59 in chips) 
Seat 4: vezis3 ($100 in chips) 
Seat 5: nickreason17 ($102.50 in chips) 
Seat 6: Rysiff ($147.90 in chips) 
7bekon7: posts small blind $0.50
vezis3: posts big blind $1
*** HOLE CARDS ***
nickreason17: raises $1.25 to $2.25
Rysiff: folds 
cloudbreath: folds 
7bekon7: folds 
vezis3: folds 
Uncalled bet ($1.25) returned to nickreason17
sutata joins the table at seat #1 
nickreason17 collected $2.50 from pot
nickreason17: doesn't show hand 
*** SUMMARY ***
Total pot $2.50 | Rake $0 
Seat 2: cloudbreath (button) folded before Flop (didn't bet)
Seat 3: 7bekon7 (small blind) folded before Flop
Seat 4: vezis3 (big blind) folded before Flop
Seat 5: nickreason17 collected ($2.50)
Seat 6: Rysiff folded before Flop (didn't bet)



PokerStars Hand #254761455379:  Hold'em No Limit ($0.50/$1.00 USD) - 2025/02/08 4:53:16 WET [2025/02/07 23:53:16 ET]
Table 'Drakonia II' 6-max Seat #3 is the button
Seat 1: sutata ($100 in chips) is sitting out
Seat 5: nickreason17 ($104 in chips) is sitting out
Seat 2: cloudbreath ($95.79 in chips) 
Seat 3: 7bekon7 ($135.09 in chips) 
Seat 4: vezis3 ($100 in chips) 
Seat 6: Rysiff ($147.90 in chips) 
vezis3: posts small blind $0.50
Rysiff: posts big blind $1
sutata: sits out 
*** HOLE CARDS ***
nickreason17 leaves the table
cloudbreath: folds 
7bekon7: raises $1.25 to $2.25
vezis3: folds 
50CandyJoe joins the table at seat #5 
Rysiff: folds 
Uncalled bet ($1.25) returned to 7bekon7
7bekon7 collected $2.50 from pot
7bekon7: doesn't show hand 
*** SUMMARY ***
Total pot $2.50 | Rake $0 
Seat 1: sutata
Seat 5: nickreason17
Seat 2: cloudbreath folded before Flop (didn't bet)
Seat 3: 7bekon7 (button) collected ($2.50)
Seat 4: vezis3 (small blind) folded before Flop
Seat 6: Rysiff (big blind) folded before Flop



PokerStars Hand #254761457178:  Hold'em No Limit ($0.50/$1.00 USD) - 2025/02/08 4:53:32 WET [2025/02/07 23:53:32 ET]
Table 'Drakonia II' 6-max Seat #4 is the button
Seat 5: 50CandyJoe ($100 in chips) is sitting out
Seat 1: sutata ($100 in chips) 
Seat 2: cloudbreath ($95.79 in chips) 
Seat 3: 7bekon7 ($136.59 in chips) 
Seat 4: vezis3 ($100 in chips) 
Seat 6: Rysiff ($146.90 in chips) 
Rysiff: posts small blind $0.50
sutata: posts big blind $1
*** HOLE CARDS ***
cloudbreath: folds 
7bekon7: folds 
vezis3: raises $1.40 to $2.40
Rysiff: folds 
sutata: calls $1.40
*** FLOP *** [Qh 3d 8h]
sutata: checks 
vezis3: checks 
*** TURN *** [Qh 3d 8h] [Kd]
sutata: checks 
vezis3: bets $3.88
sutata: folds 
Uncalled bet ($3.88) returned to vezis3
vezis3 collected $5.04 from pot
vezis3: doesn't show hand 
*** SUMMARY ***
Total pot $5.30 | Rake $0.26 
Board [Qh 3d 8h Kd]
Seat 5: 50CandyJoe
Seat 1: sutata (big blind) folded on the Turn
Seat 2: cloudbreath folded before Flop (didn't bet)
Seat 3: 7bekon7 folded before Flop (didn't bet)
Seat 4: vezis3 (button) collected ($5.04)
Seat 6: Rysiff (small blind) folded before Flop



PokerStars Hand #254761461066:  Hold'em No Limit ($0.50/$1.00 USD) - 2025/02/08 4:54:09 WET [2025/02/07 23:54:09 ET]
Table 'Drakonia II' 6-max Seat #6 is the button
Seat 5: 50CandyJoe ($100 in chips) is sitting out
Seat 1: sutata ($100 in chips) 
Seat 2: cloudbreath ($95.79 in chips) 
Seat 3: 7bekon7 ($136.59 in chips) 
Seat 4: vezis3 ($102.64 in chips) 
Seat 6: Rysiff ($146.40 in chips) 
sutata: posts small blind $0.50
cloudbreath: posts big blind $1
50CandyJoe: sits out 
*** HOLE CARDS ***
7bekon7: raises $1.25 to $2.25
vezis3: folds 
Rysiff: folds 
sutata: folds 
cloudbreath: calls $1.25
*** FLOP *** [Qs 9h 2s]
cloudbreath: checks 
7bekon7: bets $3.56
cloudbreath: folds 
Uncalled bet ($3.56) returned to 7bekon7
7bekon7 collected $4.75 from pot
7bekon7: doesn't show hand 
*** SUMMARY ***
Total pot $5 | Rake $0.25 
Board [Qs 9h 2s]
Seat 5: 50CandyJoe
Seat 1: sutata (small blind) folded before Flop
Seat 2: cloudbreath (big blind) folded on the Flop
Seat 3: 7bekon7 collected ($4.75)
Seat 4: vezis3 folded before Flop (didn't bet)
Seat 6: Rysiff (button) folded before Flop (didn't bet)



PokerStars Hand #254761465511:  Hold'em No Limit ($0.50/$1.00 USD) - 2025/02/08 4:54:52 WET [2025/02/07 23:54:52 ET]
Table 'Drakonia II' 6-max Seat #1 is the button
Seat 3: 7bekon7 ($139.09 in chips) is sitting out
Seat 4: vezis3 ($102.64 in chips) is sitting out
Seat 1: sutata ($100 in chips) 
Seat 2: cloudbreath ($93.54 in chips) 
Seat 5: 50CandyJoe ($100 in chips) 
Seat 6: Rysiff ($146.40 in chips) 
cloudbreath: posts small blind $0.50
7bekon7: is sitting out 
vezis3: is sitting out 
50CandyJoe: posts big blind $1
*** HOLE CARDS ***
Rysiff: raises $1.50 to $2.50
7bekon7 leaves the table
sutata: folds 
Palacios777 joins the table at seat #3 
cloudbreath: folds 
50CandyJoe: calls $1.50
*** FLOP *** [7s 6c 4h]
vezis3 leaves the table
50CandyJoe: checks 
Rysiff: checks 
*** TURN *** [7s 6c 4h] [Ad]
50CandyJoe: checks 
Rysiff: checks 
*** RIVER *** [7s 6c 4h Ad] [8h]
50CandyJoe: bets $5.22
Rysiff: folds 
Uncalled bet ($5.22) returned to 50CandyJoe
50CandyJoe collected $5.22 from pot
50CandyJoe: doesn't show hand 
*** SUMMARY ***
Total pot $5.50 | Rake $0.28 
Board [7s 6c 4h Ad 8h]
Seat 3: 7bekon7
Seat 4: vezis3
Seat 1: sutata (button) folded before Flop (didn't bet)
Seat 2: cloudbreath (small blind) folded before Flop
Seat 5: 50CandyJoe (big blind) collected ($5.22)
Seat 6: Rysiff folded on the River



PokerStars Hand #254761470577:  Hold'em No Limit ($0.50/$1.00 USD) - 2025/02/08 4:55:47 WET [2025/02/07 23:55:47 ET]
Table 'Drakonia II' 6-max Seat #2 is the button
Seat 3: Palacios777 ($100 in chips) is sitting out
Seat 6: Rysiff ($143.90 in chips) is sitting out
Seat 1: sutata ($100 in chips) 
Seat 2: cloudbreath ($93.04 in chips) 
Seat 5: 50CandyJoe ($102.72 in chips) 
50CandyJoe: posts small blind $0.50
Rysiff: is sitting out 
sutata: posts big blind $1
*** HOLE CARDS ***
Rysiff leaves the table
cloudbreath: folds 
50CandyJoe: raises $2 to $3
sutata: folds 
Uncalled bet ($2) returned to 50CandyJoe
50CandyJoe collected $2 from pot
50CandyJoe: doesn't show hand 
*** SUMMARY ***
Total pot $2 | Rake $0 
Seat 3: Palacios777
Seat 6: Rysiff
Seat 1: sutata (big blind) folded before Flop
Seat 2: cloudbreath (button) folded before Flop (didn't bet)
Seat 5: 50CandyJoe (small blind) collected ($2)



PokerStars Hand #254761471959:  Hold'em No Limit ($0.50/$1.00 USD) - 2025/02/08 4:56:03 WET [2025/02/07 23:56:03 ET]
Table 'Drakonia II' 6-max Seat #5 is the button
Seat 3: Palacios777 ($100 in chips) is sitting out
Seat 1: sutata ($100 in chips) 
Seat 2: cloudbreath ($93.04 in chips) 
Seat 5: 50CandyJoe ($103.72 in chips) 
sutata: posts small blind $0.50
cloudbreath: posts big blind $1
Palacios777: sits out 
*** HOLE CARDS ***
50CandyJoe: raises $1.50 to $2.50
sutata: folds 
cloudbreath: calls $1.50
*** FLOP *** [3d Kc Qs]
cloudbreath: bets $2.61
50CandyJoe: calls $2.61
*** TURN *** [3d Kc Qs] [Ad]
cloudbreath: bets $5.09
50CandyJoe: folds 
Uncalled bet ($5.09) returned to cloudbreath
cloudbreath collected $10.18 from pot
*** SUMMARY ***
Total pot $10.72 | Rake $0.54 
Board [3d Kc Qs Ad]
Seat 3: Palacios777
Seat 1: sutata (small blind) folded before Flop
Seat 2: cloudbreath (big blind) collected ($10.18)
Seat 5: 50CandyJoe (button) folded on the Turn



PokerStars Hand #254761475244:  Hold'em No Limit ($0.50/$1.00 USD) - 2025/02/08 4:56:41 WET [2025/02/07 23:56:41 ET]
Table 'Drakonia II' 6-max Seat #1 is the button
Seat 1: sutata ($100 in chips) 
Seat 2: cloudbreath ($98.11 in chips) 
Seat 3: Palacios777 ($100 in chips) 
Seat 5: 50CandyJoe ($100 in chips) 
cloudbreath: posts small blind $0.50
Palacios777: posts big blind $1
*** HOLE CARDS ***
50CandyJoe: raises $1.20 to $2.20
sutata: folds 
cloudbreath: calls $1.70
Palacios777: calls $1.20
*** FLOP *** [Ts 2d 4c]
cloudbreath: checks 
Palacios777: checks 
50CandyJoe: checks 
*** TURN *** [Ts 2d 4c] [5d]
cloudbreath: checks 
Palacios777: bets $3.45
50CandyJoe: folds 
cloudbreath: calls $3.45
*** RIVER *** [Ts 2d 4c 5d] [7d]
cloudbreath: bets $12.82
Palacios777: folds 
Uncalled bet ($12.82) returned to cloudbreath
cloudbreath collected $12.82 from pot
*** SUMMARY ***
Total pot $13.50 | Rake $0.68 
Board [Ts 2d 4c 5d 7d]
Seat 1: sutata (button) folded before Flop (didn't bet)
Seat 2: cloudbreath (small blind) collected ($12.82)
Seat 3: Palacios777 (big blind) folded on the River
Seat 5: 50CandyJoe folded on the Turn



PokerStars Hand #254761480675:  Hold'em No Limit ($0.50/$1.00 USD) - 2025/02/08 4:57:42 WET [2025/02/07 23:57:42 ET]
Table 'Drakonia II' 6-max Seat #2 is the button
Seat 1: sutata ($100 in chips) 
Seat 2: cloudbreath ($105.28 in chips) 
Seat 3: Palacios777 ($100 in chips) 
Seat 5: 50CandyJoe ($100 in chips) 
Palacios777: posts small blind $0.50
50CandyJoe: posts big blind $1
*** HOLE CARDS ***
sutata: raises $1.50 to $2.50
cloudbreath: folds 
Palacios777: folds 
50CandyJoe: raises $10 to $12.50
sutata: calls $10
*** FLOP *** [Jh Js Tc]
50CandyJoe: bets $8.09
sutata: calls $8.09
*** TURN *** [Jh Js Tc] [Jd]
50CandyJoe: bets $26.85
sutata: calls $26.85
*** RIVER *** [Jh Js Tc Jd] [3h]
50CandyJoe: bets $52.56 and is all-in
Xenicide joins the table at seat #4 
sutata has timed out
sutata: folds 
Uncalled bet ($52.56) returned to 50CandyJoe
50CandyJoe collected $94.38 from pot
50CandyJoe: doesn't show hand 
*** SUMMARY ***
Total pot $95.38 | Rake $1 
Board [Jh Js Tc Jd 3h]
Seat 1: sutata folded on the River
Seat 2: cloudbreath (button) folded before Flop (didn't bet)
Seat 3: Palacios777 (small blind) folded before Flop
Seat 5: 50CandyJoe (big blind) collected ($94.38)



PokerStars Hand #254761488292:  Hold'em No Limit ($0.50/$1.00 USD) - 2025/02/08 4:59:10 WET [2025/02/07 23:59:10 ET]
Table 'Drakonia II' 6-max Seat #3 is the button
Seat 4: Xenicide ($100 in chips) is sitting out
Seat 1: sutata ($100 in chips) 
Seat 2: cloudbreath ($105.28 in chips) 
Seat 3: Palacios777 ($100 in chips) 
Seat 5: 50CandyJoe ($146.94 in chips) 
50CandyJoe: posts small blind $0.50
sutata: posts big blind $1
*** HOLE CARDS ***
cloudbreath: folds 
Palacios777: raises $1.50 to $2.50
50CandyJoe: folds 
sutata: folds 
Uncalled bet ($1.50) returned to Palacios777
Palacios777 collected $2.50 from pot
Palacios777: doesn't show hand 
*** SUMMARY ***
Total pot $2.50 | Rake $0 
Seat 4: Xenicide
Seat 1: sutata (big blind) folded before Flop
Seat 2: cloudbreath folded before Flop (didn't bet)
Seat 3: Palacios777 (button) collected ($2.50)
Seat 5: 50CandyJoe (small blind) folded before Flop



PokerStars Hand #254761490066:  Hold'em No Limit ($0.50/$1.00 USD) - 2025/02/08 4:59:31 WET [2025/02/07 23:59:31 ET]
Table 'Drakonia II' 6-max Seat #5 is the button
Seat 4: Xenicide ($100 in chips) is sitting out
Seat 1: sutata ($100 in chips) 
Seat 2: cloudbreath ($105.28 in chips) 
Seat 3: Palacios777 ($101.50 in chips) 
Seat 5: 50CandyJoe ($146.44 in chips) 
sutata: posts small blind $0.50
cloudbreath: posts big blind $1
Xenicide: sits out 
*** HOLE CARDS ***
Palacios777: folds 
50CandyJoe: raises $1.50 to $2.50
sutata: folds 
cloudbreath: folds 
Uncalled bet ($1.50) returned to 50CandyJoe
50CandyJoe collected $2.50 from pot
50CandyJoe: doesn't show hand 
*** SUMMARY ***
Total pot $2.50 | Rake $0 
Seat 4: Xenicide
Seat 1: sutata (small blind) folded before Flop
Seat 2: cloudbreath (big blind) folded before Flop
Seat 3: Palacios777 folded before Flop (didn't bet)
Seat 5: 50CandyJoe (button) collected ($2.50)



PokerStars Hand #254761492113:  Hold'em No Limit ($0.50/$1.00 USD) - 2025/02/08 4:59:54 WET [2025/02/07 23:59:54 ET]
Table 'Drakonia II' 6-max Seat #1 is the button
Seat 4: Xenicide ($100 in chips) is sitting out
Seat 1: sutata ($100 in chips) 
Seat 2: cloudbreath ($104.28 in chips) 
Seat 3: Palacios777 ($101.50 in chips) 
Seat 5: 50CandyJoe ($147.94 in chips) 
cloudbreath: posts small blind $0.50
Palacios777: posts big blind $1
Xenicide: sits out 
*** HOLE CARDS ***
50CandyJoe: raises $1.20 to $2.20
sutata: folds 
cloudbreath: raises $3.20 to $5.40
Palacios777: folds 
50CandyJoe: calls $3.20
*** FLOP *** [8h Jd As]
cloudbreath: bets $5.61
50CandyJoe: folds 
Uncalled bet ($5.61) returned to cloudbreath
cloudbreath collected $11.21 from pot
*** SUMMARY ***
Total pot $11.80 | Rake $0.59 
Board [8h Jd As]
Seat 4: Xenicide
Seat 1: sutata (button) folded before Flop (didn't bet)
Seat 2: cloudbreath (small blind) collected ($11.21)
Seat 3: Palacios777 (big blind) folded before Flop
Seat 5: 50CandyJoe folded on the Flop



PokerStars Hand #254761494495:  Hold'em No Limit ($0.50/$1.00 USD) - 2025/02/08 5:00:20 WET [2025/02/08 0:00:20 ET]
Table 'Drakonia II' 6-max Seat #2 is the button
Seat 1: sutata ($100 in chips) 
Seat 2: cloudbreath ($110.09 in chips) 
Seat 3: Palacios777 ($100.50 in chips) 
Seat 4: Xenicide ($100 in chips) 
Seat 5: 50CandyJoe ($142.54 in chips) 
Palacios777: posts small blind $0.50
Xenicide: posts big blind $1
*** HOLE CARDS ***
50CandyJoe: folds 
sutata: folds 
cloudbreath: raises $1 to $2
Palacios777: raises $7.50 to $9.50
Xenicide: folds 
cloudbreath: folds 
Uncalled bet ($7.50) returned to Palacios777
Palacios777 collected $5 from pot
Palacios777: doesn't show hand 
*** SUMMARY ***
Total pot $5 | Rake $0 
Seat 1: sutata folded before Flop (didn't bet)
Seat 2: cloudbreath (button) folded before Flop
Seat 3: Palacios777 (small blind) collected ($5)
Seat 4: Xenicide (big blind) folded before Flop
Seat 5: 50CandyJoe folded before Flop (didn't bet)



PokerStars Hand #254761500100:  Hold'em No Limit ($0.50/$1.00 USD) - 2025/02/08 5:01:17 WET [2025/02/08 0:01:17 ET]
Table 'Drakonia II' 6-max Seat #3 is the button
Seat 1: sutata ($100 in chips) 
Seat 2: cloudbreath ($108.09 in chips) 
Seat 3: Palacios777 ($103.50 in chips) 
Seat 4: Xenicide ($100 in chips) 
Seat 5: 50CandyJoe ($142.54 in chips) 
Xenicide: posts small blind $0.50
50CandyJoe: posts big blind $1
*** HOLE CARDS ***
sutata: folds 
cloudbreath: folds 
Palacios777: raises $1.50 to $2.50
Xenicide: folds 
50CandyJoe: raises $10 to $12.50
Palacios777: folds 
Uncalled bet ($10) returned to 50CandyJoe
50CandyJoe collected $5.50 from pot
50CandyJoe: doesn't show hand 
*** SUMMARY ***
Total pot $5.50 | Rake $0 
Seat 1: sutata folded before Flop (didn't bet)
Seat 2: cloudbreath folded before Flop (didn't bet)
Seat 3: Palacios777 (button) folded before Flop
Seat 4: Xenicide (small blind) folded before Flop
Seat 5: 50CandyJoe (big blind) collected ($5.50)



PokerStars Hand #254761503364:  Hold'em No Limit ($0.50/$1.00 USD) - 2025/02/08 5:01:50 WET [2025/02/08 0:01:50 ET]
Table 'Drakonia II' 6-max Seat #4 is the button
Seat 1: sutata ($100 in chips) 
Seat 2: cloudbreath ($108.09 in chips) 
Seat 3: Palacios777 ($101 in chips) 
Seat 4: Xenicide ($100 in chips) 
Seat 5: 50CandyJoe ($145.54 in chips) 
50CandyJoe: posts small blind $0.50
sutata: posts big blind $1
*** HOLE CARDS ***
cloudbreath: folds 
Palacios777: folds 
Xenicide: folds 
50CandyJoe: folds 
Uncalled bet ($0.50) returned to sutata
sutata collected $1 from pot
sutata: doesn't show hand 
*** SUMMARY ***
Total pot $1 | Rake $0 
Seat 1: sutata (big blind) collected ($1)
Seat 2: cloudbreath folded before Flop (didn't bet)
Seat 3: Palacios777 folded before Flop (didn't bet)
Seat 4: Xenicide (button) folded before Flop (didn't bet)
Seat 5: 50CandyJoe (small blind) folded before Flop



PokerStars Hand #254761504480:  Hold'em No Limit ($0.50/$1.00 USD) - 2025/02/08 5:02:00 WET [2025/02/08 0:02:00 ET]
Table 'Drakonia II' 6-max Seat #5 is the button
Seat 1: sutata ($100.50 in chips) 
Seat 2: cloudbreath ($108.09 in chips) 
Seat 3: Palacios777 ($101 in chips) 
Seat 4: Xenicide ($100 in chips) 
Seat 5: 50CandyJoe ($145.04 in chips) 
sutata: posts small blind $0.50
cloudbreath: posts big blind $1
*** HOLE CARDS ***
Palacios777: raises $1.20 to $2.20
Xenicide: folds 
50CandyJoe: folds 
sutata: folds 
cloudbreath: calls $1.20
*** FLOP *** [Ah 6d 3c]
cloudbreath: checks 
Palacios777: checks 
*** TURN *** [Ah 6d 3c] [Jc]
cloudbreath: checks 
Palacios777: bets $2.56
cloudbreath: folds 
Uncalled bet ($2.56) returned to Palacios777
Palacios777 collected $4.66 from pot
Palacios777: doesn't show hand 
*** SUMMARY ***
Total pot $4.90 | Rake $0.24 
Board [Ah 6d 3c Jc]
Seat 1: sutata (small blind) folded before Flop
Seat 2: cloudbreath (big blind) folded on the Turn
Seat 3: Palacios777 collected ($4.66)
Seat 4: Xenicide folded before Flop (didn't bet)
Seat 5: 50CandyJoe (button) folded before Flop (didn't bet)



PokerStars Hand #254761509128:  Hold'em No Limit ($0.50/$1.00 USD) - 2025/02/08 5:02:46 WET [2025/02/08 0:02:46 ET]
Table 'Drakonia II' 6-max Seat #1 is the button
Seat 1: sutata ($100 in chips) 
Seat 2: cloudbreath ($105.89 in chips) 
Seat 3: Palacios777 ($103.46 in chips) 
Seat 4: Xenicide ($100 in chips) 
Seat 5: 50CandyJoe ($145.04 in chips) 
cloudbreath: posts small blind $0.50
Palacios777: posts big blind $1
*** HOLE CARDS ***
Xenicide: folds 
50CandyJoe: folds 
sutata: raises $2 to $3
cloudbreath: folds 
Palacios777: folds 
Uncalled bet ($2) returned to sutata
sutata collected $2.50 from pot
sutata: doesn't show hand 
*** SUMMARY ***
Total pot $2.50 | Rake $0 
Seat 1: sutata (button) collected ($2.50)
Seat 2: cloudbreath (small blind) folded before Flop
Seat 3: Palacios777 (big blind) folded before Flop
Seat 4: Xenicide folded before Flop (didn't bet)
Seat 5: 50CandyJoe folded before Flop (didn't bet)



PokerStars Hand #254761510841:  Hold'em No Limit ($0.50/$1.00 USD) - 2025/02/08 5:03:03 WET [2025/02/08 0:03:03 ET]
Table 'Drakonia II' 6-max Seat #2 is the button
Seat 1: sutata ($101.50 in chips) 
Seat 2: cloudbreath ($105.39 in chips) 
Seat 3: Palacios777 ($102.46 in chips) 
Seat 4: Xenicide ($100 in chips) 
Seat 5: 50CandyJoe ($145.04 in chips) 
Palacios777: posts small blind $0.50
Xenicide: posts big blind $1
*** HOLE CARDS ***
50CandyJoe: folds 
sutata: folds 
cloudbreath: raises $1 to $2
Palacios777: folds 
Xenicide: folds 
Uncalled bet ($1) returned to cloudbreath
cloudbreath collected $2.50 from pot
*** SUMMARY ***
Total pot $2.50 | Rake $0 
Seat 1: sutata folded before Flop (didn't bet)
Seat 2: cloudbreath (button) collected ($2.50)
Seat 3: Palacios777 (small blind) folded before Flop
Seat 4: Xenicide (big blind) folded before Flop
Seat 5: 50CandyJoe folded before Flop (didn't bet)



PokerStars Hand #254761512673:  Hold'em No Limit ($0.50/$1.00 USD) - 2025/02/08 5:03:21 WET [2025/02/08 0:03:21 ET]
Table 'Drakonia II' 6-max Seat #3 is the button
Seat 1: sutata ($101.50 in chips) 
Seat 2: cloudbreath ($106.89 in chips) 
Seat 3: Palacios777 ($101.96 in chips) 
Seat 4: Xenicide ($100 in chips) 
Seat 5: 50CandyJoe ($145.04 in chips) 
Xenicide: posts small blind $0.50
50CandyJoe: posts big blind $1
*** HOLE CARDS ***
sutata: folds 
cloudbreath: folds 
felipebilinski joins the table at seat #6 
Palacios777: raises $1.50 to $2.50
Xenicide: raises $7 to $9.50
50CandyJoe: folds 
Palacios777: raises $15 to $24.50
Xenicide: raises $75.50 to $100 and is all-in
Palacios777: folds 
Uncalled bet ($75.50) returned to Xenicide
Xenicide collected $50 from pot
*** SUMMARY ***
Total pot $50 | Rake $0 
Seat 1: sutata folded before Flop (didn't bet)
Seat 2: cloudbreath folded before Flop (didn't bet)
Seat 3: Palacios777 (button) folded before Flop
Seat 4: Xenicide (small blind) collected ($50)
Seat 5: 50CandyJoe (big blind) folded before Flop



PokerStars Hand #254761306308:  Hold'em No Limit ($0.50/$1.00 USD) - 2025/02/08 4:31:17 WET [2025/02/07 23:31:17 ET]
Table 'Drakonia II' 6-max Seat #2 is the button
Seat 2: cloudbreath ($100 in chips) 
Seat 3: 7bekon7 ($100 in chips) 
Seat 6: Rysiff ($100 in chips) 
7bekon7: posts small blind $0.50
Rysiff: posts big blind $1
*** HOLE CARDS ***
cloudbreath: raises $1 to $2
vezis3 joins the table at seat #4 
7bekon7: raises $5 to $7
ddyyjj joins the table at seat #5 
Rysiff: folds 
cloudbreath: calls $5
*** FLOP *** [Qd 7s 8s]
QuennevilleN1 joins the table at seat #1 
QuennevilleN1 is disconnected 
7bekon7: checks 
cloudbreath: bets $7.13
7bekon7: folds 
Uncalled bet ($7.13) returned to cloudbreath
cloudbreath collected $14.25 from pot
*** SUMMARY ***
Total pot $15 | Rake $0.75 
Board [Qd 7s 8s]
Seat 2: cloudbreath (button) collected ($14.25)
Seat 3: 7bekon7 (small blind) folded on the Flop
Seat 6: Rysiff (big blind) folded before Flop



PokerStars Hand #254761313568:  Hold'em No Limit ($0.50/$1.00 USD) - 2025/02/08 4:32:19 WET [2025/02/07 23:32:19 ET]
Table 'Drakonia II' 6-max Seat #3 is the button
Seat 4: vezis3 ($100 in chips) is sitting out
Seat 5: ddyyjj ($100 in chips) is sitting out
Seat 1: QuennevilleN1 ($80 in chips) 
Seat 2: cloudbreath ($107.25 in chips) 
Seat 3: 7bekon7 ($100 in chips) 
Seat 6: Rysiff ($100 in chips) 
Rysiff: posts small blind $0.50
QuennevilleN1: posts big blind $1
*** HOLE CARDS ***
cloudbreath: folds 
7bekon7: folds 
Rysiff: folds 
Uncalled bet ($0.50) returned to QuennevilleN1
QuennevilleN1 collected $1 from pot
*** SUMMARY ***
Total pot $1 | Rake $0 
Seat 4: vezis3
Seat 5: ddyyjj
Seat 1: QuennevilleN1 (big blind) collected ($1)
Seat 2: cloudbreath folded before Flop (didn't bet)
Seat 3: 7bekon7 (button) folded before Flop (didn't bet)
Seat 6: Rysiff (small blind) folded before Flop



PokerStars Hand #254761315105:  Hold'em No Limit ($0.50/$1.00 USD) - 2025/02/08 4:32:31 WET [2025/02/07 23:32:31 ET]
Table 'Drakonia II' 6-max Seat #6 is the button
Seat 4: vezis3 ($100 in chips) is sitting out
Seat 5: ddyyjj ($100 in chips) is sitting out
Seat 1: QuennevilleN1 ($80.50 in chips) 
Seat 2: cloudbreath ($107.25 in chips) 
Seat 3: 7bekon7 ($100 in chips) 
Seat 6: Rysiff ($100 in chips) 
QuennevilleN1: posts small blind $0.50
cloudbreath: posts big blind $1
vezis3: sits out 
ddyyjj: sits out 
*** HOLE CARDS ***
7bekon7: folds 
Rysiff: folds 
QuennevilleN1: folds 
Uncalled bet ($0.50) returned to cloudbreath
cloudbreath collected $1 from pot
*** SUMMARY ***
Total pot $1 | Rake $0 
Seat 4: vezis3
Seat 5: ddyyjj
Seat 1: QuennevilleN1 (small blind) folded before Flop
Seat 2: cloudbreath (big blind) collected ($1)
Seat 3: 7bekon7 folded before Flop (didn't bet)
Seat 6: Rysiff (button) folded before Flop (didn't bet)



PokerStars Hand #254761316456:  Hold'em No Limit ($0.50/$1.00 USD) - 2025/02/08 4:32:43 WET [2025/02/07 23:32:43 ET]
Table 'Drakonia II' 6-max Seat #1 is the button
Seat 4: vezis3 ($100 in chips) is sitting out
Seat 5: ddyyjj ($100 in chips) is sitting out
Seat 1: QuennevilleN1 ($80 in chips) 
Seat 2: cloudbreath ($107.75 in chips) 
Seat 3: 7bekon7 ($100 in chips) 
Seat 6: Rysiff ($100 in chips) 
cloudbreath: posts small blind $0.50
7bekon7: posts big blind $1
vezis3: sits out 
ddyyjj: sits out 
*** HOLE CARDS ***
Rysiff: raises $1.50 to $2.50
QuennevilleN1: calls $2.50
cloudbreath: folds 
7bekon7: calls $1.50
*** FLOP *** [Jd 6h 3d]
7bekon7: checks 
Rysiff: checks 
QuennevilleN1: bets $3
7bekon7: raises $6.80 to $9.80
Rysiff: folds 
QuennevilleN1: calls $6.80
*** TURN *** [Jd 6h 3d] [3h]
7bekon7: bets $19.95
QuennevilleN1: calls $19.95
*** RIVER *** [Jd 6h 3d 3h] [9s]
7bekon7: bets $50
QuennevilleN1: folds 
Uncalled bet ($50) returned to 7bekon7
7bekon7 collected $66.50 from pot
7bekon7: doesn't show hand 
*** SUMMARY ***
Total pot $67.50 | Rake $1 
Board [Jd 6h 3d 3h 9s]
Seat 4: vezis3
Seat 5: ddyyjj
Seat 1: QuennevilleN1 (button) folded on the River
Seat 2: cloudbreath (small blind) folded before Flop
Seat 3: 7bekon7 (big blind) collected ($66.50)
Seat 6: Rysiff folded on the Flop



PokerStars Hand #254761329019:  Hold'em No Limit ($0.50/$1.00 USD) - 2025/02/08 4:34:30 WET [2025/02/07 23:34:30 ET]
Table 'Drakonia II' 6-max Seat #2 is the button
Seat 5: ddyyjj ($100 in chips) is sitting out
Seat 1: QuennevilleN1 ($47.75 in chips) 
Seat 2: cloudbreath ($107.25 in chips) 
Seat 3: 7bekon7 ($134.25 in chips) 
Seat 4: vezis3 ($100 in chips) 
Seat 6: Rysiff ($100 in chips) 
7bekon7: posts small blind $0.50
vezis3: posts big blind $1
ddyyjj: sits out 
*** HOLE CARDS ***
Rysiff: folds 
QuennevilleN1: calls $1
cloudbreath: calls $1
7bekon7: calls $0.50
vezis3: checks 
*** FLOP *** [Kc 3c Th]
7bekon7: checks 
vezis3: checks 
QuennevilleN1: checks 
cloudbreath: bets $2
7bekon7: calls $2
vezis3: folds 
QuennevilleN1: folds 
*** TURN *** [Kc 3c Th] [Ah]
7bekon7: checks 
cloudbreath: checks 
*** RIVER *** [Kc 3c Th Ah] [6d]
7bekon7: bets $3.80
cloudbreath: calls $3.80
*** SHOW DOWN ***
7bekon7: shows [8c 9c] (high card Ace)
cloudbreath: shows [Kd 9h] (a pair of Kings)
cloudbreath collected $14.82 from pot
*** SUMMARY ***
Total pot $15.60 | Rake $0.78 
Board [Kc 3c Th Ah 6d]
Seat 5: ddyyjj
Seat 1: QuennevilleN1 folded on the Flop
Seat 2: cloudbreath (button) showed [Kd 9h] and won ($14.82) with a pair of Kings
Seat 3: 7bekon7 (small blind) showed [8c 9c] and lost with high card Ace
Seat 4: vezis3 (big blind) folded on the Flop
Seat 6: Rysiff folded before Flop (didn't bet)



PokerStars Hand #254761340899:  Hold'em No Limit ($0.50/$1.00 USD) - 2025/02/08 4:36:13 WET [2025/02/07 23:36:13 ET]
Table 'Drakonia II' 6-max Seat #3 is the button
Seat 1: QuennevilleN1 ($46.75 in chips) 
Seat 2: cloudbreath ($115.27 in chips) 
Seat 3: 7bekon7 ($127.45 in chips) 
Seat 4: vezis3 ($100 in chips) 
Seat 5: ddyyjj ($100 in chips) 
Seat 6: Rysiff ($100 in chips) 
vezis3: posts small blind $0.50
ddyyjj: posts big blind $1
*** HOLE CARDS ***
Rysiff: folds 
QuennevilleN1: folds 
cloudbreath: raises $2 to $3
7bekon7: folds 
vezis3: folds 
ddyyjj: raises $8 to $11
cloudbreath: calls $8
*** FLOP *** [4s 6s 3c]
ddyyjj: bets $13.90
cloudbreath: folds [Qd Ac]
Uncalled bet ($13.90) returned to ddyyjj
ddyyjj collected $21.38 from pot
ddyyjj: doesn't show hand 
*** SUMMARY ***
Total pot $22.50 | Rake $1.12 
Board [4s 6s 3c]
Seat 1: QuennevilleN1 folded before Flop (didn't bet)
Seat 2: cloudbreath folded on the Flop
Seat 3: 7bekon7 (button) folded before Flop (didn't bet)
Seat 4: vezis3 (small blind) folded before Flop
Seat 5: ddyyjj (big blind) collected ($21.38)
Seat 6: Rysiff folded before Flop (didn't bet)



PokerStars Hand #254761346445:  Hold'em No Limit ($0.50/$1.00 USD) - 2025/02/08 4:37:01 WET [2025/02/07 23:37:01 ET]
Table 'Drakonia II' 6-max Seat #4 is the button
Seat 1: QuennevilleN1 ($46.75 in chips) 
Seat 2: cloudbreath ($104.27 in chips) 
Seat 3: 7bekon7 ($127.45 in chips) 
Seat 4: vezis3 ($100 in chips) 
Seat 5: ddyyjj ($110.38 in chips) 
Seat 6: Rysiff ($100 in chips) 
ddyyjj: posts small blind $0.50
Rysiff: posts big blind $1
*** HOLE CARDS ***
QuennevilleN1: folds 
cloudbreath: raises $2 to $3
7bekon7: folds 
vezis3: folds 
ddyyjj: folds 
Rysiff: folds 
Uncalled bet ($2) returned to cloudbreath
cloudbreath collected $2.50 from pot
*** SUMMARY ***
Total pot $2.50 | Rake $0 
Seat 1: QuennevilleN1 folded before Flop (didn't bet)
Seat 2: cloudbreath collected ($2.50)
Seat 3: 7bekon7 folded before Flop (didn't bet)
Seat 4: vezis3 (button) folded before Flop (didn't bet)
Seat 5: ddyyjj (small blind) folded before Flop
Seat 6: Rysiff (big blind) folded before Flop



PokerStars Hand #254761348751:  Hold'em No Limit ($0.50/$1.00 USD) - 2025/02/08 4:37:21 WET [2025/02/07 23:37:21 ET]
Table 'Drakonia II' 6-max Seat #5 is the button
Seat 1: QuennevilleN1 ($46.75 in chips) 
Seat 2: cloudbreath ($105.77 in chips) 
Seat 3: 7bekon7 ($127.45 in chips) 
Seat 4: vezis3 ($100 in chips) 
Seat 5: ddyyjj ($109.88 in chips) 
Seat 6: Rysiff ($100 in chips) 
Rysiff: posts small blind $0.50
QuennevilleN1: posts big blind $1
*** HOLE CARDS ***
cloudbreath: folds 
7bekon7: folds 
vezis3: raises $1.40 to $2.40
ddyyjj: folds 
Rysiff: folds 
QuennevilleN1: calls $1.40
*** FLOP *** [Ks 6s 6d]
QuennevilleN1: bets $3
vezis3: calls $3
*** TURN *** [Ks 6s 6d] [Ad]
QuennevilleN1: bets $5.37
vezis3: calls $5.37
*** RIVER *** [Ks 6s 6d Ad] [Jd]
QuennevilleN1: bets $10.47
vezis3: raises $32.53 to $43
QuennevilleN1: folds 
Uncalled bet ($32.53) returned to vezis3
vezis3 collected $40.83 from pot
vezis3: doesn't show hand 
*** SUMMARY ***
Total pot $42.98 | Rake $2.15 
Board [Ks 6s 6d Ad Jd]
Seat 1: QuennevilleN1 (big blind) folded on the River
Seat 2: cloudbreath folded before Flop (didn't bet)
Seat 3: 7bekon7 folded before Flop (didn't bet)
Seat 4: vezis3 collected ($40.83)
Seat 5: ddyyjj (button) folded before Flop (didn't bet)
Seat 6: Rysiff (small blind) folded before Flop



PokerStars Hand #254761357936:  Hold'em No Limit ($0.50/$1.00 USD) - 2025/02/08 4:38:41 WET [2025/02/07 23:38:41 ET]
Table 'Drakonia II' 6-max Seat #6 is the button
Seat 1: QuennevilleN1 ($25.51 in chips) 
Seat 2: cloudbreath ($105.77 in chips) 
Seat 3: 7bekon7 ($127.45 in chips) 
Seat 4: vezis3 ($119.59 in chips) 
Seat 5: ddyyjj ($109.88 in chips) 
Seat 6: Rysiff ($100 in chips) 
QuennevilleN1: posts small blind $0.50
cloudbreath: posts big blind $1
*** HOLE CARDS ***
7bekon7: folds 
vezis3: folds 
ddyyjj: folds 
Rysiff: raises $1.50 to $2.50
QuennevilleN1: folds 
cloudbreath: raises $3.50 to $6
Rysiff: calls $3.50
*** FLOP *** [7d 4s Qs]
cloudbreath: bets $6.94
Rysiff: folds 
Uncalled bet ($6.94) returned to cloudbreath
cloudbreath collected $11.88 from pot
cloudbreath: doesn't show hand 
*** SUMMARY ***
Total pot $12.50 | Rake $0.62 
Board [7d 4s Qs]
Seat 1: QuennevilleN1 (small blind) folded before Flop
Seat 2: cloudbreath (big blind) collected ($11.88)
Seat 3: 7bekon7 folded before Flop (didn't bet)
Seat 4: vezis3 folded before Flop (didn't bet)
Seat 5: ddyyjj folded before Flop (didn't bet)
Seat 6: Rysiff (button) folded on the Flop



PokerStars Hand #254761362795:  Hold'em No Limit ($0.50/$1.00 USD) - 2025/02/08 4:39:23 WET [2025/02/07 23:39:23 ET]
Table 'Drakonia II' 6-max Seat #1 is the button
Seat 1: QuennevilleN1 ($25.01 in chips) 
Seat 2: cloudbreath ($111.65 in chips) 
Seat 3: 7bekon7 ($127.45 in chips) 
Seat 4: vezis3 ($119.59 in chips) 
Seat 5: ddyyjj ($109.88 in chips) 
Seat 6: Rysiff ($100 in chips) 
cloudbreath: posts small blind $0.50
7bekon7: posts big blind $1
*** HOLE CARDS ***
vezis3: raises $1 to $2
ddyyjj: folds 
Rysiff: folds 
QuennevilleN1: folds 
cloudbreath: calls $1.50
7bekon7: calls $1
*** FLOP *** [3s Qd Kh]
cloudbreath: bets $2.85
7bekon7: calls $2.85
vezis3: calls $2.85
*** TURN *** [3s Qd Kh] [Qc]
cloudbreath: bets $6.91
7bekon7: raises $20.73 to $27.64
vezis3: folds 
cloudbreath: folds 
Uncalled bet ($20.73) returned to 7bekon7
7bekon7 collected $26.95 from pot
7bekon7: doesn't show hand 
*** SUMMARY ***
Total pot $28.37 | Rake $1.42 
Board [3s Qd Kh Qc]
Seat 1: QuennevilleN1 (button) folded before Flop (didn't bet)
Seat 2: cloudbreath (small blind) folded on the Turn
Seat 3: 7bekon7 (big blind) collected ($26.95)
Seat 4: vezis3 folded on the Turn
Seat 5: ddyyjj folded before Flop (didn't bet)
Seat 6: Rysiff folded before Flop (didn't bet)



PokerStars Hand #254761371993:  Hold'em No Limit ($0.50/$1.00 USD) - 2025/02/08 4:40:43 WET [2025/02/07 23:40:43 ET]
Table 'Drakonia II' 6-max Seat #2 is the button
Seat 1: QuennevilleN1 ($25.01 in chips) 
Seat 2: cloudbreath ($99.89 in chips) 
Seat 3: 7bekon7 ($142.64 in chips) 
Seat 4: vezis3 ($114.74 in chips) 
Seat 5: ddyyjj ($109.88 in chips) 
Seat 6: Rysiff ($100 in chips) 
7bekon7: posts small blind $0.50
vezis3: posts big blind $1
*** HOLE CARDS ***
ddyyjj: folds 
Rysiff: folds 
QuennevilleN1: folds 
cloudbreath: folds 
7bekon7: raises $2 to $3
vezis3: raises $7 to $10
7bekon7: folds 
Uncalled bet ($7) returned to vezis3
vezis3 collected $6 from pot
vezis3: doesn't show hand 
*** SUMMARY ***
Total pot $6 | Rake $0 
Seat 1: QuennevilleN1 folded before Flop (didn't bet)
Seat 2: cloudbreath (button) folded before Flop (didn't bet)
Seat 3: 7bekon7 (small blind) folded before Flop
Seat 4: vezis3 (big blind) collected ($6)
Seat 5: ddyyjj folded before Flop (didn't bet)
Seat 6: Rysiff folded before Flop (didn't bet)



PokerStars Hand #254761374816:  Hold'em No Limit ($0.50/$1.00 USD) - 2025/02/08 4:41:08 WET [2025/02/07 23:41:08 ET]
Table 'Drakonia II' 6-max Seat #3 is the button
Seat 1: QuennevilleN1 ($25.01 in chips) 
Seat 2: cloudbreath ($99.89 in chips) 
Seat 3: 7bekon7 ($139.64 in chips) 
Seat 4: vezis3 ($117.74 in chips) 
Seat 5: ddyyjj ($109.88 in chips) 
Seat 6: Rysiff ($100 in chips) 
vezis3: posts small blind $0.50
ddyyjj: posts big blind $1
*** HOLE CARDS ***
Rysiff: folds 
QuennevilleN1: calls $1
cloudbreath: folds 
7bekon7: folds 
vezis3: raises $3 to $4
ddyyjj: folds 
QuennevilleN1: calls $3
*** FLOP *** [Tc 6h Ad]
vezis3: bets $2.82
QuennevilleN1: calls $2.82
*** TURN *** [Tc 6h Ad] [Ts]
vezis3: bets $3
QuennevilleN1: folds 
Uncalled bet ($3) returned to vezis3
vezis3 collected $13.91 from pot
vezis3: doesn't show hand 
*** SUMMARY ***
Total pot $14.64 | Rake $0.73 
Board [Tc 6h Ad Ts]
Seat 1: QuennevilleN1 folded on the Turn
Seat 2: cloudbreath folded before Flop (didn't bet)
Seat 3: 7bekon7 (button) folded before Flop (didn't bet)
Seat 4: vezis3 (small blind) collected ($13.91)
Seat 5: ddyyjj (big blind) folded before Flop
Seat 6: Rysiff folded before Flop (didn't bet)



PokerStars Hand #254761378206:  Hold'em No Limit ($0.50/$1.00 USD) - 2025/02/08 4:41:38 WET [2025/02/07 23:41:38 ET]
Table 'Drakonia II' 6-max Seat #4 is the button
Seat 1: QuennevilleN1 ($18.19 in chips) 
Seat 2: cloudbreath ($99.89 in chips) 
Seat 3: 7bekon7 ($139.64 in chips) 
Seat 4: vezis3 ($124.83 in chips) 
Seat 5: ddyyjj ($108.88 in chips) 
Seat 6: Rysiff ($100 in chips) 
ddyyjj: posts small blind $0.50
Rysiff: posts big blind $1
*** HOLE CARDS ***
QuennevilleN1: calls $1
cloudbreath: folds 
7bekon7: folds 
vezis3: raises $3 to $4
ddyyjj: folds 
Rysiff: raises $12 to $16
QuennevilleN1: raises $2.19 to $18.19 and is all-in
vezis3: calls $14.19
Rysiff: calls $2.19
*** FLOP *** [Ah 5s Qh]
Rysiff: checks 
vezis3: checks 
*** TURN *** [Ah 5s Qh] [Th]
Rysiff: checks 
vezis3: bets $22.08
Rysiff: calls $22.08
*** RIVER *** [Ah 5s Qh Th] [7s]
Rysiff: checks 
vezis3: bets $84.56 and is all-in
Rysiff: calls $59.73 and is all-in
Uncalled bet ($24.83) returned to vezis3
*** SHOW DOWN ***
vezis3: shows [Ad Qd] (two pair, Aces and Queens)
Rysiff: shows [Qs Qc] (three of a kind, Queens)
Rysiff collected $163.62 from side pot
QuennevilleN1: shows [Kd Jc] (a straight, Ten to Ace)
QuennevilleN1 collected $52.57 from main pot
*** SUMMARY ***
Total pot $218.69 Main pot $52.57. Side pot $163.62. | Rake $2.50 
Board [Ah 5s Qh Th 7s]
Seat 1: QuennevilleN1 showed [Kd Jc] and won ($52.57) with a straight, Ten to Ace
Seat 2: cloudbreath folded before Flop (didn't bet)
Seat 3: 7bekon7 folded before Flop (didn't bet)
Seat 4: vezis3 (button) showed [Ad Qd] and lost with two pair, Aces and Queens
Seat 5: ddyyjj (small blind) folded before Flop
Seat 6: Rysiff (big blind) showed [Qs Qc] and won ($163.62) with three of a kind, Queens



PokerStars Hand #254761386394:  Hold'em No Limit ($0.50/$1.00 USD) - 2025/02/08 4:42:50 WET [2025/02/07 23:42:50 ET]
Table 'Drakonia II' 6-max Seat #5 is the button
Seat 1: QuennevilleN1 ($52.57 in chips) 
Seat 2: cloudbreath ($99.89 in chips) 
Seat 3: 7bekon7 ($139.64 in chips) 
Seat 4: vezis3 ($100 in chips) 
Seat 5: ddyyjj ($108.38 in chips) 
Seat 6: Rysiff ($163.62 in chips) 
Rysiff: posts small blind $0.50
QuennevilleN1: posts big blind $1
*** HOLE CARDS ***
cloudbreath: folds 
7bekon7: folds 
vezis3: folds 
ddyyjj: folds 
Rysiff: raises $2 to $3
QuennevilleN1: folds 
Uncalled bet ($2) returned to Rysiff
Rysiff collected $2 from pot
Rysiff: doesn't show hand 
*** SUMMARY ***
Total pot $2 | Rake $0 
Seat 1: QuennevilleN1 (big blind) folded before Flop
Seat 2: cloudbreath folded before Flop (didn't bet)
Seat 3: 7bekon7 folded before Flop (didn't bet)
Seat 4: vezis3 folded before Flop (didn't bet)
Seat 5: ddyyjj (button) folded before Flop (didn't bet)
Seat 6: Rysiff (small blind) collected ($2)



PokerStars Hand #254761388322:  Hold'em No Limit ($0.50/$1.00 USD) - 2025/02/08 4:43:07 WET [2025/02/07 23:43:07 ET]
Table 'Drakonia II' 6-max Seat #6 is the button
Seat 1: QuennevilleN1 ($51.57 in chips) 
Seat 2: cloudbreath ($99.89 in chips) 
Seat 3: 7bekon7 ($139.64 in chips) 
Seat 4: vezis3 ($100 in chips) 
Seat 5: ddyyjj ($108.38 in chips) 
Seat 6: Rysiff ($164.62 in chips) 
QuennevilleN1: posts small blind $0.50
cloudbreath: posts big blind $1
*** HOLE CARDS ***
7bekon7: folds 
vezis3: folds 
ddyyjj: folds 
Rysiff: folds 
QuennevilleN1: calls $0.50
cloudbreath: checks 
*** FLOP *** [Ts 4c Th]
QuennevilleN1: checks 
cloudbreath: bets $2
QuennevilleN1: folds 
Uncalled bet ($2) returned to cloudbreath
cloudbreath collected $1.90 from pot
*** SUMMARY ***
Total pot $2 | Rake $0.10 
Board [Ts 4c Th]
Seat 1: QuennevilleN1 (small blind) folded on the Flop
Seat 2: cloudbreath (big blind) collected ($1.90)
Seat 3: 7bekon7 folded before Flop (didn't bet)
Seat 4: vezis3 folded before Flop (didn't bet)
Seat 5: ddyyjj folded before Flop (didn't bet)
Seat 6: Rysiff (button) folded before Flop (didn't bet)



PokerStars Hand #254761391424:  Hold'em No Limit ($0.50/$1.00 USD) - 2025/02/08 4:43:34 WET [2025/02/07 23:43:34 ET]
Table 'Drakonia II' 6-max Seat #1 is the button
Seat 1: QuennevilleN1 ($50.57 in chips) 
Seat 2: cloudbreath ($100.79 in chips) 
Seat 3: 7bekon7 ($139.64 in chips) 
Seat 4: vezis3 ($100 in chips) 
Seat 5: ddyyjj ($108.38 in chips) 
Seat 6: Rysiff ($164.62 in chips) 
cloudbreath: posts small blind $0.50
7bekon7: posts big blind $1
*** HOLE CARDS ***
vezis3: folds 
ddyyjj: folds 
Rysiff: raises $1.50 to $2.50
QuennevilleN1: folds 
cloudbreath: folds 
7bekon7: folds 
Uncalled bet ($1.50) returned to Rysiff
Rysiff collected $2.50 from pot
Rysiff: doesn't show hand 
*** SUMMARY ***
Total pot $2.50 | Rake $0 
Seat 1: QuennevilleN1 (button) folded before Flop (didn't bet)
Seat 2: cloudbreath (small blind) folded before Flop
Seat 3: 7bekon7 (big blind) folded before Flop
Seat 4: vezis3 folded before Flop (didn't bet)
Seat 5: ddyyjj folded before Flop (didn't bet)
Seat 6: Rysiff collected ($2.50)



PokerStars Hand #254761520242:  Hold'em No Limit ($0.50/$1.00 USD) - 2025/02/08 5:04:34 WET [2025/02/08 0:04:34 ET]
Table 'Drakonia II' 6-max Seat #4 is the button
Seat 1: sutata ($101.50 in chips) 
Seat 2: cloudbreath ($106.89 in chips) 
Seat 3: Palacios777 ($100 in chips) 
Seat 4: Xenicide ($125.50 in chips) 
Seat 5: 50CandyJoe ($144.04 in chips) 
Seat 6: felipebilinski ($47.75 in chips) 
50CandyJoe: posts small blind $0.50
felipebilinski: posts big blind $1
*** HOLE CARDS ***
sutata: folds 
cloudbreath: raises $2 to $3
Palacios777: folds 
Xenicide: folds 
50CandyJoe: folds 
felipebilinski: calls $2
*** FLOP *** [Kc Ts 8h]
felipebilinski: checks 
cloudbreath: bets $3.09
felipebilinski: folds 
Uncalled bet ($3.09) returned to cloudbreath
cloudbreath collected $6.18 from pot
*** SUMMARY ***
Total pot $6.50 | Rake $0.32 
Board [Kc Ts 8h]
Seat 1: sutata folded before Flop (didn't bet)
Seat 2: cloudbreath collected ($6.18)
Seat 3: Palacios777 folded before Flop (didn't bet)
Seat 4: Xenicide (button) folded before Flop (didn't bet)
Seat 5: 50CandyJoe (small blind) folded before Flop
Seat 6: felipebilinski (big blind) folded on the Flop



PokerStars Hand #254761523114:  Hold'em No Limit ($0.50/$1.00 USD) - 2025/02/08 5:05:01 WET [2025/02/08 0:05:01 ET]
Table 'Drakonia II' 6-max Seat #5 is the button
Seat 1: sutata ($101.50 in chips) 
Seat 2: cloudbreath ($110.07 in chips) 
Seat 3: Palacios777 ($100 in chips) 
Seat 4: Xenicide ($125.50 in chips) 
Seat 5: 50CandyJoe ($143.54 in chips) 
Seat 6: felipebilinski ($44.75 in chips) 
felipebilinski: posts small blind $0.50
sutata: posts big blind $1
*** HOLE CARDS ***
cloudbreath: folds 
Palacios777: raises $1.20 to $2.20
Xenicide: folds 
50CandyJoe: folds 
felipebilinski: calls $1.70
sutata: folds 
*** FLOP *** [7s Ac Td]
felipebilinski: checks 
Palacios777: bets $2.57
felipebilinski: raises $4.72 to $7.29
Palacios777: calls $4.72
*** TURN *** [7s Ac Td] [9d]
felipebilinski: checks 
Palacios777: checks 
*** RIVER *** [7s Ac Td 9d] [Qh]
felipebilinski: checks 
Palacios777: checks 
*** SHOW DOWN ***
felipebilinski: shows [7h Qs] (two pair, Queens and Sevens)
Palacios777: mucks hand 
felipebilinski collected $18.98 from pot
*** SUMMARY ***
Total pot $19.98 | Rake $1 
Board [7s Ac Td 9d Qh]
Seat 1: sutata (big blind) folded before Flop
Seat 2: cloudbreath folded before Flop (didn't bet)
Seat 3: Palacios777 mucked
Seat 4: Xenicide folded before Flop (didn't bet)
Seat 5: 50CandyJoe (button) folded before Flop (didn't bet)
Seat 6: felipebilinski (small blind) showed [7h Qs] and won ($18.98) with two pair, Queens and Sevens



PokerStars Hand #254761532468:  Hold'em No Limit ($0.50/$1.00 USD) - 2025/02/08 5:06:31 WET [2025/02/08 0:06:31 ET]
Table 'Drakonia II' 6-max Seat #6 is the button
Seat 1: sutata ($100.50 in chips) 
Seat 2: cloudbreath ($110.07 in chips) 
Seat 3: Palacios777 ($100 in chips) 
Seat 4: Xenicide ($125.50 in chips) 
Seat 5: 50CandyJoe ($143.54 in chips) 
Seat 6: felipebilinski ($54.24 in chips) 
sutata: posts small blind $0.50
cloudbreath: posts big blind $1
*** HOLE CARDS ***
Palacios777: folds 
Xenicide: folds 
50CandyJoe: raises $1.20 to $2.20
felipebilinski: folds 
sutata: folds 
cloudbreath: calls $1.20
*** FLOP *** [2h Kd 9s]
cloudbreath: checks 
50CandyJoe: bets $1.54
cloudbreath: calls $1.54
*** TURN *** [2h Kd 9s] [4d]
cloudbreath: checks 
50CandyJoe: bets $10.23
cloudbreath: folds 
Uncalled bet ($10.23) returned to 50CandyJoe
50CandyJoe collected $7.58 from pot
50CandyJoe: doesn't show hand 
*** SUMMARY ***
Total pot $7.98 | Rake $0.40 
Board [2h Kd 9s 4d]
Seat 1: sutata (small blind) folded before Flop
Seat 2: cloudbreath (big blind) folded on the Turn
Seat 3: Palacios777 folded before Flop (didn't bet)
Seat 4: Xenicide folded before Flop (didn't bet)
Seat 5: 50CandyJoe collected ($7.58)
Seat 6: felipebilinski (button) folded before Flop (didn't bet)



PokerStars Hand #254761537418:  Hold'em No Limit ($0.50/$1.00 USD) - 2025/02/08 5:07:19 WET [2025/02/08 0:07:19 ET]
Table 'Drakonia II' 6-max Seat #1 is the button
Seat 1: sutata ($100 in chips) 
Seat 2: cloudbreath ($106.33 in chips) 
Seat 3: Palacios777 ($100 in chips) 
Seat 4: Xenicide ($125.50 in chips) 
Seat 5: 50CandyJoe ($147.38 in chips) 
Seat 6: felipebilinski ($54.24 in chips) 
cloudbreath: posts small blind $0.50
Palacios777: posts big blind $1
*** HOLE CARDS ***
Xenicide: folds 
50CandyJoe: folds 
felipebilinski has timed out
felipebilinski: folds 
sutata: folds 
cloudbreath: raises $2 to $3
Palacios777: calls $2
*** FLOP *** [3d Ks Th]
cloudbreath: bets $2.85
Palacios777: folds 
Uncalled bet ($2.85) returned to cloudbreath
cloudbreath collected $5.70 from pot
*** SUMMARY ***
Total pot $6 | Rake $0.30 
Board [3d Ks Th]
Seat 1: sutata (button) folded before Flop (didn't bet)
Seat 2: cloudbreath (small blind) collected ($5.70)
Seat 3: Palacios777 (big blind) folded on the Flop
Seat 4: Xenicide folded before Flop (didn't bet)
Seat 5: 50CandyJoe folded before Flop (didn't bet)
Seat 6: felipebilinski folded before Flop (didn't bet)



PokerStars Hand #254761543372:  Hold'em No Limit ($0.50/$1.00 USD) - 2025/02/08 5:08:16 WET [2025/02/08 0:08:16 ET]
Table 'Drakonia II' 6-max Seat #2 is the button
Seat 1: sutata ($100 in chips) 
Seat 2: cloudbreath ($109.03 in chips) 
Seat 3: Palacios777 ($100 in chips) 
Seat 4: Xenicide ($125.50 in chips) 
Seat 5: 50CandyJoe ($147.38 in chips) 
Seat 6: felipebilinski ($54.24 in chips) 
Palacios777: posts small blind $0.50
Xenicide: posts big blind $1
*** HOLE CARDS ***
50CandyJoe: folds 
felipebilinski: raises $1 to $2
sutata: calls $2
cloudbreath: folds 
Palacios777: folds 
Xenicide: calls $1
*** FLOP *** [Ah 2h 4s]
Xenicide: bets $2.60
felipebilinski: calls $2.60
sutata: folds 
*** TURN *** [Ah 2h 4s] [5s]
Xenicide: checks 
felipebilinski: checks 
*** RIVER *** [Ah 2h 4s 5s] [8d]
Xenicide: checks 
felipebilinski: checks 
*** SHOW DOWN ***
Xenicide: shows [4h Qh] (a pair of Fours)
felipebilinski: shows [Ad Td] (a pair of Aces)
felipebilinski collected $11.12 from pot
*** SUMMARY ***
Total pot $11.70 | Rake $0.58 
Board [Ah 2h 4s 5s 8d]
Seat 1: sutata folded on the Flop
Seat 2: cloudbreath (button) folded before Flop (didn't bet)
Seat 3: Palacios777 (small blind) folded before Flop
Seat 4: Xenicide (big blind) showed [4h Qh] and lost with a pair of Fours
Seat 5: 50CandyJoe folded before Flop (didn't bet)
Seat 6: felipebilinski showed [Ad Td] and won ($11.12) with a pair of Aces



PokerStars Hand #254761551339:  Hold'em No Limit ($0.50/$1.00 USD) - 2025/02/08 5:09:32 WET [2025/02/08 0:09:32 ET]
Table 'Drakonia II' 6-max Seat #3 is the button
Seat 1: sutata ($100 in chips) 
Seat 2: cloudbreath ($109.03 in chips) 
Seat 3: Palacios777 ($100 in chips) 
Seat 4: Xenicide ($120.90 in chips) 
Seat 5: 50CandyJoe ($147.38 in chips) 
Seat 6: felipebilinski ($60.76 in chips) 
Xenicide: posts small blind $0.50
50CandyJoe: posts big blind $1
*** HOLE CARDS ***
felipebilinski: folds 
sutata: folds 
cloudbreath: folds 
Palacios777: folds 
Xenicide: raises $2.50 to $3.50
50CandyJoe: calls $2.50
*** FLOP *** [Jh Ac Td]
Xenicide: checks 
50CandyJoe: checks 
*** TURN *** [Jh Ac Td] [Jd]
Xenicide: bets $8.31
50CandyJoe: calls $8.31
*** RIVER *** [Jh Ac Td Jd] [2h]
Xenicide: checks 
50CandyJoe: bets $5.61
Xenicide: folds 
Uncalled bet ($5.61) returned to 50CandyJoe
50CandyJoe collected $22.44 from pot
50CandyJoe: doesn't show hand 
*** SUMMARY ***
Total pot $23.62 | Rake $1.18 
Board [Jh Ac Td Jd 2h]
Seat 1: sutata folded before Flop (didn't bet)
Seat 2: cloudbreath folded before Flop (didn't bet)
Seat 3: Palacios777 (button) folded before Flop (didn't bet)
Seat 4: Xenicide (small blind) folded on the River
Seat 5: 50CandyJoe (big blind) collected ($22.44)
Seat 6: felipebilinski folded before Flop (didn't bet)



PokerStars Hand #254761557393:  Hold'em No Limit ($0.50/$1.00 USD) - 2025/02/08 5:10:31 WET [2025/02/08 0:10:31 ET]
Table 'Drakonia II' 6-max Seat #4 is the button
Seat 1: sutata ($100 in chips) 
Seat 2: cloudbreath ($109.03 in chips) 
Seat 3: Palacios777 ($100 in chips) 
Seat 4: Xenicide ($109.09 in chips) 
Seat 5: 50CandyJoe ($158.01 in chips) 
Seat 6: felipebilinski ($60.76 in chips) 
50CandyJoe: posts small blind $0.50
felipebilinski: posts big blind $1
*** HOLE CARDS ***
sutata: folds 
cloudbreath: folds 
Palacios777: folds 
Xenicide: folds 
50CandyJoe: raises $1 to $2
felipebilinski: calls $1
*** FLOP *** [9d Js Jc]
50CandyJoe: bets $1.25
felipebilinski: calls $1.25
*** TURN *** [9d Js Jc] [Td]
50CandyJoe: bets $2.04
felipebilinski: calls $2.04
*** RIVER *** [9d Js Jc Td] [6d]
50CandyJoe: bets $2.01
felipebilinski: raises $7.04 to $9.05
50CandyJoe: folds 
Uncalled bet ($7.04) returned to felipebilinski
felipebilinski collected $13.87 from pot
felipebilinski: doesn't show hand 
*** SUMMARY ***
Total pot $14.60 | Rake $0.73 
Board [9d Js Jc Td 6d]
Seat 1: sutata folded before Flop (didn't bet)
Seat 2: cloudbreath folded before Flop (didn't bet)
Seat 3: Palacios777 folded before Flop (didn't bet)
Seat 4: Xenicide (button) folded before Flop (didn't bet)
Seat 5: 50CandyJoe (small blind) folded on the River
Seat 6: felipebilinski (big blind) collected ($13.87)



PokerStars Hand #254761564300:  Hold'em No Limit ($0.50/$1.00 USD) - 2025/02/08 5:11:38 WET [2025/02/08 0:11:38 ET]
Table 'Drakonia II' 6-max Seat #5 is the button
Seat 1: sutata ($100 in chips) 
Seat 2: cloudbreath ($109.03 in chips) 
Seat 3: Palacios777 ($100 in chips) 
Seat 4: Xenicide ($109.09 in chips) 
Seat 5: 50CandyJoe ($150.71 in chips) 
Seat 6: felipebilinski ($67.33 in chips) 
felipebilinski: posts small blind $0.50
sutata: posts big blind $1
*** HOLE CARDS ***
cloudbreath: raises $1 to $2
Palacios777: raises $7 to $9
Xenicide: folds 
50CandyJoe: folds 
felipebilinski: folds 
sutata: calls $8
cloudbreath: calls $7
*** FLOP *** [5s 9s Tc]
sutata: bets $8.71
cloudbreath: calls $8.71
Palacios777: calls $8.71
*** TURN *** [5s 9s Tc] [5h]
sutata: bets $23
cloudbreath: calls $23
Palacios777: folds 
*** RIVER *** [5s 9s Tc 5h] [2h]
sutata: bets $59.29 and is all-in
cloudbreath: calls $59.29
*** SHOW DOWN ***
sutata: shows [Qc Qs] (two pair, Queens and Fives)
cloudbreath: shows [Ts As] (two pair, Tens and Fives)
sutata collected $215.71 from pot
*** SUMMARY ***
Total pot $218.21 | Rake $2.50 
Board [5s 9s Tc 5h 2h]
Seat 1: sutata (big blind) showed [Qc Qs] and won ($215.71) with two pair, Queens and Fives
Seat 2: cloudbreath showed [Ts As] and lost with two pair, Tens and Fives
Seat 3: Palacios777 folded on the Turn
Seat 4: Xenicide folded before Flop (didn't bet)
Seat 5: 50CandyJoe (button) folded before Flop (didn't bet)
Seat 6: felipebilinski (small blind) folded before Flop



PokerStars Hand #254761570725:  Hold'em No Limit ($0.50/$1.00 USD) - 2025/02/08 5:12:39 WET [2025/02/08 0:12:39 ET]
Table 'Drakonia II' 6-max Seat #6 is the button
Seat 1: sutata ($215.71 in chips) 
Seat 2: cloudbreath ($9.03 in chips) 
Seat 3: Palacios777 ($100 in chips) 
Seat 4: Xenicide ($109.09 in chips) 
Seat 5: 50CandyJoe ($150.71 in chips) 
Seat 6: felipebilinski ($66.83 in chips) 
sutata: posts small blind $0.50
cloudbreath: posts big blind $1
*** HOLE CARDS ***
Palacios777: raises $1.20 to $2.20
Xenicide: folds 
50CandyJoe: folds 
felipebilinski: calls $2.20
sutata: folds 
cloudbreath: folds 
*** FLOP *** [Ad 8d 8h]
cloudbreath leaves the table
Palacios777: bets $1.50
felipebilinski: calls $1.50
*** TURN *** [Ad 8d 8h] [Td]
Palacios777: checks 
felipebilinski: bets $2.43
Palacios777: calls $2.43
*** RIVER *** [Ad 8d 8h Td] [5h]
avlee1 joins the table at seat #2 
Palacios777: checks 
felipebilinski: checks 
*** SHOW DOWN ***
Palacios777: shows [As 3s] (two pair, Aces and Eights)
felipebilinski: mucks hand 
Palacios777 collected $13.07 from pot
*** SUMMARY ***
Total pot $13.76 | Rake $0.69 
Board [Ad 8d 8h Td 5h]
Seat 1: sutata (small blind) folded before Flop
Seat 2: cloudbreath (big blind) folded before Flop
Seat 3: Palacios777 showed [As 3s] and won ($13.07) with two pair, Aces and Eights
Seat 4: Xenicide folded before Flop (didn't bet)
Seat 5: 50CandyJoe folded before Flop (didn't bet)
Seat 6: felipebilinski (button) mucked



PokerStars Hand #254761576096:  Hold'em No Limit ($0.50/$1.00 USD) - 2025/02/08 5:13:30 WET [2025/02/08 0:13:30 ET]
Table 'Drakonia II' 6-max Seat #1 is the button
Seat 2: avlee1 ($100 in chips) is sitting out
Seat 1: sutata ($215.21 in chips) 
Seat 3: Palacios777 ($106.94 in chips) 
Seat 4: Xenicide ($109.09 in chips) 
Seat 5: 50CandyJoe ($150.71 in chips) 
Seat 6: felipebilinski ($60.70 in chips) 
Palacios777: posts small blind $0.50
Xenicide: posts big blind $1
*** HOLE CARDS ***
50CandyJoe: folds 
felipebilinski: folds 
sutata: raises $2 to $3
Palacios777: folds 
Xenicide: folds 
Uncalled bet ($2) returned to sutata
sutata collected $2.50 from pot
sutata: doesn't show hand 
*** SUMMARY ***
Total pot $2.50 | Rake $0 
Seat 2: avlee1
Seat 1: sutata (button) collected ($2.50)
Seat 3: Palacios777 (small blind) folded before Flop
Seat 4: Xenicide (big blind) folded before Flop
Seat 5: 50CandyJoe folded before Flop (didn't bet)
Seat 6: felipebilinski folded before Flop (didn't bet)



PokerStars Hand #254761577488:  Hold'em No Limit ($0.50/$1.00 USD) - 2025/02/08 5:13:44 WET [2025/02/08 0:13:44 ET]
Table 'Drakonia II' 6-max Seat #3 is the button
Seat 2: avlee1 ($100 in chips) is sitting out
Seat 1: sutata ($216.71 in chips) 
Seat 3: Palacios777 ($106.44 in chips) 
Seat 4: Xenicide ($108.09 in chips) 
Seat 5: 50CandyJoe ($150.71 in chips) 
Seat 6: felipebilinski ($60.70 in chips) 
Xenicide: posts small blind $0.50
50CandyJoe: posts big blind $1
avlee1: sits out 
*** HOLE CARDS ***
felipebilinski: folds 
sutata: folds 
Palacios777: folds 
Xenicide: raises $2.50 to $3.50
50CandyJoe: raises $7 to $10.50
Xenicide: folds 
Uncalled bet ($7) returned to 50CandyJoe
50CandyJoe collected $7 from pot
50CandyJoe: doesn't show hand 
*** SUMMARY ***
Total pot $7 | Rake $0 
Seat 2: avlee1
Seat 1: sutata folded before Flop (didn't bet)
Seat 3: Palacios777 (button) folded before Flop (didn't bet)
Seat 4: Xenicide (small blind) folded before Flop
Seat 5: 50CandyJoe (big blind) collected ($7)
Seat 6: felipebilinski folded before Flop (didn't bet)



PokerStars Hand #254761580073:  Hold'em No Limit ($0.50/$1.00 USD) - 2025/02/08 5:14:08 WET [2025/02/08 0:14:08 ET]
Table 'Drakonia II' 6-max Seat #4 is the button
Seat 2: avlee1 ($100 in chips) is sitting out
Seat 1: sutata ($216.71 in chips) 
Seat 3: Palacios777 ($106.44 in chips) 
Seat 4: Xenicide ($104.59 in chips) 
Seat 5: 50CandyJoe ($154.21 in chips) 
Seat 6: felipebilinski ($60.70 in chips) 
50CandyJoe: posts small blind $0.50
felipebilinski: posts big blind $1
avlee1: sits out 
*** HOLE CARDS ***
sutata: folds 
Palacios777: folds 
Xenicide: folds 
50CandyJoe: raises $2 to $3
felipebilinski: folds 
Uncalled bet ($2) returned to 50CandyJoe
50CandyJoe collected $2 from pot
50CandyJoe: doesn't show hand 
*** SUMMARY ***
Total pot $2 | Rake $0 
Seat 2: avlee1
Seat 1: sutata folded before Flop (didn't bet)
Seat 3: Palacios777 folded before Flop (didn't bet)
Seat 4: Xenicide (button) folded before Flop (didn't bet)
Seat 5: 50CandyJoe (small blind) collected ($2)
Seat 6: felipebilinski (big blind) folded before Flop



PokerStars Hand #254761581598:  Hold'em No Limit ($0.50/$1.00 USD) - 2025/02/08 5:14:23 WET [2025/02/08 0:14:23 ET]
Table 'Drakonia II' 6-max Seat #5 is the button
Seat 2: avlee1 ($100 in chips) is sitting out
Seat 1: sutata ($216.71 in chips) 
Seat 3: Palacios777 ($106.44 in chips) 
Seat 4: Xenicide ($104.59 in chips) 
Seat 5: 50CandyJoe ($155.21 in chips) 
Seat 6: felipebilinski ($59.70 in chips) 
felipebilinski: posts small blind $0.50
sutata: posts big blind $1
avlee1: sits out 
*** HOLE CARDS ***
Palacios777: raises $1.20 to $2.20
Xenicide: folds 
50CandyJoe: calls $2.20
felipebilinski: calls $1.70
sutata: folds 
*** FLOP *** [5d 4d 4c]
felipebilinski: checks 
Palacios777: checks 
50CandyJoe: bets $3.61
felipebilinski: folds 
Palacios777: calls $3.61
*** TURN *** [5d 4d 4c] [4s]
Palacios777: checks 
50CandyJoe: checks 
*** RIVER *** [5d 4d 4c 4s] [Tc]
Palacios777: checks 
50CandyJoe: checks 
*** SHOW DOWN ***
Palacios777: shows [Ah 5h] (a full house, Fours full of Fives)
50CandyJoe: shows [8d 8s] (a full house, Fours full of Eights)
50CandyJoe collected $14.08 from pot
*** SUMMARY ***
Total pot $14.82 | Rake $0.74 
Board [5d 4d 4c 4s Tc]
Seat 2: avlee1
Seat 1: sutata (big blind) folded before Flop
Seat 3: Palacios777 showed [Ah 5h] and lost with a full house, Fours full of Fives
Seat 4: Xenicide folded before Flop (didn't bet)
Seat 5: 50CandyJoe (button) showed [8d 8s] and won ($14.08) with a full house, Fours full of Eights
Seat 6: felipebilinski (small blind) folded on the Flop



PokerStars Hand #254761589272:  Hold'em No Limit ($0.50/$1.00 USD) - 2025/02/08 5:15:36 WET [2025/02/08 0:15:36 ET]
Table 'Drakonia II' 6-max Seat #6 is the button
Seat 1: sutata ($215.71 in chips) 
Seat 2: avlee1 ($100 in chips) 
Seat 3: Palacios777 ($100.63 in chips) 
Seat 4: Xenicide ($104.59 in chips) 
Seat 5: 50CandyJoe ($163.48 in chips) 
Seat 6: felipebilinski ($57.50 in chips) 
sutata: posts small blind $0.50
avlee1: posts big blind $1
*** HOLE CARDS ***
Palacios777: folds 
Xenicide: folds 
50CandyJoe: raises $1.20 to $2.20
felipebilinski: calls $2.20
sutata: folds 
avlee1: folds 
*** FLOP *** [As 9d 5d]
50CandyJoe: checks 
felipebilinski: checks 
*** TURN *** [As 9d 5d] [7s]
50CandyJoe: bets $7.56
felipebilinski: folds 
Uncalled bet ($7.56) returned to 50CandyJoe
50CandyJoe collected $5.60 from pot
50CandyJoe: doesn't show hand 
*** SUMMARY ***
Total pot $5.90 | Rake $0.30 
Board [As 9d 5d 7s]
Seat 1: sutata (small blind) folded before Flop
Seat 2: avlee1 (big blind) folded before Flop
Seat 3: Palacios777 folded before Flop (didn't bet)
Seat 4: Xenicide folded before Flop (didn't bet)
Seat 5: 50CandyJoe collected ($5.60)
Seat 6: felipebilinski (button) folded on the Turn



PokerStars Hand #254761593083:  Hold'em No Limit ($0.50/$1.00 USD) - 2025/02/08 5:16:13 WET [2025/02/08 0:16:13 ET]
Table 'Drakonia II' 6-max Seat #1 is the button
Seat 1: sutata ($215.21 in chips) 
Seat 2: avlee1 ($100 in chips) 
Seat 3: Palacios777 ($100.63 in chips) 
Seat 4: Xenicide ($104.59 in chips) 
Seat 5: 50CandyJoe ($166.88 in chips) 
Seat 6: felipebilinski ($55.30 in chips) 
avlee1: posts small blind $0.50
Palacios777: posts big blind $1
*** HOLE CARDS ***
Xenicide: folds 
50CandyJoe: folds 
felipebilinski: folds 
sutata: raises $2 to $3
avlee1: folds 
Palacios777: calls $2
*** FLOP *** [Tc 2d Td]
50CandyJoe leaves the table
Palacios777: checks 
sutata: checks 
*** TURN *** [Tc 2d Td] [As]
Palacios777: checks 
sutata: checks 
*** RIVER *** [Tc 2d Td As] [Kc]
nickreason17 joins the table at seat #5 
Palacios777: checks 
sutata: checks 
*** SHOW DOWN ***
Palacios777: shows [8h Ac] (two pair, Aces and Tens)
sutata: mucks hand 
Palacios777 collected $6.18 from pot
*** SUMMARY ***
Total pot $6.50 | Rake $0.32 
Board [Tc 2d Td As Kc]
Seat 1: sutata (button) mucked
Seat 2: avlee1 (small blind) folded before Flop
Seat 3: Palacios777 (big blind) showed [8h Ac] and won ($6.18) with two pair, Aces and Tens
Seat 4: Xenicide folded before Flop (didn't bet)
Seat 5: 50CandyJoe folded before Flop (didn't bet)
Seat 6: felipebilinski folded before Flop (didn't bet)



PokerStars Hand #254761598915:  Hold'em No Limit ($0.50/$1.00 USD) - 2025/02/08 5:17:10 WET [2025/02/08 0:17:10 ET]
Table 'Drakonia II' 6-max Seat #2 is the button
Seat 5: nickreason17 ($104 in chips) is sitting out
Seat 1: sutata ($212.21 in chips) 
Seat 2: avlee1 ($100 in chips) 
Seat 3: Palacios777 ($103.81 in chips) 
Seat 4: Xenicide ($104.59 in chips) 
Seat 6: felipebilinski ($55.30 in chips) 
Palacios777: posts small blind $0.50
Xenicide: posts big blind $1
nickreason17: sits out 
*** HOLE CARDS ***
felipebilinski has timed out
felipebilinski: folds 
sutata: folds 
avlee1: folds 
Palacios777: raises $1.50 to $2.50
Xenicide: folds 
Uncalled bet ($1.50) returned to Palacios777
Palacios777 collected $2 from pot
Palacios777: doesn't show hand 
*** SUMMARY ***
Total pot $2 | Rake $0 
Seat 5: nickreason17
Seat 1: sutata folded before Flop (didn't bet)
Seat 2: avlee1 (button) folded before Flop (didn't bet)
Seat 3: Palacios777 (small blind) collected ($2)
Seat 4: Xenicide (big blind) folded before Flop
Seat 6: felipebilinski folded before Flop (didn't bet)



PokerStars Hand #254761600781:  Hold'em No Limit ($0.50/$1.00 USD) - 2025/02/08 5:17:29 WET [2025/02/08 0:17:29 ET]
Table 'Drakonia II' 6-max Seat #3 is the button
Seat 1: sutata ($212.21 in chips) 
Seat 2: avlee1 ($100 in chips) 
Seat 3: Palacios777 ($104.81 in chips) 
Seat 4: Xenicide ($103.59 in chips) 
Seat 5: nickreason17 ($104 in chips) 
Seat 6: felipebilinski ($55.30 in chips) 
Xenicide: posts small blind $0.50
nickreason17: posts big blind $1
*** HOLE CARDS ***
felipebilinski: raises $1 to $2
sutata: folds 
avlee1: folds 
Palacios777: folds 
Xenicide: folds 
nickreason17: folds 
Uncalled bet ($1) returned to felipebilinski
felipebilinski collected $2.50 from pot
felipebilinski: doesn't show hand 
*** SUMMARY ***
Total pot $2.50 | Rake $0 
Seat 1: sutata folded before Flop (didn't bet)
Seat 2: avlee1 folded before Flop (didn't bet)
Seat 3: Palacios777 (button) folded before Flop (didn't bet)
Seat 4: Xenicide (small blind) folded before Flop
Seat 5: nickreason17 (big blind) folded before Flop
Seat 6: felipebilinski collected ($2.50)



PokerStars Hand #254761604108:  Hold'em No Limit ($0.50/$1.00 USD) - 2025/02/08 5:18:02 WET [2025/02/08 0:18:02 ET]
Table 'Drakonia II' 6-max Seat #4 is the button
Seat 1: sutata ($212.21 in chips) 
Seat 2: avlee1 ($100 in chips) 
Seat 3: Palacios777 ($104.81 in chips) 
Seat 4: Xenicide ($103.09 in chips) 
Seat 5: nickreason17 ($103 in chips) 
Seat 6: felipebilinski ($56.80 in chips) 
nickreason17: posts small blind $0.50
felipebilinski: posts big blind $1
*** HOLE CARDS ***
sutata: folds 
avlee1: folds 
Palacios777: folds 
Xenicide: raises $1.25 to $2.25
nickreason17: folds 
felipebilinski: calls $1.25
*** FLOP *** [7c 6d Th]
felipebilinski: checks 
Xenicide: checks 
*** TURN *** [7c 6d Th] [2c]
felipebilinski: checks 
Xenicide: bets $7.13
felipebilinski: folds 
Uncalled bet ($7.13) returned to Xenicide
Xenicide collected $4.75 from pot
*** SUMMARY ***
Total pot $5 | Rake $0.25 
Board [7c 6d Th 2c]
Seat 1: sutata folded before Flop (didn't bet)
Seat 2: avlee1 folded before Flop (didn't bet)
Seat 3: Palacios777 folded before Flop (didn't bet)
Seat 4: Xenicide (button) collected ($4.75)
Seat 5: nickreason17 (small blind) folded before Flop
Seat 6: felipebilinski (big blind) folded on the Turn



PokerStars Hand #254761610856:  Hold'em No Limit ($0.50/$1.00 USD) - 2025/02/08 5:19:07 WET [2025/02/08 0:19:07 ET]
Table 'Drakonia II' 6-max Seat #5 is the button
Seat 1: sutata ($212.21 in chips) 
Seat 2: avlee1 ($100 in chips) 
Seat 3: Palacios777 ($104.81 in chips) 
Seat 4: Xenicide ($105.59 in chips) 
Seat 5: nickreason17 ($102.50 in chips) 
Seat 6: felipebilinski ($54.55 in chips) 
felipebilinski: posts small blind $0.50
sutata: posts big blind $1
*** HOLE CARDS ***
avlee1: folds 
Palacios777: folds 
avlee1 leaves the table
Xenicide: raises $1 to $2
nickreason17: folds 
felipebilinski: calls $1.50
fish my nuts joins the table at seat #2 
sutata: folds 
*** FLOP *** [3d Qd 8h]
felipebilinski: checks 
Xenicide: bets $1.19
felipebilinski: calls $1.19
*** TURN *** [3d Qd 8h] [3h]
felipebilinski: checks 
Xenicide: bets $7.01
felipebilinski: calls $7.01
*** RIVER *** [3d Qd 8h 3h] [6c]
felipebilinski: bets $44.35 and is all-in
Xenicide: folds 
Uncalled bet ($44.35) returned to felipebilinski
felipebilinski collected $20.33 from pot
felipebilinski: doesn't show hand 
*** SUMMARY ***
Total pot $21.40 | Rake $1.07 
Board [3d Qd 8h 3h 6c]
Seat 1: sutata (big blind) folded before Flop
Seat 2: avlee1 folded before Flop (didn't bet)
Seat 3: Palacios777 folded before Flop (didn't bet)
Seat 4: Xenicide folded on the River
Seat 5: nickreason17 (button) folded before Flop (didn't bet)
Seat 6: felipebilinski (small blind) collected ($20.33)



PokerStars Hand #254761621359:  Hold'em No Limit ($0.50/$1.00 USD) - 2025/02/08 5:20:48 WET [2025/02/08 0:20:48 ET]
Table 'Drakonia II' 6-max Seat #6 is the button
Seat 1: sutata ($211.21 in chips) 
Seat 2: fish my nuts ($100 in chips) 
Seat 3: Palacios777 ($104.81 in chips) 
Seat 4: Xenicide ($100 in chips) 
Seat 5: nickreason17 ($102.50 in chips) 
Seat 6: felipebilinski ($64.68 in chips) 
sutata: posts small blind $0.50
fish my nuts: posts big blind $1
*** HOLE CARDS ***
Palacios777: folds 
Xenicide: folds 
nickreason17: raises $1.25 to $2.25
felipebilinski: raises $1.25 to $3.50
sutata: folds 
fish my nuts: folds 
nickreason17: raises $7.50 to $11
felipebilinski: calls $7.50
*** FLOP *** [6d 4h Td]
nickreason17: bets $6.70
felipebilinski: raises $46.98 to $53.68 and is all-in
nickreason17: folds 
Uncalled bet ($46.98) returned to felipebilinski
felipebilinski collected $35.06 from pot
felipebilinski: doesn't show hand 
*** SUMMARY ***
Total pot $36.90 | Rake $1.84 
Board [6d 4h Td]
Seat 1: sutata (small blind) folded before Flop
Seat 2: fish my nuts (big blind) folded before Flop
Seat 3: Palacios777 folded before Flop (didn't bet)
Seat 4: Xenicide folded before Flop (didn't bet)
Seat 5: nickreason17 folded on the Flop
Seat 6: felipebilinski (button) collected ($35.06)



PokerStars Hand #254761625845:  Hold'em No Limit ($0.50/$1.00 USD) - 2025/02/08 5:21:31 WET [2025/02/08 0:21:31 ET]
Table 'Drakonia II' 6-max Seat #1 is the button
Seat 1: sutata ($210.71 in chips) 
Seat 2: fish my nuts ($100 in chips) 
Seat 3: Palacios777 ($104.81 in chips) 
Seat 4: Xenicide ($100 in chips) 
Seat 5: nickreason17 ($100 in chips) 
Seat 6: felipebilinski ($82.04 in chips) 
fish my nuts: posts small blind $0.50
Palacios777: posts big blind $1
*** HOLE CARDS ***
Xenicide: folds 
nickreason17: folds 
felipebilinski: folds 
sutata: folds 
fish my nuts: folds 
Uncalled bet ($0.50) returned to Palacios777
Palacios777 collected $1 from pot
Palacios777: doesn't show hand 
*** SUMMARY ***
Total pot $1 | Rake $0 
Seat 1: sutata (button) folded before Flop (didn't bet)
Seat 2: fish my nuts (small blind) folded before Flop
Seat 3: Palacios777 (big blind) collected ($1)
Seat 4: Xenicide folded before Flop (didn't bet)
Seat 5: nickreason17 folded before Flop (didn't bet)
Seat 6: felipebilinski folded before Flop (didn't bet)



PokerStars Hand #254761627096:  Hold'em No Limit ($0.50/$1.00 USD) - 2025/02/08 5:21:43 WET [2025/02/08 0:21:43 ET]
Table 'Drakonia II' 6-max Seat #2 is the button
Seat 1: sutata ($210.71 in chips) 
Seat 2: fish my nuts ($100 in chips) 
Seat 3: Palacios777 ($105.31 in chips) 
Seat 4: Xenicide ($100 in chips) 
Seat 5: nickreason17 ($100 in chips) 
Seat 6: felipebilinski ($82.04 in chips) 
Palacios777: posts small blind $0.50
Xenicide: posts big blind $1
*** HOLE CARDS ***
nickreason17: folds 
felipebilinski: folds 
sutata: raises $1.50 to $2.50
fish my nuts: folds 
Palacios777: folds 
felipebilinski leaves the table
Xenicide: raises $7.50 to $10
sutata: calls $7.50
*** FLOP *** [9h 6h Kc]
Xenicide: bets $4.87
sutata: calls $4.87
*** TURN *** [9h 6h Kc] [Tc]
Xenicide: bets $21.55
sutata: raises $107.03 to $128.58
Xenicide: folds 
Uncalled bet ($107.03) returned to sutata
sutata collected $70.84 from pot
sutata: doesn't show hand 
*** SUMMARY ***
Total pot $73.34 | Rake $2.50 
Board [9h 6h Kc Tc]
Seat 1: sutata collected ($70.84)
Seat 2: fish my nuts (button) folded before Flop (didn't bet)
Seat 3: Palacios777 (small blind) folded before Flop
Seat 4: Xenicide (big blind) folded on the Turn
Seat 5: nickreason17 folded before Flop (didn't bet)
Seat 6: felipebilinski folded before Flop (didn't bet)



PokerStars Hand #254761634042:  Hold'em No Limit ($0.50/$1.00 USD) - 2025/02/08 5:22:49 WET [2025/02/08 0:22:49 ET]
Table 'Drakonia II' 6-max Seat #3 is the button
Seat 5: nickreason17 ($100 in chips) is sitting out
Seat 1: sutata ($245.13 in chips) 
Seat 2: fish my nuts ($100 in chips) 
Seat 3: Palacios777 ($104.81 in chips) 
Seat 4: Xenicide ($100 in chips) 
Xenicide: posts small blind $0.50
nickreason17: is sitting out 
sutata: posts big blind $1
*** HOLE CARDS ***
fish my nuts: folds 
Palacios777: folds 
nickreason17 leaves the table
Xenicide: raises $2.50 to $3.50
sutata: folds 
Uncalled bet ($2.50) returned to Xenicide
Xenicide collected $2 from pot
*** SUMMARY ***
Total pot $2 | Rake $0 
Seat 5: nickreason17
Seat 1: sutata (big blind) folded before Flop
Seat 2: fish my nuts folded before Flop (didn't bet)
Seat 3: Palacios777 (button) folded before Flop (didn't bet)
Seat 4: Xenicide (small blind) collected ($2)



PokerStars Hand #254761635245:  Hold'em No Limit ($0.50/$1.00 USD) - 2025/02/08 5:23:01 WET [2025/02/08 0:23:01 ET]
Table 'Drakonia II' 6-max Seat #4 is the button
Seat 1: sutata ($244.13 in chips) 
Seat 2: fish my nuts ($100 in chips) 
Seat 3: Palacios777 ($104.81 in chips) 
Seat 4: Xenicide ($101 in chips) 
sutata: posts small blind $0.50
fish my nuts: posts big blind $1
*** HOLE CARDS ***
Palacios777: folds 
Xenicide: raises $1.25 to $2.25
sutata: folds 
fish my nuts: folds 
Uncalled bet ($1.25) returned to Xenicide
Xenicide collected $2.50 from pot
*** SUMMARY ***
Total pot $2.50 | Rake $0 
Seat 1: sutata (small blind) folded before Flop
Seat 2: fish my nuts (big blind) folded before Flop
Seat 3: Palacios777 folded before Flop (didn't bet)
Seat 4: Xenicide (button) collected ($2.50)



