PokerStars Hand #254770928801:  Hold'em No Limit ($0.50/$1.00 USD) - 2025/02/08 19:44:01 WET [2025/02/08 14:44:01 ET]
Table 'Virtus II' 6-max Seat #5 is the button
Seat 1: Manifestorr ($102.70 in chips) 
Seat 2: Jessiebes275 ($56.02 in chips) 
Seat 3: MAO_DZEDYN_S ($102.50 in chips) 
Seat 4: sta$igk ($62.66 in chips) 
Seat 5: muscatts ($100 in chips) 
Seat 6: kekoccc ($100 in chips) 
kekoccc: posts small blind $0.50
Manifestorr: posts big blind $1
*** HOLE CARDS ***
Jessiebes275: folds 
MAO_DZEDYN_S: folds 
sta$igk: raises $1.50 to $2.50
muscatts: folds 
kekoccc: folds 
Manifestorr: calls $1.50
*** FLOP *** [Tc Jc Td]
Manifestorr: checks 
sta$igk: bets $1.72
Manifestorr: raises $3.78 to $5.50
sta$igk: calls $3.78
*** TURN *** [Tc Jc Td] [9h]
Manifestorr: bets $11.76
sta$igk: calls $11.76
*** RIVER *** [Tc Jc Td 9h] [Jh]
Manifestorr: bets $12.55
sta$igk: folds 
Uncalled bet ($12.55) returned to Manifestorr
Manifestorr collected $38.02 from pot
*** SUMMARY ***
Total pot $40.02 | Rake $2 
Board [Tc Jc Td 9h Jh]
Seat 1: Manifestorr (big blind) collected ($38.02)
Seat 2: Jessiebes275 folded before Flop (didn't bet)
Seat 3: MAO_DZEDYN_S folded before Flop (didn't bet)
Seat 4: sta$igk folded on the River
Seat 5: muscatts (button) folded before Flop (didn't bet)
Seat 6: kekoccc (small blind) folded before Flop



PokerStars Hand #254770953775:  Hold'em No Limit ($0.50/$1.00 USD) - 2025/02/08 19:45:27 WET [2025/02/08 14:45:27 ET]
Table 'Virtus II' 6-max Seat #6 is the button
Seat 1: Manifestorr ($120.96 in chips) 
Seat 2: Jessiebes275 ($56.02 in chips) 
Seat 3: MAO_DZEDYN_S ($102.50 in chips) 
Seat 4: sta$igk ($42.90 in chips) 
Seat 5: muscatts ($100 in chips) 
Seat 6: kekoccc ($100 in chips) 
Manifestorr: posts small blind $0.50
Jessiebes275: posts big blind $1
*** HOLE CARDS ***
MAO_DZEDYN_S: raises $1.25 to $2.25
sta$igk: folds 
muscatts: folds 
kekoccc: folds 
Manifestorr: folds 
Jessiebes275: folds 
Uncalled bet ($1.25) returned to MAO_DZEDYN_S
MAO_DZEDYN_S collected $2.50 from pot
MAO_DZEDYN_S: doesn't show hand 
*** SUMMARY ***
Total pot $2.50 | Rake $0 
Seat 1: Manifestorr (small blind) folded before Flop
Seat 2: Jessiebes275 (big blind) folded before Flop
Seat 3: MAO_DZEDYN_S collected ($2.50)
Seat 4: sta$igk folded before Flop (didn't bet)
Seat 5: muscatts folded before Flop (didn't bet)
Seat 6: kekoccc (button) folded before Flop (didn't bet)



PokerStars Hand #254770960004:  Hold'em No Limit ($0.50/$1.00 USD) - 2025/02/08 19:45:48 WET [2025/02/08 14:45:48 ET]
Table 'Virtus II' 6-max Seat #1 is the button
Seat 1: Manifestorr ($120.46 in chips) 
Seat 2: Jessiebes275 ($55.02 in chips) 
Seat 3: MAO_DZEDYN_S ($104 in chips) 
Seat 4: sta$igk ($42.90 in chips) 
Seat 5: muscatts ($100 in chips) 
Seat 6: kekoccc ($100 in chips) 
Jessiebes275: posts small blind $0.50
MAO_DZEDYN_S: posts big blind $1
*** HOLE CARDS ***
sta$igk: raises $1.50 to $2.50
muscatts: folds 
kekoccc: folds 
Manifestorr: folds 
Jessiebes275: calls $2
MAO_DZEDYN_S: folds 
*** FLOP *** [4d 8d 3s]
Jessiebes275: bets $1
sta$igk: raises $3.50 to $4.50
Jessiebes275: calls $3.50
*** TURN *** [4d 8d 3s] [Qs]
Jessiebes275: checks 
sta$igk: bets $16.39
Jessiebes275: folds 
Uncalled bet ($16.39) returned to sta$igk
sta$igk collected $14.25 from pot
sta$igk: doesn't show hand 
*** SUMMARY ***
Total pot $15 | Rake $0.75 
Board [4d 8d 3s Qs]
Seat 1: Manifestorr (button) folded before Flop (didn't bet)
Seat 2: Jessiebes275 (small blind) folded on the Turn
Seat 3: MAO_DZEDYN_S (big blind) folded before Flop
Seat 4: sta$igk collected ($14.25)
Seat 5: muscatts folded before Flop (didn't bet)
Seat 6: kekoccc folded before Flop (didn't bet)



PokerStars Hand #254770970899:  Hold'em No Limit ($0.50/$1.00 USD) - 2025/02/08 19:46:24 WET [2025/02/08 14:46:24 ET]
Table 'Virtus II' 6-max Seat #2 is the button
Seat 1: Manifestorr ($120.46 in chips) 
Seat 2: Jessiebes275 ($48.02 in chips) 
Seat 3: MAO_DZEDYN_S ($103 in chips) 
Seat 4: sta$igk ($50.15 in chips) 
Seat 5: muscatts ($100 in chips) 
Seat 6: kekoccc ($100 in chips) 
MAO_DZEDYN_S: posts small blind $0.50
sta$igk: posts big blind $1
*** HOLE CARDS ***
muscatts: folds 
kekoccc: folds 
Manifestorr: raises $1.20 to $2.20
Jessiebes275: calls $2.20
MAO_DZEDYN_S: folds 
sta$igk: raises $11.80 to $14
Manifestorr: folds 
Jessiebes275: folds 
Uncalled bet ($11.80) returned to sta$igk
sta$igk collected $7.10 from pot
sta$igk: doesn't show hand 
*** SUMMARY ***
Total pot $7.10 | Rake $0 
Seat 1: Manifestorr folded before Flop
Seat 2: Jessiebes275 (button) folded before Flop
Seat 3: MAO_DZEDYN_S (small blind) folded before Flop
Seat 4: sta$igk (big blind) collected ($7.10)
Seat 5: muscatts folded before Flop (didn't bet)
Seat 6: kekoccc folded before Flop (didn't bet)



PokerStars Hand #254770978770:  Hold'em No Limit ($0.50/$1.00 USD) - 2025/02/08 19:46:51 WET [2025/02/08 14:46:51 ET]
Table 'Virtus II' 6-max Seat #3 is the button
Seat 1: Manifestorr ($118.26 in chips) 
Seat 2: Jessiebes275 ($45.82 in chips) 
Seat 3: MAO_DZEDYN_S ($102.50 in chips) 
Seat 4: sta$igk ($55.05 in chips) 
Seat 5: muscatts ($100 in chips) 
Seat 6: kekoccc ($100 in chips) 
sta$igk: posts small blind $0.50
muscatts: posts big blind $1
*** HOLE CARDS ***
kekoccc: raises $1.50 to $2.50
Manifestorr: folds 
Jessiebes275: folds 
MAO_DZEDYN_S: raises $5.50 to $8
sta$igk: folds 
muscatts: folds 
kekoccc: raises $12.50 to $20.50
MAO_DZEDYN_S: folds 
Uncalled bet ($12.50) returned to kekoccc
kekoccc collected $17.50 from pot
kekoccc: doesn't show hand 
*** SUMMARY ***
Total pot $17.50 | Rake $0 
Seat 1: Manifestorr folded before Flop (didn't bet)
Seat 2: Jessiebes275 folded before Flop (didn't bet)
Seat 3: MAO_DZEDYN_S (button) folded before Flop
Seat 4: sta$igk (small blind) folded before Flop
Seat 5: muscatts (big blind) folded before Flop
Seat 6: kekoccc collected ($17.50)



PokerStars Hand #254770991501:  Hold'em No Limit ($0.50/$1.00 USD) - 2025/02/08 19:47:35 WET [2025/02/08 14:47:35 ET]
Table 'Virtus II' 6-max Seat #4 is the button
Seat 1: Manifestorr ($118.26 in chips) 
Seat 2: Jessiebes275 ($45.82 in chips) 
Seat 3: MAO_DZEDYN_S ($100 in chips) 
Seat 4: sta$igk ($54.55 in chips) 
Seat 5: muscatts ($100 in chips) 
Seat 6: kekoccc ($109.50 in chips) 
muscatts: posts small blind $0.50
kekoccc: posts big blind $1
*** HOLE CARDS ***
Manifestorr: folds 
Jessiebes275: calls $1
MAO_DZEDYN_S: folds 
sta$igk: folds 
muscatts: folds 
kekoccc: checks 
*** FLOP *** [6c 2c Ad]
kekoccc: bets $1
Jessiebes275: calls $1
*** TURN *** [6c 2c Ad] [As]
kekoccc: bets $1.50
Jessiebes275: folds 
Uncalled bet ($1.50) returned to kekoccc
kekoccc collected $4.28 from pot
kekoccc: doesn't show hand 
*** SUMMARY ***
Total pot $4.50 | Rake $0.22 
Board [6c 2c Ad As]
Seat 1: Manifestorr folded before Flop (didn't bet)
Seat 2: Jessiebes275 folded on the Turn
Seat 3: MAO_DZEDYN_S folded before Flop (didn't bet)
Seat 4: sta$igk (button) folded before Flop (didn't bet)
Seat 5: muscatts (small blind) folded before Flop
Seat 6: kekoccc (big blind) collected ($4.28)



PokerStars Hand #254771002384:  Hold'em No Limit ($0.50/$1.00 USD) - 2025/02/08 19:48:12 WET [2025/02/08 14:48:12 ET]
Table 'Virtus II' 6-max Seat #5 is the button
Seat 1: Manifestorr ($118.26 in chips) 
Seat 2: Jessiebes275 ($43.82 in chips) 
Seat 3: MAO_DZEDYN_S ($100 in chips) 
Seat 4: sta$igk ($54.55 in chips) 
Seat 5: muscatts ($100 in chips) 
Seat 6: kekoccc ($111.78 in chips) 
kekoccc: posts small blind $0.50
Manifestorr: posts big blind $1
*** HOLE CARDS ***
Jessiebes275: raises $2 to $3
MAO_DZEDYN_S: folds 
sta$igk: folds 
muscatts: folds 
kekoccc: folds 
Manifestorr: folds 
Uncalled bet ($2) returned to Jessiebes275
Jessiebes275 collected $2.50 from pot
*** SUMMARY ***
Total pot $2.50 | Rake $0 
Seat 1: Manifestorr (big blind) folded before Flop
Seat 2: Jessiebes275 collected ($2.50)
Seat 3: MAO_DZEDYN_S folded before Flop (didn't bet)
Seat 4: sta$igk folded before Flop (didn't bet)
Seat 5: muscatts (button) folded before Flop (didn't bet)
Seat 6: kekoccc (small blind) folded before Flop



PokerStars Hand #254771007223:  Hold'em No Limit ($0.50/$1.00 USD) - 2025/02/08 19:48:28 WET [2025/02/08 14:48:28 ET]
Table 'Virtus II' 6-max Seat #6 is the button
Seat 1: Manifestorr ($117.26 in chips) 
Seat 2: Jessiebes275 ($45.32 in chips) 
Seat 3: MAO_DZEDYN_S ($100 in chips) 
Seat 4: sta$igk ($54.55 in chips) 
Seat 5: muscatts ($100 in chips) 
Seat 6: kekoccc ($111.28 in chips) 
Manifestorr: posts small blind $0.50
Jessiebes275: posts big blind $1
*** HOLE CARDS ***
MAO_DZEDYN_S: raises $1.25 to $2.25
sta$igk: folds 
muscatts: folds 
kekoccc: folds 
Manifestorr: folds 
Jessiebes275: calls $1.25
*** FLOP *** [6d Ah Qd]
Jessiebes275: checks 
MAO_DZEDYN_S: bets $1.43
Jessiebes275: folds 
Uncalled bet ($1.43) returned to MAO_DZEDYN_S
MAO_DZEDYN_S collected $4.75 from pot
MAO_DZEDYN_S: doesn't show hand 
*** SUMMARY ***
Total pot $5 | Rake $0.25 
Board [6d Ah Qd]
Seat 1: Manifestorr (small blind) folded before Flop
Seat 2: Jessiebes275 (big blind) folded on the Flop
Seat 3: MAO_DZEDYN_S collected ($4.75)
Seat 4: sta$igk folded before Flop (didn't bet)
Seat 5: muscatts folded before Flop (didn't bet)
Seat 6: kekoccc (button) folded before Flop (didn't bet)



PokerStars Hand #254771015214:  Hold'em No Limit ($0.50/$1.00 USD) - 2025/02/08 19:48:56 WET [2025/02/08 14:48:56 ET]
Table 'Virtus II' 6-max Seat #1 is the button
Seat 1: Manifestorr ($116.76 in chips) 
Seat 2: Jessiebes275 ($43.07 in chips) 
Seat 3: MAO_DZEDYN_S ($102.50 in chips) 
Seat 4: sta$igk ($54.55 in chips) 
Seat 5: muscatts ($100 in chips) 
Seat 6: kekoccc ($111.28 in chips) 
Jessiebes275: posts small blind $0.50
MAO_DZEDYN_S: posts big blind $1
*** HOLE CARDS ***
sta$igk: folds 
muscatts: folds 
kekoccc: folds 
Manifestorr: folds 
Jessiebes275: calls $0.50
MAO_DZEDYN_S: checks 
*** FLOP *** [Ts Qd 7h]
Jessiebes275: checks 
MAO_DZEDYN_S: checks 
*** TURN *** [Ts Qd 7h] [5d]
Jessiebes275: bets $2
MAO_DZEDYN_S: folds 
Uncalled bet ($2) returned to Jessiebes275
Jessiebes275 collected $1.90 from pot
Jessiebes275: shows [As Ac]
*** SUMMARY ***
Total pot $2 | Rake $0.10 
Board [Ts Qd 7h 5d]
Seat 1: Manifestorr (button) folded before Flop (didn't bet)
Seat 2: Jessiebes275 (small blind) collected ($1.90)
Seat 3: MAO_DZEDYN_S (big blind) folded on the Turn
Seat 4: sta$igk folded before Flop (didn't bet)
Seat 5: muscatts folded before Flop (didn't bet)
Seat 6: kekoccc folded before Flop (didn't bet)



PokerStars Hand #254771030310:  Hold'em No Limit ($0.50/$1.00 USD) - 2025/02/08 19:49:48 WET [2025/02/08 14:49:48 ET]
Table 'Virtus II' 6-max Seat #2 is the button
Seat 1: Manifestorr ($116.76 in chips) 
Seat 2: Jessiebes275 ($43.97 in chips) 
Seat 3: MAO_DZEDYN_S ($101.50 in chips) 
Seat 4: sta$igk ($54.55 in chips) 
Seat 5: muscatts ($100 in chips) 
Seat 6: kekoccc ($111.28 in chips) 
MAO_DZEDYN_S: posts small blind $0.50
sta$igk: posts big blind $1
*** HOLE CARDS ***
muscatts: folds 
kekoccc: folds 
Manifestorr: raises $1.20 to $2.20
Jessiebes275: calls $2.20
MAO_DZEDYN_S: folds 
sta$igk: calls $1.20
*** FLOP *** [3h 9s Th]
sta$igk: checks 
Manifestorr: checks 
Jessiebes275: checks 
*** TURN *** [3h 9s Th] [Kc]
sta$igk: checks 
Manifestorr: checks 
Jessiebes275: checks 
*** RIVER *** [3h 9s Th Kc] [6c]
sta$igk: bets $2.22
Manifestorr: calls $2.22
Jessiebes275: folds 
*** SHOW DOWN ***
sta$igk: shows [Jd Tc] (a pair of Tens)
Manifestorr: mucks hand 
sta$igk collected $10.96 from pot
*** SUMMARY ***
Total pot $11.54 | Rake $0.58 
Board [3h 9s Th Kc 6c]
Seat 1: Manifestorr mucked
Seat 2: Jessiebes275 (button) folded on the River
Seat 3: MAO_DZEDYN_S (small blind) folded before Flop
Seat 4: sta$igk (big blind) showed [Jd Tc] and won ($10.96) with a pair of Tens
Seat 5: muscatts folded before Flop (didn't bet)
Seat 6: kekoccc folded before Flop (didn't bet)



PokerStars Hand #254771050963:  Hold'em No Limit ($0.50/$1.00 USD) - 2025/02/08 19:51:00 WET [2025/02/08 14:51:00 ET]
Table 'Virtus II' 6-max Seat #3 is the button
Seat 1: Manifestorr ($112.34 in chips) 
Seat 2: Jessiebes275 ($41.77 in chips) 
Seat 3: MAO_DZEDYN_S ($101 in chips) 
Seat 4: sta$igk ($61.09 in chips) 
Seat 5: muscatts ($100 in chips) 
Seat 6: kekoccc ($111.28 in chips) 
sta$igk: posts small blind $0.50
muscatts: posts big blind $1
*** HOLE CARDS ***
kekoccc: raises $1.50 to $2.50
Manifestorr: folds 
Jessiebes275: folds 
MAO_DZEDYN_S: folds 
sta$igk: folds 
muscatts: folds 
Uncalled bet ($1.50) returned to kekoccc
kekoccc collected $2.50 from pot
kekoccc: doesn't show hand 
*** SUMMARY ***
Total pot $2.50 | Rake $0 
Seat 1: Manifestorr folded before Flop (didn't bet)
Seat 2: Jessiebes275 folded before Flop (didn't bet)
Seat 3: MAO_DZEDYN_S (button) folded before Flop (didn't bet)
Seat 4: sta$igk (small blind) folded before Flop
Seat 5: muscatts (big blind) folded before Flop
Seat 6: kekoccc collected ($2.50)



PokerStars Hand #254771055527:  Hold'em No Limit ($0.50/$1.00 USD) - 2025/02/08 19:51:15 WET [2025/02/08 14:51:15 ET]
Table 'Virtus II' 6-max Seat #4 is the button
Seat 1: Manifestorr ($112.34 in chips) 
Seat 2: Jessiebes275 ($41.77 in chips) 
Seat 3: MAO_DZEDYN_S ($101 in chips) 
Seat 4: sta$igk ($60.59 in chips) 
Seat 5: muscatts ($100 in chips) 
Seat 6: kekoccc ($112.78 in chips) 
muscatts: posts small blind $0.50
kekoccc: posts big blind $1
*** HOLE CARDS ***
Manifestorr: folds 
Jessiebes275: calls $1
MAO_DZEDYN_S: folds 
sta$igk: folds 
muscatts: folds 
kekoccc: checks 
*** FLOP *** [As 9h Qh]
kekoccc: checks 
Jessiebes275: bets $2.38
kekoccc: folds 
Uncalled bet ($2.38) returned to Jessiebes275
Jessiebes275 collected $2.38 from pot
*** SUMMARY ***
Total pot $2.50 | Rake $0.12 
Board [As 9h Qh]
Seat 1: Manifestorr folded before Flop (didn't bet)
Seat 2: Jessiebes275 collected ($2.38)
Seat 3: MAO_DZEDYN_S folded before Flop (didn't bet)
Seat 4: sta$igk (button) folded before Flop (didn't bet)
Seat 5: muscatts (small blind) folded before Flop
Seat 6: kekoccc (big blind) folded on the Flop



PokerStars Hand #254771063566:  Hold'em No Limit ($0.50/$1.00 USD) - 2025/02/08 19:51:43 WET [2025/02/08 14:51:43 ET]
Table 'Virtus II' 6-max Seat #5 is the button
Seat 1: Manifestorr ($112.34 in chips) 
Seat 2: Jessiebes275 ($43.15 in chips) 
Seat 3: MAO_DZEDYN_S ($101 in chips) 
Seat 4: sta$igk ($100 in chips) 
Seat 5: muscatts ($100 in chips) 
Seat 6: kekoccc ($111.78 in chips) 
kekoccc: posts small blind $0.50
Manifestorr: posts big blind $1
*** HOLE CARDS ***
Jessiebes275: folds 
MAO_DZEDYN_S: folds 
sta$igk: raises $1.50 to $2.50
muscatts: folds 
kekoccc: folds 
Manifestorr: calls $1.50
*** FLOP *** [9h 5h As]
Manifestorr: checks 
sta$igk: bets $1.72
Manifestorr: folds 
Uncalled bet ($1.72) returned to sta$igk
sta$igk collected $5.22 from pot
sta$igk: doesn't show hand 
*** SUMMARY ***
Total pot $5.50 | Rake $0.28 
Board [9h 5h As]
Seat 1: Manifestorr (big blind) folded on the Flop
Seat 2: Jessiebes275 folded before Flop (didn't bet)
Seat 3: MAO_DZEDYN_S folded before Flop (didn't bet)
Seat 4: sta$igk collected ($5.22)
Seat 5: muscatts (button) folded before Flop (didn't bet)
Seat 6: kekoccc (small blind) folded before Flop



PokerStars Hand #254771072014:  Hold'em No Limit ($0.50/$1.00 USD) - 2025/02/08 19:52:13 WET [2025/02/08 14:52:13 ET]
Table 'Virtus II' 6-max Seat #6 is the button
Seat 1: Manifestorr ($109.84 in chips) 
Seat 2: Jessiebes275 ($43.15 in chips) 
Seat 3: MAO_DZEDYN_S ($101 in chips) 
Seat 4: sta$igk ($102.72 in chips) 
Seat 5: muscatts ($100 in chips) 
Seat 6: kekoccc ($111.28 in chips) 
Manifestorr: posts small blind $0.50
Jessiebes275: posts big blind $1
*** HOLE CARDS ***
MAO_DZEDYN_S: folds 
sta$igk: folds 
muscatts: folds 
kekoccc: raises $1.50 to $2.50
Manifestorr: raises $8.50 to $11
Jessiebes275: folds 
kekoccc: calls $8.50
*** FLOP *** [3c 5d 9h]
Manifestorr: checks 
kekoccc: checks 
*** TURN *** [3c 5d 9h] [Ah]
Manifestorr: bets $10.93
kekoccc: calls $10.93
*** RIVER *** [3c 5d 9h Ah] [2s]
Manifestorr: checks 
kekoccc: checks 
*** SHOW DOWN ***
Manifestorr: shows [Ts Js] (high card Ace)
kekoccc: shows [Td 9d] (a pair of Nines)
kekoccc collected $42.62 from pot
*** SUMMARY ***
Total pot $44.86 | Rake $2.24 
Board [3c 5d 9h Ah 2s]
Seat 1: Manifestorr (small blind) showed [Ts Js] and lost with high card Ace
Seat 2: Jessiebes275 (big blind) folded before Flop
Seat 3: MAO_DZEDYN_S folded before Flop (didn't bet)
Seat 4: sta$igk folded before Flop (didn't bet)
Seat 5: muscatts folded before Flop (didn't bet)
Seat 6: kekoccc (button) showed [Td 9d] and won ($42.62) with a pair of Nines



PokerStars Hand #254771088856:  Hold'em No Limit ($0.50/$1.00 USD) - 2025/02/08 19:53:11 WET [2025/02/08 14:53:11 ET]
Table 'Virtus II' 6-max Seat #1 is the button
Seat 1: Manifestorr ($100 in chips) 
Seat 2: Jessiebes275 ($42.15 in chips) 
Seat 3: MAO_DZEDYN_S ($101 in chips) 
Seat 4: sta$igk ($102.72 in chips) 
Seat 5: muscatts ($100 in chips) 
Seat 6: kekoccc ($131.97 in chips) 
Jessiebes275: posts small blind $0.50
MAO_DZEDYN_S: posts big blind $1
*** HOLE CARDS ***
sta$igk: folds 
muscatts: folds 
kekoccc: folds 
Manifestorr: folds 
Jessiebes275: calls $0.50
MAO_DZEDYN_S: raises $2 to $3
Jessiebes275: calls $2
*** FLOP *** [9d 6d 7c]
Jessiebes275: bets $2.85
MAO_DZEDYN_S: folds 
Uncalled bet ($2.85) returned to Jessiebes275
Jessiebes275 collected $5.70 from pot
*** SUMMARY ***
Total pot $6 | Rake $0.30 
Board [9d 6d 7c]
Seat 1: Manifestorr (button) folded before Flop (didn't bet)
Seat 2: Jessiebes275 (small blind) collected ($5.70)
Seat 3: MAO_DZEDYN_S (big blind) folded on the Flop
Seat 4: sta$igk folded before Flop (didn't bet)
Seat 5: muscatts folded before Flop (didn't bet)
Seat 6: kekoccc folded before Flop (didn't bet)



PokerStars Hand #254771098021:  Hold'em No Limit ($0.50/$1.00 USD) - 2025/02/08 19:53:42 WET [2025/02/08 14:53:42 ET]
Table 'Virtus II' 6-max Seat #2 is the button
Seat 1: Manifestorr ($100 in chips) 
Seat 2: Jessiebes275 ($44.85 in chips) 
Seat 3: MAO_DZEDYN_S ($100 in chips) 
Seat 4: sta$igk ($102.72 in chips) 
Seat 5: muscatts ($100 in chips) 
Seat 6: kekoccc ($131.97 in chips) 
MAO_DZEDYN_S: posts small blind $0.50
sta$igk: posts big blind $1
*** HOLE CARDS ***
muscatts: folds 
kekoccc: raises $1.50 to $2.50
Manifestorr: folds 
Jessiebes275: calls $2.50
MAO_DZEDYN_S: raises $11.68 to $14.18
sta$igk: folds 
kekoccc: folds 
Jessiebes275: calls $11.68
*** FLOP *** [Ts 3h 8s]
MAO_DZEDYN_S: bets $23.20
Jessiebes275: folds 
Uncalled bet ($23.20) returned to MAO_DZEDYN_S
MAO_DZEDYN_S collected $30.27 from pot
MAO_DZEDYN_S: doesn't show hand 
*** SUMMARY ***
Total pot $31.86 | Rake $1.59 
Board [Ts 3h 8s]
Seat 1: Manifestorr folded before Flop (didn't bet)
Seat 2: Jessiebes275 (button) folded on the Flop
Seat 3: MAO_DZEDYN_S (small blind) collected ($30.27)
Seat 4: sta$igk (big blind) folded before Flop
Seat 5: muscatts folded before Flop (didn't bet)
Seat 6: kekoccc folded before Flop



PokerStars Hand #254771116322:  Hold'em No Limit ($0.50/$1.00 USD) - 2025/02/08 19:54:45 WET [2025/02/08 14:54:45 ET]
Table 'Virtus II' 6-max Seat #3 is the button
Seat 1: Manifestorr ($100 in chips) 
Seat 2: Jessiebes275 ($30.67 in chips) 
Seat 3: MAO_DZEDYN_S ($116.09 in chips) 
Seat 4: sta$igk ($101.72 in chips) 
Seat 5: muscatts ($100 in chips) 
Seat 6: kekoccc ($129.47 in chips) 
sta$igk: posts small blind $0.50
muscatts: posts big blind $1
*** HOLE CARDS ***
kekoccc: raises $1.50 to $2.50
Manifestorr: folds 
Jessiebes275: raises $2.50 to $5
MAO_DZEDYN_S: raises $9 to $14
sta$igk: folds 
muscatts: folds 
kekoccc: folds 
Jessiebes275: calls $9
*** FLOP *** [7d 7h 8d]
Jessiebes275: bets $16.67 and is all-in
MAO_DZEDYN_S: calls $16.67
*** TURN *** [7d 7h 8d] [3h]
*** RIVER *** [7d 7h 8d 3h] [Td]
*** SHOW DOWN ***
Jessiebes275: shows [4s 9s] (a pair of Sevens)
MAO_DZEDYN_S: shows [Kc As] (a pair of Sevens - Ace kicker)
MAO_DZEDYN_S collected $62.84 from pot
*** SUMMARY ***
Total pot $65.34 | Rake $2.50 
Board [7d 7h 8d 3h Td]
Seat 1: Manifestorr folded before Flop (didn't bet)
Seat 2: Jessiebes275 showed [4s 9s] and lost with a pair of Sevens
Seat 3: MAO_DZEDYN_S (button) showed [Kc As] and won ($62.84) with a pair of Sevens
Seat 4: sta$igk (small blind) folded before Flop
Seat 5: muscatts (big blind) folded before Flop
Seat 6: kekoccc folded before Flop



PokerStars Hand #254771125079:  Hold'em No Limit ($0.50/$1.00 USD) - 2025/02/08 19:55:23 WET [2025/02/08 14:55:23 ET]
Table 'Virtus II' 6-max Seat #4 is the button
Seat 1: Manifestorr ($100 in chips) 
Seat 3: MAO_DZEDYN_S ($148.26 in chips) 
Seat 4: sta$igk ($101.22 in chips) 
Seat 5: muscatts ($100 in chips) 
Seat 6: kekoccc ($126.97 in chips) 
muscatts: posts small blind $0.50
kekoccc: posts big blind $1
*** HOLE CARDS ***
Manifestorr: folds 
MAO_DZEDYN_S: folds 
sta$igk: raises $1.50 to $2.50
muscatts: folds 
kekoccc: folds 
Uncalled bet ($1.50) returned to sta$igk
sta$igk collected $2.50 from pot
sta$igk: doesn't show hand 
*** SUMMARY ***
Total pot $2.50 | Rake $0 
Seat 1: Manifestorr folded before Flop (didn't bet)
Seat 3: MAO_DZEDYN_S folded before Flop (didn't bet)
Seat 4: sta$igk (button) collected ($2.50)
Seat 5: muscatts (small blind) folded before Flop
Seat 6: kekoccc (big blind) folded before Flop



PokerStars Hand #254771171464:  Hold'em No Limit ($0.50/$1.00 USD) - 2025/02/08 19:59:23 WET [2025/02/08 14:59:23 ET]
Table 'Virtus II' 6-max Seat #1 is the button
Seat 1: XneferX ($100 in chips) 
Seat 4: Brookstj500 ($40 in chips) 
XneferX: posts small blind $0.50
Brookstj500: posts big blind $1
*** HOLE CARDS ***
XneferX: folds 
Uncalled bet ($0.50) returned to Brookstj500
Brookstj500 collected $1 from pot
Brookstj500: doesn't show hand 
Ydys20 joins the table at seat #5 
*** SUMMARY ***
Total pot $1 | Rake $0 
Seat 1: XneferX (button) (small blind) folded before Flop
Seat 4: Brookstj500 (big blind) collected ($1)



PokerStars Hand #254771173144:  Hold'em No Limit ($0.50/$1.00 USD) - 2025/02/08 19:59:32 WET [2025/02/08 14:59:32 ET]
Table 'Virtus II' 6-max Seat #1 is the button
Seat 1: XneferX ($100 in chips) 
Seat 4: Brookstj500 ($40.50 in chips) 
Seat 5: Ydys20 ($100 in chips) 
Brookstj500: posts small blind $0.50
Ydys20: posts big blind $1
*** HOLE CARDS ***
XneferX: raises $1.77 to $2.77
Brookstj500: folds 
Ydys20: folds 
Uncalled bet ($1.77) returned to XneferX
XneferX collected $2.50 from pot
XneferX: doesn't show hand 
*** SUMMARY ***
Total pot $2.50 | Rake $0 
Seat 1: XneferX (button) collected ($2.50)
Seat 4: Brookstj500 (small blind) folded before Flop
Seat 5: Ydys20 (big blind) folded before Flop



PokerStars Hand #254771175183:  Hold'em No Limit ($0.50/$1.00 USD) - 2025/02/08 19:59:42 WET [2025/02/08 14:59:42 ET]
Table 'Virtus II' 6-max Seat #4 is the button
Seat 1: XneferX ($101.50 in chips) 
Seat 4: Brookstj500 ($40 in chips) 
Seat 5: Ydys20 ($100 in chips) 
Ydys20: posts small blind $0.50
XneferX: posts big blind $1
*** HOLE CARDS ***
Brookstj500 has timed out
Brookstj500: folds 
Ydys20: folds 
Uncalled bet ($0.50) returned to XneferX
XneferX collected $1 from pot
XneferX: doesn't show hand 
*** SUMMARY ***
Total pot $1 | Rake $0 
Seat 1: XneferX (big blind) collected ($1)
Seat 4: Brookstj500 (button) folded before Flop (didn't bet)
Seat 5: Ydys20 (small blind) folded before Flop



PokerStars Hand #254771178276:  Hold'em No Limit ($0.50/$1.00 USD) - 2025/02/08 19:59:57 WET [2025/02/08 14:59:57 ET]
Table 'Virtus II' 6-max Seat #1 is the button
Seat 4: Brookstj500 ($40 in chips) is sitting out
Seat 1: XneferX ($102 in chips) 
Seat 5: Ydys20 ($100 in chips) 
XneferX: posts small blind $0.50
Ydys20: posts big blind $1
*** HOLE CARDS ***
XneferX: raises $1 to $2
Ydys20: calls $1
*** FLOP *** [5h 5d 5c]
Ydys20: checks 
XneferX: checks 
*** TURN *** [5h 5d 5c] [Qc]
worker0k joins the table at seat #2 
michasia joins the table at seat #3 
z00mba joins the table at seat #6 
Ydys20: checks 
XneferX: checks 
*** RIVER *** [5h 5d 5c Qc] [As]
Ydys20: checks 
Brookstj500 leaves the table
XneferX: bets $1.94
Ydys20: folds 
Uncalled bet ($1.94) returned to XneferX
XneferX collected $3.80 from pot
XneferX: doesn't show hand 
*** SUMMARY ***
Total pot $4 | Rake $0.20 
Board [5h 5d 5c Qc As]
Seat 4: Brookstj500
Seat 1: XneferX (button) (small blind) collected ($3.80)
Seat 5: Ydys20 (big blind) folded on the River



PokerStars Hand #254771190509:  Hold'em No Limit ($0.50/$1.00 USD) - 2025/02/08 20:00:55 WET [2025/02/08 15:00:55 ET]
Table 'Virtus II' 6-max Seat #5 is the button
Seat 3: michasia ($100 in chips) is sitting out
Seat 6: z00mba ($100 in chips) is sitting out
Seat 1: XneferX ($103.80 in chips) 
Seat 2: worker0k ($100 in chips) 
Seat 5: Ydys20 ($100 in chips) 
XneferX: posts small blind $0.50
worker0k: posts big blind $1
michasia: sits out 
*** HOLE CARDS ***
Ydys20: raises $1.50 to $2.50
XneferX: raises $9.50 to $12
worker0k: folds 
Ydys20: folds 
Uncalled bet ($9.50) returned to XneferX
XneferX collected $6 from pot
XneferX: doesn't show hand 
*** SUMMARY ***
Total pot $6 | Rake $0 
Seat 3: michasia
Seat 6: z00mba
Seat 1: XneferX (small blind) collected ($6)
Seat 2: worker0k (big blind) folded before Flop
Seat 5: Ydys20 (button) folded before Flop



PokerStars Hand #254771198185:  Hold'em No Limit ($0.50/$1.00 USD) - 2025/02/08 20:01:26 WET [2025/02/08 15:01:26 ET]
Table 'Virtus II' 6-max Seat #1 is the button
Seat 6: z00mba ($100 in chips) is sitting out
Seat 1: XneferX ($107.30 in chips) 
Seat 2: worker0k ($100 in chips) 
Seat 3: michasia ($100 in chips) 
Seat 5: Ydys20 ($100 in chips) 
worker0k: posts small blind $0.50
michasia: posts big blind $1
z00mba: sits out 
*** HOLE CARDS ***
Ydys20: raises $1.50 to $2.50
XneferX: folds 
worker0k: folds 
michasia: calls $1.50
*** FLOP *** [3s 2d 3d]
michasia: checks 
Ydys20: checks 
*** TURN *** [3s 2d 3d] [3h]
michasia: bets $3.48
welmuttaja joins the table at seat #4 
Ydys20: calls $3.48
*** RIVER *** [3s 2d 3d 3h] [5s]
michasia: bets $7.89
Ydys20: calls $7.89
*** SHOW DOWN ***
michasia: shows [9d 9s] (a full house, Threes full of Nines)
Ydys20: mucks hand 
michasia collected $27.24 from pot
*** SUMMARY ***
Total pot $28.24 | Rake $1 
Board [3s 2d 3d 3h 5s]
Seat 6: z00mba
Seat 1: XneferX (button) folded before Flop (didn't bet)
Seat 2: worker0k (small blind) folded before Flop
Seat 3: michasia (big blind) showed [9d 9s] and won ($27.24) with a full house, Threes full of Nines
Seat 5: Ydys20 mucked



PokerStars Hand #254771217842:  Hold'em No Limit ($0.50/$1.00 USD) - 2025/02/08 20:02:38 WET [2025/02/08 15:02:38 ET]
Table 'Virtus II' 6-max Seat #2 is the button
Seat 6: z00mba ($100 in chips) is sitting out
Seat 1: XneferX ($107.30 in chips) 
Seat 2: worker0k ($100 in chips) 
Seat 3: michasia ($113.37 in chips) 
Seat 4: welmuttaja ($100 in chips) 
Seat 5: Ydys20 ($100 in chips) 
michasia: posts small blind $0.50
welmuttaja: posts big blind $1
z00mba: sits out 
*** HOLE CARDS ***
Ydys20: folds 
XneferX: folds 
Ydys20 leaves the table
worker0k: raises $1.30 to $2.30
michasia: folds 
welmuttaja: folds 
Uncalled bet ($1.30) returned to worker0k
worker0k collected $2.50 from pot
*** SUMMARY ***
Total pot $2.50 | Rake $0 
Seat 6: z00mba
Seat 1: XneferX folded before Flop (didn't bet)
Seat 2: worker0k (button) collected ($2.50)
Seat 3: michasia (small blind) folded before Flop
Seat 4: welmuttaja (big blind) folded before Flop
Seat 5: Ydys20 folded before Flop (didn't bet)



PokerStars Hand #254771222533:  Hold'em No Limit ($0.50/$1.00 USD) - 2025/02/08 20:02:54 WET [2025/02/08 15:02:54 ET]
Table 'Virtus II' 6-max Seat #3 is the button
Seat 1: XneferX ($107.30 in chips) 
Seat 2: worker0k ($101.50 in chips) 
Seat 3: michasia ($112.87 in chips) 
Seat 4: welmuttaja ($100 in chips) 
Seat 6: z00mba ($100 in chips) 
welmuttaja: posts small blind $0.50
z00mba: posts big blind $1
*** HOLE CARDS ***
XneferX: folds 
worker0k: folds 
michasia: folds 
XneferX leaves the table
welmuttaja: folds 
Uncalled bet ($0.50) returned to z00mba
z00mba collected $1 from pot
z00mba: doesn't show hand 
*** SUMMARY ***
Total pot $1 | Rake $0 
Seat 1: XneferX folded before Flop (didn't bet)
Seat 2: worker0k folded before Flop (didn't bet)
Seat 3: michasia (button) folded before Flop (didn't bet)
Seat 4: welmuttaja (small blind) folded before Flop
Seat 6: z00mba (big blind) collected ($1)



PokerStars Hand #254771227069:  Hold'em No Limit ($0.50/$1.00 USD) - 2025/02/08 20:03:11 WET [2025/02/08 15:03:11 ET]
Table 'Virtus II' 6-max Seat #4 is the button
Seat 2: worker0k ($101.50 in chips) is sitting out
Seat 3: michasia ($112.87 in chips) 
Seat 4: welmuttaja ($100 in chips) 
Seat 6: z00mba ($100.50 in chips) 
z00mba: posts small blind $0.50
worker0k: is sitting out 
michasia: posts big blind $1
*** HOLE CARDS ***
welmuttaja: raises $1.50 to $2.50
z00mba: folds 
michasia: calls $1.50
*** FLOP *** [As Td 5c]
michasia: checks 
worker0k leaves the table
welmuttaja: checks 
*** TURN *** [As Td 5c] [Js]
michasia: checks 
z00mba leaves the table
welmuttaja: checks 
*** RIVER *** [As Td 5c Js] [Qd]
michasia: checks 
welmuttaja: bets $2.66
michasia: folds 
Uncalled bet ($2.66) returned to welmuttaja
welmuttaja collected $5.22 from pot
welmuttaja: doesn't show hand 
*** SUMMARY ***
Total pot $5.50 | Rake $0.28 
Board [As Td 5c Js Qd]
Seat 2: worker0k
Seat 3: michasia (big blind) folded on the River
Seat 4: welmuttaja (button) collected ($5.22)
Seat 6: z00mba (small blind) folded before Flop



PokerStars Hand #254771240952:  Hold'em No Limit ($0.50/$1.00 USD) - 2025/02/08 20:03:59 WET [2025/02/08 15:03:59 ET]
Table 'Virtus II' 6-max Seat #3 is the button
Seat 3: michasia ($110.37 in chips) 
Seat 4: welmuttaja ($102.72 in chips) 
michasia: posts small blind $0.50
welmuttaja: posts big blind $1
*** HOLE CARDS ***
michasia: folds 
Uncalled bet ($0.50) returned to welmuttaja
welmuttaja collected $1 from pot
welmuttaja: doesn't show hand 
*** SUMMARY ***
Total pot $1 | Rake $0 
Seat 3: michasia (button) (small blind) folded before Flop
Seat 4: welmuttaja (big blind) collected ($1)



PokerStars Hand #254770869775:  Hold'em No Limit ($0.50/$1.00 USD) - 2025/02/08 19:40:40 WET [2025/02/08 14:40:40 ET]
Table 'Virtus II' 6-max Seat #5 is the button
Seat 1: Manifestorr ($100 in chips) 
Seat 3: MAO_DZEDYN_S ($100 in chips) 
Seat 5: muscatts ($80 in chips) 
Manifestorr: posts small blind $0.50
MAO_DZEDYN_S: posts big blind $1
*** HOLE CARDS ***
muscatts: folds 
Manifestorr: raises $2 to $3
MAO_DZEDYN_S: folds 
Uncalled bet ($2) returned to Manifestorr
Manifestorr collected $2 from pot
*** SUMMARY ***
Total pot $2 | Rake $0 
Seat 1: Manifestorr (small blind) collected ($2)
Seat 3: MAO_DZEDYN_S (big blind) folded before Flop
Seat 5: muscatts (button) folded before Flop (didn't bet)



PokerStars Hand #254770878022:  Hold'em No Limit ($0.50/$1.00 USD) - 2025/02/08 19:41:09 WET [2025/02/08 14:41:09 ET]
Table 'Virtus II' 6-max Seat #1 is the button
Seat 1: Manifestorr ($101 in chips) 
Seat 3: MAO_DZEDYN_S ($100 in chips) 
Seat 5: muscatts ($100 in chips) 
MAO_DZEDYN_S: posts small blind $0.50
muscatts: posts big blind $1
*** HOLE CARDS ***
Manifestorr: folds 
MAO_DZEDYN_S: folds 
Uncalled bet ($0.50) returned to muscatts
muscatts collected $1 from pot
*** SUMMARY ***
Total pot $1 | Rake $0 
Seat 1: Manifestorr (button) folded before Flop (didn't bet)
Seat 3: MAO_DZEDYN_S (small blind) folded before Flop
Seat 5: muscatts (big blind) collected ($1)



PokerStars Hand #254770883921:  Hold'em No Limit ($0.50/$1.00 USD) - 2025/02/08 19:41:29 WET [2025/02/08 14:41:29 ET]
Table 'Virtus II' 6-max Seat #3 is the button
Seat 1: Manifestorr ($101 in chips) 
Seat 3: MAO_DZEDYN_S ($100 in chips) 
Seat 5: muscatts ($100.50 in chips) 
muscatts: posts small blind $0.50
Manifestorr: posts big blind $1
*** HOLE CARDS ***
MAO_DZEDYN_S: raises $1.50 to $2.50
muscatts: folds 
Manifestorr: calls $1.50
*** FLOP *** [Td 6h Ac]
Manifestorr: checks 
MAO_DZEDYN_S: bets $6.02
Manifestorr: folds 
Uncalled bet ($6.02) returned to MAO_DZEDYN_S
MAO_DZEDYN_S collected $5.22 from pot
MAO_DZEDYN_S: doesn't show hand 
*** SUMMARY ***
Total pot $5.50 | Rake $0.28 
Board [Td 6h Ac]
Seat 1: Manifestorr (big blind) folded on the Flop
Seat 3: MAO_DZEDYN_S (button) collected ($5.22)
Seat 5: muscatts (small blind) folded before Flop



PokerStars Hand #254770897785:  Hold'em No Limit ($0.50/$1.00 USD) - 2025/02/08 19:42:16 WET [2025/02/08 14:42:16 ET]
Table 'Virtus II' 6-max Seat #5 is the button
Seat 1: Manifestorr ($100 in chips) 
Seat 3: MAO_DZEDYN_S ($102.72 in chips) 
Seat 5: muscatts ($100 in chips) 
Manifestorr: posts small blind $0.50
MAO_DZEDYN_S: posts big blind $1
*** HOLE CARDS ***
muscatts: folds 
Manifestorr: raises $2 to $3
Jessiebes275 joins the table at seat #2 
Jessiebes275 is disconnected 
kekoccc joins the table at seat #6 
MAO_DZEDYN_S: calls $2
*** FLOP *** [Qc 7d 2d]
sta$igk joins the table at seat #4 
Manifestorr: bets $4.28
MAO_DZEDYN_S: folds 
Uncalled bet ($4.28) returned to Manifestorr
Manifestorr collected $5.70 from pot
*** SUMMARY ***
Total pot $6 | Rake $0.30 
Board [Qc 7d 2d]
Seat 1: Manifestorr (small blind) collected ($5.70)
Seat 3: MAO_DZEDYN_S (big blind) folded on the Flop
Seat 5: muscatts (button) folded before Flop (didn't bet)



PokerStars Hand #254770905077:  Hold'em No Limit ($0.50/$1.00 USD) - 2025/02/08 19:42:41 WET [2025/02/08 14:42:41 ET]
Table 'Virtus II' 6-max Seat #1 is the button
Seat 2: Jessiebes275 ($62.02 in chips) is sitting out
Seat 6: kekoccc ($100 in chips) is sitting out
Seat 1: Manifestorr ($102.70 in chips) 
Seat 3: MAO_DZEDYN_S ($100 in chips) 
Seat 4: sta$igk ($56.74 in chips) 
Seat 5: muscatts ($100 in chips) 
MAO_DZEDYN_S: posts small blind $0.50
sta$igk: posts big blind $1
kekoccc: sits out 
*** HOLE CARDS ***
muscatts: folds 
Manifestorr: folds 
MAO_DZEDYN_S: folds 
Uncalled bet ($0.50) returned to sta$igk
sta$igk collected $1 from pot
sta$igk: doesn't show hand 
*** SUMMARY ***
Total pot $1 | Rake $0 
Seat 2: Jessiebes275
Seat 6: kekoccc
Seat 1: Manifestorr (button) folded before Flop (didn't bet)
Seat 3: MAO_DZEDYN_S (small blind) folded before Flop
Seat 4: sta$igk (big blind) collected ($1)
Seat 5: muscatts folded before Flop (didn't bet)



PokerStars Hand #254770914010:  Hold'em No Limit ($0.50/$1.00 USD) - 2025/02/08 19:43:11 WET [2025/02/08 14:43:11 ET]
Table 'Virtus II' 6-max Seat #3 is the button
Seat 6: kekoccc ($100 in chips) is sitting out
Seat 1: Manifestorr ($102.70 in chips) 
Seat 2: Jessiebes275 ($62.02 in chips) 
Seat 3: MAO_DZEDYN_S ($100 in chips) 
Seat 4: sta$igk ($57.24 in chips) 
Seat 5: muscatts ($100 in chips) 
sta$igk: posts small blind $0.50
muscatts: posts big blind $1
kekoccc: sits out 
Jessiebes275: posts big blind $1
*** HOLE CARDS ***
Manifestorr: folds 
Jessiebes275: checks 
MAO_DZEDYN_S: raises $3 to $4
sta$igk: folds 
muscatts: folds 
Jessiebes275: folds 
Uncalled bet ($3) returned to MAO_DZEDYN_S
MAO_DZEDYN_S collected $3.50 from pot
MAO_DZEDYN_S: doesn't show hand 
*** SUMMARY ***
Total pot $3.50 | Rake $0 
Seat 6: kekoccc
Seat 1: Manifestorr folded before Flop (didn't bet)
Seat 2: Jessiebes275 folded before Flop (didn't bet)
Seat 3: MAO_DZEDYN_S (button) collected ($3.50)
Seat 4: sta$igk (small blind) folded before Flop
Seat 5: muscatts (big blind) folded before Flop



PokerStars Hand #254770920837:  Hold'em No Limit ($0.50/$1.00 USD) - 2025/02/08 19:43:34 WET [2025/02/08 14:43:34 ET]
Table 'Virtus II' 6-max Seat #4 is the button
Seat 1: Manifestorr ($102.70 in chips) 
Seat 2: Jessiebes275 ($61.02 in chips) 
Seat 3: MAO_DZEDYN_S ($102.50 in chips) 
Seat 4: sta$igk ($56.74 in chips) 
Seat 5: muscatts ($100 in chips) 
Seat 6: kekoccc ($100 in chips) 
muscatts: posts small blind $0.50
kekoccc: posts big blind $1
*** HOLE CARDS ***
Manifestorr: folds 
Jessiebes275: calls $1
MAO_DZEDYN_S: folds 
sta$igk: raises $3 to $4
muscatts: folds 
kekoccc: folds 
Jessiebes275: calls $3
*** FLOP *** [Qs 3s 2s]
Jessiebes275: bets $1
sta$igk: raises $5.51 to $6.51
Jessiebes275: folds 
Uncalled bet ($5.51) returned to sta$igk
sta$igk collected $10.92 from pot
sta$igk: doesn't show hand 
*** SUMMARY ***
Total pot $11.50 | Rake $0.58 
Board [Qs 3s 2s]
Seat 1: Manifestorr folded before Flop (didn't bet)
Seat 2: Jessiebes275 folded on the Flop
Seat 3: MAO_DZEDYN_S folded before Flop (didn't bet)
Seat 4: sta$igk (button) collected ($10.92)
Seat 5: muscatts (small blind) folded before Flop
Seat 6: kekoccc (big blind) folded before Flop



