PokerStars Hand #254770023637:  Hold'em No Limit ($0.50/$1.00 USD) - 2025/02/08 18:51:26 WET [2025/02/08 13:51:26 ET]
Table 'Merga II' 6-max Seat #1 is the button
Seat 1: TheBluffPL ($23.20 in chips) 
Seat 4: Oleary92 ($6.50 in chips) 
Seat 5: GDELKO ($14.98 in chips) 
Oleary92: posts small blind $0.50
GDELKO: posts big blind $1
*** HOLE CARDS ***
BumHuntKing joins the table at seat #2 
TheBluffPL: folds 
Oleary92: folds 
Uncalled bet ($0.50) returned to GDELKO
GDELKO collected $1 from pot
*** SUMMARY ***
Total pot $1 | Rake $0 
Seat 1: TheBluffPL (button) folded before Flop (didn't bet)
Seat 4: Oleary92 (small blind) folded before Flop
Seat 5: GDELKO (big blind) collected ($1)



PokerStars Hand #254770025754:  Hold'em No Limit ($0.50/$1.00 USD) - 2025/02/08 18:51:33 WET [2025/02/08 13:51:33 ET]
Table 'Merga II' 6-max Seat #4 is the button
Seat 2: BumHuntKing ($100 in chips) is sitting out
Seat 1: TheBluffPL ($23.20 in chips) 
Seat 4: Oleary92 ($6 in chips) 
Seat 5: GDELKO ($15.48 in chips) 
GDELKO: posts small blind $0.50
TheBluffPL: posts big blind $1
BumHuntKing: sits out 
*** HOLE CARDS ***
Oleary92: folds 
GDELKO: folds 
Uncalled bet ($0.50) returned to TheBluffPL
TheBluffPL collected $1 from pot
*** SUMMARY ***
Total pot $1 | Rake $0 
Seat 2: BumHuntKing
Seat 1: TheBluffPL (big blind) collected ($1)
Seat 4: Oleary92 (button) folded before Flop (didn't bet)
Seat 5: GDELKO (small blind) folded before Flop



PokerStars Hand #254770027775:  Hold'em No Limit ($0.50/$1.00 USD) - 2025/02/08 18:51:40 WET [2025/02/08 13:51:40 ET]
Table 'Merga II' 6-max Seat #5 is the button
Seat 1: TheBluffPL ($23.70 in chips) 
Seat 2: BumHuntKing ($100 in chips) 
Seat 4: Oleary92 ($6 in chips) 
Seat 5: GDELKO ($14.98 in chips) 
TheBluffPL: posts small blind $0.50
BumHuntKing: posts big blind $1
*** HOLE CARDS ***
Oleary92: raises $1 to $2
GDELKO: folds 
TheBluffPL: folds 
BumHuntKing: folds 
Uncalled bet ($1) returned to Oleary92
Oleary92 collected $2.50 from pot
*** SUMMARY ***
Total pot $2.50 | Rake $0 
Seat 1: TheBluffPL (small blind) folded before Flop
Seat 2: BumHuntKing (big blind) folded before Flop
Seat 4: Oleary92 collected ($2.50)
Seat 5: GDELKO (button) folded before Flop (didn't bet)



PokerStars Hand #254770031242:  Hold'em No Limit ($0.50/$1.00 USD) - 2025/02/08 18:51:51 WET [2025/02/08 13:51:51 ET]
Table 'Merga II' 6-max Seat #1 is the button
Seat 1: TheBluffPL ($23.20 in chips) 
Seat 2: BumHuntKing ($100 in chips) 
Seat 4: Oleary92 ($7.50 in chips) 
Seat 5: GDELKO ($14.98 in chips) 
BumHuntKing: posts small blind $0.50
Oleary92: posts big blind $1
*** HOLE CARDS ***
GDELKO: folds 
TheBluffPL: raises $1 to $2
BumHuntKing: folds 
Oleary92: folds 
Uncalled bet ($1) returned to TheBluffPL
TheBluffPL collected $2.50 from pot
*** SUMMARY ***
Total pot $2.50 | Rake $0 
Seat 1: TheBluffPL (button) collected ($2.50)
Seat 2: BumHuntKing (small blind) folded before Flop
Seat 4: Oleary92 (big blind) folded before Flop
Seat 5: GDELKO folded before Flop (didn't bet)



PokerStars Hand #254770034581:  Hold'em No Limit ($0.50/$1.00 USD) - 2025/02/08 18:52:03 WET [2025/02/08 13:52:03 ET]
Table 'Merga II' 6-max Seat #2 is the button
Seat 1: TheBluffPL ($24.70 in chips) 
Seat 2: BumHuntKing ($100 in chips) 
Seat 4: Oleary92 ($6.50 in chips) 
Seat 5: GDELKO ($14.98 in chips) 
Oleary92: posts small blind $0.50
GDELKO: posts big blind $1
*** HOLE CARDS ***
TheBluffPL: folds 
BumHuntKing: folds 
Oleary92: folds 
Uncalled bet ($0.50) returned to GDELKO
GDELKO collected $1 from pot
*** SUMMARY ***
Total pot $1 | Rake $0 
Seat 1: TheBluffPL folded before Flop (didn't bet)
Seat 2: BumHuntKing (button) folded before Flop (didn't bet)
Seat 4: Oleary92 (small blind) folded before Flop
Seat 5: GDELKO (big blind) collected ($1)



PokerStars Hand #254770037694:  Hold'em No Limit ($0.50/$1.00 USD) - 2025/02/08 18:52:13 WET [2025/02/08 13:52:13 ET]
Table 'Merga II' 6-max Seat #4 is the button
Seat 1: TheBluffPL ($24.70 in chips) 
Seat 2: BumHuntKing ($100 in chips) 
Seat 4: Oleary92 ($6 in chips) 
Seat 5: GDELKO ($15.48 in chips) 
GDELKO: posts small blind $0.50
TheBluffPL: posts big blind $1
*** HOLE CARDS ***
BumHuntKing: raises $1.20 to $2.20
Oleary92: folds 
GDELKO: raises $13.28 to $15.48 and is all-in
TheBluffPL: folds 
BumHuntKing: calls $13.28
*** FLOP *** [3h 6h 4s]
*** TURN *** [3h 6h 4s] [Kc]
*** RIVER *** [3h 6h 4s Kc] [7c]
*** SHOW DOWN ***
GDELKO: shows [9h Ah] (high card Ace)
BumHuntKing: shows [Qc Qs] (a pair of Queens)
BumHuntKing collected $30.96 from pot
*** SUMMARY ***
Total pot $31.96 | Rake $1 
Board [3h 6h 4s Kc 7c]
Seat 1: TheBluffPL (big blind) folded before Flop
Seat 2: BumHuntKing showed [Qc Qs] and won ($30.96) with a pair of Queens
Seat 4: Oleary92 (button) folded before Flop (didn't bet)
Seat 5: GDELKO (small blind) showed [9h Ah] and lost with high card Ace



PokerStars Hand #254770047250:  Hold'em No Limit ($0.50/$1.00 USD) - 2025/02/08 18:52:45 WET [2025/02/08 13:52:45 ET]
Table 'Merga II' 6-max Seat #1 is the button
Seat 5: GDELKO ($0 in chips) is sitting out
Seat 1: TheBluffPL ($23.70 in chips) 
Seat 2: BumHuntKing ($115.48 in chips) 
Seat 4: Oleary92 ($6 in chips) 
BumHuntKing: posts small blind $0.50
Oleary92: posts big blind $1
*** HOLE CARDS ***
TheBluffPL: raises $1.50 to $2.50
BumHuntKing: folds 
Oleary92: calls $1.50
*** FLOP *** [4h Ad 3h]
Oleary92: checks 
TheBluffPL: bets $4
Oleary92: folds 
Uncalled bet ($4) returned to TheBluffPL
TheBluffPL collected $5.22 from pot
*** SUMMARY ***
Total pot $5.50 | Rake $0.28 
Board [4h Ad 3h]
Seat 5: GDELKO
Seat 1: TheBluffPL (button) collected ($5.22)
Seat 2: BumHuntKing (small blind) folded before Flop
Seat 4: Oleary92 (big blind) folded on the Flop



PokerStars Hand #254770055964:  Hold'em No Limit ($0.50/$1.00 USD) - 2025/02/08 18:53:14 WET [2025/02/08 13:53:14 ET]
Table 'Merga II' 6-max Seat #2 is the button
Seat 5: GDELKO ($0 in chips) is sitting out
Seat 1: TheBluffPL ($26.42 in chips) 
Seat 2: BumHuntKing ($114.98 in chips) 
Seat 4: Oleary92 ($3.50 in chips) 
Oleary92: posts small blind $0.50
TheBluffPL: posts big blind $1
*** HOLE CARDS ***
BumHuntKing: raises $3.50 to $4.50
Oleary92: calls $3 and is all-in
TheBluffPL: folds 
Uncalled bet ($1) returned to BumHuntKing
*** FLOP *** [Jh 2s 9c]
*** TURN *** [Jh 2s 9c] [6s]
*** RIVER *** [Jh 2s 9c 6s] [2d]
*** SHOW DOWN ***
Oleary92: shows [As Ah] (two pair, Aces and Deuces)
BumHuntKing: shows [Jd Ks] (two pair, Jacks and Deuces)
Oleary92 collected $7.60 from pot
*** SUMMARY ***
Total pot $8 | Rake $0.40 
Board [Jh 2s 9c 6s 2d]
Seat 5: GDELKO
Seat 1: TheBluffPL (big blind) folded before Flop
Seat 2: BumHuntKing (button) showed [Jd Ks] and lost with two pair, Jacks and Deuces
Seat 4: Oleary92 (small blind) showed [As Ah] and won ($7.60) with two pair, Aces and Deuces



PokerStars Hand #254770063951:  Hold'em No Limit ($0.50/$1.00 USD) - 2025/02/08 18:53:41 WET [2025/02/08 13:53:41 ET]
Table 'Merga II' 6-max Seat #4 is the button
Seat 5: GDELKO ($0 in chips) is sitting out
Seat 1: TheBluffPL ($25.42 in chips) 
Seat 2: BumHuntKing ($111.48 in chips) 
Seat 4: Oleary92 ($7.60 in chips) 
TheBluffPL: posts small blind $0.50
BumHuntKing: posts big blind $1
*** HOLE CARDS ***
Oleary92: folds 
TheBluffPL: raises $2 to $3
BumHuntKing: folds 
Uncalled bet ($2) returned to TheBluffPL
TheBluffPL collected $2 from pot
*** SUMMARY ***
Total pot $2 | Rake $0 
Seat 5: GDELKO
Seat 1: TheBluffPL (small blind) collected ($2)
Seat 2: BumHuntKing (big blind) folded before Flop
Seat 4: Oleary92 (button) folded before Flop (didn't bet)



PokerStars Hand #254770067162:  Hold'em No Limit ($0.50/$1.00 USD) - 2025/02/08 18:53:53 WET [2025/02/08 13:53:53 ET]
Table 'Merga II' 6-max Seat #1 is the button
Seat 5: GDELKO ($0 in chips) is sitting out
Seat 1: TheBluffPL ($26.42 in chips) 
Seat 2: BumHuntKing ($110.48 in chips) 
Seat 4: Oleary92 ($7.60 in chips) 
BumHuntKing: posts small blind $0.50
Oleary92: posts big blind $1
*** HOLE CARDS ***
TheBluffPL: folds 
BumHuntKing: folds 
Uncalled bet ($0.50) returned to Oleary92
Oleary92 collected $1 from pot
*** SUMMARY ***
Total pot $1 | Rake $0 
Seat 5: GDELKO
Seat 1: TheBluffPL (button) folded before Flop (didn't bet)
Seat 2: BumHuntKing (small blind) folded before Flop
Seat 4: Oleary92 (big blind) collected ($1)



PokerStars Hand #254770069755:  Hold'em No Limit ($0.50/$1.00 USD) - 2025/02/08 18:54:01 WET [2025/02/08 13:54:01 ET]
Table 'Merga II' 6-max Seat #4 is the button
Seat 1: TheBluffPL ($26.42 in chips) is sitting out
Seat 5: GDELKO ($0 in chips) is sitting out
Seat 2: BumHuntKing ($109.98 in chips) 
Seat 4: Oleary92 ($8.10 in chips) 
Oleary92: posts small blind $0.50
TheBluffPL: is sitting out 
BumHuntKing: posts big blind $1
*** HOLE CARDS ***
TheBluffPL leaves the table
Oleary92: folds 
Uncalled bet ($0.50) returned to BumHuntKing
BumHuntKing collected $1 from pot
BumHuntKing: doesn't show hand 
*** SUMMARY ***
Total pot $1 | Rake $0 
Seat 1: TheBluffPL
Seat 5: GDELKO
Seat 2: BumHuntKing (big blind) collected ($1)
Seat 4: Oleary92 (button) (small blind) folded before Flop



PokerStars Hand #254770073245:  Hold'em No Limit ($0.50/$1.00 USD) - 2025/02/08 18:54:13 WET [2025/02/08 13:54:13 ET]
Table 'Merga II' 6-max Seat #2 is the button
Seat 5: GDELKO ($0 in chips) is sitting out
Seat 2: BumHuntKing ($110.48 in chips) 
Seat 4: Oleary92 ($7.60 in chips) 
BumHuntKing: posts small blind $0.50
Oleary92: posts big blind $1
*** HOLE CARDS ***
BumHuntKing: raises $1 to $2
Oleary92: raises $1 to $3
BumHuntKing: raises $9 to $12
Oleary92: calls $4.60 and is all-in
Uncalled bet ($4.40) returned to BumHuntKing
*** FLOP *** [3c Ac Th]
*** TURN *** [3c Ac Th] [Td]
*** RIVER *** [3c Ac Th Td] [6c]
*** SHOW DOWN ***
Oleary92: shows [Kd Ks] (two pair, Kings and Tens)
BumHuntKing: shows [8d Ah] (two pair, Aces and Tens)
BumHuntKing collected $14.44 from pot
*** SUMMARY ***
Total pot $15.20 | Rake $0.76 
Board [3c Ac Th Td 6c]
Seat 5: GDELKO
Seat 2: BumHuntKing (button) (small blind) showed [8d Ah] and won ($14.44) with two pair, Aces and Tens
Seat 4: Oleary92 (big blind) showed [Kd Ks] and lost with two pair, Kings and Tens



PokerStars Hand #254770086525:  Hold'em No Limit ($0.50/$1.00 USD) - 2025/02/08 18:54:58 WET [2025/02/08 13:54:58 ET]
Table 'Merga II' 6-max Seat #4 is the button
Seat 5: GDELKO ($0 in chips) is sitting out
Seat 2: BumHuntKing ($117.32 in chips) 
Seat 4: Oleary92 ($14.79 in chips) 
Oleary92: posts small blind $0.50
BumHuntKing: posts big blind $1
*** HOLE CARDS ***
Oleary92: folds 
Uncalled bet ($0.50) returned to BumHuntKing
BumHuntKing collected $1 from pot
BumHuntKing: doesn't show hand 
*** SUMMARY ***
Total pot $1 | Rake $0 
Seat 5: GDELKO
Seat 2: BumHuntKing (big blind) collected ($1)
Seat 4: Oleary92 (button) (small blind) folded before Flop



PokerStars Hand #254770088152:  Hold'em No Limit ($0.50/$1.00 USD) - 2025/02/08 18:55:04 WET [2025/02/08 13:55:04 ET]
Table 'Merga II' 6-max Seat #2 is the button
Seat 5: GDELKO ($0 in chips) is sitting out
Seat 2: BumHuntKing ($117.82 in chips) 
Seat 4: Oleary92 ($14.29 in chips) 
BumHuntKing: posts small blind $0.50
Oleary92: posts big blind $1
*** HOLE CARDS ***
BumHuntKing: raises $1 to $2
Oleary92: calls $1
*** FLOP *** [Qs 8d Kh]
Oleary92: checks 
BumHuntKing: bets $1
Oleary92: raises $1 to $2
BumHuntKing: calls $1
*** TURN *** [Qs 8d Kh] [5c]
Oleary92: checks 
BumHuntKing: checks 
*** RIVER *** [Qs 8d Kh 5c] [7h]
Oleary92: checks 
BumHuntKing: bets $11.40
Oleary92: calls $10.29 and is all-in
Uncalled bet ($1.11) returned to BumHuntKing
*** SHOW DOWN ***
BumHuntKing: shows [9h Jc] (high card King)
Oleary92: shows [Kd 9c] (a pair of Kings)
Oleary92 collected $27.58 from pot
*** SUMMARY ***
Total pot $28.58 | Rake $1 
Board [Qs 8d Kh 5c 7h]
Seat 5: GDELKO
Seat 2: BumHuntKing (button) (small blind) showed [9h Jc] and lost with high card King
Seat 4: Oleary92 (big blind) showed [Kd 9c] and won ($27.58) with a pair of Kings



PokerStars Hand #254770096874:  Hold'em No Limit ($0.50/$1.00 USD) - 2025/02/08 18:55:51 WET [2025/02/08 13:55:51 ET]
Table 'Merga II' 6-max Seat #4 is the button
Seat 5: GDELKO ($0 in chips) is sitting out
Seat 2: BumHuntKing ($103.53 in chips) 
Seat 4: Oleary92 ($27.58 in chips) 
Oleary92: posts small blind $0.50
BumHuntKing: posts big blind $1
*** HOLE CARDS ***
S3MPR3IGUAL joins the table at seat #6 
Oleary92: folds 
Uncalled bet ($0.50) returned to BumHuntKing
BumHuntKing collected $1 from pot
BumHuntKing: doesn't show hand 
*** SUMMARY ***
Total pot $1 | Rake $0 
Seat 5: GDELKO
Seat 2: BumHuntKing (big blind) collected ($1)
Seat 4: Oleary92 (button) (small blind) folded before Flop



PokerStars Hand #254770098655:  Hold'em No Limit ($0.50/$1.00 USD) - 2025/02/08 18:56:00 WET [2025/02/08 13:56:00 ET]
Table 'Merga II' 6-max Seat #2 is the button
Seat 5: GDELKO ($0 in chips) is sitting out
Seat 2: BumHuntKing ($104.03 in chips) 
Seat 4: Oleary92 ($27.08 in chips) 
Seat 6: S3MPR3IGUAL ($100 in chips) 
Oleary92: posts small blind $0.50
S3MPR3IGUAL: posts big blind $1
*** HOLE CARDS ***
BumHuntKing: folds 
Oleary92: calls $0.50
S3MPR3IGUAL: checks 
*** FLOP *** [Qh 4d Js]
Oleary92: checks 
S3MPR3IGUAL: checks 
*** TURN *** [Qh 4d Js] [2s]
Oleary92: checks 
S3MPR3IGUAL: checks 
*** RIVER *** [Qh 4d Js 2s] [9c]
Oleary92: checks 
S3MPR3IGUAL: checks 
*** SHOW DOWN ***
Oleary92: shows [6h Ad] (high card Ace)
S3MPR3IGUAL: mucks hand 
Oleary92 collected $1.90 from pot
*** SUMMARY ***
Total pot $2 | Rake $0.10 
Board [Qh 4d Js 2s 9c]
Seat 5: GDELKO
Seat 2: BumHuntKing (button) folded before Flop (didn't bet)
Seat 4: Oleary92 (small blind) showed [6h Ad] and won ($1.90) with high card Ace
Seat 6: S3MPR3IGUAL (big blind) mucked



PokerStars Hand #254770102224:  Hold'em No Limit ($0.50/$1.00 USD) - 2025/02/08 18:56:19 WET [2025/02/08 13:56:19 ET]
Table 'Merga II' 6-max Seat #4 is the button
Seat 5: GDELKO ($0 in chips) is sitting out
Seat 2: BumHuntKing ($104.03 in chips) 
Seat 4: Oleary92 ($27.98 in chips) 
Seat 6: S3MPR3IGUAL ($100 in chips) 
S3MPR3IGUAL: posts small blind $0.50
BumHuntKing: posts big blind $1
*** HOLE CARDS ***
Oleary92: raises $1 to $2
S3MPR3IGUAL: folds 
BumHuntKing: calls $1
*** FLOP *** [3s 5h 8c]
BumHuntKing: checks 
Oleary92: checks 
*** TURN *** [3s 5h 8c] [Th]
GDELKO is disconnected 
BumHuntKing: checks 
Oleary92: checks 
*** RIVER *** [3s 5h 8c Th] [2s]
BumHuntKing: bets $3.21
Oleary92: folds 
Uncalled bet ($3.21) returned to BumHuntKing
BumHuntKing collected $4.28 from pot
BumHuntKing: doesn't show hand 
*** SUMMARY ***
Total pot $4.50 | Rake $0.22 
Board [3s 5h 8c Th 2s]
Seat 5: GDELKO
Seat 2: BumHuntKing (big blind) collected ($4.28)
Seat 4: Oleary92 (button) folded on the River
Seat 6: S3MPR3IGUAL (small blind) folded before Flop



PokerStars Hand #254770107659:  Hold'em No Limit ($0.50/$1.00 USD) - 2025/02/08 18:56:48 WET [2025/02/08 13:56:48 ET]
Table 'Merga II' 6-max Seat #6 is the button
Seat 5: GDELKO ($0 in chips) is sitting out
Seat 2: BumHuntKing ($106.31 in chips) 
Seat 4: Oleary92 ($25.98 in chips) 
Seat 6: S3MPR3IGUAL ($100 in chips) 
BumHuntKing: posts small blind $0.50
Oleary92: posts big blind $1
*** HOLE CARDS ***
S3MPR3IGUAL: raises $1.20 to $2.20
BumHuntKing: folds 
Oleary92: folds 
Uncalled bet ($1.20) returned to S3MPR3IGUAL
S3MPR3IGUAL collected $2.50 from pot
S3MPR3IGUAL: doesn't show hand 
*** SUMMARY ***
Total pot $2.50 | Rake $0 
Seat 5: GDELKO
Seat 2: BumHuntKing (small blind) folded before Flop
Seat 4: Oleary92 (big blind) folded before Flop
Seat 6: S3MPR3IGUAL (button) collected ($2.50)



PokerStars Hand #254770111830:  Hold'em No Limit ($0.50/$1.00 USD) - 2025/02/08 18:57:10 WET [2025/02/08 13:57:10 ET]
Table 'Merga II' 6-max Seat #2 is the button
Seat 5: GDELKO ($0 in chips) is sitting out
Seat 2: BumHuntKing ($105.81 in chips) 
Seat 4: Oleary92 ($24.98 in chips) 
Seat 6: S3MPR3IGUAL ($101.50 in chips) 
Oleary92: posts small blind $0.50
S3MPR3IGUAL: posts big blind $1
*** HOLE CARDS ***
BumHuntKing: folds 
Oleary92: raises $1 to $2
S3MPR3IGUAL: raises $8 to $10
kingofmarcio joins the table at seat #1 
kingofmarcio is disconnected 
paramourx joins the table at seat #3 
Oleary92: folds 
Uncalled bet ($8) returned to S3MPR3IGUAL
S3MPR3IGUAL collected $4 from pot
S3MPR3IGUAL: doesn't show hand 
*** SUMMARY ***
Total pot $4 | Rake $0 
Seat 5: GDELKO
Seat 2: BumHuntKing (button) folded before Flop (didn't bet)
Seat 4: Oleary92 (small blind) folded before Flop
Seat 6: S3MPR3IGUAL (big blind) collected ($4)



PokerStars Hand #254770116743:  Hold'em No Limit ($0.50/$1.00 USD) - 2025/02/08 18:57:36 WET [2025/02/08 13:57:36 ET]
Table 'Merga II' 6-max Seat #4 is the button
Seat 3: paramourx ($100 in chips) is sitting out
Seat 5: GDELKO ($0 in chips) is sitting out
Seat 1: kingofmarcio ($50.04 in chips) 
Seat 2: BumHuntKing ($105.81 in chips) 
Seat 4: Oleary92 ($22.98 in chips) 
Seat 6: S3MPR3IGUAL ($103.50 in chips) 
S3MPR3IGUAL: posts small blind $0.50
kingofmarcio: posts big blind $1
paramourx: sits out 
*** HOLE CARDS ***
BumHuntKing: raises $1.20 to $2.20
Oleary92: folds 
S3MPR3IGUAL: folds 
kingofmarcio: calls $1.20
*** FLOP *** [Kd 2d 2h]
kingofmarcio: bets $4.66
BumHuntKing: calls $4.66
*** TURN *** [Kd 2d 2h] [8c]
kingofmarcio: bets $13.51
BumHuntKing: folds 
Uncalled bet ($13.51) returned to kingofmarcio
kingofmarcio collected $13.51 from pot
*** SUMMARY ***
Total pot $14.22 | Rake $0.71 
Board [Kd 2d 2h 8c]
Seat 3: paramourx
Seat 5: GDELKO
Seat 1: kingofmarcio (big blind) collected ($13.51)
Seat 2: BumHuntKing folded on the Turn
Seat 4: Oleary92 (button) folded before Flop (didn't bet)
Seat 6: S3MPR3IGUAL (small blind) folded before Flop



PokerStars Hand #254770123441:  Hold'em No Limit ($0.50/$1.00 USD) - 2025/02/08 18:58:11 WET [2025/02/08 13:58:11 ET]
Table 'Merga II' 6-max Seat #6 is the button
Seat 3: paramourx ($100 in chips) is sitting out
Seat 5: GDELKO ($0 in chips) is sitting out
Seat 1: kingofmarcio ($56.69 in chips) 
Seat 2: BumHuntKing ($100 in chips) 
Seat 4: Oleary92 ($22.98 in chips) 
Seat 6: S3MPR3IGUAL ($103 in chips) 
kingofmarcio: posts small blind $0.50
BumHuntKing: posts big blind $1
paramourx: sits out 
*** HOLE CARDS ***
Oleary92: folds 
S3MPR3IGUAL: folds 
kingofmarcio: calls $0.50
BumHuntKing: checks 
*** FLOP *** [4d 6s 8h]
kingofmarcio: checks 
BumHuntKing: bets $1
kingofmarcio: calls $1
*** TURN *** [4d 6s 8h] [2s]
kingofmarcio: bets $3.80
BumHuntKing: calls $3.80
*** RIVER *** [4d 6s 8h 2s] [6h]
kingofmarcio: checks 
BumHuntKing: checks 
*** SHOW DOWN ***
kingofmarcio: shows [Ts 9s] (a pair of Sixes)
BumHuntKing: shows [3h Ad] (a pair of Sixes - Ace kicker)
BumHuntKing collected $11.02 from pot
*** SUMMARY ***
Total pot $11.60 | Rake $0.58 
Board [4d 6s 8h 2s 6h]
Seat 3: paramourx
Seat 5: GDELKO
Seat 1: kingofmarcio (small blind) showed [Ts 9s] and lost with a pair of Sixes
Seat 2: BumHuntKing (big blind) showed [3h Ad] and won ($11.02) with a pair of Sixes
Seat 4: Oleary92 folded before Flop (didn't bet)
Seat 6: S3MPR3IGUAL (button) folded before Flop (didn't bet)



PokerStars Hand #254770130314:  Hold'em No Limit ($0.50/$1.00 USD) - 2025/02/08 18:58:48 WET [2025/02/08 13:58:48 ET]
Table 'Merga II' 6-max Seat #1 is the button
Seat 5: GDELKO ($0 in chips) is sitting out
Seat 1: kingofmarcio ($50.89 in chips) 
Seat 2: BumHuntKing ($105.22 in chips) 
Seat 3: paramourx ($100 in chips) 
Seat 4: Oleary92 ($22.98 in chips) 
Seat 6: S3MPR3IGUAL ($103 in chips) 
BumHuntKing: posts small blind $0.50
paramourx: posts big blind $1
*** HOLE CARDS ***
Oleary92: folds 
S3MPR3IGUAL: raises $1.20 to $2.20
kingofmarcio: folds 
BumHuntKing: folds 
paramourx: folds 
Uncalled bet ($1.20) returned to S3MPR3IGUAL
S3MPR3IGUAL collected $2.50 from pot
S3MPR3IGUAL: doesn't show hand 
*** SUMMARY ***
Total pot $2.50 | Rake $0 
Seat 5: GDELKO
Seat 1: kingofmarcio (button) folded before Flop (didn't bet)
Seat 2: BumHuntKing (small blind) folded before Flop
Seat 3: paramourx (big blind) folded before Flop
Seat 4: Oleary92 folded before Flop (didn't bet)
Seat 6: S3MPR3IGUAL collected ($2.50)



PokerStars Hand #254770134756:  Hold'em No Limit ($0.50/$1.00 USD) - 2025/02/08 18:59:11 WET [2025/02/08 13:59:11 ET]
Table 'Merga II' 6-max Seat #2 is the button
Seat 5: GDELKO ($0 in chips) is sitting out
Seat 1: kingofmarcio ($50.89 in chips) 
Seat 2: BumHuntKing ($104.72 in chips) 
Seat 3: paramourx ($100 in chips) 
Seat 4: Oleary92 ($22.98 in chips) 
Seat 6: S3MPR3IGUAL ($104.50 in chips) 
paramourx: posts small blind $0.50
Oleary92: posts big blind $1
*** HOLE CARDS ***
S3MPR3IGUAL: folds 
kingofmarcio: raises $3 to $4
BumHuntKing: folds 
paramourx: folds 
Oleary92: folds 
Uncalled bet ($3) returned to kingofmarcio
kingofmarcio collected $2.50 from pot
*** SUMMARY ***
Total pot $2.50 | Rake $0 
Seat 5: GDELKO
Seat 1: kingofmarcio collected ($2.50)
Seat 2: BumHuntKing (button) folded before Flop (didn't bet)
Seat 3: paramourx (small blind) folded before Flop
Seat 4: Oleary92 (big blind) folded before Flop
Seat 6: S3MPR3IGUAL folded before Flop (didn't bet)



PokerStars Hand #254770139825:  Hold'em No Limit ($0.50/$1.00 USD) - 2025/02/08 18:59:38 WET [2025/02/08 13:59:38 ET]
Table 'Merga II' 6-max Seat #3 is the button
Seat 5: GDELKO ($0 in chips) is sitting out
Seat 1: kingofmarcio ($52.39 in chips) 
Seat 2: BumHuntKing ($104.72 in chips) 
Seat 3: paramourx ($100 in chips) 
Seat 4: Oleary92 ($21.98 in chips) 
Seat 6: S3MPR3IGUAL ($104.50 in chips) 
Oleary92: posts small blind $0.50
S3MPR3IGUAL: posts big blind $1
*** HOLE CARDS ***
kingofmarcio: calls $1
BumHuntKing: raises $4 to $5
paramourx: folds 
Oleary92: calls $4.50
S3MPR3IGUAL: folds 
kingofmarcio: calls $4
*** FLOP *** [3h 4d Jc]
Oleary92: checks 
kingofmarcio: checks 
BumHuntKing: bets $7.60
Oleary92: raises $9.38 to $16.98 and is all-in
kingofmarcio: folds 
BumHuntKing: calls $9.38
*** TURN *** [3h 4d Jc] [Kd]
*** RIVER *** [3h 4d Jc Kd] [9s]
*** SHOW DOWN ***
Oleary92: shows [9h 9c] (three of a kind, Nines)
BumHuntKing: shows [Kh Ks] (three of a kind, Kings)
BumHuntKing collected $47.46 from pot
GDELKO leaves the table
*** SUMMARY ***
Total pot $49.96 | Rake $2.50 
Board [3h 4d Jc Kd 9s]
Seat 5: GDELKO
Seat 1: kingofmarcio folded on the Flop
Seat 2: BumHuntKing showed [Kh Ks] and won ($47.46) with three of a kind, Kings
Seat 3: paramourx (button) folded before Flop (didn't bet)
Seat 4: Oleary92 (small blind) showed [9h 9c] and lost with three of a kind, Nines
Seat 6: S3MPR3IGUAL (big blind) folded before Flop



PokerStars Hand #254770147159:  Hold'em No Limit ($0.50/$1.00 USD) - 2025/02/08 19:00:14 WET [2025/02/08 14:00:14 ET]
Table 'Merga II' 6-max Seat #6 is the button
Seat 4: Oleary92 ($0 in chips) is sitting out
Seat 1: kingofmarcio ($47.39 in chips) 
Seat 2: BumHuntKing ($130.20 in chips) 
Seat 3: paramourx ($100 in chips) 
Seat 6: S3MPR3IGUAL ($103.50 in chips) 
kingofmarcio: posts small blind $0.50
BumHuntKing: posts big blind $1
*** HOLE CARDS ***
paramourx: raises $2 to $3
S3MPR3IGUAL: folds 
kingofmarcio: folds 
BumHuntKing: folds 
Uncalled bet ($2) returned to paramourx
Oleary92 leaves the table
paramourx collected $2.50 from pot
paramourx: doesn't show hand 
*** SUMMARY ***
Total pot $2.50 | Rake $0 
Seat 4: Oleary92
Seat 1: kingofmarcio (small blind) folded before Flop
Seat 2: BumHuntKing (big blind) folded before Flop
Seat 3: paramourx collected ($2.50)
Seat 6: S3MPR3IGUAL (button) folded before Flop (didn't bet)



PokerStars Hand #254770149990:  Hold'em No Limit ($0.50/$1.00 USD) - 2025/02/08 19:00:28 WET [2025/02/08 14:00:28 ET]
Table 'Merga II' 6-max Seat #1 is the button
Seat 1: kingofmarcio ($46.89 in chips) 
Seat 2: BumHuntKing ($129.20 in chips) 
Seat 3: paramourx ($101.50 in chips) 
Seat 6: S3MPR3IGUAL ($103.50 in chips) 
BumHuntKing: posts small blind $0.50
paramourx: posts big blind $1
*** HOLE CARDS ***
S3MPR3IGUAL: raises $1.20 to $2.20
kingofmarcio: calls $2.20
BumHuntKing: folds 
AlexPinsk1 joins the table at seat #5 
paramourx: folds 
*** FLOP *** [Qd 4c 9d]
S3MPR3IGUAL: checks 
kingofmarcio: bets $5.60
S3MPR3IGUAL: folds 
Uncalled bet ($5.60) returned to kingofmarcio
kingofmarcio collected $5.60 from pot
*** SUMMARY ***
Total pot $5.90 | Rake $0.30 
Board [Qd 4c 9d]
Seat 1: kingofmarcio (button) collected ($5.60)
Seat 2: BumHuntKing (small blind) folded before Flop
Seat 3: paramourx (big blind) folded before Flop
Seat 6: S3MPR3IGUAL folded on the Flop



PokerStars Hand #254770155287:  Hold'em No Limit ($0.50/$1.00 USD) - 2025/02/08 19:00:51 WET [2025/02/08 14:00:51 ET]
Table 'Merga II' 6-max Seat #2 is the button
Seat 1: kingofmarcio ($50.29 in chips) 
Seat 2: BumHuntKing ($128.70 in chips) 
Seat 3: paramourx ($100.50 in chips) 
Seat 5: AlexPinsk1 ($100 in chips) 
Seat 6: S3MPR3IGUAL ($101.30 in chips) 
paramourx: posts small blind $0.50
AlexPinsk1: posts big blind $1
*** HOLE CARDS ***
S3MPR3IGUAL: folds 
kingofmarcio: calls $1
BumHuntKing: folds 
paramourx: calls $0.50
AlexPinsk1: raises $5.50 to $6.50
kingofmarcio: calls $5.50
paramourx: folds 
*** FLOP *** [Ts Jc Th]
AlexPinsk1: checks 
z00mba joins the table at seat #4 
kingofmarcio: bets $13.30
AlexPinsk1: folds 
Uncalled bet ($13.30) returned to kingofmarcio
kingofmarcio collected $13.30 from pot
*** SUMMARY ***
Total pot $14 | Rake $0.70 
Board [Ts Jc Th]
Seat 1: kingofmarcio collected ($13.30)
Seat 2: BumHuntKing (button) folded before Flop (didn't bet)
Seat 3: paramourx (small blind) folded before Flop
Seat 5: AlexPinsk1 (big blind) folded on the Flop
Seat 6: S3MPR3IGUAL folded before Flop (didn't bet)



PokerStars Hand #254770167597:  Hold'em No Limit ($0.50/$1.00 USD) - 2025/02/08 19:01:39 WET [2025/02/08 14:01:39 ET]
Table 'Merga II' 6-max Seat #3 is the button
Seat 4: z00mba ($100 in chips) is sitting out
Seat 1: kingofmarcio ($57.09 in chips) 
Seat 2: BumHuntKing ($128.70 in chips) 
Seat 3: paramourx ($100 in chips) 
Seat 5: AlexPinsk1 ($100 in chips) 
Seat 6: S3MPR3IGUAL ($101.30 in chips) 
AlexPinsk1: posts small blind $0.50
S3MPR3IGUAL: posts big blind $1
*** HOLE CARDS ***
kingofmarcio: folds 
BumHuntKing: folds 
paramourx: folds 
AlexPinsk1: folds 
Uncalled bet ($0.50) returned to S3MPR3IGUAL
S3MPR3IGUAL collected $1 from pot
S3MPR3IGUAL: doesn't show hand 
*** SUMMARY ***
Total pot $1 | Rake $0 
Seat 4: z00mba
Seat 1: kingofmarcio folded before Flop (didn't bet)
Seat 2: BumHuntKing folded before Flop (didn't bet)
Seat 3: paramourx (button) folded before Flop (didn't bet)
Seat 5: AlexPinsk1 (small blind) folded before Flop
Seat 6: S3MPR3IGUAL (big blind) collected ($1)



PokerStars Hand #254770173406:  Hold'em No Limit ($0.50/$1.00 USD) - 2025/02/08 19:01:59 WET [2025/02/08 14:01:59 ET]
Table 'Merga II' 6-max Seat #5 is the button
Seat 4: z00mba ($100 in chips) is sitting out
Seat 1: kingofmarcio ($57.09 in chips) 
Seat 2: BumHuntKing ($128.70 in chips) 
Seat 3: paramourx ($100 in chips) 
Seat 5: AlexPinsk1 ($100 in chips) 
Seat 6: S3MPR3IGUAL ($101.80 in chips) 
S3MPR3IGUAL: posts small blind $0.50
kingofmarcio: posts big blind $1
z00mba: sits out 
*** HOLE CARDS ***
BumHuntKing: folds 
paramourx: raises $2 to $3
AlexPinsk1: raises $6 to $9
S3MPR3IGUAL: folds 
kingofmarcio: folds 
paramourx: folds 
Uncalled bet ($6) returned to AlexPinsk1
AlexPinsk1 collected $7.50 from pot
AlexPinsk1: doesn't show hand 
*** SUMMARY ***
Total pot $7.50 | Rake $0 
Seat 4: z00mba
Seat 1: kingofmarcio (big blind) folded before Flop
Seat 2: BumHuntKing folded before Flop (didn't bet)
Seat 3: paramourx folded before Flop
Seat 5: AlexPinsk1 (button) collected ($7.50)
Seat 6: S3MPR3IGUAL (small blind) folded before Flop



PokerStars Hand #254770223226:  Hold'em No Limit ($0.50/$1.00 USD) - 2025/02/08 19:04:43 WET [2025/02/08 14:04:43 ET]
Table 'Merga II' 6-max Seat #3 is the button
Seat 1: kingofmarcio ($68.57 in chips) 
Seat 2: BumHuntKing ($127.20 in chips) 
Seat 3: paramourx ($100 in chips) 
Seat 4: z00mba ($100 in chips) 
Seat 5: AlexPinsk1 ($106 in chips) 
Seat 6: S3MPR3IGUAL ($101.50 in chips) 
z00mba: posts small blind $0.50
AlexPinsk1: posts big blind $1
*** HOLE CARDS ***
S3MPR3IGUAL: folds 
kingofmarcio: folds 
BumHuntKing: raises $1.20 to $2.20
paramourx: raises $5.30 to $7.50
z00mba: folds 
AlexPinsk1: raises $12 to $19.50
BumHuntKing: folds 
paramourx: folds 
Uncalled bet ($12) returned to AlexPinsk1
AlexPinsk1 collected $17.70 from pot
AlexPinsk1: doesn't show hand 
*** SUMMARY ***
Total pot $17.70 | Rake $0 
Seat 1: kingofmarcio folded before Flop (didn't bet)
Seat 2: BumHuntKing folded before Flop
Seat 3: paramourx (button) folded before Flop
Seat 4: z00mba (small blind) folded before Flop
Seat 5: AlexPinsk1 (big blind) collected ($17.70)
Seat 6: S3MPR3IGUAL folded before Flop (didn't bet)



PokerStars Hand #254770234352:  Hold'em No Limit ($0.50/$1.00 USD) - 2025/02/08 19:05:20 WET [2025/02/08 14:05:20 ET]
Table 'Merga II' 6-max Seat #4 is the button
Seat 1: kingofmarcio ($68.57 in chips) 
Seat 2: BumHuntKing ($125 in chips) 
Seat 3: paramourx ($100 in chips) 
Seat 4: z00mba ($100 in chips) 
Seat 5: AlexPinsk1 ($116.20 in chips) 
Seat 6: S3MPR3IGUAL ($101.50 in chips) 
AlexPinsk1: posts small blind $0.50
S3MPR3IGUAL: posts big blind $1
*** HOLE CARDS ***
kingofmarcio: folds 
BumHuntKing: raises $1.20 to $2.20
paramourx: raises $5.80 to $8
z00mba: folds 
AlexPinsk1: folds 
S3MPR3IGUAL: folds 
BumHuntKing: folds 
Uncalled bet ($5.80) returned to paramourx
paramourx collected $5.90 from pot
paramourx: doesn't show hand 
*** SUMMARY ***
Total pot $5.90 | Rake $0 
Seat 1: kingofmarcio folded before Flop (didn't bet)
Seat 2: BumHuntKing folded before Flop
Seat 3: paramourx collected ($5.90)
Seat 4: z00mba (button) folded before Flop (didn't bet)
Seat 5: AlexPinsk1 (small blind) folded before Flop
Seat 6: S3MPR3IGUAL (big blind) folded before Flop



PokerStars Hand #254770241344:  Hold'em No Limit ($0.50/$1.00 USD) - 2025/02/08 19:05:43 WET [2025/02/08 14:05:43 ET]
Table 'Merga II' 6-max Seat #5 is the button
Seat 1: kingofmarcio ($68.57 in chips) 
Seat 2: BumHuntKing ($122.80 in chips) 
Seat 3: paramourx ($103.70 in chips) 
Seat 4: z00mba ($100 in chips) 
Seat 5: AlexPinsk1 ($115.70 in chips) 
Seat 6: S3MPR3IGUAL ($100.50 in chips) 
S3MPR3IGUAL: posts small blind $0.50
kingofmarcio: posts big blind $1
*** HOLE CARDS ***
BumHuntKing: raises $1.20 to $2.20
paramourx: folds 
z00mba: folds 
AlexPinsk1: folds 
S3MPR3IGUAL: folds 
kingofmarcio: calls $1.20
*** FLOP *** [9c Tc Ks]
kingofmarcio: checks 
BumHuntKing: bets $1.54
kingofmarcio: raises $3.54 to $5.08
BumHuntKing: folds 
Uncalled bet ($3.54) returned to kingofmarcio
kingofmarcio collected $7.58 from pot
*** SUMMARY ***
Total pot $7.98 | Rake $0.40 
Board [9c Tc Ks]
Seat 1: kingofmarcio (big blind) collected ($7.58)
Seat 2: BumHuntKing folded on the Flop
Seat 3: paramourx folded before Flop (didn't bet)
Seat 4: z00mba folded before Flop (didn't bet)
Seat 5: AlexPinsk1 (button) folded before Flop (didn't bet)
Seat 6: S3MPR3IGUAL (small blind) folded before Flop



PokerStars Hand #254770251893:  Hold'em No Limit ($0.50/$1.00 USD) - 2025/02/08 19:06:17 WET [2025/02/08 14:06:17 ET]
Table 'Merga II' 6-max Seat #6 is the button
Seat 1: kingofmarcio ($72.41 in chips) 
Seat 2: BumHuntKing ($119.06 in chips) 
Seat 3: paramourx ($103.70 in chips) 
Seat 4: z00mba ($100 in chips) 
Seat 5: AlexPinsk1 ($115.70 in chips) 
Seat 6: S3MPR3IGUAL ($100 in chips) 
kingofmarcio: posts small blind $0.50
BumHuntKing: posts big blind $1
*** HOLE CARDS ***
paramourx: folds 
z00mba: folds 
AlexPinsk1: raises $1.50 to $2.50
S3MPR3IGUAL: folds 
kingofmarcio: folds 
BumHuntKing: folds 
Uncalled bet ($1.50) returned to AlexPinsk1
AlexPinsk1 collected $2.50 from pot
AlexPinsk1: doesn't show hand 
*** SUMMARY ***
Total pot $2.50 | Rake $0 
Seat 1: kingofmarcio (small blind) folded before Flop
Seat 2: BumHuntKing (big blind) folded before Flop
Seat 3: paramourx folded before Flop (didn't bet)
Seat 4: z00mba folded before Flop (didn't bet)
Seat 5: AlexPinsk1 collected ($2.50)
Seat 6: S3MPR3IGUAL (button) folded before Flop (didn't bet)



PokerStars Hand #254770258108:  Hold'em No Limit ($0.50/$1.00 USD) - 2025/02/08 19:06:37 WET [2025/02/08 14:06:37 ET]
Table 'Merga II' 6-max Seat #1 is the button
Seat 1: kingofmarcio ($71.91 in chips) 
Seat 2: BumHuntKing ($118.06 in chips) 
Seat 3: paramourx ($103.70 in chips) 
Seat 4: z00mba ($100 in chips) 
Seat 5: AlexPinsk1 ($117.20 in chips) 
Seat 6: S3MPR3IGUAL ($100 in chips) 
BumHuntKing: posts small blind $0.50
paramourx: posts big blind $1
*** HOLE CARDS ***
z00mba: folds 
AlexPinsk1: folds 
S3MPR3IGUAL: folds 
kingofmarcio: raises $5 to $6
BumHuntKing: folds 
paramourx: folds 
Uncalled bet ($5) returned to kingofmarcio
kingofmarcio collected $2.50 from pot
*** SUMMARY ***
Total pot $2.50 | Rake $0 
Seat 1: kingofmarcio (button) collected ($2.50)
Seat 2: BumHuntKing (small blind) folded before Flop
Seat 3: paramourx (big blind) folded before Flop
Seat 4: z00mba folded before Flop (didn't bet)
Seat 5: AlexPinsk1 folded before Flop (didn't bet)
Seat 6: S3MPR3IGUAL folded before Flop (didn't bet)



PokerStars Hand #254770263748:  Hold'em No Limit ($0.50/$1.00 USD) - 2025/02/08 19:06:56 WET [2025/02/08 14:06:56 ET]
Table 'Merga II' 6-max Seat #2 is the button
Seat 1: kingofmarcio ($73.41 in chips) 
Seat 2: BumHuntKing ($117.56 in chips) 
Seat 3: paramourx ($102.70 in chips) 
Seat 4: z00mba ($100 in chips) 
Seat 5: AlexPinsk1 ($117.20 in chips) 
Seat 6: S3MPR3IGUAL ($100 in chips) 
paramourx: posts small blind $0.50
z00mba: posts big blind $1
*** HOLE CARDS ***
AlexPinsk1: folds 
S3MPR3IGUAL: folds 
kingofmarcio: folds 
BumHuntKing: raises $1.50 to $2.50
paramourx: raises $9 to $11.50
z00mba: folds 
BumHuntKing: folds 
Uncalled bet ($9) returned to paramourx
paramourx collected $6 from pot
paramourx: doesn't show hand 
*** SUMMARY ***
Total pot $6 | Rake $0 
Seat 1: kingofmarcio folded before Flop (didn't bet)
Seat 2: BumHuntKing (button) folded before Flop
Seat 3: paramourx (small blind) collected ($6)
Seat 4: z00mba (big blind) folded before Flop
Seat 5: AlexPinsk1 folded before Flop (didn't bet)
Seat 6: S3MPR3IGUAL folded before Flop (didn't bet)



PokerStars Hand #254770269115:  Hold'em No Limit ($0.50/$1.00 USD) - 2025/02/08 19:07:14 WET [2025/02/08 14:07:14 ET]
Table 'Merga II' 6-max Seat #3 is the button
Seat 1: kingofmarcio ($73.41 in chips) 
Seat 2: BumHuntKing ($115.06 in chips) 
Seat 3: paramourx ($106.20 in chips) 
Seat 4: z00mba ($100 in chips) 
Seat 5: AlexPinsk1 ($117.20 in chips) 
Seat 6: S3MPR3IGUAL ($100 in chips) 
z00mba: posts small blind $0.50
AlexPinsk1: posts big blind $1
*** HOLE CARDS ***
S3MPR3IGUAL: folds 
kingofmarcio: folds 
BumHuntKing: folds 
paramourx: folds 
z00mba: folds 
Uncalled bet ($0.50) returned to AlexPinsk1
AlexPinsk1 collected $1 from pot
AlexPinsk1: doesn't show hand 
*** SUMMARY ***
Total pot $1 | Rake $0 
Seat 1: kingofmarcio folded before Flop (didn't bet)
Seat 2: BumHuntKing folded before Flop (didn't bet)
Seat 3: paramourx (button) folded before Flop (didn't bet)
Seat 4: z00mba (small blind) folded before Flop
Seat 5: AlexPinsk1 (big blind) collected ($1)
Seat 6: S3MPR3IGUAL folded before Flop (didn't bet)



PokerStars Hand #254770273268:  Hold'em No Limit ($0.50/$1.00 USD) - 2025/02/08 19:07:27 WET [2025/02/08 14:07:27 ET]
Table 'Merga II' 6-max Seat #4 is the button
Seat 1: kingofmarcio ($73.41 in chips) 
Seat 2: BumHuntKing ($115.06 in chips) 
Seat 3: paramourx ($106.20 in chips) 
Seat 4: z00mba ($100 in chips) 
Seat 5: AlexPinsk1 ($117.70 in chips) 
Seat 6: S3MPR3IGUAL ($100 in chips) 
AlexPinsk1: posts small blind $0.50
S3MPR3IGUAL: posts big blind $1
*** HOLE CARDS ***
kingofmarcio: folds 
BumHuntKing: folds 
paramourx: folds 
z00mba: folds 
AlexPinsk1: raises $2 to $3
S3MPR3IGUAL: folds 
Uncalled bet ($2) returned to AlexPinsk1
AlexPinsk1 collected $2 from pot
AlexPinsk1: doesn't show hand 
*** SUMMARY ***
Total pot $2 | Rake $0 
Seat 1: kingofmarcio folded before Flop (didn't bet)
Seat 2: BumHuntKing folded before Flop (didn't bet)
Seat 3: paramourx folded before Flop (didn't bet)
Seat 4: z00mba (button) folded before Flop (didn't bet)
Seat 5: AlexPinsk1 (small blind) collected ($2)
Seat 6: S3MPR3IGUAL (big blind) folded before Flop



PokerStars Hand #254770278325:  Hold'em No Limit ($0.50/$1.00 USD) - 2025/02/08 19:07:44 WET [2025/02/08 14:07:44 ET]
Table 'Merga II' 6-max Seat #5 is the button
Seat 1: kingofmarcio ($73.41 in chips) 
Seat 2: BumHuntKing ($115.06 in chips) 
Seat 3: paramourx ($106.20 in chips) 
Seat 4: z00mba ($100 in chips) 
Seat 5: AlexPinsk1 ($118.70 in chips) 
Seat 6: S3MPR3IGUAL ($100 in chips) 
S3MPR3IGUAL: posts small blind $0.50
kingofmarcio: posts big blind $1
*** HOLE CARDS ***
BumHuntKing: folds 
paramourx: folds 
z00mba: folds 
AlexPinsk1: raises $1.50 to $2.50
S3MPR3IGUAL: folds 
kingofmarcio: folds 
Uncalled bet ($1.50) returned to AlexPinsk1
AlexPinsk1 collected $2.50 from pot
AlexPinsk1: doesn't show hand 
*** SUMMARY ***
Total pot $2.50 | Rake $0 
Seat 1: kingofmarcio (big blind) folded before Flop
Seat 2: BumHuntKing folded before Flop (didn't bet)
Seat 3: paramourx folded before Flop (didn't bet)
Seat 4: z00mba folded before Flop (didn't bet)
Seat 5: AlexPinsk1 (button) collected ($2.50)
Seat 6: S3MPR3IGUAL (small blind) folded before Flop



PokerStars Hand #254770283187:  Hold'em No Limit ($0.50/$1.00 USD) - 2025/02/08 19:08:00 WET [2025/02/08 14:08:00 ET]
Table 'Merga II' 6-max Seat #6 is the button
Seat 1: kingofmarcio ($72.41 in chips) 
Seat 2: BumHuntKing ($115.06 in chips) 
Seat 3: paramourx ($106.20 in chips) 
Seat 4: z00mba ($100 in chips) 
Seat 5: AlexPinsk1 ($120.20 in chips) 
Seat 6: S3MPR3IGUAL ($100 in chips) 
kingofmarcio: posts small blind $0.50
BumHuntKing: posts big blind $1
*** HOLE CARDS ***
paramourx: folds 
z00mba: folds 
AlexPinsk1: raises $1.50 to $2.50
S3MPR3IGUAL: raises $5 to $7.50
kingofmarcio: folds 
BumHuntKing: folds 
AlexPinsk1: folds 
Uncalled bet ($5) returned to S3MPR3IGUAL
S3MPR3IGUAL collected $6.50 from pot
S3MPR3IGUAL: doesn't show hand 
*** SUMMARY ***
Total pot $6.50 | Rake $0 
Seat 1: kingofmarcio (small blind) folded before Flop
Seat 2: BumHuntKing (big blind) folded before Flop
Seat 3: paramourx folded before Flop (didn't bet)
Seat 4: z00mba folded before Flop (didn't bet)
Seat 5: AlexPinsk1 folded before Flop
Seat 6: S3MPR3IGUAL (button) collected ($6.50)



PokerStars Hand #254770290774:  Hold'em No Limit ($0.50/$1.00 USD) - 2025/02/08 19:08:24 WET [2025/02/08 14:08:24 ET]
Table 'Merga II' 6-max Seat #1 is the button
Seat 1: kingofmarcio ($71.91 in chips) 
Seat 2: BumHuntKing ($114.06 in chips) 
Seat 3: paramourx ($106.20 in chips) 
Seat 4: z00mba ($100 in chips) 
Seat 5: AlexPinsk1 ($117.70 in chips) 
Seat 6: S3MPR3IGUAL ($104 in chips) 
BumHuntKing: posts small blind $0.50
paramourx: posts big blind $1
*** HOLE CARDS ***
z00mba: folds 
AlexPinsk1: folds 
S3MPR3IGUAL: folds 
z00mba leaves the table
kingofmarcio: calls $1
BumHuntKing: folds 
paramourx: checks 
*** FLOP *** [Tc 3h 9c]
paramourx: checks 
kingofmarcio: bets $2
sta$igk joins the table at seat #4 
paramourx: folds 
Uncalled bet ($2) returned to kingofmarcio
kingofmarcio collected $2.38 from pot
*** SUMMARY ***
Total pot $2.50 | Rake $0.12 
Board [Tc 3h 9c]
Seat 1: kingofmarcio (button) collected ($2.38)
Seat 2: BumHuntKing (small blind) folded before Flop
Seat 3: paramourx (big blind) folded on the Flop
Seat 4: z00mba folded before Flop (didn't bet)
Seat 5: AlexPinsk1 folded before Flop (didn't bet)
Seat 6: S3MPR3IGUAL folded before Flop (didn't bet)



PokerStars Hand #254770301177:  Hold'em No Limit ($0.50/$1.00 USD) - 2025/02/08 19:08:58 WET [2025/02/08 14:08:58 ET]
Table 'Merga II' 6-max Seat #2 is the button
Seat 1: kingofmarcio ($73.29 in chips) 
Seat 2: BumHuntKing ($113.56 in chips) 
Seat 3: paramourx ($105.20 in chips) 
Seat 4: sta$igk ($100 in chips) 
Seat 5: AlexPinsk1 ($117.70 in chips) 
Seat 6: S3MPR3IGUAL ($104 in chips) 
paramourx: posts small blind $0.50
sta$igk: posts big blind $1
*** HOLE CARDS ***
AlexPinsk1: folds 
S3MPR3IGUAL: folds 
kingofmarcio: calls $1
BumHuntKing: raises $4 to $5
paramourx: folds 
sta$igk: folds 
kingofmarcio: calls $4
*** FLOP *** [7h Qc 9s]
kingofmarcio: bets $5.46
BumHuntKing: calls $5.46
*** TURN *** [7h Qc 9s] [3d]
kingofmarcio: checks 
BumHuntKing: bets $7.03
kingofmarcio: folds 
Uncalled bet ($7.03) returned to BumHuntKing
BumHuntKing collected $21.30 from pot
BumHuntKing: doesn't show hand 
*** SUMMARY ***
Total pot $22.42 | Rake $1.12 
Board [7h Qc 9s 3d]
Seat 1: kingofmarcio folded on the Turn
Seat 2: BumHuntKing (button) collected ($21.30)
Seat 3: paramourx (small blind) folded before Flop
Seat 4: sta$igk (big blind) folded before Flop
Seat 5: AlexPinsk1 folded before Flop (didn't bet)
Seat 6: S3MPR3IGUAL folded before Flop (didn't bet)



PokerStars Hand #254770312030:  Hold'em No Limit ($0.50/$1.00 USD) - 2025/02/08 19:09:34 WET [2025/02/08 14:09:34 ET]
Table 'Merga II' 6-max Seat #3 is the button
Seat 1: kingofmarcio ($62.83 in chips) 
Seat 2: BumHuntKing ($124.40 in chips) 
Seat 3: paramourx ($104.70 in chips) 
Seat 4: sta$igk ($100 in chips) 
Seat 5: AlexPinsk1 ($117.70 in chips) 
Seat 6: S3MPR3IGUAL ($104 in chips) 
sta$igk: posts small blind $0.50
AlexPinsk1: posts big blind $1
*** HOLE CARDS ***
S3MPR3IGUAL: folds 
kingofmarcio: folds 
BumHuntKing: raises $1.20 to $2.20
paramourx: raises $5.80 to $8
sta$igk: folds 
AlexPinsk1: folds 
BumHuntKing: raises $11 to $19
paramourx: raises $85.70 to $104.70 and is all-in
BumHuntKing: folds 
Uncalled bet ($85.70) returned to paramourx
paramourx collected $39.50 from pot
paramourx: doesn't show hand 
*** SUMMARY ***
Total pot $39.50 | Rake $0 
Seat 1: kingofmarcio folded before Flop (didn't bet)
Seat 2: BumHuntKing folded before Flop
Seat 3: paramourx (button) collected ($39.50)
Seat 4: sta$igk (small blind) folded before Flop
Seat 5: AlexPinsk1 (big blind) folded before Flop
Seat 6: S3MPR3IGUAL folded before Flop (didn't bet)



PokerStars Hand #254770325882:  Hold'em No Limit ($0.50/$1.00 USD) - 2025/02/08 19:10:20 WET [2025/02/08 14:10:20 ET]
Table 'Merga II' 6-max Seat #4 is the button
Seat 1: kingofmarcio ($62.83 in chips) 
Seat 2: BumHuntKing ($105.40 in chips) 
Seat 3: paramourx ($125.20 in chips) 
Seat 4: sta$igk ($100 in chips) 
Seat 5: AlexPinsk1 ($116.70 in chips) 
Seat 6: S3MPR3IGUAL ($104 in chips) 
AlexPinsk1: posts small blind $0.50
S3MPR3IGUAL: posts big blind $1
*** HOLE CARDS ***
kingofmarcio: folds 
BumHuntKing: folds 
paramourx: folds 
sta$igk: raises $1.50 to $2.50
AlexPinsk1: raises $7.50 to $10
S3MPR3IGUAL: folds 
sta$igk: folds 
Uncalled bet ($7.50) returned to AlexPinsk1
AlexPinsk1 collected $6 from pot
AlexPinsk1: doesn't show hand 
*** SUMMARY ***
Total pot $6 | Rake $0 
Seat 1: kingofmarcio folded before Flop (didn't bet)
Seat 2: BumHuntKing folded before Flop (didn't bet)
Seat 3: paramourx folded before Flop (didn't bet)
Seat 4: sta$igk (button) folded before Flop
Seat 5: AlexPinsk1 (small blind) collected ($6)
Seat 6: S3MPR3IGUAL (big blind) folded before Flop



PokerStars Hand #254770334252:  Hold'em No Limit ($0.50/$1.00 USD) - 2025/02/08 19:10:47 WET [2025/02/08 14:10:47 ET]
Table 'Merga II' 6-max Seat #5 is the button
Seat 1: kingofmarcio ($62.83 in chips) 
Seat 2: BumHuntKing ($105.40 in chips) 
Seat 3: paramourx ($125.20 in chips) 
Seat 4: sta$igk ($100 in chips) 
Seat 5: AlexPinsk1 ($120.20 in chips) 
Seat 6: S3MPR3IGUAL ($103 in chips) 
S3MPR3IGUAL: posts small blind $0.50
kingofmarcio: posts big blind $1
*** HOLE CARDS ***
BumHuntKing: raises $1.20 to $2.20
paramourx: folds 
sta$igk: folds 
AlexPinsk1: folds 
S3MPR3IGUAL: folds 
kingofmarcio: calls $1.20
*** FLOP *** [2s 6s 6c]
kingofmarcio: checks 
BumHuntKing: bets $1.54
kingofmarcio: raises $1.54 to $3.08
BumHuntKing: calls $1.54
*** TURN *** [2s 6s 6c] [8c]
kingofmarcio: bets $5
BumHuntKing: raises $95.12 to $100.12 and is all-in
kingofmarcio: calls $52.55 and is all-in
Uncalled bet ($42.57) returned to BumHuntKing
*** RIVER *** [2s 6s 6c 8c] [Kc]
*** SHOW DOWN ***
kingofmarcio: shows [6d Kd] (a full house, Sixes full of Kings)
BumHuntKing: shows [Ks 8s] (two pair, Kings and Eights)
kingofmarcio cashed out the hand for $90.89 | Cash Out Fee $1.86
*** SUMMARY ***
Total pot $126.16 | Rake $2.50 
Board [2s 6s 6c 8c Kc]
Seat 1: kingofmarcio (big blind) showed [6d Kd] and won ($123.66) with a full house, Sixes full of Kings (pot not awarded as player cashed out)
Seat 2: BumHuntKing showed [Ks 8s] and lost with two pair, Kings and Eights
Seat 3: paramourx folded before Flop (didn't bet)
Seat 4: sta$igk folded before Flop (didn't bet)
Seat 5: AlexPinsk1 (button) folded before Flop (didn't bet)
Seat 6: S3MPR3IGUAL (small blind) folded before Flop



PokerStars Hand #254770352084:  Hold'em No Limit ($0.50/$1.00 USD) - 2025/02/08 19:11:46 WET [2025/02/08 14:11:46 ET]
Table 'Merga II' 6-max Seat #6 is the button
Seat 1: kingofmarcio ($90.89 in chips) 
Seat 2: BumHuntKing ($100 in chips) 
Seat 3: paramourx ($125.20 in chips) 
Seat 4: sta$igk ($100 in chips) 
Seat 5: AlexPinsk1 ($120.20 in chips) 
Seat 6: S3MPR3IGUAL ($102.50 in chips) 
kingofmarcio: posts small blind $0.50
BumHuntKing: posts big blind $1
*** HOLE CARDS ***
paramourx: folds 
sta$igk: folds 
AlexPinsk1: folds 
S3MPR3IGUAL: folds 
kingofmarcio: calls $0.50
BumHuntKing: raises $2.50 to $3.50
kingofmarcio: calls $2.50
*** FLOP *** [Js 8h 8s]
kingofmarcio: checks 
BumHuntKing: bets $1.66
kingofmarcio: calls $1.66
*** TURN *** [Js 8h 8s] [Jd]
kingofmarcio: bets $9.80
BumHuntKing: calls $9.80
*** RIVER *** [Js 8h 8s Jd] [Kc]
kingofmarcio: checks 
BumHuntKing: bets $42.63
kingofmarcio: folds 
Uncalled bet ($42.63) returned to BumHuntKing
BumHuntKing collected $28.42 from pot
BumHuntKing: doesn't show hand 
*** SUMMARY ***
Total pot $29.92 | Rake $1.50 
Board [Js 8h 8s Jd Kc]
Seat 1: kingofmarcio (small blind) folded on the River
Seat 2: BumHuntKing (big blind) collected ($28.42)
Seat 3: paramourx folded before Flop (didn't bet)
Seat 4: sta$igk folded before Flop (didn't bet)
Seat 5: AlexPinsk1 folded before Flop (didn't bet)
Seat 6: S3MPR3IGUAL (button) folded before Flop (didn't bet)



PokerStars Hand #254770368128:  Hold'em No Limit ($0.50/$1.00 USD) - 2025/02/08 19:12:39 WET [2025/02/08 14:12:39 ET]
Table 'Merga II' 6-max Seat #1 is the button
Seat 1: kingofmarcio ($75.93 in chips) 
Seat 2: BumHuntKing ($113.46 in chips) 
Seat 3: paramourx ($125.20 in chips) 
Seat 4: sta$igk ($100 in chips) 
Seat 5: AlexPinsk1 ($120.20 in chips) 
Seat 6: S3MPR3IGUAL ($102.50 in chips) 
BumHuntKing: posts small blind $0.50
paramourx: posts big blind $1
*** HOLE CARDS ***
sta$igk: folds 
AlexPinsk1: folds 
S3MPR3IGUAL: raises $1.20 to $2.20
kingofmarcio: folds 
BumHuntKing: folds 
paramourx: folds 
Uncalled bet ($1.20) returned to S3MPR3IGUAL
S3MPR3IGUAL collected $2.50 from pot
S3MPR3IGUAL: doesn't show hand 
*** SUMMARY ***
Total pot $2.50 | Rake $0 
Seat 1: kingofmarcio (button) folded before Flop (didn't bet)
Seat 2: BumHuntKing (small blind) folded before Flop
Seat 3: paramourx (big blind) folded before Flop
Seat 4: sta$igk folded before Flop (didn't bet)
Seat 5: AlexPinsk1 folded before Flop (didn't bet)
Seat 6: S3MPR3IGUAL collected ($2.50)



PokerStars Hand #254770373473:  Hold'em No Limit ($0.50/$1.00 USD) - 2025/02/08 19:12:57 WET [2025/02/08 14:12:57 ET]
Table 'Merga II' 6-max Seat #2 is the button
Seat 1: kingofmarcio ($75.93 in chips) 
Seat 2: BumHuntKing ($112.96 in chips) 
Seat 3: paramourx ($124.20 in chips) 
Seat 4: sta$igk ($100 in chips) 
Seat 5: AlexPinsk1 ($120.20 in chips) 
Seat 6: S3MPR3IGUAL ($104 in chips) 
paramourx: posts small blind $0.50
sta$igk: posts big blind $1
*** HOLE CARDS ***
AlexPinsk1: raises $1.50 to $2.50
S3MPR3IGUAL: folds 
kingofmarcio: calls $2.50
BumHuntKing: calls $2.50
paramourx: raises $13 to $15.50
sta$igk: folds 
AlexPinsk1: folds 
kingofmarcio: calls $13
BumHuntKing: folds 
*** FLOP *** [2c 8h Js]
paramourx: bets $9.50
kingofmarcio: raises $9.50 to $19
paramourx: folds 
Uncalled bet ($9.50) returned to kingofmarcio
kingofmarcio collected $53.50 from pot
*** SUMMARY ***
Total pot $56 | Rake $2.50 
Board [2c 8h Js]
Seat 1: kingofmarcio collected ($53.50)
Seat 2: BumHuntKing (button) folded before Flop
Seat 3: paramourx (small blind) folded on the Flop
Seat 4: sta$igk (big blind) folded before Flop
Seat 5: AlexPinsk1 folded before Flop
Seat 6: S3MPR3IGUAL folded before Flop (didn't bet)



PokerStars Hand #254770388830:  Hold'em No Limit ($0.50/$1.00 USD) - 2025/02/08 19:13:47 WET [2025/02/08 14:13:47 ET]
Table 'Merga II' 6-max Seat #3 is the button
Seat 1: kingofmarcio ($104.43 in chips) 
Seat 2: BumHuntKing ($110.46 in chips) 
Seat 3: paramourx ($100 in chips) 
Seat 4: sta$igk ($100 in chips) 
Seat 5: AlexPinsk1 ($117.70 in chips) 
Seat 6: S3MPR3IGUAL ($104 in chips) 
sta$igk: posts small blind $0.50
AlexPinsk1: posts big blind $1
*** HOLE CARDS ***
S3MPR3IGUAL: folds 
kingofmarcio: calls $1
BumHuntKing: folds 
paramourx: folds 
sta$igk: raises $4 to $5
AlexPinsk1: folds 
kingofmarcio: calls $4
*** FLOP *** [5s Kh Ah]
sta$igk: checks 
kingofmarcio: bets $5.23
sta$igk: calls $5.23
*** TURN *** [5s Kh Ah] [5h]
sta$igk: checks 
kingofmarcio: bets $7.20
sta$igk: calls $7.20
*** RIVER *** [5s Kh Ah 5h] [Kc]
sta$igk: bets $17.04
kingofmarcio: raises $32.96 to $50
sta$igk: raises $32.57 to $82.57 and is all-in
kingofmarcio: calls $32.57
*** SHOW DOWN ***
sta$igk: shows [Ks Qh] (a full house, Kings full of Fives)
kingofmarcio: shows [Kd 5d] (a full house, Kings full of Fives)
sta$igk collected $99.25 from pot
kingofmarcio collected $99.25 from pot
*** SUMMARY ***
Total pot $201 | Rake $2.50 
Board [5s Kh Ah 5h Kc]
Seat 1: kingofmarcio showed [Kd 5d] and won ($99.25) with a full house, Kings full of Fives
Seat 2: BumHuntKing folded before Flop (didn't bet)
Seat 3: paramourx (button) folded before Flop (didn't bet)
Seat 4: sta$igk (small blind) showed [Ks Qh] and won ($99.25) with a full house, Kings full of Fives
Seat 5: AlexPinsk1 (big blind) folded before Flop
Seat 6: S3MPR3IGUAL folded before Flop (didn't bet)



PokerStars Hand #254770412549:  Hold'em No Limit ($0.50/$1.00 USD) - 2025/02/08 19:15:05 WET [2025/02/08 14:15:05 ET]
Table 'Merga II' 6-max Seat #4 is the button
Seat 1: kingofmarcio ($103.68 in chips) 
Seat 2: BumHuntKing ($110.46 in chips) 
Seat 3: paramourx ($100 in chips) 
Seat 4: sta$igk ($100 in chips) 
Seat 5: AlexPinsk1 ($116.70 in chips) 
Seat 6: S3MPR3IGUAL ($104 in chips) 
AlexPinsk1: posts small blind $0.50
S3MPR3IGUAL: posts big blind $1
*** HOLE CARDS ***
kingofmarcio: calls $1
BumHuntKing: folds 
paramourx: raises $4 to $5
sta$igk: folds 
AlexPinsk1: folds 
S3MPR3IGUAL: folds 
kingofmarcio: calls $4
*** FLOP *** [9s 9h 5d]
kingofmarcio: checks 
paramourx: bets $3.39
kingofmarcio: folds 
Uncalled bet ($3.39) returned to paramourx
paramourx collected $10.92 from pot
paramourx: doesn't show hand 
*** SUMMARY ***
Total pot $11.50 | Rake $0.58 
Board [9s 9h 5d]
Seat 1: kingofmarcio folded on the Flop
Seat 2: BumHuntKing folded before Flop (didn't bet)
Seat 3: paramourx collected ($10.92)
Seat 4: sta$igk (button) folded before Flop (didn't bet)
Seat 5: AlexPinsk1 (small blind) folded before Flop
Seat 6: S3MPR3IGUAL (big blind) folded before Flop



PokerStars Hand #254770423229:  Hold'em No Limit ($0.50/$1.00 USD) - 2025/02/08 19:15:41 WET [2025/02/08 14:15:41 ET]
Table 'Merga II' 6-max Seat #5 is the button
Seat 1: kingofmarcio ($98.68 in chips) 
Seat 2: BumHuntKing ($110.46 in chips) 
Seat 3: paramourx ($105.92 in chips) 
Seat 4: sta$igk ($100 in chips) 
Seat 5: AlexPinsk1 ($116.20 in chips) 
Seat 6: S3MPR3IGUAL ($103 in chips) 
S3MPR3IGUAL: posts small blind $0.50
kingofmarcio: posts big blind $1
*** HOLE CARDS ***
BumHuntKing: folds 
paramourx: folds 
sta$igk: folds 
AlexPinsk1: folds 
S3MPR3IGUAL: folds 
Uncalled bet ($0.50) returned to kingofmarcio
kingofmarcio collected $1 from pot
*** SUMMARY ***
Total pot $1 | Rake $0 
Seat 1: kingofmarcio (big blind) collected ($1)
Seat 2: BumHuntKing folded before Flop (didn't bet)
Seat 3: paramourx folded before Flop (didn't bet)
Seat 4: sta$igk folded before Flop (didn't bet)
Seat 5: AlexPinsk1 (button) folded before Flop (didn't bet)
Seat 6: S3MPR3IGUAL (small blind) folded before Flop



PokerStars Hand #254770427125:  Hold'em No Limit ($0.50/$1.00 USD) - 2025/02/08 19:15:54 WET [2025/02/08 14:15:54 ET]
Table 'Merga II' 6-max Seat #6 is the button
Seat 1: kingofmarcio ($99.18 in chips) 
Seat 2: BumHuntKing ($110.46 in chips) 
Seat 3: paramourx ($105.92 in chips) 
Seat 4: sta$igk ($100 in chips) 
Seat 5: AlexPinsk1 ($116.20 in chips) 
Seat 6: S3MPR3IGUAL ($102.50 in chips) 
kingofmarcio: posts small blind $0.50
BumHuntKing: posts big blind $1
*** HOLE CARDS ***
paramourx: raises $2 to $3
sta$igk: folds 
AlexPinsk1: folds 
S3MPR3IGUAL: folds 
kingofmarcio: calls $2.50
BumHuntKing: folds 
*** FLOP *** [4c Ac 3h]
kingofmarcio: checks 
paramourx: checks 
*** TURN *** [4c Ac 3h] [Qh]
kingofmarcio: checks 
paramourx: bets $2.06
kingofmarcio: folds 
Uncalled bet ($2.06) returned to paramourx
paramourx collected $6.65 from pot
paramourx: doesn't show hand 
*** SUMMARY ***
Total pot $7 | Rake $0.35 
Board [4c Ac 3h Qh]
Seat 1: kingofmarcio (small blind) folded on the Turn
Seat 2: BumHuntKing (big blind) folded before Flop
Seat 3: paramourx collected ($6.65)
Seat 4: sta$igk folded before Flop (didn't bet)
Seat 5: AlexPinsk1 folded before Flop (didn't bet)
Seat 6: S3MPR3IGUAL (button) folded before Flop (didn't bet)



PokerStars Hand #254770442184:  Hold'em No Limit ($0.50/$1.00 USD) - 2025/02/08 19:16:44 WET [2025/02/08 14:16:44 ET]
Table 'Merga II' 6-max Seat #1 is the button
Seat 1: kingofmarcio ($96.18 in chips) 
Seat 2: BumHuntKing ($109.46 in chips) 
Seat 3: paramourx ($109.57 in chips) 
Seat 4: sta$igk ($100 in chips) 
Seat 5: AlexPinsk1 ($116.20 in chips) 
Seat 6: S3MPR3IGUAL ($102.50 in chips) 
BumHuntKing: posts small blind $0.50
paramourx: posts big blind $1
*** HOLE CARDS ***
sta$igk: raises $1.50 to $2.50
AlexPinsk1: folds 
S3MPR3IGUAL: folds 
kingofmarcio: calls $2.50
BumHuntKing: raises $10 to $12.50
paramourx: folds 
sta$igk: folds 
kingofmarcio: folds 
Uncalled bet ($10) returned to BumHuntKing
BumHuntKing collected $8.50 from pot
BumHuntKing: doesn't show hand 
*** SUMMARY ***
Total pot $8.50 | Rake $0 
Seat 1: kingofmarcio (button) folded before Flop
Seat 2: BumHuntKing (small blind) collected ($8.50)
Seat 3: paramourx (big blind) folded before Flop
Seat 4: sta$igk folded before Flop
Seat 5: AlexPinsk1 folded before Flop (didn't bet)
Seat 6: S3MPR3IGUAL folded before Flop (didn't bet)



PokerStars Hand #254770451654:  Hold'em No Limit ($0.50/$1.00 USD) - 2025/02/08 19:17:16 WET [2025/02/08 14:17:16 ET]
Table 'Merga II' 6-max Seat #2 is the button
Seat 1: kingofmarcio ($93.68 in chips) 
Seat 2: BumHuntKing ($115.46 in chips) 
Seat 3: paramourx ($108.57 in chips) 
Seat 4: sta$igk ($100 in chips) 
Seat 5: AlexPinsk1 ($116.20 in chips) 
Seat 6: S3MPR3IGUAL ($102.50 in chips) 
paramourx: posts small blind $0.50
sta$igk: posts big blind $1
*** HOLE CARDS ***
AlexPinsk1: folds 
S3MPR3IGUAL: raises $1.20 to $2.20
kingofmarcio: calls $2.20
BumHuntKing: raises $7.80 to $10
paramourx: folds 
sta$igk: folds 
S3MPR3IGUAL: raises $92.50 to $102.50 and is all-in
kingofmarcio: folds 
BumHuntKing: folds 
Uncalled bet ($92.50) returned to S3MPR3IGUAL
S3MPR3IGUAL collected $23.70 from pot
S3MPR3IGUAL: doesn't show hand 
*** SUMMARY ***
Total pot $23.70 | Rake $0 
Seat 1: kingofmarcio folded before Flop
Seat 2: BumHuntKing (button) folded before Flop
Seat 3: paramourx (small blind) folded before Flop
Seat 4: sta$igk (big blind) folded before Flop
Seat 5: AlexPinsk1 folded before Flop (didn't bet)
Seat 6: S3MPR3IGUAL collected ($23.70)



PokerStars Hand #254770460575:  Hold'em No Limit ($0.50/$1.00 USD) - 2025/02/08 19:17:45 WET [2025/02/08 14:17:45 ET]
Table 'Merga II' 6-max Seat #3 is the button
Seat 1: kingofmarcio ($91.48 in chips) 
Seat 2: BumHuntKing ($105.46 in chips) 
Seat 3: paramourx ($108.07 in chips) 
Seat 4: sta$igk ($100 in chips) 
Seat 5: AlexPinsk1 ($116.20 in chips) 
Seat 6: S3MPR3IGUAL ($116.20 in chips) 
sta$igk: posts small blind $0.50
AlexPinsk1: posts big blind $1
*** HOLE CARDS ***
S3MPR3IGUAL: folds 
kingofmarcio: folds 
BumHuntKing: folds 
paramourx: raises $2 to $3
sta$igk: folds 
kingofmarcio leaves the table
AlexPinsk1: raises $9.50 to $12.50
paramourx: calls $9.50
*** FLOP *** [5c Ad 9d]
S3MPR3IGUAL leaves the table
AlexPinsk1: checks 
paramourx: bets $7.51
AlexPinsk1: folds 
Uncalled bet ($7.51) returned to paramourx
paramourx collected $24.22 from pot
paramourx: doesn't show hand 
*** SUMMARY ***
Total pot $25.50 | Rake $1.28 
Board [5c Ad 9d]
Seat 1: kingofmarcio folded before Flop (didn't bet)
Seat 2: BumHuntKing folded before Flop (didn't bet)
Seat 3: paramourx (button) collected ($24.22)
Seat 4: sta$igk (small blind) folded before Flop
Seat 5: AlexPinsk1 (big blind) folded on the Flop
Seat 6: S3MPR3IGUAL folded before Flop (didn't bet)



PokerStars Hand #254770182646:  Hold'em No Limit ($0.50/$1.00 USD) - 2025/02/08 19:02:28 WET [2025/02/08 14:02:28 ET]
Table 'Merga II' 6-max Seat #6 is the button
Seat 4: z00mba ($100 in chips) is sitting out
Seat 1: kingofmarcio ($56.09 in chips) 
Seat 2: BumHuntKing ($128.70 in chips) 
Seat 3: paramourx ($100 in chips) 
Seat 5: AlexPinsk1 ($104.50 in chips) 
Seat 6: S3MPR3IGUAL ($101.30 in chips) 
kingofmarcio: posts small blind $0.50
BumHuntKing: posts big blind $1
z00mba: sits out 
*** HOLE CARDS ***
paramourx: folds 
AlexPinsk1: raises $1.50 to $2.50
S3MPR3IGUAL: folds 
kingofmarcio: folds 
BumHuntKing: folds 
Uncalled bet ($1.50) returned to AlexPinsk1
AlexPinsk1 collected $2.50 from pot
AlexPinsk1: doesn't show hand 
*** SUMMARY ***
Total pot $2.50 | Rake $0 
Seat 4: z00mba
Seat 1: kingofmarcio (small blind) folded before Flop
Seat 2: BumHuntKing (big blind) folded before Flop
Seat 3: paramourx folded before Flop (didn't bet)
Seat 5: AlexPinsk1 collected ($2.50)
Seat 6: S3MPR3IGUAL (button) folded before Flop (didn't bet)



PokerStars Hand #254770186211:  Hold'em No Limit ($0.50/$1.00 USD) - 2025/02/08 19:02:41 WET [2025/02/08 14:02:41 ET]
Table 'Merga II' 6-max Seat #1 is the button
Seat 4: z00mba ($100 in chips) is sitting out
Seat 1: kingofmarcio ($55.59 in chips) 
Seat 2: BumHuntKing ($127.70 in chips) 
Seat 3: paramourx ($100 in chips) 
Seat 5: AlexPinsk1 ($106 in chips) 
Seat 6: S3MPR3IGUAL ($101.30 in chips) 
BumHuntKing: posts small blind $0.50
paramourx: posts big blind $1
z00mba: sits out 
*** HOLE CARDS ***
AlexPinsk1: folds 
S3MPR3IGUAL: raises $1.20 to $2.20
kingofmarcio: calls $2.20
BumHuntKing: folds 
paramourx: calls $1.20
*** FLOP *** [Ts 7d Ac]
paramourx: checks 
S3MPR3IGUAL: checks 
kingofmarcio: bets $3.37
paramourx: folds 
S3MPR3IGUAL: calls $3.37
*** TURN *** [Ts 7d Ac] [9c]
S3MPR3IGUAL: checks 
kingofmarcio: bets $6
S3MPR3IGUAL: calls $6
*** RIVER *** [Ts 7d Ac 9c] [5s]
S3MPR3IGUAL: checks 
kingofmarcio: bets $18
S3MPR3IGUAL: folds 
Uncalled bet ($18) returned to kingofmarcio
kingofmarcio collected $24.55 from pot
*** SUMMARY ***
Total pot $25.84 | Rake $1.29 
Board [Ts 7d Ac 9c 5s]
Seat 4: z00mba
Seat 1: kingofmarcio (button) collected ($24.55)
Seat 2: BumHuntKing (small blind) folded before Flop
Seat 3: paramourx (big blind) folded on the Flop
Seat 5: AlexPinsk1 folded before Flop (didn't bet)
Seat 6: S3MPR3IGUAL folded on the River



PokerStars Hand #254770215717:  Hold'em No Limit ($0.50/$1.00 USD) - 2025/02/08 19:04:19 WET [2025/02/08 14:04:19 ET]
Table 'Merga II' 6-max Seat #2 is the button
Seat 1: kingofmarcio ($68.57 in chips) 
Seat 2: BumHuntKing ($127.20 in chips) 
Seat 3: paramourx ($100 in chips) 
Seat 4: z00mba ($100 in chips) 
Seat 5: AlexPinsk1 ($106 in chips) 
Seat 6: S3MPR3IGUAL ($100 in chips) 
paramourx: posts small blind $0.50
z00mba: posts big blind $1
*** HOLE CARDS ***
AlexPinsk1: folds 
S3MPR3IGUAL: raises $1.20 to $2.20
kingofmarcio: folds 
BumHuntKing: folds 
paramourx: folds 
z00mba: folds 
Uncalled bet ($1.20) returned to S3MPR3IGUAL
S3MPR3IGUAL collected $2.50 from pot
S3MPR3IGUAL: doesn't show hand 
*** SUMMARY ***
Total pot $2.50 | Rake $0 
Seat 1: kingofmarcio folded before Flop (didn't bet)
Seat 2: BumHuntKing (button) folded before Flop (didn't bet)
Seat 3: paramourx (small blind) folded before Flop
Seat 4: z00mba (big blind) folded before Flop
Seat 5: AlexPinsk1 folded before Flop (didn't bet)
Seat 6: S3MPR3IGUAL collected ($2.50)



