PokerStars Hand #254762107758:  Hold'em No Limit ($0.50/$1.00 USD) - 2025/02/08 6:47:18 WET [2025/02/08 1:47:18 ET]
Table 'Salyut' 6-max Seat #5 is the button
Seat 1: reeqar ($100 in chips) 
Seat 2: B1GBankroll ($197.90 in chips) 
Seat 3: CashfishT ($103 in chips) 
Seat 4: Pon4uk.ua ($112.76 in chips) 
Seat 5: peak joker33 ($100 in chips) 
Seat 6: The_Pun1sh3r11 ($157.63 in chips) 
The_Pun1sh3r11: posts small blind $0.50
reeqar: posts big blind $1
*** HOLE CARDS ***
B1GBankroll: raises $1.50 to $2.50
CashfishT: folds 
Pon4uk.ua: folds 
peak joker33: folds 
The_Pun1sh3r11: calls $2
reeqar: folds 
*** FLOP *** [Tc Ad Th]
The_Pun1sh3r11: checks 
B1GBankroll: checks 
*** TURN *** [Tc Ad Th] [3c]
The_Pun1sh3r11: bets $4.73
B1GBankroll: calls $4.73
*** RIVER *** [Tc Ad Th 3c] [Jc]
The_Pun1sh3r11: bets $35
B1GBankroll: raises $155.67 to $190.67 and is all-in
The_Pun1sh3r11: calls $115.40 and is all-in
Uncalled bet ($40.27) returned to B1GBankroll
*** SHOW DOWN ***
B1GBankroll: shows [As Ac] (a full house, Aces full of Tens)
The_Pun1sh3r11: shows [3s 3d] (a full house, Threes full of Tens)
B1GBankroll collected $313.76 from pot
*** SUMMARY ***
Total pot $316.26 | Rake $2.50 
Board [Tc Ad Th 3c Jc]
Seat 1: reeqar (big blind) folded before Flop
Seat 2: B1GBankroll showed [As Ac] and won ($313.76) with a full house, Aces full of Tens
Seat 3: CashfishT folded before Flop (didn't bet)
Seat 4: Pon4uk.ua folded before Flop (didn't bet)
Seat 5: peak joker33 (button) folded before Flop (didn't bet)
Seat 6: The_Pun1sh3r11 (small blind) showed [3s 3d] and lost with a full house, Threes full of Tens



PokerStars Hand #254762114963:  Hold'em No Limit ($0.50/$1.00 USD) - 2025/02/08 6:48:41 WET [2025/02/08 1:48:41 ET]
Table 'Salyut' 6-max Seat #1 is the button
Seat 6: The_Pun1sh3r11 ($0 in chips) is sitting out
Seat 1: reeqar ($100 in chips) 
Seat 2: B1GBankroll ($354.03 in chips) 
Seat 3: CashfishT ($103 in chips) 
Seat 4: Pon4uk.ua ($112.76 in chips) 
Seat 5: peak joker33 ($100 in chips) 
B1GBankroll: posts small blind $0.50
CashfishT: posts big blind $1
*** HOLE CARDS ***
Pon4uk.ua: folds 
peak joker33: folds 
reeqar: folds 
B1GBankroll: folds 
Uncalled bet ($0.50) returned to CashfishT
CashfishT collected $1 from pot
CashfishT: doesn't show hand 
*** SUMMARY ***
Total pot $1 | Rake $0 
Seat 6: The_Pun1sh3r11
Seat 1: reeqar (button) folded before Flop (didn't bet)
Seat 2: B1GBankroll (small blind) folded before Flop
Seat 3: CashfishT (big blind) collected ($1)
Seat 4: Pon4uk.ua folded before Flop (didn't bet)
Seat 5: peak joker33 folded before Flop (didn't bet)



PokerStars Hand #254762116022:  Hold'em No Limit ($0.50/$1.00 USD) - 2025/02/08 6:48:53 WET [2025/02/08 1:48:53 ET]
Table 'Salyut' 6-max Seat #2 is the button
Seat 1: reeqar ($100 in chips) 
Seat 2: B1GBankroll ($353.53 in chips) 
Seat 3: CashfishT ($103.50 in chips) 
Seat 4: Pon4uk.ua ($112.76 in chips) 
Seat 5: peak joker33 ($100 in chips) 
Seat 6: The_Pun1sh3r11 ($100 in chips) 
CashfishT: posts small blind $0.50
Pon4uk.ua: posts big blind $1
*** HOLE CARDS ***
peak joker33: folds 
The_Pun1sh3r11: folds 
reeqar: folds 
B1GBankroll: folds 
CashfishT: raises $2 to $3
Pon4uk.ua: calls $2
*** FLOP *** [7h Jc 5h]
CashfishT: checks 
Pon4uk.ua: checks 
*** TURN *** [7h Jc 5h] [2c]
CashfishT: bets $4.28
Pon4uk.ua: folds 
Uncalled bet ($4.28) returned to CashfishT
CashfishT collected $5.70 from pot
CashfishT: doesn't show hand 
*** SUMMARY ***
Total pot $6 | Rake $0.30 
Board [7h Jc 5h 2c]
Seat 1: reeqar folded before Flop (didn't bet)
Seat 2: B1GBankroll (button) folded before Flop (didn't bet)
Seat 3: CashfishT (small blind) collected ($5.70)
Seat 4: Pon4uk.ua (big blind) folded on the Turn
Seat 5: peak joker33 folded before Flop (didn't bet)
Seat 6: The_Pun1sh3r11 folded before Flop (didn't bet)



PokerStars Hand #254762120129:  Hold'em No Limit ($0.50/$1.00 USD) - 2025/02/08 6:49:41 WET [2025/02/08 1:49:41 ET]
Table 'Salyut' 6-max Seat #3 is the button
Seat 1: reeqar ($100 in chips) 
Seat 2: B1GBankroll ($353.53 in chips) 
Seat 3: CashfishT ($106.20 in chips) 
Seat 4: Pon4uk.ua ($109.76 in chips) 
Seat 5: peak joker33 ($100 in chips) 
Seat 6: The_Pun1sh3r11 ($100 in chips) 
Pon4uk.ua: posts small blind $0.50
peak joker33: posts big blind $1
*** HOLE CARDS ***
The_Pun1sh3r11: folds 
reeqar has timed out
reeqar: folds 
B1GBankroll: folds 
CashfishT: folds 
Pon4uk.ua: folds 
Uncalled bet ($0.50) returned to peak joker33
peak joker33 collected $1 from pot
peak joker33: doesn't show hand 
*** SUMMARY ***
Total pot $1 | Rake $0 
Seat 1: reeqar folded before Flop (didn't bet)
Seat 2: B1GBankroll folded before Flop (didn't bet)
Seat 3: CashfishT (button) folded before Flop (didn't bet)
Seat 4: Pon4uk.ua (small blind) folded before Flop
Seat 5: peak joker33 (big blind) collected ($1)
Seat 6: The_Pun1sh3r11 folded before Flop (didn't bet)



PokerStars Hand #254762123173:  Hold'em No Limit ($0.50/$1.00 USD) - 2025/02/08 6:50:15 WET [2025/02/08 1:50:15 ET]
Table 'Salyut' 6-max Seat #4 is the button
Seat 1: reeqar ($100 in chips) 
Seat 2: B1GBankroll ($353.53 in chips) 
Seat 3: CashfishT ($106.20 in chips) 
Seat 4: Pon4uk.ua ($109.26 in chips) 
Seat 5: peak joker33 ($100.50 in chips) 
Seat 6: The_Pun1sh3r11 ($100 in chips) 
peak joker33: posts small blind $0.50
The_Pun1sh3r11: posts big blind $1
*** HOLE CARDS ***
reeqar: folds 
B1GBankroll: folds 
CashfishT: folds 
Pon4uk.ua: raises $1.50 to $2.50
peak joker33: folds 
The_Pun1sh3r11: calls $1.50
*** FLOP *** [Jc Jh Ah]
The_Pun1sh3r11: checks 
Pon4uk.ua: bets $1.61
The_Pun1sh3r11: folds 
Uncalled bet ($1.61) returned to Pon4uk.ua
Pon4uk.ua collected $5.22 from pot
Pon4uk.ua: doesn't show hand 
*** SUMMARY ***
Total pot $5.50 | Rake $0.28 
Board [Jc Jh Ah]
Seat 1: reeqar folded before Flop (didn't bet)
Seat 2: B1GBankroll folded before Flop (didn't bet)
Seat 3: CashfishT folded before Flop (didn't bet)
Seat 4: Pon4uk.ua (button) collected ($5.22)
Seat 5: peak joker33 (small blind) folded before Flop
Seat 6: The_Pun1sh3r11 (big blind) folded on the Flop



PokerStars Hand #254762126854:  Hold'em No Limit ($0.50/$1.00 USD) - 2025/02/08 6:50:58 WET [2025/02/08 1:50:58 ET]
Table 'Salyut' 6-max Seat #5 is the button
Seat 1: reeqar ($100 in chips) 
Seat 2: B1GBankroll ($353.53 in chips) 
Seat 3: CashfishT ($106.20 in chips) 
Seat 4: Pon4uk.ua ($111.98 in chips) 
Seat 5: peak joker33 ($100 in chips) 
Seat 6: The_Pun1sh3r11 ($97.50 in chips) 
The_Pun1sh3r11: posts small blind $0.50
reeqar: posts big blind $1
*** HOLE CARDS ***
B1GBankroll: folds 
CashfishT: folds 
Pon4uk.ua: folds 
peak joker33: raises $1.50 to $2.50
The_Pun1sh3r11: raises $10 to $12.50
reeqar: folds 
peak joker33: folds 
Uncalled bet ($10) returned to The_Pun1sh3r11
The_Pun1sh3r11 collected $6 from pot
*** SUMMARY ***
Total pot $6 | Rake $0 
Seat 1: reeqar (big blind) folded before Flop
Seat 2: B1GBankroll folded before Flop (didn't bet)
Seat 3: CashfishT folded before Flop (didn't bet)
Seat 4: Pon4uk.ua folded before Flop (didn't bet)
Seat 5: peak joker33 (button) folded before Flop
Seat 6: The_Pun1sh3r11 (small blind) collected ($6)



PokerStars Hand #254762128815:  Hold'em No Limit ($0.50/$1.00 USD) - 2025/02/08 6:51:20 WET [2025/02/08 1:51:20 ET]
Table 'Salyut' 6-max Seat #6 is the button
Seat 2: B1GBankroll ($353.53 in chips) is sitting out
Seat 1: reeqar ($100 in chips) 
Seat 3: CashfishT ($106.20 in chips) 
Seat 4: Pon4uk.ua ($111.98 in chips) 
Seat 5: peak joker33 ($100 in chips) 
Seat 6: The_Pun1sh3r11 ($101 in chips) 
reeqar: posts small blind $0.50
B1GBankroll: is sitting out 
CashfishT: posts big blind $1
*** HOLE CARDS ***
Pon4uk.ua: folds 
peak joker33: raises $1.50 to $2.50
The_Pun1sh3r11: folds 
reeqar: folds 
CashfishT: folds 
Uncalled bet ($1.50) returned to peak joker33
peak joker33 collected $2.50 from pot
peak joker33: doesn't show hand 
*** SUMMARY ***
Total pot $2.50 | Rake $0 
Seat 2: B1GBankroll
Seat 1: reeqar (small blind) folded before Flop
Seat 3: CashfishT (big blind) folded before Flop
Seat 4: Pon4uk.ua folded before Flop (didn't bet)
Seat 5: peak joker33 collected ($2.50)
Seat 6: The_Pun1sh3r11 (button) folded before Flop (didn't bet)



PokerStars Hand #254762130302:  Hold'em No Limit ($0.50/$1.00 USD) - 2025/02/08 6:51:37 WET [2025/02/08 1:51:37 ET]
Table 'Salyut' 6-max Seat #1 is the button
Seat 2: B1GBankroll ($353.53 in chips) is sitting out
Seat 1: reeqar ($100 in chips) 
Seat 3: CashfishT ($105.20 in chips) 
Seat 4: Pon4uk.ua ($111.98 in chips) 
Seat 5: peak joker33 ($101.50 in chips) 
Seat 6: The_Pun1sh3r11 ($101 in chips) 
CashfishT: posts small blind $0.50
Pon4uk.ua: posts big blind $1
*** HOLE CARDS ***
peak joker33: folds 
The_Pun1sh3r11: folds 
B1GBankroll leaves the table
reeqar: raises $1.50 to $2.50
CashfishT: folds 
Pon4uk.ua: folds 
Uncalled bet ($1.50) returned to reeqar
reeqar collected $2.50 from pot
reeqar: doesn't show hand 
*** SUMMARY ***
Total pot $2.50 | Rake $0 
Seat 2: B1GBankroll
Seat 1: reeqar (button) collected ($2.50)
Seat 3: CashfishT (small blind) folded before Flop
Seat 4: Pon4uk.ua (big blind) folded before Flop
Seat 5: peak joker33 folded before Flop (didn't bet)
Seat 6: The_Pun1sh3r11 folded before Flop (didn't bet)



PokerStars Hand #254762132392:  Hold'em No Limit ($0.50/$1.00 USD) - 2025/02/08 6:52:01 WET [2025/02/08 1:52:01 ET]
Table 'Salyut' 6-max Seat #3 is the button
Seat 1: reeqar ($101.50 in chips) 
Seat 3: CashfishT ($104.70 in chips) 
Seat 4: Pon4uk.ua ($110.98 in chips) 
Seat 5: peak joker33 ($101.50 in chips) 
Seat 6: The_Pun1sh3r11 ($101 in chips) 
Pon4uk.ua: posts small blind $0.50
peak joker33: posts big blind $1
*** HOLE CARDS ***
The_Pun1sh3r11: folds 
reeqar: folds 
CashfishT: folds 
Pon4uk.ua: folds 
Uncalled bet ($0.50) returned to peak joker33
peak joker33 collected $1 from pot
peak joker33: doesn't show hand 
*** SUMMARY ***
Total pot $1 | Rake $0 
Seat 1: reeqar folded before Flop (didn't bet)
Seat 3: CashfishT (button) folded before Flop (didn't bet)
Seat 4: Pon4uk.ua (small blind) folded before Flop
Seat 5: peak joker33 (big blind) collected ($1)
Seat 6: The_Pun1sh3r11 folded before Flop (didn't bet)



PokerStars Hand #254762133538:  Hold'em No Limit ($0.50/$1.00 USD) - 2025/02/08 6:52:14 WET [2025/02/08 1:52:14 ET]
Table 'Salyut' 6-max Seat #4 is the button
Seat 1: reeqar ($101.50 in chips) 
Seat 3: CashfishT ($104.70 in chips) 
Seat 4: Pon4uk.ua ($110.48 in chips) 
Seat 5: peak joker33 ($102 in chips) 
Seat 6: The_Pun1sh3r11 ($101 in chips) 
peak joker33: posts small blind $0.50
The_Pun1sh3r11: posts big blind $1
*** HOLE CARDS ***
reeqar: raises $1.50 to $2.50
ru_ruu_ru joins the table at seat #2 
CashfishT: folds 
Pon4uk.ua: folds 
peak joker33: folds 
The_Pun1sh3r11: folds 
Uncalled bet ($1.50) returned to reeqar
reeqar collected $2.50 from pot
reeqar: doesn't show hand 
*** SUMMARY ***
Total pot $2.50 | Rake $0 
Seat 1: reeqar collected ($2.50)
Seat 3: CashfishT folded before Flop (didn't bet)
Seat 4: Pon4uk.ua (button) folded before Flop (didn't bet)
Seat 5: peak joker33 (small blind) folded before Flop
Seat 6: The_Pun1sh3r11 (big blind) folded before Flop



PokerStars Hand #254762135241:  Hold'em No Limit ($0.50/$1.00 USD) - 2025/02/08 6:52:34 WET [2025/02/08 1:52:34 ET]
Table 'Salyut' 6-max Seat #5 is the button
Seat 2: ru_ruu_ru ($100 in chips) is sitting out
Seat 1: reeqar ($103 in chips) 
Seat 3: CashfishT ($104.70 in chips) 
Seat 4: Pon4uk.ua ($110.48 in chips) 
Seat 5: peak joker33 ($101.50 in chips) 
Seat 6: The_Pun1sh3r11 ($100 in chips) 
The_Pun1sh3r11: posts small blind $0.50
reeqar: posts big blind $1
ru_ruu_ru: sits out 
*** HOLE CARDS ***
CashfishT: folds 
Pon4uk.ua: folds 
peak joker33: raises $1.50 to $2.50
The_Pun1sh3r11: folds 
reeqar: folds 
Uncalled bet ($1.50) returned to peak joker33
peak joker33 collected $2.50 from pot
peak joker33: doesn't show hand 
*** SUMMARY ***
Total pot $2.50 | Rake $0 
Seat 2: ru_ruu_ru
Seat 1: reeqar (big blind) folded before Flop
Seat 3: CashfishT folded before Flop (didn't bet)
Seat 4: Pon4uk.ua folded before Flop (didn't bet)
Seat 5: peak joker33 (button) collected ($2.50)
Seat 6: The_Pun1sh3r11 (small blind) folded before Flop



PokerStars Hand #254762137223:  Hold'em No Limit ($0.50/$1.00 USD) - 2025/02/08 6:52:56 WET [2025/02/08 1:52:56 ET]
Table 'Salyut' 6-max Seat #6 is the button
Seat 1: reeqar ($102 in chips) 
Seat 2: ru_ruu_ru ($100 in chips) 
Seat 3: CashfishT ($104.70 in chips) 
Seat 4: Pon4uk.ua ($110.48 in chips) 
Seat 5: peak joker33 ($103 in chips) 
Seat 6: The_Pun1sh3r11 ($99.50 in chips) 
reeqar: posts small blind $0.50
ru_ruu_ru: posts big blind $1
*** HOLE CARDS ***
CashfishT: folds 
Pon4uk.ua: folds 
peak joker33: folds 
The_Pun1sh3r11: folds 
reeqar: raises $2 to $3
ru_ruu_ru: raises $6 to $9
reeqar: raises $13 to $22
ru_ruu_ru: folds 
Uncalled bet ($13) returned to reeqar
reeqar collected $18 from pot
reeqar: doesn't show hand 
*** SUMMARY ***
Total pot $18 | Rake $0 
Seat 1: reeqar (small blind) collected ($18)
Seat 2: ru_ruu_ru (big blind) folded before Flop
Seat 3: CashfishT folded before Flop (didn't bet)
Seat 4: Pon4uk.ua folded before Flop (didn't bet)
Seat 5: peak joker33 folded before Flop (didn't bet)
Seat 6: The_Pun1sh3r11 (button) folded before Flop (didn't bet)



PokerStars Hand #254762139756:  Hold'em No Limit ($0.50/$1.00 USD) - 2025/02/08 6:53:25 WET [2025/02/08 1:53:25 ET]
Table 'Salyut' 6-max Seat #1 is the button
Seat 1: reeqar ($111 in chips) 
Seat 2: ru_ruu_ru ($100 in chips) 
Seat 3: CashfishT ($104.70 in chips) 
Seat 4: Pon4uk.ua ($110.48 in chips) 
Seat 5: peak joker33 ($103 in chips) 
Seat 6: The_Pun1sh3r11 ($99.50 in chips) 
ru_ruu_ru: posts small blind $0.50
CashfishT: posts big blind $1
*** HOLE CARDS ***
Pon4uk.ua: folds 
peak joker33: folds 
The_Pun1sh3r11: raises $2 to $3
reeqar: folds 
ru_ruu_ru: folds 
CashfishT: calls $2
*** FLOP *** [Jc 2s 5s]
CashfishT: checks 
The_Pun1sh3r11: bets $5.13
CashfishT: folds 
Uncalled bet ($5.13) returned to The_Pun1sh3r11
The_Pun1sh3r11 collected $6.18 from pot
*** SUMMARY ***
Total pot $6.50 | Rake $0.32 
Board [Jc 2s 5s]
Seat 1: reeqar (button) folded before Flop (didn't bet)
Seat 2: ru_ruu_ru (small blind) folded before Flop
Seat 3: CashfishT (big blind) folded on the Flop
Seat 4: Pon4uk.ua folded before Flop (didn't bet)
Seat 5: peak joker33 folded before Flop (didn't bet)
Seat 6: The_Pun1sh3r11 collected ($6.18)



PokerStars Hand #254762142420:  Hold'em No Limit ($0.50/$1.00 USD) - 2025/02/08 6:53:55 WET [2025/02/08 1:53:55 ET]
Table 'Salyut' 6-max Seat #2 is the button
Seat 1: reeqar ($111 in chips) 
Seat 2: ru_ruu_ru ($100 in chips) 
Seat 3: CashfishT ($101.70 in chips) 
Seat 4: Pon4uk.ua ($110.48 in chips) 
Seat 5: peak joker33 ($103 in chips) 
Seat 6: The_Pun1sh3r11 ($102.68 in chips) 
CashfishT: posts small blind $0.50
Pon4uk.ua: posts big blind $1
*** HOLE CARDS ***
peak joker33: folds 
The_Pun1sh3r11: folds 
reeqar: raises $1.50 to $2.50
ru_ruu_ru: folds 
CashfishT: folds 
Pon4uk.ua: folds 
Uncalled bet ($1.50) returned to reeqar
reeqar collected $2.50 from pot
reeqar: doesn't show hand 
*** SUMMARY ***
Total pot $2.50 | Rake $0 
Seat 1: reeqar collected ($2.50)
Seat 2: ru_ruu_ru (button) folded before Flop (didn't bet)
Seat 3: CashfishT (small blind) folded before Flop
Seat 4: Pon4uk.ua (big blind) folded before Flop
Seat 5: peak joker33 folded before Flop (didn't bet)
Seat 6: The_Pun1sh3r11 folded before Flop (didn't bet)



PokerStars Hand #254762143969:  Hold'em No Limit ($0.50/$1.00 USD) - 2025/02/08 6:54:13 WET [2025/02/08 1:54:13 ET]
Table 'Salyut' 6-max Seat #3 is the button
Seat 1: reeqar ($112.50 in chips) 
Seat 2: ru_ruu_ru ($100 in chips) 
Seat 3: CashfishT ($101.20 in chips) 
Seat 4: Pon4uk.ua ($109.48 in chips) 
Seat 5: peak joker33 ($103 in chips) 
Seat 6: The_Pun1sh3r11 ($102.68 in chips) 
Pon4uk.ua: posts small blind $0.50
peak joker33: posts big blind $1
*** HOLE CARDS ***
The_Pun1sh3r11: raises $2 to $3
reeqar: folds 
ru_ruu_ru: raises $30 to $33
CashfishT: folds 
Pon4uk.ua: folds 
peak joker33: folds 
The_Pun1sh3r11: raises $69.68 to $102.68 and is all-in
ru_ruu_ru: calls $67 and is all-in
Uncalled bet ($2.68) returned to The_Pun1sh3r11
*** FLOP *** [8c 5d 2c]
*** TURN *** [8c 5d 2c] [Tc]
*** RIVER *** [8c 5d 2c Tc] [8h]
*** SHOW DOWN ***
The_Pun1sh3r11: shows [As Kd] (a pair of Eights)
ru_ruu_ru: shows [Js Jh] (two pair, Jacks and Eights)
ru_ruu_ru collected $199 from pot
*** SUMMARY ***
Total pot $201.50 | Rake $2.50 
Board [8c 5d 2c Tc 8h]
Seat 1: reeqar folded before Flop (didn't bet)
Seat 2: ru_ruu_ru showed [Js Jh] and won ($199) with two pair, Jacks and Eights
Seat 3: CashfishT (button) folded before Flop (didn't bet)
Seat 4: Pon4uk.ua (small blind) folded before Flop
Seat 5: peak joker33 (big blind) folded before Flop
Seat 6: The_Pun1sh3r11 showed [As Kd] and lost with a pair of Eights



PokerStars Hand #254762147019:  Hold'em No Limit ($0.50/$1.00 USD) - 2025/02/08 6:54:49 WET [2025/02/08 1:54:49 ET]
Table 'Salyut' 6-max Seat #4 is the button
Seat 1: reeqar ($112.50 in chips) 
Seat 2: ru_ruu_ru ($199 in chips) 
Seat 3: CashfishT ($101.20 in chips) 
Seat 4: Pon4uk.ua ($108.98 in chips) 
Seat 5: peak joker33 ($102 in chips) 
Seat 6: The_Pun1sh3r11 ($2.68 in chips) 
peak joker33: posts small blind $0.50
The_Pun1sh3r11: posts big blind $1
*** HOLE CARDS ***
reeqar: raises $1.50 to $2.50
ru_ruu_ru: folds 
CashfishT: folds 
Pon4uk.ua: folds 
peak joker33: folds 
The_Pun1sh3r11: folds 
Uncalled bet ($1.50) returned to reeqar
The_Pun1sh3r11 leaves the table
reeqar collected $2.50 from pot
reeqar: doesn't show hand 
*** SUMMARY ***
Total pot $2.50 | Rake $0 
Seat 1: reeqar collected ($2.50)
Seat 2: ru_ruu_ru folded before Flop (didn't bet)
Seat 3: CashfishT folded before Flop (didn't bet)
Seat 4: Pon4uk.ua (button) folded before Flop (didn't bet)
Seat 5: peak joker33 (small blind) folded before Flop
Seat 6: The_Pun1sh3r11 (big blind) folded before Flop



PokerStars Hand #254762149040:  Hold'em No Limit ($0.50/$1.00 USD) - 2025/02/08 6:55:13 WET [2025/02/08 1:55:13 ET]
Table 'Salyut' 6-max Seat #5 is the button
Seat 1: reeqar ($114 in chips) 
Seat 2: ru_ruu_ru ($199 in chips) 
Seat 3: CashfishT ($101.20 in chips) 
Seat 4: Pon4uk.ua ($108.98 in chips) 
Seat 5: peak joker33 ($101.50 in chips) 
reeqar: posts small blind $0.50
ru_ruu_ru: posts big blind $1
*** HOLE CARDS ***
CashfishT: folds 
Pon4uk.ua: raises $1.50 to $2.50
peak joker33: folds 
reeqar: folds 
ru_ruu_ru: calls $1.50
*** FLOP *** [Ad Ks Ts]
ru_ruu_ru: checks 
Pon4uk.ua: bets $1.72
ru_ruu_ru: raises $4.33 to $6.05
ddyyjj joins the table at seat #6 
Pon4uk.ua: folds 
Uncalled bet ($4.33) returned to ru_ruu_ru
ddyyjj is disconnected 
ru_ruu_ru collected $8.49 from pot
ru_ruu_ru: doesn't show hand 
*** SUMMARY ***
Total pot $8.94 | Rake $0.45 
Board [Ad Ks Ts]
Seat 1: reeqar (small blind) folded before Flop
Seat 2: ru_ruu_ru (big blind) collected ($8.49)
Seat 3: CashfishT folded before Flop (didn't bet)
Seat 4: Pon4uk.ua folded on the Flop
Seat 5: peak joker33 (button) folded before Flop (didn't bet)



PokerStars Hand #254762152186:  Hold'em No Limit ($0.50/$1.00 USD) - 2025/02/08 6:55:56 WET [2025/02/08 1:55:56 ET]
Table 'Salyut' 6-max Seat #1 is the button
Seat 3: CashfishT ($101.20 in chips) is sitting out
Seat 6: ddyyjj ($100 in chips) is sitting out
Seat 1: reeqar ($113.50 in chips) 
Seat 2: ru_ruu_ru ($203.27 in chips) 
Seat 4: Pon4uk.ua ($104.76 in chips) 
Seat 5: peak joker33 ($101.50 in chips) 
ru_ruu_ru: posts small blind $0.50
CashfishT: is sitting out 
Pon4uk.ua: posts big blind $1
ddyyjj: sits out 
*** HOLE CARDS ***
peak joker33: folds 
reeqar: raises $1.50 to $2.50
peak joker33 leaves the table
ru_ruu_ru: folds 
Pon4uk.ua: folds 
Uncalled bet ($1.50) returned to reeqar
reeqar collected $2.50 from pot
reeqar: doesn't show hand 
*** SUMMARY ***
Total pot $2.50 | Rake $0 
Seat 3: CashfishT
Seat 6: ddyyjj
Seat 1: reeqar (button) collected ($2.50)
Seat 2: ru_ruu_ru (small blind) folded before Flop
Seat 4: Pon4uk.ua (big blind) folded before Flop
Seat 5: peak joker33 folded before Flop (didn't bet)



PokerStars Hand #254762154005:  Hold'em No Limit ($0.50/$1.00 USD) - 2025/02/08 6:56:20 WET [2025/02/08 1:56:20 ET]
Table 'Salyut' 6-max Seat #2 is the button
Seat 3: CashfishT ($101.20 in chips) is sitting out
Seat 1: reeqar ($115 in chips) 
Seat 2: ru_ruu_ru ($202.77 in chips) 
Seat 4: Pon4uk.ua ($103.76 in chips) 
Seat 6: ddyyjj ($100 in chips) 
Pon4uk.ua: posts small blind $0.50
ddyyjj: posts big blind $1
*** HOLE CARDS ***
reeqar: folds 
ru_ruu_ru: folds 
Pon4uk.ua: folds 
Uncalled bet ($0.50) returned to ddyyjj
ddyyjj collected $1 from pot
*** SUMMARY ***
Total pot $1 | Rake $0 
Seat 3: CashfishT
Seat 1: reeqar folded before Flop (didn't bet)
Seat 2: ru_ruu_ru (button) folded before Flop (didn't bet)
Seat 4: Pon4uk.ua (small blind) folded before Flop
Seat 6: ddyyjj (big blind) collected ($1)



PokerStars Hand #254762154936:  Hold'em No Limit ($0.50/$1.00 USD) - 2025/02/08 6:56:33 WET [2025/02/08 1:56:33 ET]
Table 'Salyut' 6-max Seat #4 is the button
Seat 1: reeqar ($115 in chips) is sitting out
Seat 2: ru_ruu_ru ($202.77 in chips) is sitting out
Seat 3: CashfishT ($101.20 in chips) 
Seat 4: Pon4uk.ua ($103.26 in chips) 
Seat 6: ddyyjj ($100.50 in chips) 
ddyyjj: posts small blind $0.50
reeqar: is sitting out 
ru_ruu_ru: is sitting out 
CashfishT: posts big blind $1
*** HOLE CARDS ***
reeqar leaves the table
Pon4uk.ua: raises $1.50 to $2.50
ddyyjj: calls $2
ru_ruu_ru leaves the table
CashfishT: folds 
*** FLOP *** [5h Ts 9d]
ddyyjj: checks 
Pon4uk.ua: checks 
*** TURN *** [5h Ts 9d] [Js]
ddyyjj: bets $2.57
Pon4uk.ua: calls $2.57
*** RIVER *** [5h Ts 9d Js] [7s]
ddyyjj: bets $7.19
Pon4uk.ua: raises $38.69 to $45.88
ddyyjj: calls $38.69
*** SHOW DOWN ***
Pon4uk.ua: shows [As Qc] (high card Ace)
ddyyjj: shows [4s 5s] (a flush, Jack high)
ddyyjj collected $101.90 from pot
*** SUMMARY ***
Total pot $102.90 | Rake $1 
Board [5h Ts 9d Js 7s]
Seat 1: reeqar
Seat 2: ru_ruu_ru
Seat 3: CashfishT (big blind) folded before Flop
Seat 4: Pon4uk.ua (button) showed [As Qc] and lost with high card Ace
Seat 6: ddyyjj (small blind) showed [4s 5s] and won ($101.90) with a flush, Jack high



PokerStars Hand #254762158091:  Hold'em No Limit ($0.50/$1.00 USD) - 2025/02/08 6:57:15 WET [2025/02/08 1:57:15 ET]
Table 'Salyut' 6-max Seat #6 is the button
Seat 3: CashfishT ($100.20 in chips) 
Seat 4: Pon4uk.ua ($100 in chips) 
Seat 6: ddyyjj ($151.45 in chips) 
CashfishT: posts small blind $0.50
Pon4uk.ua: posts big blind $1
*** HOLE CARDS ***
ddyyjj: raises $1.50 to $2.50
CashfishT: folds 
Pon4uk.ua: folds 
Uncalled bet ($1.50) returned to ddyyjj
ddyyjj collected $2.50 from pot
*** SUMMARY ***
Total pot $2.50 | Rake $0 
Seat 3: CashfishT (small blind) folded before Flop
Seat 4: Pon4uk.ua (big blind) folded before Flop
Seat 6: ddyyjj (button) collected ($2.50)



PokerStars Hand #254762158953:  Hold'em No Limit ($0.50/$1.00 USD) - 2025/02/08 6:57:26 WET [2025/02/08 1:57:26 ET]
Table 'Salyut' 6-max Seat #3 is the button
Seat 3: CashfishT ($100 in chips) 
Seat 4: Pon4uk.ua ($100 in chips) 
Seat 6: ddyyjj ($152.95 in chips) 
Pon4uk.ua: posts small blind $0.50
ddyyjj: posts big blind $1
*** HOLE CARDS ***
CashfishT: raises $1.20 to $2.20
Pon4uk.ua: folds 
ddyyjj: folds 
Uncalled bet ($1.20) returned to CashfishT
CashfishT collected $2.50 from pot
CashfishT: doesn't show hand 
*** SUMMARY ***
Total pot $2.50 | Rake $0 
Seat 3: CashfishT (button) collected ($2.50)
Seat 4: Pon4uk.ua (small blind) folded before Flop
Seat 6: ddyyjj (big blind) folded before Flop



PokerStars Hand #254762159944:  Hold'em No Limit ($0.50/$1.00 USD) - 2025/02/08 6:57:39 WET [2025/02/08 1:57:39 ET]
Table 'Salyut' 6-max Seat #4 is the button
Seat 3: CashfishT ($101.50 in chips) 
Seat 4: Pon4uk.ua ($100 in chips) 
Seat 6: ddyyjj ($151.95 in chips) 
ddyyjj: posts small blind $0.50
CashfishT: posts big blind $1
*** HOLE CARDS ***
Pon4uk.ua: folds 
ddyyjj: folds 
Uncalled bet ($0.50) returned to CashfishT
CashfishT collected $1 from pot
CashfishT: doesn't show hand 
*** SUMMARY ***
Total pot $1 | Rake $0 
Seat 3: CashfishT (big blind) collected ($1)
Seat 4: Pon4uk.ua (button) folded before Flop (didn't bet)
Seat 6: ddyyjj (small blind) folded before Flop



PokerStars Hand #254762160837:  Hold'em No Limit ($0.50/$1.00 USD) - 2025/02/08 6:57:51 WET [2025/02/08 1:57:51 ET]
Table 'Salyut' 6-max Seat #6 is the button
Seat 3: CashfishT ($102 in chips) 
Seat 4: Pon4uk.ua ($100 in chips) 
Seat 6: ddyyjj ($151.45 in chips) 
CashfishT: posts small blind $0.50
Pon4uk.ua: posts big blind $1
*** HOLE CARDS ***
ddyyjj: raises $1.50 to $2.50
CashfishT: folds 
Pon4uk.ua: raises $8.50 to $11
ddyyjj: calls $8.50
*** FLOP *** [3d 2d 8s]
b2k-Snick joins the table at seat #1 
ru_ruu_ru joins the table at seat #2 
ru_ruu_ru leaves the table
Pon4uk.ua: checks 
ddyyjj: checks 
*** TURN *** [3d 2d 8s] [6s]
Pon4uk.ua: bets $6
MoRsCeReBruM joins the table at seat #2 
ddyyjj: calls $6
*** RIVER *** [3d 2d 8s 6s] [6c]
Pon4uk.ua: checks 
ddyyjj: checks 
*** SHOW DOWN ***
Pon4uk.ua: shows [Kc As] (a pair of Sixes)
ddyyjj: mucks hand 
Pon4uk.ua collected $33.50 from pot
*** SUMMARY ***
Total pot $34.50 | Rake $1 
Board [3d 2d 8s 6s 6c]
Seat 3: CashfishT (small blind) folded before Flop
Seat 4: Pon4uk.ua (big blind) showed [Kc As] and won ($33.50) with a pair of Sixes
Seat 6: ddyyjj (button) mucked



PokerStars Hand #254762164691:  Hold'em No Limit ($0.50/$1.00 USD) - 2025/02/08 6:58:42 WET [2025/02/08 1:58:42 ET]
Table 'Salyut' 6-max Seat #3 is the button
Seat 2: MoRsCeReBruM ($100 in chips) is sitting out
Seat 6: ddyyjj ($134.45 in chips) is sitting out
Seat 1: b2k-Snick ($100 in chips) 
Seat 3: CashfishT ($101.50 in chips) 
Seat 4: Pon4uk.ua ($116.50 in chips) 
Pon4uk.ua: posts small blind $0.50
ddyyjj: is sitting out 
ddyyjj leaves the table
b2k-Snick: posts big blind $1
MoRsCeReBruM: sits out 
*** HOLE CARDS ***
CashfishT: folds 
Pon4uk.ua: folds 
Uncalled bet ($0.50) returned to b2k-Snick
MoRsCeReBruM leaves the table
b2k-Snick collected $1 from pot
b2k-Snick: doesn't show hand 
*** SUMMARY ***
Total pot $1 | Rake $0 
Seat 2: MoRsCeReBruM
Seat 6: ddyyjj
Seat 1: b2k-Snick (big blind) collected ($1)
Seat 3: CashfishT (button) folded before Flop (didn't bet)
Seat 4: Pon4uk.ua (small blind) folded before Flop



PokerStars Hand #254762165218:  Hold'em No Limit ($0.50/$1.00 USD) - 2025/02/08 6:58:50 WET [2025/02/08 1:58:50 ET]
Table 'Salyut' 6-max Seat #4 is the button
Seat 1: b2k-Snick ($100.50 in chips) 
Seat 3: CashfishT ($101.50 in chips) 
Seat 4: Pon4uk.ua ($116 in chips) 
b2k-Snick: posts small blind $0.50
CashfishT: posts big blind $1
*** HOLE CARDS ***
Pon4uk.ua: folds 
b2k-Snick: folds 
Uncalled bet ($0.50) returned to CashfishT
CashfishT collected $1 from pot
CashfishT: doesn't show hand 
*** SUMMARY ***
Total pot $1 | Rake $0 
Seat 1: b2k-Snick (small blind) folded before Flop
Seat 3: CashfishT (big blind) collected ($1)
Seat 4: Pon4uk.ua (button) folded before Flop (didn't bet)



PokerStars Hand #254762166472:  Hold'em No Limit ($0.50/$1.00 USD) - 2025/02/08 6:59:07 WET [2025/02/08 1:59:07 ET]
Table 'Salyut' 6-max Seat #1 is the button
Seat 1: b2k-Snick ($100 in chips) 
Seat 3: CashfishT ($102 in chips) 
Seat 4: Pon4uk.ua ($116 in chips) 
CashfishT: posts small blind $0.50
Pon4uk.ua: posts big blind $1
*** HOLE CARDS ***
b2k-Snick: folds 
CashfishT: raises $2 to $3
Pon4uk.ua: calls $2
*** FLOP *** [4c 5s 7s]
CashfishT: checks 
Pon4uk.ua: checks 
*** TURN *** [4c 5s 7s] [Tc]
CashfishT: checks 
Pon4uk.ua: bets $4.28
Nicedaymybro joins the table at seat #6 
CashfishT: folds 
Uncalled bet ($4.28) returned to Pon4uk.ua
Pon4uk.ua collected $5.70 from pot
Pon4uk.ua: doesn't show hand 
*** SUMMARY ***
Total pot $6 | Rake $0.30 
Board [4c 5s 7s Tc]
Seat 1: b2k-Snick (button) folded before Flop (didn't bet)
Seat 3: CashfishT (small blind) folded on the Turn
Seat 4: Pon4uk.ua (big blind) collected ($5.70)



PokerStars Hand #254762169241:  Hold'em No Limit ($0.50/$1.00 USD) - 2025/02/08 6:59:44 WET [2025/02/08 1:59:44 ET]
Table 'Salyut' 6-max Seat #3 is the button
Seat 1: b2k-Snick ($100 in chips) 
Seat 3: CashfishT ($100 in chips) 
Seat 4: Pon4uk.ua ($118.70 in chips) 
Seat 6: Nicedaymybro ($100 in chips) 
Pon4uk.ua: posts small blind $0.50
Nicedaymybro: posts big blind $1
*** HOLE CARDS ***
b2k-Snick: raises $1.50 to $2.50
CashfishT: folds 
Pon4uk.ua: raises $8.50 to $11
Nicedaymybro: folds 
b2k-Snick: folds 
Uncalled bet ($8.50) returned to Pon4uk.ua
MoRsCeReBruM joins the table at seat #2 
Pon4uk.ua collected $6 from pot
Pon4uk.ua: doesn't show hand 
*** SUMMARY ***
Total pot $6 | Rake $0 
Seat 1: b2k-Snick folded before Flop
Seat 3: CashfishT (button) folded before Flop (didn't bet)
Seat 4: Pon4uk.ua (small blind) collected ($6)
Seat 6: Nicedaymybro (big blind) folded before Flop



PokerStars Hand #254762170826:  Hold'em No Limit ($0.50/$1.00 USD) - 2025/02/08 7:00:05 WET [2025/02/08 2:00:05 ET]
Table 'Salyut' 6-max Seat #4 is the button
Seat 2: MoRsCeReBruM ($100 in chips) is sitting out
Seat 1: b2k-Snick ($100 in chips) 
Seat 3: CashfishT ($100 in chips) 
Seat 4: Pon4uk.ua ($122.20 in chips) 
Seat 6: Nicedaymybro ($100 in chips) 
Nicedaymybro: posts small blind $0.50
b2k-Snick: posts big blind $1
MoRsCeReBruM: sits out 
*** HOLE CARDS ***
CashfishT: folds 
Pon4uk.ua: folds 
Nicedaymybro: folds 
Uncalled bet ($0.50) returned to b2k-Snick
MoRsCeReBruM leaves the table
b2k-Snick collected $1 from pot
b2k-Snick: doesn't show hand 
*** SUMMARY ***
Total pot $1 | Rake $0 
Seat 2: MoRsCeReBruM
Seat 1: b2k-Snick (big blind) collected ($1)
Seat 3: CashfishT folded before Flop (didn't bet)
Seat 4: Pon4uk.ua (button) folded before Flop (didn't bet)
Seat 6: Nicedaymybro (small blind) folded before Flop



PokerStars Hand #254762172844:  Hold'em No Limit ($0.50/$1.00 USD) - 2025/02/08 7:00:31 WET [2025/02/08 2:00:31 ET]
Table 'Salyut' 6-max Seat #6 is the button
Seat 1: b2k-Snick ($100.50 in chips) 
Seat 3: CashfishT ($100 in chips) 
Seat 4: Pon4uk.ua ($122.20 in chips) 
Seat 6: Nicedaymybro ($100 in chips) 
b2k-Snick: posts small blind $0.50
CashfishT: posts big blind $1
*** HOLE CARDS ***
Pon4uk.ua: folds 
Nicedaymybro: folds 
b2k-Snick: raises $2 to $3
CashfishT: folds 
Uncalled bet ($2) returned to b2k-Snick
b2k-Snick collected $2 from pot
b2k-Snick: doesn't show hand 
*** SUMMARY ***
Total pot $2 | Rake $0 
Seat 1: b2k-Snick (small blind) collected ($2)
Seat 3: CashfishT (big blind) folded before Flop
Seat 4: Pon4uk.ua folded before Flop (didn't bet)
Seat 6: Nicedaymybro (button) folded before Flop (didn't bet)



PokerStars Hand #254762174199:  Hold'em No Limit ($0.50/$1.00 USD) - 2025/02/08 7:00:48 WET [2025/02/08 2:00:48 ET]
Table 'Salyut' 6-max Seat #1 is the button
Seat 1: b2k-Snick ($101.50 in chips) 
Seat 3: CashfishT ($100 in chips) 
Seat 4: Pon4uk.ua ($122.20 in chips) 
Seat 6: Nicedaymybro ($100 in chips) 
CashfishT: posts small blind $0.50
Pon4uk.ua: posts big blind $1
*** HOLE CARDS ***
Nicedaymybro: folds 
b2k-Snick: raises $1.50 to $2.50
ozstrike88 joins the table at seat #5 
CashfishT: folds 
ozstrike88 is disconnected 
Pon4uk.ua: calls $1.50
*** FLOP *** [Kc 7h 5s]
Pon4uk.ua: checks 
b2k-Snick: bets $1.72
Pon4uk.ua: raises $4.33 to $6.05
b2k-Snick: folds 
Uncalled bet ($4.33) returned to Pon4uk.ua
Pon4uk.ua collected $8.49 from pot
Pon4uk.ua: doesn't show hand 
*** SUMMARY ***
Total pot $8.94 | Rake $0.45 
Board [Kc 7h 5s]
Seat 1: b2k-Snick (button) folded on the Flop
Seat 3: CashfishT (small blind) folded before Flop
Seat 4: Pon4uk.ua (big blind) collected ($8.49)
Seat 6: Nicedaymybro folded before Flop (didn't bet)



PokerStars Hand #254762176865:  Hold'em No Limit ($0.50/$1.00 USD) - 2025/02/08 7:01:20 WET [2025/02/08 2:01:20 ET]
Table 'Salyut' 6-max Seat #3 is the button
Seat 1: b2k-Snick ($100 in chips) 
Seat 3: CashfishT ($100 in chips) 
Seat 4: Pon4uk.ua ($126.47 in chips) 
Seat 5: ozstrike88 ($100 in chips) 
Seat 6: Nicedaymybro ($100 in chips) 
Pon4uk.ua: posts small blind $0.50
ozstrike88: posts big blind $1
*** HOLE CARDS ***
Nicedaymybro: folds 
b2k-Snick: folds 
CashfishT: folds 
Pon4uk.ua: folds 
Uncalled bet ($0.50) returned to ozstrike88
ozstrike88 collected $1 from pot
*** SUMMARY ***
Total pot $1 | Rake $0 
Seat 1: b2k-Snick folded before Flop (didn't bet)
Seat 3: CashfishT (button) folded before Flop (didn't bet)
Seat 4: Pon4uk.ua (small blind) folded before Flop
Seat 5: ozstrike88 (big blind) collected ($1)
Seat 6: Nicedaymybro folded before Flop (didn't bet)



PokerStars Hand #254762178000:  Hold'em No Limit ($0.50/$1.00 USD) - 2025/02/08 7:01:33 WET [2025/02/08 2:01:33 ET]
Table 'Salyut' 6-max Seat #4 is the button
Seat 1: b2k-Snick ($100 in chips) 
Seat 3: CashfishT ($100 in chips) 
Seat 4: Pon4uk.ua ($125.97 in chips) 
Seat 5: ozstrike88 ($100.50 in chips) 
Seat 6: Nicedaymybro ($100 in chips) 
ozstrike88: posts small blind $0.50
Nicedaymybro: posts big blind $1
*** HOLE CARDS ***
b2k-Snick: raises $1.50 to $2.50
CashfishT: folds 
Pon4uk.ua: folds 
ozstrike88: folds 
Nicedaymybro: calls $1.50
*** FLOP *** [Qc Tc Jc]
Nicedaymybro: checks 
b2k-Snick: bets $1
Nicedaymybro: raises $3.50 to $4.50
b2k-Snick: folds 
Uncalled bet ($3.50) returned to Nicedaymybro
Nicedaymybro collected $7.12 from pot
Nicedaymybro: doesn't show hand 
*** SUMMARY ***
Total pot $7.50 | Rake $0.38 
Board [Qc Tc Jc]
Seat 1: b2k-Snick folded on the Flop
Seat 3: CashfishT folded before Flop (didn't bet)
Seat 4: Pon4uk.ua (button) folded before Flop (didn't bet)
Seat 5: ozstrike88 (small blind) folded before Flop
Seat 6: Nicedaymybro (big blind) collected ($7.12)



PokerStars Hand #254762181205:  Hold'em No Limit ($0.50/$1.00 USD) - 2025/02/08 7:02:12 WET [2025/02/08 2:02:12 ET]
Table 'Salyut' 6-max Seat #5 is the button
Seat 1: b2k-Snick ($100 in chips) 
Seat 3: CashfishT ($100 in chips) 
Seat 4: Pon4uk.ua ($125.97 in chips) 
Seat 5: ozstrike88 ($100 in chips) 
Seat 6: Nicedaymybro ($103.62 in chips) 
Nicedaymybro: posts small blind $0.50
b2k-Snick: posts big blind $1
*** HOLE CARDS ***
CashfishT: folds 
Pon4uk.ua: folds 
ozstrike88: raises $2.50 to $3.50
Nicedaymybro: folds 
b2k-Snick: folds 
Uncalled bet ($2.50) returned to ozstrike88
ozstrike88 collected $2.50 from pot
*** SUMMARY ***
Total pot $2.50 | Rake $0 
Seat 1: b2k-Snick (big blind) folded before Flop
Seat 3: CashfishT folded before Flop (didn't bet)
Seat 4: Pon4uk.ua folded before Flop (didn't bet)
Seat 5: ozstrike88 (button) collected ($2.50)
Seat 6: Nicedaymybro (small blind) folded before Flop



PokerStars Hand #254762182542:  Hold'em No Limit ($0.50/$1.00 USD) - 2025/02/08 7:02:27 WET [2025/02/08 2:02:27 ET]
Table 'Salyut' 6-max Seat #6 is the button
Seat 1: b2k-Snick ($100 in chips) 
Seat 3: CashfishT ($100 in chips) 
Seat 4: Pon4uk.ua ($125.97 in chips) 
Seat 5: ozstrike88 ($101.50 in chips) 
Seat 6: Nicedaymybro ($103.12 in chips) 
b2k-Snick: posts small blind $0.50
CashfishT: posts big blind $1
*** HOLE CARDS ***
Pon4uk.ua: folds 
ozstrike88: raises $1 to $2
Nicedaymybro: folds 
b2k-Snick: calls $1.50
CashfishT: folds 
*** FLOP *** [7c 3d 8s]
b2k-Snick: checks 
ozstrike88: bets $2.38
b2k-Snick: raises $5.12 to $7.50
ozstrike88: folds 
Uncalled bet ($5.12) returned to b2k-Snick
b2k-Snick collected $9.27 from pot
b2k-Snick: doesn't show hand 
*** SUMMARY ***
Total pot $9.76 | Rake $0.49 
Board [7c 3d 8s]
Seat 1: b2k-Snick (small blind) collected ($9.27)
Seat 3: CashfishT (big blind) folded before Flop
Seat 4: Pon4uk.ua folded before Flop (didn't bet)
Seat 5: ozstrike88 folded on the Flop
Seat 6: Nicedaymybro (button) folded before Flop (didn't bet)



PokerStars Hand #254762186298:  Hold'em No Limit ($0.50/$1.00 USD) - 2025/02/08 7:03:12 WET [2025/02/08 2:03:12 ET]
Table 'Salyut' 6-max Seat #1 is the button
Seat 1: b2k-Snick ($104.89 in chips) 
Seat 3: CashfishT ($100 in chips) 
Seat 4: Pon4uk.ua ($125.97 in chips) 
Seat 5: ozstrike88 ($97.12 in chips) 
Seat 6: Nicedaymybro ($103.12 in chips) 
CashfishT: posts small blind $0.50
Pon4uk.ua: posts big blind $1
*** HOLE CARDS ***
ozstrike88: folds 
Nicedaymybro: raises $1.50 to $2.50
b2k-Snick: folds 
CashfishT: folds 
Pon4uk.ua: folds 
Uncalled bet ($1.50) returned to Nicedaymybro
Nicedaymybro collected $2.50 from pot
Nicedaymybro: doesn't show hand 
*** SUMMARY ***
Total pot $2.50 | Rake $0 
Seat 1: b2k-Snick (button) folded before Flop (didn't bet)
Seat 3: CashfishT (small blind) folded before Flop
Seat 4: Pon4uk.ua (big blind) folded before Flop
Seat 5: ozstrike88 folded before Flop (didn't bet)
Seat 6: Nicedaymybro collected ($2.50)



PokerStars Hand #254762187502:  Hold'em No Limit ($0.50/$1.00 USD) - 2025/02/08 7:03:27 WET [2025/02/08 2:03:27 ET]
Table 'Salyut' 6-max Seat #3 is the button
Seat 1: b2k-Snick ($104.89 in chips) 
Seat 3: CashfishT ($100 in chips) 
Seat 4: Pon4uk.ua ($124.97 in chips) 
Seat 5: ozstrike88 ($97.12 in chips) 
Seat 6: Nicedaymybro ($104.62 in chips) 
Pon4uk.ua: posts small blind $0.50
ozstrike88: posts big blind $1
*** HOLE CARDS ***
Nicedaymybro: folds 
b2k-Snick: folds 
CashfishT: raises $1.20 to $2.20
Pon4uk.ua: raises $8.30 to $10.50
ozstrike88: folds 
CashfishT: folds 
Uncalled bet ($8.30) returned to Pon4uk.ua
Pon4uk.ua collected $5.40 from pot
Pon4uk.ua: doesn't show hand 
*** SUMMARY ***
Total pot $5.40 | Rake $0 
Seat 1: b2k-Snick folded before Flop (didn't bet)
Seat 3: CashfishT (button) folded before Flop
Seat 4: Pon4uk.ua (small blind) collected ($5.40)
Seat 5: ozstrike88 (big blind) folded before Flop
Seat 6: Nicedaymybro folded before Flop (didn't bet)



PokerStars Hand #254762189973:  Hold'em No Limit ($0.50/$1.00 USD) - 2025/02/08 7:03:56 WET [2025/02/08 2:03:56 ET]
Table 'Salyut' 6-max Seat #4 is the button
Seat 6: Nicedaymybro ($104.62 in chips) is sitting out
Seat 1: b2k-Snick ($104.89 in chips) 
Seat 3: CashfishT ($100 in chips) 
Seat 4: Pon4uk.ua ($128.17 in chips) 
Seat 5: ozstrike88 ($96.12 in chips) 
ozstrike88: posts small blind $0.50
Nicedaymybro: is sitting out 
b2k-Snick: posts big blind $1
*** HOLE CARDS ***
Nicedaymybro leaves the table
CashfishT: folds 
Pon4uk.ua: folds 
ozstrike88: folds 
Uncalled bet ($0.50) returned to b2k-Snick
b2k-Snick collected $1 from pot
b2k-Snick: doesn't show hand 
*** SUMMARY ***
Total pot $1 | Rake $0 
Seat 6: Nicedaymybro
Seat 1: b2k-Snick (big blind) collected ($1)
Seat 3: CashfishT folded before Flop (didn't bet)
Seat 4: Pon4uk.ua (button) folded before Flop (didn't bet)
Seat 5: ozstrike88 (small blind) folded before Flop



PokerStars Hand #254762190651:  Hold'em No Limit ($0.50/$1.00 USD) - 2025/02/08 7:04:04 WET [2025/02/08 2:04:04 ET]
Table 'Salyut' 6-max Seat #5 is the button
Seat 1: b2k-Snick ($105.39 in chips) 
Seat 3: CashfishT ($100 in chips) 
Seat 4: Pon4uk.ua ($128.17 in chips) 
Seat 5: ozstrike88 ($95.62 in chips) 
b2k-Snick: posts small blind $0.50
CashfishT: posts big blind $1
*** HOLE CARDS ***
Pon4uk.ua: folds 
ozstrike88: folds 
Ydys20 joins the table at seat #6 
b2k-Snick: raises $2 to $3
CashfishT: calls $2
*** FLOP *** [8h Th 9s]
b2k-Snick: checks 
CashfishT: checks 
*** TURN *** [8h Th 9s] [6d]
b2k-Snick: checks 
CashfishT: checks 
*** RIVER *** [8h Th 9s 6d] [Qd]
b2k-Snick: checks 
CashfishT: checks 
*** SHOW DOWN ***
b2k-Snick: shows [Kh Ad] (high card Ace)
CashfishT: mucks hand 
b2k-Snick collected $5.70 from pot
*** SUMMARY ***
Total pot $6 | Rake $0.30 
Board [8h Th 9s 6d Qd]
Seat 1: b2k-Snick (small blind) showed [Kh Ad] and won ($5.70) with high card Ace
Seat 3: CashfishT (big blind) mucked
Seat 4: Pon4uk.ua folded before Flop (didn't bet)
Seat 5: ozstrike88 (button) folded before Flop (didn't bet)



PokerStars Hand #254762193341:  Hold'em No Limit ($0.50/$1.00 USD) - 2025/02/08 7:04:37 WET [2025/02/08 2:04:37 ET]
Table 'Salyut' 6-max Seat #1 is the button
Seat 6: Ydys20 ($100 in chips) is sitting out
Seat 1: b2k-Snick ($108.09 in chips) 
Seat 3: CashfishT ($100 in chips) 
Seat 4: Pon4uk.ua ($128.17 in chips) 
Seat 5: ozstrike88 ($95.62 in chips) 
CashfishT: posts small blind $0.50
Pon4uk.ua: posts big blind $1
Ydys20: sits out 
*** HOLE CARDS ***
ozstrike88: folds 
b2k-Snick: raises $1.50 to $2.50
CashfishT: raises $8.50 to $11
Pon4uk.ua: folds 
b2k-Snick: raises $12 to $23
CashfishT: calls $12
*** FLOP *** [Kd 6c Jd]
CashfishT: checks 
b2k-Snick: checks 
*** TURN *** [Kd 6c Jd] [6d]
CashfishT: checks 
b2k-Snick: bets $15.18
CashfishT: folds 
Uncalled bet ($15.18) returned to b2k-Snick
b2k-Snick collected $46 from pot
b2k-Snick: doesn't show hand 
*** SUMMARY ***
Total pot $47 | Rake $1 
Board [Kd 6c Jd 6d]
Seat 6: Ydys20
Seat 1: b2k-Snick (button) collected ($46)
Seat 3: CashfishT (small blind) folded on the Turn
Seat 4: Pon4uk.ua (big blind) folded before Flop
Seat 5: ozstrike88 folded before Flop (didn't bet)



PokerStars Hand #254762201835:  Hold'em No Limit ($0.50/$1.00 USD) - 2025/02/08 7:06:17 WET [2025/02/08 2:06:17 ET]
Table 'Salyut' 6-max Seat #3 is the button
Seat 6: Ydys20 ($100 in chips) is sitting out
Seat 1: b2k-Snick ($131.09 in chips) 
Seat 3: CashfishT ($100 in chips) 
Seat 4: Pon4uk.ua ($127.17 in chips) 
Seat 5: ozstrike88 ($95.62 in chips) 
Pon4uk.ua: posts small blind $0.50
ozstrike88: posts big blind $1
Ydys20: sits out 
*** HOLE CARDS ***
b2k-Snick: raises $1.50 to $2.50
CashfishT: folds 
Pon4uk.ua: raises $8.50 to $11
ozstrike88: folds 
b2k-Snick: folds 
Uncalled bet ($8.50) returned to Pon4uk.ua
Pon4uk.ua collected $6 from pot
Pon4uk.ua: doesn't show hand 
*** SUMMARY ***
Total pot $6 | Rake $0 
Seat 6: Ydys20
Seat 1: b2k-Snick folded before Flop
Seat 3: CashfishT (button) folded before Flop (didn't bet)
Seat 4: Pon4uk.ua (small blind) collected ($6)
Seat 5: ozstrike88 (big blind) folded before Flop



PokerStars Hand #254762203771:  Hold'em No Limit ($0.50/$1.00 USD) - 2025/02/08 7:06:40 WET [2025/02/08 2:06:40 ET]
Table 'Salyut' 6-max Seat #4 is the button
Seat 1: b2k-Snick ($128.59 in chips) 
Seat 3: CashfishT ($100 in chips) 
Seat 4: Pon4uk.ua ($130.67 in chips) 
Seat 5: ozstrike88 ($94.62 in chips) 
Seat 6: Ydys20 ($100 in chips) 
ozstrike88: posts small blind $0.50
Ydys20: posts big blind $1
*** HOLE CARDS ***
b2k-Snick: folds 
CashfishT: raises $1.20 to $2.20
Pon4uk.ua: folds 
ozstrike88: calls $1.70
Ydys20: calls $1.20
*** FLOP *** [8c 9d 5c]
ozstrike88: checks 
Ydys20: checks 
CashfishT: bets $3.14
ozstrike88: calls $3.14
Ydys20: calls $3.14
*** TURN *** [8c 9d 5c] [6d]
ozstrike88: checks 
Ydys20: checks 
CashfishT: checks 
*** RIVER *** [8c 9d 5c 6d] [2c]
ozstrike88: bets $4
Ydys20: calls $4
CashfishT: folds 
*** SHOW DOWN ***
ozstrike88: shows [Td 8d] (a pair of Eights)
Ydys20: shows [7h Th] (a straight, Six to Ten)
Ydys20 collected $22.82 from pot
*** SUMMARY ***
Total pot $24.02 | Rake $1.20 
Board [8c 9d 5c 6d 2c]
Seat 1: b2k-Snick folded before Flop (didn't bet)
Seat 3: CashfishT folded on the River
Seat 4: Pon4uk.ua (button) folded before Flop (didn't bet)
Seat 5: ozstrike88 (small blind) showed [Td 8d] and lost with a pair of Eights
Seat 6: Ydys20 (big blind) showed [7h Th] and won ($22.82) with a straight, Six to Ten



PokerStars Hand #254762211120:  Hold'em No Limit ($0.50/$1.00 USD) - 2025/02/08 7:08:05 WET [2025/02/08 2:08:05 ET]
Table 'Salyut' 6-max Seat #5 is the button
Seat 1: b2k-Snick ($128.59 in chips) 
Seat 3: CashfishT ($100 in chips) 
Seat 4: Pon4uk.ua ($130.67 in chips) 
Seat 5: ozstrike88 ($85.28 in chips) 
Seat 6: Ydys20 ($113.48 in chips) 
Ydys20: posts small blind $0.50
b2k-Snick: posts big blind $1
*** HOLE CARDS ***
CashfishT: folds 
Pon4uk.ua: folds 
ozstrike88: raises $2.50 to $3.50
Ydys20: folds 
b2k-Snick: folds 
Uncalled bet ($2.50) returned to ozstrike88
ozstrike88 collected $2.50 from pot
*** SUMMARY ***
Total pot $2.50 | Rake $0 
Seat 1: b2k-Snick (big blind) folded before Flop
Seat 3: CashfishT folded before Flop (didn't bet)
Seat 4: Pon4uk.ua folded before Flop (didn't bet)
Seat 5: ozstrike88 (button) collected ($2.50)
Seat 6: Ydys20 (small blind) folded before Flop



PokerStars Hand #254762080788:  Hold'em No Limit ($0.50/$1.00 USD) - 2025/02/08 6:42:08 WET [2025/02/08 1:42:08 ET]
Table 'Salyut' 6-max Seat #2 is the button
Seat 5: peak joker33 ($100 in chips) is sitting out
Seat 1: reeqar ($102.72 in chips) 
Seat 2: B1GBankroll ($199.40 in chips) 
Seat 3: CashfishT ($100 in chips) 
Seat 4: Pon4uk.ua ($100 in chips) 
Seat 6: The_Pun1sh3r11 ($100 in chips) 
CashfishT: posts small blind $0.50
Pon4uk.ua: posts big blind $1
peak joker33: sits out 
*** HOLE CARDS ***
The_Pun1sh3r11: folds 
reeqar: raises $1.50 to $2.50
B1GBankroll: folds 
CashfishT: folds 
Pon4uk.ua: calls $1.50
*** FLOP *** [6d 8h Ts]
Pon4uk.ua: checks 
reeqar: checks 
*** TURN *** [6d 8h Ts] [3h]
Pon4uk.ua: bets $2.61
reeqar: folds 
Uncalled bet ($2.61) returned to Pon4uk.ua
Pon4uk.ua collected $5.22 from pot
Pon4uk.ua: doesn't show hand 
*** SUMMARY ***
Total pot $5.50 | Rake $0.28 
Board [6d 8h Ts 3h]
Seat 5: peak joker33
Seat 1: reeqar folded on the Turn
Seat 2: B1GBankroll (button) folded before Flop (didn't bet)
Seat 3: CashfishT (small blind) folded before Flop
Seat 4: Pon4uk.ua (big blind) collected ($5.22)
Seat 6: The_Pun1sh3r11 folded before Flop (didn't bet)



PokerStars Hand #254762084525:  Hold'em No Limit ($0.50/$1.00 USD) - 2025/02/08 6:42:50 WET [2025/02/08 1:42:50 ET]
Table 'Salyut' 6-max Seat #3 is the button
Seat 1: reeqar ($100.22 in chips) 
Seat 2: B1GBankroll ($199.40 in chips) 
Seat 3: CashfishT ($100 in chips) 
Seat 4: Pon4uk.ua ($102.72 in chips) 
Seat 5: peak joker33 ($100 in chips) 
Seat 6: The_Pun1sh3r11 ($100 in chips) 
Pon4uk.ua: posts small blind $0.50
peak joker33: posts big blind $1
*** HOLE CARDS ***
The_Pun1sh3r11: folds 
reeqar: folds 
B1GBankroll: folds 
CashfishT: folds 
Pon4uk.ua: raises $1.75 to $2.75
peak joker33: folds 
Uncalled bet ($1.75) returned to Pon4uk.ua
Pon4uk.ua collected $2 from pot
Pon4uk.ua: doesn't show hand 
*** SUMMARY ***
Total pot $2 | Rake $0 
Seat 1: reeqar folded before Flop (didn't bet)
Seat 2: B1GBankroll folded before Flop (didn't bet)
Seat 3: CashfishT (button) folded before Flop (didn't bet)
Seat 4: Pon4uk.ua (small blind) collected ($2)
Seat 5: peak joker33 (big blind) folded before Flop
Seat 6: The_Pun1sh3r11 folded before Flop (didn't bet)



PokerStars Hand #254762087760:  Hold'em No Limit ($0.50/$1.00 USD) - 2025/02/08 6:43:26 WET [2025/02/08 1:43:26 ET]
Table 'Salyut' 6-max Seat #4 is the button
Seat 1: reeqar ($100.22 in chips) 
Seat 2: B1GBankroll ($199.40 in chips) 
Seat 3: CashfishT ($100 in chips) 
Seat 4: Pon4uk.ua ($103.72 in chips) 
Seat 5: peak joker33 ($100 in chips) 
Seat 6: The_Pun1sh3r11 ($100 in chips) 
peak joker33: posts small blind $0.50
The_Pun1sh3r11: posts big blind $1
*** HOLE CARDS ***
reeqar: folds 
B1GBankroll: folds 
CashfishT: raises $1.20 to $2.20
Pon4uk.ua: folds 
peak joker33: folds 
The_Pun1sh3r11: raises $4.90 to $7.10
CashfishT: calls $4.90
*** FLOP *** [Qh 9d 2h]
The_Pun1sh3r11: bets $11.59
CashfishT: calls $11.59
*** TURN *** [Qh 9d 2h] [2d]
The_Pun1sh3r11: checks 
CashfishT: checks 
*** RIVER *** [Qh 9d 2h 2d] [9h]
The_Pun1sh3r11: bets $35.99
CashfishT: calls $35.99
*** SHOW DOWN ***
The_Pun1sh3r11: shows [9s 7s] (a full house, Nines full of Deuces)
CashfishT: mucks hand 
The_Pun1sh3r11 collected $107.36 from pot
*** SUMMARY ***
Total pot $109.86 | Rake $2.50 
Board [Qh 9d 2h 2d 9h]
Seat 1: reeqar folded before Flop (didn't bet)
Seat 2: B1GBankroll folded before Flop (didn't bet)
Seat 3: CashfishT mucked
Seat 4: Pon4uk.ua (button) folded before Flop (didn't bet)
Seat 5: peak joker33 (small blind) folded before Flop
Seat 6: The_Pun1sh3r11 (big blind) showed [9s 7s] and won ($107.36) with a full house, Nines full of Deuces



PokerStars Hand #254762092245:  Hold'em No Limit ($0.50/$1.00 USD) - 2025/02/08 6:44:18 WET [2025/02/08 1:44:18 ET]
Table 'Salyut' 6-max Seat #5 is the button
Seat 1: reeqar ($100.22 in chips) 
Seat 2: B1GBankroll ($199.40 in chips) 
Seat 3: CashfishT ($100 in chips) 
Seat 4: Pon4uk.ua ($103.72 in chips) 
Seat 5: peak joker33 ($100 in chips) 
Seat 6: The_Pun1sh3r11 ($152.68 in chips) 
The_Pun1sh3r11: posts small blind $0.50
reeqar: posts big blind $1
*** HOLE CARDS ***
B1GBankroll: folds 
CashfishT: raises $1.20 to $2.20
Pon4uk.ua: folds 
peak joker33: folds 
The_Pun1sh3r11: folds 
reeqar: folds 
Uncalled bet ($1.20) returned to CashfishT
CashfishT collected $2.50 from pot
CashfishT: doesn't show hand 
*** SUMMARY ***
Total pot $2.50 | Rake $0 
Seat 1: reeqar (big blind) folded before Flop
Seat 2: B1GBankroll folded before Flop (didn't bet)
Seat 3: CashfishT collected ($2.50)
Seat 4: Pon4uk.ua folded before Flop (didn't bet)
Seat 5: peak joker33 (button) folded before Flop (didn't bet)
Seat 6: The_Pun1sh3r11 (small blind) folded before Flop



PokerStars Hand #254762094101:  Hold'em No Limit ($0.50/$1.00 USD) - 2025/02/08 6:44:39 WET [2025/02/08 1:44:39 ET]
Table 'Salyut' 6-max Seat #6 is the button
Seat 1: reeqar ($100 in chips) 
Seat 2: B1GBankroll ($199.40 in chips) 
Seat 3: CashfishT ($101.50 in chips) 
Seat 4: Pon4uk.ua ($103.72 in chips) 
Seat 5: peak joker33 ($100 in chips) 
Seat 6: The_Pun1sh3r11 ($152.18 in chips) 
reeqar: posts small blind $0.50
B1GBankroll: posts big blind $1
*** HOLE CARDS ***
CashfishT: folds 
Pon4uk.ua: folds 
peak joker33: folds 
The_Pun1sh3r11: raises $2 to $3
reeqar: folds 
B1GBankroll: folds 
Uncalled bet ($2) returned to The_Pun1sh3r11
The_Pun1sh3r11 collected $2.50 from pot
*** SUMMARY ***
Total pot $2.50 | Rake $0 
Seat 1: reeqar (small blind) folded before Flop
Seat 2: B1GBankroll (big blind) folded before Flop
Seat 3: CashfishT folded before Flop (didn't bet)
Seat 4: Pon4uk.ua folded before Flop (didn't bet)
Seat 5: peak joker33 folded before Flop (didn't bet)
Seat 6: The_Pun1sh3r11 (button) collected ($2.50)



PokerStars Hand #254762095545:  Hold'em No Limit ($0.50/$1.00 USD) - 2025/02/08 6:44:55 WET [2025/02/08 1:44:55 ET]
Table 'Salyut' 6-max Seat #1 is the button
Seat 1: reeqar ($100 in chips) 
Seat 2: B1GBankroll ($198.40 in chips) 
Seat 3: CashfishT ($101.50 in chips) 
Seat 4: Pon4uk.ua ($103.72 in chips) 
Seat 5: peak joker33 ($100 in chips) 
Seat 6: The_Pun1sh3r11 ($153.68 in chips) 
B1GBankroll: posts small blind $0.50
CashfishT: posts big blind $1
*** HOLE CARDS ***
Pon4uk.ua: folds 
peak joker33: folds 
The_Pun1sh3r11: folds 
reeqar: folds 
B1GBankroll: folds 
Uncalled bet ($0.50) returned to CashfishT
CashfishT collected $1 from pot
CashfishT: doesn't show hand 
*** SUMMARY ***
Total pot $1 | Rake $0 
Seat 1: reeqar (button) folded before Flop (didn't bet)
Seat 2: B1GBankroll (small blind) folded before Flop
Seat 3: CashfishT (big blind) collected ($1)
Seat 4: Pon4uk.ua folded before Flop (didn't bet)
Seat 5: peak joker33 folded before Flop (didn't bet)
Seat 6: The_Pun1sh3r11 folded before Flop (didn't bet)



PokerStars Hand #254762096631:  Hold'em No Limit ($0.50/$1.00 USD) - 2025/02/08 6:45:08 WET [2025/02/08 1:45:08 ET]
Table 'Salyut' 6-max Seat #2 is the button
Seat 1: reeqar ($100 in chips) 
Seat 2: B1GBankroll ($197.90 in chips) 
Seat 3: CashfishT ($102 in chips) 
Seat 4: Pon4uk.ua ($103.72 in chips) 
Seat 5: peak joker33 ($100 in chips) 
Seat 6: The_Pun1sh3r11 ($153.68 in chips) 
CashfishT: posts small blind $0.50
Pon4uk.ua: posts big blind $1
*** HOLE CARDS ***
peak joker33: folds 
The_Pun1sh3r11: raises $2 to $3
reeqar: folds 
B1GBankroll: folds 
CashfishT: folds 
Pon4uk.ua: calls $2
*** FLOP *** [Jd 6h 4d]
Pon4uk.ua: checks 
The_Pun1sh3r11: bets $2.04
Pon4uk.ua: calls $2.04
*** TURN *** [Jd 6h 4d] [9c]
Pon4uk.ua: bets $5.03
The_Pun1sh3r11: calls $5.03
*** RIVER *** [Jd 6h 4d 9c] [3h]
Pon4uk.ua: bets $6.47
The_Pun1sh3r11: folds 
Uncalled bet ($6.47) returned to Pon4uk.ua
Pon4uk.ua collected $19.61 from pot
Pon4uk.ua: doesn't show hand 
*** SUMMARY ***
Total pot $20.64 | Rake $1.03 
Board [Jd 6h 4d 9c 3h]
Seat 1: reeqar folded before Flop (didn't bet)
Seat 2: B1GBankroll (button) folded before Flop (didn't bet)
Seat 3: CashfishT (small blind) folded before Flop
Seat 4: Pon4uk.ua (big blind) collected ($19.61)
Seat 5: peak joker33 folded before Flop (didn't bet)
Seat 6: The_Pun1sh3r11 folded on the River



PokerStars Hand #254762100759:  Hold'em No Limit ($0.50/$1.00 USD) - 2025/02/08 6:45:56 WET [2025/02/08 1:45:56 ET]
Table 'Salyut' 6-max Seat #3 is the button
Seat 1: reeqar ($100 in chips) 
Seat 2: B1GBankroll ($197.90 in chips) 
Seat 3: CashfishT ($101.50 in chips) 
Seat 4: Pon4uk.ua ($113.26 in chips) 
Seat 5: peak joker33 ($100 in chips) 
Seat 6: The_Pun1sh3r11 ($143.61 in chips) 
Pon4uk.ua: posts small blind $0.50
peak joker33: posts big blind $1
*** HOLE CARDS ***
The_Pun1sh3r11: raises $2 to $3
reeqar: raises $6 to $9
B1GBankroll: folds 
CashfishT: folds 
Pon4uk.ua: folds 
peak joker33: folds 
The_Pun1sh3r11: calls $6
*** FLOP *** [6d 3s Qc]
The_Pun1sh3r11: checks 
reeqar: bets $6.11
The_Pun1sh3r11: calls $6.11
*** TURN *** [6d 3s Qc] [Ah]
The_Pun1sh3r11: checks 
reeqar: checks 
*** RIVER *** [6d 3s Qc Ah] [Js]
The_Pun1sh3r11: bets $25.01
reeqar: folds 
Uncalled bet ($25.01) returned to The_Pun1sh3r11
The_Pun1sh3r11 collected $30.13 from pot
*** SUMMARY ***
Total pot $31.72 | Rake $1.59 
Board [6d 3s Qc Ah Js]
Seat 1: reeqar folded on the River
Seat 2: B1GBankroll folded before Flop (didn't bet)
Seat 3: CashfishT (button) folded before Flop (didn't bet)
Seat 4: Pon4uk.ua (small blind) folded before Flop
Seat 5: peak joker33 (big blind) folded before Flop
Seat 6: The_Pun1sh3r11 collected ($30.13)



PokerStars Hand #254762106232:  Hold'em No Limit ($0.50/$1.00 USD) - 2025/02/08 6:47:00 WET [2025/02/08 1:47:00 ET]
Table 'Salyut' 6-max Seat #4 is the button
Seat 1: reeqar ($100 in chips) 
Seat 2: B1GBankroll ($197.90 in chips) 
Seat 3: CashfishT ($101.50 in chips) 
Seat 4: Pon4uk.ua ($112.76 in chips) 
Seat 5: peak joker33 ($100 in chips) 
Seat 6: The_Pun1sh3r11 ($158.63 in chips) 
peak joker33: posts small blind $0.50
The_Pun1sh3r11: posts big blind $1
*** HOLE CARDS ***
reeqar: folds 
B1GBankroll: folds 
CashfishT: raises $1.20 to $2.20
Pon4uk.ua: folds 
peak joker33: folds 
The_Pun1sh3r11: folds 
Uncalled bet ($1.20) returned to CashfishT
CashfishT collected $2.50 from pot
CashfishT: doesn't show hand 
*** SUMMARY ***
Total pot $2.50 | Rake $0 
Seat 1: reeqar folded before Flop (didn't bet)
Seat 2: B1GBankroll folded before Flop (didn't bet)
Seat 3: CashfishT collected ($2.50)
Seat 4: Pon4uk.ua (button) folded before Flop (didn't bet)
Seat 5: peak joker33 (small blind) folded before Flop
Seat 6: The_Pun1sh3r11 (big blind) folded before Flop



PokerStars Hand #254762076865:  Hold'em No Limit ($0.50/$1.00 USD) - 2025/02/08 6:41:24 WET [2025/02/08 1:41:24 ET]
Table 'Salyut' 6-max Seat #1 is the button
Seat 4: Pon4uk.ua ($100 in chips) is sitting out
Seat 6: The_Pun1sh3r11 ($0 in chips) is sitting out
Seat 1: reeqar ($100 in chips) 
Seat 2: B1GBankroll ($199.90 in chips) 
Seat 3: CashfishT ($100 in chips) 
B1GBankroll: posts small blind $0.50
CashfishT: posts big blind $1
Pon4uk.ua: sits out 
*** HOLE CARDS ***
reeqar: raises $1.50 to $2.50
B1GBankroll: folds 
CashfishT: calls $1.50
*** FLOP *** [7s 7h Ad]
CashfishT: checks 
peak joker33 joins the table at seat #5 
reeqar: bets $1.30
CashfishT: folds 
Uncalled bet ($1.30) returned to reeqar
reeqar collected $5.22 from pot
reeqar: doesn't show hand 
*** SUMMARY ***
Total pot $5.50 | Rake $0.28 
Board [7s 7h Ad]
Seat 4: Pon4uk.ua
Seat 6: The_Pun1sh3r11
Seat 1: reeqar (button) collected ($5.22)
Seat 2: B1GBankroll (small blind) folded before Flop
Seat 3: CashfishT (big blind) folded on the Flop



PokerStars Hand #254762212802:  Hold'em No Limit ($0.50/$1.00 USD) - 2025/02/08 7:08:25 WET [2025/02/08 2:08:25 ET]
Table 'Salyut' 6-max Seat #6 is the button
Seat 1: b2k-Snick ($127.59 in chips) 
Seat 3: CashfishT ($100 in chips) 
Seat 4: Pon4uk.ua ($130.67 in chips) 
Seat 5: ozstrike88 ($86.78 in chips) 
Seat 6: Ydys20 ($112.98 in chips) 
b2k-Snick: posts small blind $0.50
CashfishT: posts big blind $1
*** HOLE CARDS ***
Pon4uk.ua: raises $1 to $2
ozstrike88: calls $2
Ydys20: folds 
b2k-Snick: folds 
CashfishT: folds 
*** FLOP *** [Ks Qc Ts]
Pon4uk.ua: bets $1.72
mane1402 joins the table at seat #2 
mane1402 is disconnected 
ozstrike88: folds 
Uncalled bet ($1.72) returned to Pon4uk.ua
Pon4uk.ua collected $5.22 from pot
Pon4uk.ua: doesn't show hand 
*** SUMMARY ***
Total pot $5.50 | Rake $0.28 
Board [Ks Qc Ts]
Seat 1: b2k-Snick (small blind) folded before Flop
Seat 3: CashfishT (big blind) folded before Flop
Seat 4: Pon4uk.ua collected ($5.22)
Seat 5: ozstrike88 folded on the Flop
Seat 6: Ydys20 (button) folded before Flop (didn't bet)



PokerStars Hand #254762214745:  Hold'em No Limit ($0.50/$1.00 USD) - 2025/02/08 7:08:48 WET [2025/02/08 2:08:48 ET]
Table 'Salyut' 6-max Seat #1 is the button
Seat 2: mane1402 ($56.52 in chips) is sitting out
Seat 1: b2k-Snick ($127.09 in chips) 
Seat 3: CashfishT ($100 in chips) 
Seat 4: Pon4uk.ua ($133.89 in chips) 
Seat 5: ozstrike88 ($84.78 in chips) 
Seat 6: Ydys20 ($112.98 in chips) 
CashfishT: posts small blind $0.50
Pon4uk.ua: posts big blind $1
*** HOLE CARDS ***
ozstrike88: folds 
Ydys20: folds 
b2k-Snick: folds 
CashfishT: folds 
Uncalled bet ($0.50) returned to Pon4uk.ua
Pon4uk.ua collected $1 from pot
Pon4uk.ua: doesn't show hand 
*** SUMMARY ***
Total pot $1 | Rake $0 
Seat 2: mane1402
Seat 1: b2k-Snick (button) folded before Flop (didn't bet)
Seat 3: CashfishT (small blind) folded before Flop
Seat 4: Pon4uk.ua (big blind) collected ($1)
Seat 5: ozstrike88 folded before Flop (didn't bet)
Seat 6: Ydys20 folded before Flop (didn't bet)



PokerStars Hand #254762216564:  Hold'em No Limit ($0.50/$1.00 USD) - 2025/02/08 7:09:09 WET [2025/02/08 2:09:09 ET]
Table 'Salyut' 6-max Seat #3 is the button
Seat 2: mane1402 ($56.52 in chips) is sitting out
Seat 1: b2k-Snick ($127.09 in chips) 
Seat 3: CashfishT ($100 in chips) 
Seat 4: Pon4uk.ua ($134.39 in chips) 
Seat 5: ozstrike88 ($84.78 in chips) 
Seat 6: Ydys20 ($112.98 in chips) 
Pon4uk.ua: posts small blind $0.50
ozstrike88: posts big blind $1
mane1402: sits out 
*** HOLE CARDS ***
Ydys20: raises $1.20 to $2.20
b2k-Snick: folds 
CashfishT: raises $4.80 to $7
Pon4uk.ua: folds 
ozstrike88: folds 
Ydys20: folds 
Uncalled bet ($4.80) returned to CashfishT
CashfishT collected $5.90 from pot
CashfishT: doesn't show hand 
*** SUMMARY ***
Total pot $5.90 | Rake $0 
Seat 2: mane1402
Seat 1: b2k-Snick folded before Flop (didn't bet)
Seat 3: CashfishT (button) collected ($5.90)
Seat 4: Pon4uk.ua (small blind) folded before Flop
Seat 5: ozstrike88 (big blind) folded before Flop
Seat 6: Ydys20 folded before Flop



PokerStars Hand #254762218138:  Hold'em No Limit ($0.50/$1.00 USD) - 2025/02/08 7:09:28 WET [2025/02/08 2:09:28 ET]
Table 'Salyut' 6-max Seat #4 is the button
Seat 2: mane1402 ($56.52 in chips) is sitting out
Seat 1: b2k-Snick ($127.09 in chips) 
Seat 3: CashfishT ($103.70 in chips) 
Seat 4: Pon4uk.ua ($133.89 in chips) 
Seat 5: ozstrike88 ($83.78 in chips) 
Seat 6: Ydys20 ($110.78 in chips) 
ozstrike88: posts small blind $0.50
Ydys20: posts big blind $1
mane1402: sits out 
*** HOLE CARDS ***
b2k-Snick: folds 
CashfishT: raises $1.20 to $2.20
Pon4uk.ua: folds 
ozstrike88: folds 
Ydys20: raises $9.80 to $12
CashfishT: folds 
Uncalled bet ($9.80) returned to Ydys20
Ydys20 collected $4.90 from pot
Ydys20: doesn't show hand 
*** SUMMARY ***
Total pot $4.90 | Rake $0 
Seat 2: mane1402
Seat 1: b2k-Snick folded before Flop (didn't bet)
Seat 3: CashfishT folded before Flop
Seat 4: Pon4uk.ua (button) folded before Flop (didn't bet)
Seat 5: ozstrike88 (small blind) folded before Flop
Seat 6: Ydys20 (big blind) collected ($4.90)



PokerStars Hand #254762220663:  Hold'em No Limit ($0.50/$1.00 USD) - 2025/02/08 7:09:57 WET [2025/02/08 2:09:57 ET]
Table 'Salyut' 6-max Seat #5 is the button
Seat 2: mane1402 ($56.52 in chips) is sitting out
Seat 1: b2k-Snick ($127.09 in chips) 
Seat 3: CashfishT ($101.50 in chips) 
Seat 4: Pon4uk.ua ($133.89 in chips) 
Seat 5: ozstrike88 ($83.28 in chips) 
Seat 6: Ydys20 ($113.48 in chips) 
Ydys20: posts small blind $0.50
b2k-Snick: posts big blind $1
mane1402: sits out 
*** HOLE CARDS ***
CashfishT: raises $1.20 to $2.20
Pon4uk.ua: folds 
ozstrike88: folds 
Ydys20: folds 
b2k-Snick: folds 
Uncalled bet ($1.20) returned to CashfishT
CashfishT collected $2.50 from pot
CashfishT: doesn't show hand 
*** SUMMARY ***
Total pot $2.50 | Rake $0 
Seat 2: mane1402
Seat 1: b2k-Snick (big blind) folded before Flop
Seat 3: CashfishT collected ($2.50)
Seat 4: Pon4uk.ua folded before Flop (didn't bet)
Seat 5: ozstrike88 (button) folded before Flop (didn't bet)
Seat 6: Ydys20 (small blind) folded before Flop



PokerStars Hand #254762221671:  Hold'em No Limit ($0.50/$1.00 USD) - 2025/02/08 7:10:09 WET [2025/02/08 2:10:09 ET]
Table 'Salyut' 6-max Seat #6 is the button
Seat 1: b2k-Snick ($126.09 in chips) 
Seat 2: mane1402 ($56.52 in chips) 
Seat 3: CashfishT ($103 in chips) 
Seat 4: Pon4uk.ua ($133.89 in chips) 
Seat 5: ozstrike88 ($83.28 in chips) 
Seat 6: Ydys20 ($112.98 in chips) 
b2k-Snick: posts small blind $0.50
mane1402: posts big blind $1
*** HOLE CARDS ***
CashfishT: folds 
Pon4uk.ua: folds 
ozstrike88: folds 
Ydys20: raises $1.50 to $2.50
b2k-Snick: folds 
mane1402: calls $1.50
*** FLOP *** [2d Qh Kd]
mane1402: bets $5.22
Ydys20: folds 
Uncalled bet ($5.22) returned to mane1402
mane1402 collected $5.22 from pot
*** SUMMARY ***
Total pot $5.50 | Rake $0.28 
Board [2d Qh Kd]
Seat 1: b2k-Snick (small blind) folded before Flop
Seat 2: mane1402 (big blind) collected ($5.22)
Seat 3: CashfishT folded before Flop (didn't bet)
Seat 4: Pon4uk.ua folded before Flop (didn't bet)
Seat 5: ozstrike88 folded before Flop (didn't bet)
Seat 6: Ydys20 (button) folded on the Flop



PokerStars Hand #254762224364:  Hold'em No Limit ($0.50/$1.00 USD) - 2025/02/08 7:10:41 WET [2025/02/08 2:10:41 ET]
Table 'Salyut' 6-max Seat #1 is the button
Seat 1: b2k-Snick ($125.59 in chips) 
Seat 2: mane1402 ($59.24 in chips) 
Seat 3: CashfishT ($103 in chips) 
Seat 4: Pon4uk.ua ($133.89 in chips) 
Seat 5: ozstrike88 ($83.28 in chips) 
Seat 6: Ydys20 ($110.48 in chips) 
mane1402: posts small blind $0.50
CashfishT: posts big blind $1
*** HOLE CARDS ***
Pon4uk.ua: folds 
ozstrike88: raises $2.50 to $3.50
Ydys20: folds 
b2k-Snick: raises $5.50 to $9
mane1402: raises $50.24 to $59.24 and is all-in
CashfishT: folds 
ozstrike88: folds 
b2k-Snick: calls $50.24
*** FLOP *** [Td 9h 5d]
*** TURN *** [Td 9h 5d] [8c]
*** RIVER *** [Td 9h 5d 8c] [8d]
*** SHOW DOWN ***
mane1402: shows [Ac Tc] (two pair, Tens and Eights)
b2k-Snick: shows [Ad Kd] (a flush, Ace high)
b2k-Snick collected $120.48 from pot
*** SUMMARY ***
Total pot $122.98 | Rake $2.50 
Board [Td 9h 5d 8c 8d]
Seat 1: b2k-Snick (button) showed [Ad Kd] and won ($120.48) with a flush, Ace high
Seat 2: mane1402 (small blind) showed [Ac Tc] and lost with two pair, Tens and Eights
Seat 3: CashfishT (big blind) folded before Flop
Seat 4: Pon4uk.ua folded before Flop (didn't bet)
Seat 5: ozstrike88 folded before Flop
Seat 6: Ydys20 folded before Flop (didn't bet)



PokerStars Hand #254762228080:  Hold'em No Limit ($0.50/$1.00 USD) - 2025/02/08 7:11:23 WET [2025/02/08 2:11:23 ET]
Table 'Salyut' 6-max Seat #3 is the button
Seat 2: mane1402 ($0 in chips) is sitting out
Seat 1: b2k-Snick ($186.83 in chips) 
Seat 3: CashfishT ($102 in chips) 
Seat 4: Pon4uk.ua ($133.89 in chips) 
Seat 5: ozstrike88 ($79.78 in chips) 
Seat 6: Ydys20 ($110.48 in chips) 
Pon4uk.ua: posts small blind $0.50
ozstrike88: posts big blind $1
*** HOLE CARDS ***
Ydys20: raises $1.20 to $2.20
b2k-Snick: folds 
CashfishT: calls $2.20
Pon4uk.ua: folds 
ozstrike88: calls $1.20
*** FLOP *** [6h 2c 3d]
ozstrike88: checks 
Ydys20: checks 
CashfishT: checks 
*** TURN *** [6h 2c 3d] [2d]
ozstrike88: checks 
Ydys20: checks 
CashfishT: bets $5.06
ozstrike88: folds 
Ydys20: folds 
Uncalled bet ($5.06) returned to CashfishT
CashfishT collected $6.74 from pot
CashfishT: doesn't show hand 
*** SUMMARY ***
Total pot $7.10 | Rake $0.36 
Board [6h 2c 3d 2d]
Seat 2: mane1402
Seat 1: b2k-Snick folded before Flop (didn't bet)
Seat 3: CashfishT (button) collected ($6.74)
Seat 4: Pon4uk.ua (small blind) folded before Flop
Seat 5: ozstrike88 (big blind) folded on the Turn
Seat 6: Ydys20 folded on the Turn



PokerStars Hand #254762232856:  Hold'em No Limit ($0.50/$1.00 USD) - 2025/02/08 7:12:20 WET [2025/02/08 2:12:20 ET]
Table 'Salyut' 6-max Seat #4 is the button
Seat 2: mane1402 ($0 in chips) is sitting out
Seat 1: b2k-Snick ($186.83 in chips) 
Seat 3: CashfishT ($106.54 in chips) 
Seat 4: Pon4uk.ua ($133.39 in chips) 
Seat 5: ozstrike88 ($77.58 in chips) 
Seat 6: Ydys20 ($108.28 in chips) 
ozstrike88: posts small blind $0.50
Ydys20: posts big blind $1
*** HOLE CARDS ***
b2k-Snick: folds 
CashfishT: folds 
Pon4uk.ua: raises $1.50 to $2.50
ozstrike88: folds 
Ydys20: calls $1.50
*** FLOP *** [Qd As 6d]
Ydys20: checks 
Pon4uk.ua: bets $2.61
Ydys20: calls $2.61
*** TURN *** [Qd As 6d] [9d]
Ydys20: checks 
Pon4uk.ua: bets $7.64
Ydys20: calls $7.64
*** RIVER *** [Qd As 6d 9d] [Qh]
Ydys20: checks 
Pon4uk.ua: checks 
*** SHOW DOWN ***
Ydys20: shows [4c Ad] (two pair, Aces and Queens)
Pon4uk.ua: shows [6c Ac] (two pair, Aces and Queens)
Ydys20 collected $12.35 from pot
Pon4uk.ua collected $12.35 from pot
*** SUMMARY ***
Total pot $26 | Rake $1.30 
Board [Qd As 6d 9d Qh]
Seat 2: mane1402
Seat 1: b2k-Snick folded before Flop (didn't bet)
Seat 3: CashfishT folded before Flop (didn't bet)
Seat 4: Pon4uk.ua (button) showed [6c Ac] and won ($12.35) with two pair, Aces and Queens
Seat 5: ozstrike88 (small blind) folded before Flop
Seat 6: Ydys20 (big blind) showed [4c Ad] and won ($12.35) with two pair, Aces and Queens



PokerStars Hand #254762240235:  Hold'em No Limit ($0.50/$1.00 USD) - 2025/02/08 7:13:46 WET [2025/02/08 2:13:46 ET]
Table 'Salyut' 6-max Seat #5 is the button
Seat 2: mane1402 ($0 in chips) is sitting out
Seat 1: b2k-Snick ($186.83 in chips) 
Seat 3: CashfishT ($106.54 in chips) 
Seat 5: ozstrike88 ($77.08 in chips) 
Seat 6: Ydys20 ($107.88 in chips) 
Ydys20: posts small blind $0.50
b2k-Snick: posts big blind $1
*** HOLE CARDS ***
CashfishT: folds 
ozstrike88: folds 
Ydys20: raises $2 to $3
mane1402 is disconnected 
b2k-Snick: folds 
Uncalled bet ($2) returned to Ydys20
Ydys20 collected $2 from pot
Ydys20: doesn't show hand 
*** SUMMARY ***
Total pot $2 | Rake $0 
Seat 2: mane1402
Seat 1: b2k-Snick (big blind) folded before Flop
Seat 3: CashfishT folded before Flop (didn't bet)
Seat 5: ozstrike88 (button) folded before Flop (didn't bet)
Seat 6: Ydys20 (small blind) collected ($2)



PokerStars Hand #254762241437:  Hold'em No Limit ($0.50/$1.00 USD) - 2025/02/08 7:14:00 WET [2025/02/08 2:14:00 ET]
Table 'Salyut' 6-max Seat #6 is the button
Seat 2: mane1402 ($0 in chips) is sitting out
Seat 1: b2k-Snick ($185.83 in chips) 
Seat 3: CashfishT ($106.54 in chips) 
Seat 5: ozstrike88 ($77.08 in chips) 
Seat 6: Ydys20 ($108.88 in chips) 
b2k-Snick: posts small blind $0.50
CashfishT: posts big blind $1
*** HOLE CARDS ***
ozstrike88: folds 
Ydys20: raises $1.50 to $2.50
b2k-Snick: folds 
CashfishT: folds 
Uncalled bet ($1.50) returned to Ydys20
Ydys20 collected $2.50 from pot
Ydys20: doesn't show hand 
50CandyJoe joins the table at seat #4 
*** SUMMARY ***
Total pot $2.50 | Rake $0 
Seat 2: mane1402
Seat 1: b2k-Snick (small blind) folded before Flop
Seat 3: CashfishT (big blind) folded before Flop
Seat 5: ozstrike88 folded before Flop (didn't bet)
Seat 6: Ydys20 (button) collected ($2.50)



PokerStars Hand #254762243280:  Hold'em No Limit ($0.50/$1.00 USD) - 2025/02/08 7:14:22 WET [2025/02/08 2:14:22 ET]
Table 'Salyut' 6-max Seat #1 is the button
Seat 2: mane1402 ($0 in chips) is sitting out
Seat 1: b2k-Snick ($185.33 in chips) 
Seat 3: CashfishT ($105.54 in chips) 
Seat 4: 50CandyJoe ($100 in chips) 
Seat 5: ozstrike88 ($77.08 in chips) 
Seat 6: Ydys20 ($110.38 in chips) 
CashfishT: posts small blind $0.50
50CandyJoe: posts big blind $1
*** HOLE CARDS ***
ozstrike88: raises $2.50 to $3.50
Ydys20: folds 
b2k-Snick: folds 
CashfishT: folds 
50CandyJoe: folds 
Uncalled bet ($2.50) returned to ozstrike88
ozstrike88 collected $2.50 from pot
*** SUMMARY ***
Total pot $2.50 | Rake $0 
Seat 2: mane1402
Seat 1: b2k-Snick (button) folded before Flop (didn't bet)
Seat 3: CashfishT (small blind) folded before Flop
Seat 4: 50CandyJoe (big blind) folded before Flop
Seat 5: ozstrike88 collected ($2.50)
Seat 6: Ydys20 folded before Flop (didn't bet)



PokerStars Hand #254762245128:  Hold'em No Limit ($0.50/$1.00 USD) - 2025/02/08 7:14:43 WET [2025/02/08 2:14:43 ET]
Table 'Salyut' 6-max Seat #3 is the button
Seat 2: mane1402 ($0 in chips) is sitting out
Seat 1: b2k-Snick ($185.33 in chips) 
Seat 3: CashfishT ($105.04 in chips) 
Seat 4: 50CandyJoe ($100 in chips) 
Seat 5: ozstrike88 ($78.58 in chips) 
Seat 6: Ydys20 ($110.38 in chips) 
50CandyJoe: posts small blind $0.50
ozstrike88: posts big blind $1
*** HOLE CARDS ***
Ydys20: folds 
b2k-Snick: folds 
CashfishT: raises $1.20 to $2.20
50CandyJoe: folds 
ozstrike88: calls $1.20
*** FLOP *** [Qh Qs Tc]
ozstrike88: checks 
CashfishT: bets $2.33
ozstrike88: folds 
Uncalled bet ($2.33) returned to CashfishT
CashfishT collected $4.66 from pot
CashfishT: doesn't show hand 
*** SUMMARY ***
Total pot $4.90 | Rake $0.24 
Board [Qh Qs Tc]
Seat 2: mane1402
Seat 1: b2k-Snick folded before Flop (didn't bet)
Seat 3: CashfishT (button) collected ($4.66)
Seat 4: 50CandyJoe (small blind) folded before Flop
Seat 5: ozstrike88 (big blind) folded on the Flop
Seat 6: Ydys20 folded before Flop (didn't bet)



PokerStars Hand #254762248378:  Hold'em No Limit ($0.50/$1.00 USD) - 2025/02/08 7:15:21 WET [2025/02/08 2:15:21 ET]
Table 'Salyut' 6-max Seat #4 is the button
Seat 2: mane1402 ($0 in chips) is sitting out
Seat 1: b2k-Snick ($185.33 in chips) 
Seat 3: CashfishT ($107.50 in chips) 
Seat 4: 50CandyJoe ($100 in chips) 
Seat 5: ozstrike88 ($76.38 in chips) 
Seat 6: Ydys20 ($110.38 in chips) 
ozstrike88: posts small blind $0.50
Ydys20: posts big blind $1
*** HOLE CARDS ***
b2k-Snick: folds 
CashfishT: folds 
50CandyJoe: raises $1.50 to $2.50
ozstrike88: folds 
Ydys20: folds 
Uncalled bet ($1.50) returned to 50CandyJoe
50CandyJoe collected $2.50 from pot
50CandyJoe: doesn't show hand 
*** SUMMARY ***
Total pot $2.50 | Rake $0 
Seat 2: mane1402
Seat 1: b2k-Snick folded before Flop (didn't bet)
Seat 3: CashfishT folded before Flop (didn't bet)
Seat 4: 50CandyJoe (button) collected ($2.50)
Seat 5: ozstrike88 (small blind) folded before Flop
Seat 6: Ydys20 (big blind) folded before Flop



PokerStars Hand #254762250734:  Hold'em No Limit ($0.50/$1.00 USD) - 2025/02/08 7:15:50 WET [2025/02/08 2:15:50 ET]
Table 'Salyut' 6-max Seat #5 is the button
Seat 2: mane1402 ($0 in chips) is sitting out
Seat 1: b2k-Snick ($185.33 in chips) 
Seat 3: CashfishT ($107.50 in chips) 
Seat 4: 50CandyJoe ($101.50 in chips) 
Seat 5: ozstrike88 ($75.88 in chips) 
Seat 6: Ydys20 ($109.38 in chips) 
Ydys20: posts small blind $0.50
b2k-Snick: posts big blind $1
*** HOLE CARDS ***
CashfishT: folds 
50CandyJoe: folds 
ozstrike88: folds 
Ydys20: folds 
Uncalled bet ($0.50) returned to b2k-Snick
b2k-Snick collected $1 from pot
b2k-Snick: doesn't show hand 
*** SUMMARY ***
Total pot $1 | Rake $0 
Seat 2: mane1402
Seat 1: b2k-Snick (big blind) collected ($1)
Seat 3: CashfishT folded before Flop (didn't bet)
Seat 4: 50CandyJoe folded before Flop (didn't bet)
Seat 5: ozstrike88 (button) folded before Flop (didn't bet)
Seat 6: Ydys20 (small blind) folded before Flop



PokerStars Hand #254762252360:  Hold'em No Limit ($0.50/$1.00 USD) - 2025/02/08 7:16:09 WET [2025/02/08 2:16:09 ET]
Table 'Salyut' 6-max Seat #6 is the button
Seat 2: mane1402 ($0 in chips) is sitting out
Seat 1: b2k-Snick ($185.83 in chips) 
Seat 3: CashfishT ($107.50 in chips) 
Seat 4: 50CandyJoe ($101.50 in chips) 
Seat 5: ozstrike88 ($75.88 in chips) 
Seat 6: Ydys20 ($108.88 in chips) 
b2k-Snick: posts small blind $0.50
CashfishT: posts big blind $1
*** HOLE CARDS ***
50CandyJoe: folds 
ozstrike88: folds 
Ydys20: folds 
b2k-Snick: raises $2 to $3
CashfishT: folds 
Uncalled bet ($2) returned to b2k-Snick
b2k-Snick collected $2 from pot
b2k-Snick: doesn't show hand 
*** SUMMARY ***
Total pot $2 | Rake $0 
Seat 2: mane1402
Seat 1: b2k-Snick (small blind) collected ($2)
Seat 3: CashfishT (big blind) folded before Flop
Seat 4: 50CandyJoe folded before Flop (didn't bet)
Seat 5: ozstrike88 folded before Flop (didn't bet)
Seat 6: Ydys20 (button) folded before Flop (didn't bet)



PokerStars Hand #254762254744:  Hold'em No Limit ($0.50/$1.00 USD) - 2025/02/08 7:16:37 WET [2025/02/08 2:16:37 ET]
Table 'Salyut' 6-max Seat #1 is the button
Seat 2: mane1402 ($0 in chips) is sitting out
Seat 1: b2k-Snick ($186.83 in chips) 
Seat 3: CashfishT ($106.50 in chips) 
Seat 4: 50CandyJoe ($101.50 in chips) 
Seat 5: ozstrike88 ($75.88 in chips) 
Seat 6: Ydys20 ($108.88 in chips) 
CashfishT: posts small blind $0.50
50CandyJoe: posts big blind $1
*** HOLE CARDS ***
ozstrike88: folds 
Ydys20: raises $1.50 to $2.50
b2k-Snick: folds 
CashfishT: folds 
50CandyJoe: folds 
Uncalled bet ($1.50) returned to Ydys20
Ydys20 collected $2.50 from pot
Ydys20: doesn't show hand 
*** SUMMARY ***
Total pot $2.50 | Rake $0 
Seat 2: mane1402
Seat 1: b2k-Snick (button) folded before Flop (didn't bet)
Seat 3: CashfishT (small blind) folded before Flop
Seat 4: 50CandyJoe (big blind) folded before Flop
Seat 5: ozstrike88 folded before Flop (didn't bet)
Seat 6: Ydys20 collected ($2.50)



PokerStars Hand #254762256635:  Hold'em No Limit ($0.50/$1.00 USD) - 2025/02/08 7:17:00 WET [2025/02/08 2:17:00 ET]
Table 'Salyut' 6-max Seat #3 is the button
Seat 2: mane1402 ($0 in chips) is sitting out
Seat 1: b2k-Snick ($186.83 in chips) 
Seat 3: CashfishT ($106 in chips) 
Seat 4: 50CandyJoe ($100.50 in chips) 
Seat 5: ozstrike88 ($75.88 in chips) 
Seat 6: Ydys20 ($110.38 in chips) 
50CandyJoe: posts small blind $0.50
ozstrike88: posts big blind $1
*** HOLE CARDS ***
Ydys20: folds 
b2k-Snick: folds 
CashfishT: folds 
50CandyJoe: raises $2 to $3
ozstrike88: calls $2
*** FLOP *** [4h 6c 2s]
50CandyJoe: checks 
ozstrike88: checks 
*** TURN *** [4h 6c 2s] [3c]
50CandyJoe: checks 
ozstrike88: bets $2.85
50CandyJoe: folds 
Uncalled bet ($2.85) returned to ozstrike88
ozstrike88 collected $5.70 from pot
*** SUMMARY ***
Total pot $6 | Rake $0.30 
Board [4h 6c 2s 3c]
Seat 2: mane1402
Seat 1: b2k-Snick folded before Flop (didn't bet)
Seat 3: CashfishT (button) folded before Flop (didn't bet)
Seat 4: 50CandyJoe (small blind) folded on the Turn
Seat 5: ozstrike88 (big blind) collected ($5.70)
Seat 6: Ydys20 folded before Flop (didn't bet)



PokerStars Hand #254762261189:  Hold'em No Limit ($0.50/$1.00 USD) - 2025/02/08 7:17:53 WET [2025/02/08 2:17:53 ET]
Table 'Salyut' 6-max Seat #4 is the button
Seat 2: mane1402 ($0 in chips) is sitting out
Seat 6: Ydys20 ($110.38 in chips) is sitting out
Seat 1: b2k-Snick ($186.83 in chips) 
Seat 3: CashfishT ($106 in chips) 
Seat 4: 50CandyJoe ($100 in chips) 
Seat 5: ozstrike88 ($78.58 in chips) 
ozstrike88: posts small blind $0.50
Ydys20: is sitting out 
b2k-Snick: posts big blind $1
*** HOLE CARDS ***
CashfishT: raises $1.20 to $2.20
50CandyJoe: folds 
ozstrike88: calls $1.70
b2k-Snick: folds 
*** FLOP *** [Ks 3s Tc]
ozstrike88: bets $2.57
CashfishT: calls $2.57
*** TURN *** [Ks 3s Tc] [8c]
ozstrike88: bets $7
CashfishT: calls $7
*** RIVER *** [Ks 3s Tc 8c] [8d]
ozstrike88: checks 
CashfishT: checks 
*** SHOW DOWN ***
ozstrike88: shows [As 9s] (a pair of Eights)
CashfishT: shows [Jc Js] (two pair, Jacks and Eights)
CashfishT collected $23.54 from pot
*** SUMMARY ***
Total pot $24.54 | Rake $1 
Board [Ks 3s Tc 8c 8d]
Seat 2: mane1402
Seat 6: Ydys20
Seat 1: b2k-Snick (big blind) folded before Flop
Seat 3: CashfishT showed [Jc Js] and won ($23.54) with two pair, Jacks and Eights
Seat 4: 50CandyJoe (button) folded before Flop (didn't bet)
Seat 5: ozstrike88 (small blind) showed [As 9s] and lost with a pair of Eights



PokerStars Hand #254762267888:  Hold'em No Limit ($0.50/$1.00 USD) - 2025/02/08 7:19:12 WET [2025/02/08 2:19:12 ET]
Table 'Salyut' 6-max Seat #5 is the button
Seat 6: Ydys20 ($110.38 in chips) is sitting out
Seat 1: b2k-Snick ($185.83 in chips) 
Seat 2: mane1402 ($59.23 in chips) 
Seat 3: CashfishT ($117.77 in chips) 
Seat 4: 50CandyJoe ($100 in chips) 
Seat 5: ozstrike88 ($66.81 in chips) 
b2k-Snick: posts small blind $0.50
mane1402: posts big blind $1
*** HOLE CARDS ***
CashfishT: folds 
50CandyJoe: raises $1.20 to $2.20
ozstrike88: raises $4.90 to $7.10
b2k-Snick: folds 
mane1402: folds 
50CandyJoe: folds 
Uncalled bet ($4.90) returned to ozstrike88
ozstrike88 collected $5.90 from pot
*** SUMMARY ***
Total pot $5.90 | Rake $0 
Seat 6: Ydys20
Seat 1: b2k-Snick (small blind) folded before Flop
Seat 2: mane1402 (big blind) folded before Flop
Seat 3: CashfishT folded before Flop (didn't bet)
Seat 4: 50CandyJoe folded before Flop
Seat 5: ozstrike88 (button) collected ($5.90)



PokerStars Hand #254762271042:  Hold'em No Limit ($0.50/$1.00 USD) - 2025/02/08 7:19:48 WET [2025/02/08 2:19:48 ET]
Table 'Salyut' 6-max Seat #1 is the button
Seat 6: Ydys20 ($110.38 in chips) is sitting out
Seat 1: b2k-Snick ($185.33 in chips) 
Seat 2: mane1402 ($58.23 in chips) 
Seat 3: CashfishT ($117.77 in chips) 
Seat 4: 50CandyJoe ($100 in chips) 
Seat 5: ozstrike88 ($70.51 in chips) 
mane1402: posts small blind $0.50
CashfishT: posts big blind $1
*** HOLE CARDS ***
50CandyJoe: folds 
ozstrike88: folds 
b2k-Snick: folds 
mane1402: calls $0.50
CashfishT: raises $3.50 to $4.50
mane1402: folds 
Uncalled bet ($3.50) returned to CashfishT
CashfishT collected $2 from pot
CashfishT: doesn't show hand 
*** SUMMARY ***
Total pot $2 | Rake $0 
Seat 6: Ydys20
Seat 1: b2k-Snick (button) folded before Flop (didn't bet)
Seat 2: mane1402 (small blind) folded before Flop
Seat 3: CashfishT (big blind) collected ($2)
Seat 4: 50CandyJoe folded before Flop (didn't bet)
Seat 5: ozstrike88 folded before Flop (didn't bet)



PokerStars Hand #254762272371:  Hold'em No Limit ($0.50/$1.00 USD) - 2025/02/08 7:20:04 WET [2025/02/08 2:20:04 ET]
Table 'Salyut' 6-max Seat #2 is the button
Seat 6: Ydys20 ($110.38 in chips) is sitting out
Seat 1: b2k-Snick ($185.33 in chips) 
Seat 2: mane1402 ($57.23 in chips) 
Seat 3: CashfishT ($118.77 in chips) 
Seat 4: 50CandyJoe ($100 in chips) 
Seat 5: ozstrike88 ($70.51 in chips) 
CashfishT: posts small blind $0.50
50CandyJoe: posts big blind $1
*** HOLE CARDS ***
ozstrike88: raises $2.50 to $3.50
b2k-Snick: folds 
mane1402: folds 
CashfishT: folds 
50CandyJoe: folds 
Uncalled bet ($2.50) returned to ozstrike88
ozstrike88 collected $2.50 from pot
*** SUMMARY ***
Total pot $2.50 | Rake $0 
Seat 6: Ydys20
Seat 1: b2k-Snick folded before Flop (didn't bet)
Seat 2: mane1402 (button) folded before Flop (didn't bet)
Seat 3: CashfishT (small blind) folded before Flop
Seat 4: 50CandyJoe (big blind) folded before Flop
Seat 5: ozstrike88 collected ($2.50)



PokerStars Hand #254762273945:  Hold'em No Limit ($0.50/$1.00 USD) - 2025/02/08 7:20:22 WET [2025/02/08 2:20:22 ET]
Table 'Salyut' 6-max Seat #3 is the button
Seat 6: Ydys20 ($110.38 in chips) is sitting out
Seat 1: b2k-Snick ($185.33 in chips) 
Seat 2: mane1402 ($57.23 in chips) 
Seat 3: CashfishT ($118.27 in chips) 
Seat 4: 50CandyJoe ($100 in chips) 
Seat 5: ozstrike88 ($72.01 in chips) 
50CandyJoe: posts small blind $0.50
ozstrike88: posts big blind $1
*** HOLE CARDS ***
b2k-Snick: folds 
mane1402: folds 
CashfishT: raises $1.20 to $2.20
50CandyJoe: folds 
ozstrike88: folds 
Uncalled bet ($1.20) returned to CashfishT
CashfishT collected $2.50 from pot
CashfishT: doesn't show hand 
*** SUMMARY ***
Total pot $2.50 | Rake $0 
Seat 6: Ydys20
Seat 1: b2k-Snick folded before Flop (didn't bet)
Seat 2: mane1402 folded before Flop (didn't bet)
Seat 3: CashfishT (button) collected ($2.50)
Seat 4: 50CandyJoe (small blind) folded before Flop
Seat 5: ozstrike88 (big blind) folded before Flop



PokerStars Hand #254762275715:  Hold'em No Limit ($0.50/$1.00 USD) - 2025/02/08 7:20:42 WET [2025/02/08 2:20:42 ET]
Table 'Salyut' 6-max Seat #4 is the button
Seat 6: Ydys20 ($110.38 in chips) is sitting out
Seat 1: b2k-Snick ($185.33 in chips) 
Seat 2: mane1402 ($57.23 in chips) 
Seat 3: CashfishT ($119.77 in chips) 
Seat 4: 50CandyJoe ($100 in chips) 
Seat 5: ozstrike88 ($71.01 in chips) 
ozstrike88: posts small blind $0.50
b2k-Snick: posts big blind $1
*** HOLE CARDS ***
mane1402: raises $2 to $3
CashfishT: folds 
50CandyJoe: folds 
ozstrike88: folds 
b2k-Snick: folds 
Uncalled bet ($2) returned to mane1402
mane1402 collected $2.50 from pot
*** SUMMARY ***
Total pot $2.50 | Rake $0 
Seat 6: Ydys20
Seat 1: b2k-Snick (big blind) folded before Flop
Seat 2: mane1402 collected ($2.50)
Seat 3: CashfishT folded before Flop (didn't bet)
Seat 4: 50CandyJoe (button) folded before Flop (didn't bet)
Seat 5: ozstrike88 (small blind) folded before Flop



PokerStars Hand #254762277166:  Hold'em No Limit ($0.50/$1.00 USD) - 2025/02/08 7:21:00 WET [2025/02/08 2:21:00 ET]
Table 'Salyut' 6-max Seat #5 is the button
Seat 6: Ydys20 ($110.38 in chips) is sitting out
Seat 1: b2k-Snick ($184.33 in chips) 
Seat 2: mane1402 ($58.73 in chips) 
Seat 3: CashfishT ($119.77 in chips) 
Seat 4: 50CandyJoe ($100 in chips) 
Seat 5: ozstrike88 ($70.51 in chips) 
b2k-Snick: posts small blind $0.50
mane1402: posts big blind $1
*** HOLE CARDS ***
CashfishT: folds 
50CandyJoe: folds 
ozstrike88: raises $2 to $3
b2k-Snick: folds 
mane1402: calls $2
*** FLOP *** [7h 4s Qd]
mane1402: bets $3.09
ozstrike88: calls $3.09
*** TURN *** [7h 4s Qd] [Js]
mane1402: bets $52.64 and is all-in
ozstrike88: calls $52.64
*** RIVER *** [7h 4s Qd Js] [Ts]
*** SHOW DOWN ***
mane1402: shows [As 7s] (a flush, Ace high)
ozstrike88: shows [Qs 8s] (a flush, Queen high)
mane1402 cashed out the hand for $30.86 | Cash Out Fee $0.63
ozstrike88 cashed out the hand for $82.29 | Cash Out Fee $1.68
*** SUMMARY ***
Total pot $117.96 | Rake $2.50 
Board [7h 4s Qd Js Ts]
Seat 6: Ydys20
Seat 1: b2k-Snick (small blind) folded before Flop
Seat 2: mane1402 (big blind) showed [As 7s] and won ($115.46) with a flush, Ace high (pot not awarded as player cashed out)
Seat 3: CashfishT folded before Flop (didn't bet)
Seat 4: 50CandyJoe folded before Flop (didn't bet)
Seat 5: ozstrike88 (button) showed [Qs 8s] and lost with a flush, Queen high (cashed out).



PokerStars Hand #254762283007:  Hold'em No Limit ($0.50/$1.00 USD) - 2025/02/08 7:22:08 WET [2025/02/08 2:22:08 ET]
Table 'Salyut' 6-max Seat #1 is the button
Seat 6: Ydys20 ($110.38 in chips) is sitting out
Seat 1: b2k-Snick ($183.83 in chips) 
Seat 2: mane1402 ($30.86 in chips) 
Seat 3: CashfishT ($119.77 in chips) 
Seat 4: 50CandyJoe ($100 in chips) 
Seat 5: ozstrike88 ($94.07 in chips) 
mane1402: posts small blind $0.50
CashfishT: posts big blind $1
*** HOLE CARDS ***
50CandyJoe: folds 
ozstrike88: raises $2.50 to $3.50
b2k-Snick: folds 
mane1402: raises $27.36 to $30.86 and is all-in
CashfishT: folds 
ozstrike88: calls $27.36
*** FLOP *** [Qd 9h 6c]
*** TURN *** [Qd 9h 6c] [2h]
*** RIVER *** [Qd 9h 6c 2h] [Kd]
*** SHOW DOWN ***
mane1402: shows [Js Ts] (a straight, Nine to King)
ozstrike88: shows [Kh Ah] (a pair of Kings)
mane1402 collected $60.22 from pot
*** SUMMARY ***
Total pot $62.72 | Rake $2.50 
Board [Qd 9h 6c 2h Kd]
Seat 6: Ydys20
Seat 1: b2k-Snick (button) folded before Flop (didn't bet)
Seat 2: mane1402 (small blind) showed [Js Ts] and won ($60.22) with a straight, Nine to King
Seat 3: CashfishT (big blind) folded before Flop
Seat 4: 50CandyJoe folded before Flop (didn't bet)
Seat 5: ozstrike88 showed [Kh Ah] and lost with a pair of Kings



PokerStars Hand #254762285831:  Hold'em No Limit ($0.50/$1.00 USD) - 2025/02/08 7:22:41 WET [2025/02/08 2:22:41 ET]
Table 'Salyut' 6-max Seat #2 is the button
Seat 6: Ydys20 ($110.38 in chips) is sitting out
Seat 1: b2k-Snick ($183.83 in chips) 
Seat 2: mane1402 ($60.22 in chips) 
Seat 3: CashfishT ($118.77 in chips) 
Seat 4: 50CandyJoe ($100 in chips) 
Seat 5: ozstrike88 ($63.21 in chips) 
CashfishT: posts small blind $0.50
50CandyJoe: posts big blind $1
*** HOLE CARDS ***
ozstrike88: folds 
b2k-Snick: folds 
mane1402: folds 
CashfishT: folds 
Uncalled bet ($0.50) returned to 50CandyJoe
50CandyJoe collected $1 from pot
50CandyJoe: doesn't show hand 
*** SUMMARY ***
Total pot $1 | Rake $0 
Seat 6: Ydys20
Seat 1: b2k-Snick folded before Flop (didn't bet)
Seat 2: mane1402 (button) folded before Flop (didn't bet)
Seat 3: CashfishT (small blind) folded before Flop
Seat 4: 50CandyJoe (big blind) collected ($1)
Seat 5: ozstrike88 folded before Flop (didn't bet)



PokerStars Hand #254762286737:  Hold'em No Limit ($0.50/$1.00 USD) - 2025/02/08 7:22:52 WET [2025/02/08 2:22:52 ET]
Table 'Salyut' 6-max Seat #3 is the button
Seat 6: Ydys20 ($110.38 in chips) is sitting out
Seat 1: b2k-Snick ($183.83 in chips) 
Seat 2: mane1402 ($60.22 in chips) 
Seat 3: CashfishT ($118.27 in chips) 
Seat 4: 50CandyJoe ($100.50 in chips) 
Seat 5: ozstrike88 ($63.21 in chips) 
50CandyJoe: posts small blind $0.50
ozstrike88: posts big blind $1
*** HOLE CARDS ***
b2k-Snick: folds 
mane1402: raises $1 to $2
CashfishT: folds 
50CandyJoe: folds 
ozstrike88: calls $1
*** FLOP *** [Ah Qh 5d]
ozstrike88: checks 
mane1402: checks 
*** TURN *** [Ah Qh 5d] [5c]
ozstrike88: checks 
mane1402: checks 
*** RIVER *** [Ah Qh 5d 5c] [2s]
ozstrike88: checks 
mane1402: bets $2.14
ozstrike88: folds 
Uncalled bet ($2.14) returned to mane1402
mane1402 collected $4.28 from pot
*** SUMMARY ***
Total pot $4.50 | Rake $0.22 
Board [Ah Qh 5d 5c 2s]
Seat 6: Ydys20
Seat 1: b2k-Snick folded before Flop (didn't bet)
Seat 2: mane1402 collected ($4.28)
Seat 3: CashfishT (button) folded before Flop (didn't bet)
Seat 4: 50CandyJoe (small blind) folded before Flop
Seat 5: ozstrike88 (big blind) folded on the River



PokerStars Hand #254762290135:  Hold'em No Limit ($0.50/$1.00 USD) - 2025/02/08 7:23:32 WET [2025/02/08 2:23:32 ET]
Table 'Salyut' 6-max Seat #4 is the button
Seat 6: Ydys20 ($110.38 in chips) is sitting out
Seat 1: b2k-Snick ($183.83 in chips) 
Seat 2: mane1402 ($62.50 in chips) 
Seat 3: CashfishT ($118.27 in chips) 
Seat 4: 50CandyJoe ($100 in chips) 
Seat 5: ozstrike88 ($61.21 in chips) 
ozstrike88: posts small blind $0.50
b2k-Snick: posts big blind $1
*** HOLE CARDS ***
mane1402: folds 
CashfishT: folds 
50CandyJoe: folds 
ozstrike88: raises $1 to $2
b2k-Snick: folds 
Uncalled bet ($1) returned to ozstrike88
ozstrike88 collected $2 from pot
*** SUMMARY ***
Total pot $2 | Rake $0 
Seat 6: Ydys20
Seat 1: b2k-Snick (big blind) folded before Flop
Seat 2: mane1402 folded before Flop (didn't bet)
Seat 3: CashfishT folded before Flop (didn't bet)
Seat 4: 50CandyJoe (button) folded before Flop (didn't bet)
Seat 5: ozstrike88 (small blind) collected ($2)



PokerStars Hand #254762292206:  Hold'em No Limit ($0.50/$1.00 USD) - 2025/02/08 7:23:57 WET [2025/02/08 2:23:57 ET]
Table 'Salyut' 6-max Seat #5 is the button
Seat 6: Ydys20 ($110.38 in chips) is sitting out
Seat 1: b2k-Snick ($182.83 in chips) 
Seat 2: mane1402 ($62.50 in chips) 
Seat 3: CashfishT ($118.27 in chips) 
Seat 4: 50CandyJoe ($100 in chips) 
Seat 5: ozstrike88 ($62.21 in chips) 
b2k-Snick: posts small blind $0.50
mane1402: posts big blind $1
*** HOLE CARDS ***
CashfishT: folds 
50CandyJoe: folds 
ozstrike88: raises $2.50 to $3.50
b2k-Snick: folds 
mane1402: folds 
Uncalled bet ($2.50) returned to ozstrike88
ozstrike88 collected $2.50 from pot
*** SUMMARY ***
Total pot $2.50 | Rake $0 
Seat 6: Ydys20
Seat 1: b2k-Snick (small blind) folded before Flop
Seat 2: mane1402 (big blind) folded before Flop
Seat 3: CashfishT folded before Flop (didn't bet)
Seat 4: 50CandyJoe folded before Flop (didn't bet)
Seat 5: ozstrike88 (button) collected ($2.50)



PokerStars Hand #254762293521:  Hold'em No Limit ($0.50/$1.00 USD) - 2025/02/08 7:24:13 WET [2025/02/08 2:24:13 ET]
Table 'Salyut' 6-max Seat #1 is the button
Seat 6: Ydys20 ($110.38 in chips) is sitting out
Seat 1: b2k-Snick ($182.33 in chips) 
Seat 2: mane1402 ($61.50 in chips) 
Seat 3: CashfishT ($118.27 in chips) 
Seat 4: 50CandyJoe ($100 in chips) 
Seat 5: ozstrike88 ($63.71 in chips) 
mane1402: posts small blind $0.50
CashfishT: posts big blind $1
*** HOLE CARDS ***
50CandyJoe: folds 
ozstrike88: folds 
b2k-Snick: folds 
mane1402: raises $1 to $2
CashfishT: calls $1
*** FLOP *** [2d Kh 6s]
mane1402: bets $2
CashfishT: folds 
Uncalled bet ($2) returned to mane1402
mane1402 collected $3.80 from pot
*** SUMMARY ***
Total pot $4 | Rake $0.20 
Board [2d Kh 6s]
Seat 6: Ydys20
Seat 1: b2k-Snick (button) folded before Flop (didn't bet)
Seat 2: mane1402 (small blind) collected ($3.80)
Seat 3: CashfishT (big blind) folded on the Flop
Seat 4: 50CandyJoe folded before Flop (didn't bet)
Seat 5: ozstrike88 folded before Flop (didn't bet)



PokerStars Hand #254762295763:  Hold'em No Limit ($0.50/$1.00 USD) - 2025/02/08 7:24:40 WET [2025/02/08 2:24:40 ET]
Table 'Salyut' 6-max Seat #2 is the button
Seat 6: Ydys20 ($110.38 in chips) is sitting out
Seat 1: b2k-Snick ($182.33 in chips) 
Seat 2: mane1402 ($63.30 in chips) 
Seat 3: CashfishT ($116.27 in chips) 
Seat 4: 50CandyJoe ($100 in chips) 
Seat 5: ozstrike88 ($63.71 in chips) 
CashfishT: posts small blind $0.50
50CandyJoe: posts big blind $1
*** HOLE CARDS ***
ozstrike88: raises $2.50 to $3.50
b2k-Snick: folds 
mane1402: folds 
CashfishT: folds 
50CandyJoe: calls $2.50
*** FLOP *** [2c 4c 2s]
50CandyJoe: checks 
ozstrike88: checks 
*** TURN *** [2c 4c 2s] [5d]
50CandyJoe: checks 
ozstrike88: checks 
*** RIVER *** [2c 4c 2s 5d] [Kd]
50CandyJoe: checks 
ozstrike88: bets $2.56
50CandyJoe: calls $2.56
*** SHOW DOWN ***
ozstrike88: shows [Jc Qd] (a pair of Deuces)
50CandyJoe: shows [Js As] (a pair of Deuces - Ace kicker)
50CandyJoe collected $11.99 from pot
*** SUMMARY ***
Total pot $12.62 | Rake $0.63 
Board [2c 4c 2s 5d Kd]
Seat 6: Ydys20
Seat 1: b2k-Snick folded before Flop (didn't bet)
Seat 2: mane1402 (button) folded before Flop (didn't bet)
Seat 3: CashfishT (small blind) folded before Flop
Seat 4: 50CandyJoe (big blind) showed [Js As] and won ($11.99) with a pair of Deuces
Seat 5: ozstrike88 showed [Jc Qd] and lost with a pair of Deuces



PokerStars Hand #254762299983:  Hold'em No Limit ($0.50/$1.00 USD) - 2025/02/08 7:25:30 WET [2025/02/08 2:25:30 ET]
Table 'Salyut' 6-max Seat #3 is the button
Seat 6: Ydys20 ($110.38 in chips) is sitting out
Seat 1: b2k-Snick ($182.33 in chips) 
Seat 2: mane1402 ($63.30 in chips) 
Seat 3: CashfishT ($115.77 in chips) 
Seat 4: 50CandyJoe ($105.93 in chips) 
Seat 5: ozstrike88 ($57.65 in chips) 
50CandyJoe: posts small blind $0.50
ozstrike88: posts big blind $1
*** HOLE CARDS ***
b2k-Snick: raises $1.10 to $2.10
mane1402: folds 
CashfishT: folds 
50CandyJoe: folds 
ozstrike88: calls $1.10
*** FLOP *** [Td 2d 3h]
ozstrike88: checks 
b2k-Snick: bets $3
ozstrike88: folds 
Uncalled bet ($3) returned to b2k-Snick
b2k-Snick collected $4.46 from pot
b2k-Snick: doesn't show hand 
*** SUMMARY ***
Total pot $4.70 | Rake $0.24 
Board [Td 2d 3h]
Seat 6: Ydys20
Seat 1: b2k-Snick collected ($4.46)
Seat 2: mane1402 folded before Flop (didn't bet)
Seat 3: CashfishT (button) folded before Flop (didn't bet)
Seat 4: 50CandyJoe (small blind) folded before Flop
Seat 5: ozstrike88 (big blind) folded on the Flop



PokerStars Hand #254762302426:  Hold'em No Limit ($0.50/$1.00 USD) - 2025/02/08 7:25:59 WET [2025/02/08 2:25:59 ET]
Table 'Salyut' 6-max Seat #4 is the button
Seat 6: Ydys20 ($110.38 in chips) is sitting out
Seat 1: b2k-Snick ($184.69 in chips) 
Seat 2: mane1402 ($63.30 in chips) 
Seat 3: CashfishT ($115.77 in chips) 
Seat 4: 50CandyJoe ($105.43 in chips) 
Seat 5: ozstrike88 ($55.55 in chips) 
ozstrike88: posts small blind $0.50
b2k-Snick: posts big blind $1
*** HOLE CARDS ***
mane1402: calls $1
CashfishT: raises $3 to $4
50CandyJoe: folds 
ozstrike88: folds 
b2k-Snick: calls $3
mane1402: calls $3
*** FLOP *** [Kh Js 2d]
b2k-Snick: checks 
mane1402: checks 
CashfishT: bets $8.91
b2k-Snick: calls $8.91
mane1402: folds 
*** TURN *** [Kh Js 2d] [Jd]
b2k-Snick: checks 
CashfishT: checks 
*** RIVER *** [Kh Js 2d Jd] [5h]
b2k-Snick: checks 
CashfishT: checks 
*** SHOW DOWN ***
b2k-Snick: shows [Qc Kd] (two pair, Kings and Jacks)
CashfishT: mucks hand 
b2k-Snick collected $28.80 from pot
Ydys20 leaves the table
*** SUMMARY ***
Total pot $30.32 | Rake $1.52 
Board [Kh Js 2d Jd 5h]
Seat 6: Ydys20
Seat 1: b2k-Snick (big blind) showed [Qc Kd] and won ($28.80) with two pair, Kings and Jacks
Seat 2: mane1402 folded on the Flop
Seat 3: CashfishT mucked
Seat 4: 50CandyJoe (button) folded before Flop (didn't bet)
Seat 5: ozstrike88 (small blind) folded before Flop



PokerStars Hand #254762308237:  Hold'em No Limit ($0.50/$1.00 USD) - 2025/02/08 7:27:10 WET [2025/02/08 2:27:10 ET]
Table 'Salyut' 6-max Seat #5 is the button
Seat 1: b2k-Snick ($200.58 in chips) 
Seat 2: mane1402 ($59.30 in chips) 
Seat 3: CashfishT ($102.86 in chips) 
Seat 4: 50CandyJoe ($105.43 in chips) 
Seat 5: ozstrike88 ($55.05 in chips) 
b2k-Snick: posts small blind $0.50
mane1402: posts big blind $1
*** HOLE CARDS ***
CashfishT: folds 
50CandyJoe: folds 
ozstrike88: folds 
b2k-Snick: raises $2 to $3
mane1402: calls $2
*** FLOP *** [9d 3d Ad]
b2k-Snick: checks 
mane1402: bets $1
b2k-Snick: calls $1
*** TURN *** [9d 3d Ad] [Qd]
b2k-Snick: checks 
mane1402: checks 
*** RIVER *** [9d 3d Ad Qd] [8s]
b2k-Snick: bets $2.51
mane1402: calls $2.51
*** SHOW DOWN ***
b2k-Snick: shows [Ah 7d] (a flush, Ace high)
mane1402: mucks hand 
b2k-Snick collected $12.37 from pot
Pon4uk.ua joins the table at seat #6 
*** SUMMARY ***
Total pot $13.02 | Rake $0.65 
Board [9d 3d Ad Qd 8s]
Seat 1: b2k-Snick (small blind) showed [Ah 7d] and won ($12.37) with a flush, Ace high
Seat 2: mane1402 (big blind) mucked
Seat 3: CashfishT folded before Flop (didn't bet)
Seat 4: 50CandyJoe folded before Flop (didn't bet)
Seat 5: ozstrike88 (button) folded before Flop (didn't bet)



PokerStars Hand #254762311718:  Hold'em No Limit ($0.50/$1.00 USD) - 2025/02/08 7:27:52 WET [2025/02/08 2:27:52 ET]
Table 'Salyut' 6-max Seat #1 is the button
Seat 6: Pon4uk.ua ($132.99 in chips) is sitting out
Seat 1: b2k-Snick ($206.44 in chips) 
Seat 2: mane1402 ($52.79 in chips) 
Seat 3: CashfishT ($102.86 in chips) 
Seat 4: 50CandyJoe ($105.43 in chips) 
Seat 5: ozstrike88 ($55.05 in chips) 
mane1402: posts small blind $0.50
CashfishT: posts big blind $1
Pon4uk.ua: sits out 
*** HOLE CARDS ***
50CandyJoe: folds 
ozstrike88: folds 
b2k-Snick: folds 
mane1402: folds 
Uncalled bet ($0.50) returned to CashfishT
CashfishT collected $1 from pot
CashfishT: doesn't show hand 
*** SUMMARY ***
Total pot $1 | Rake $0 
Seat 6: Pon4uk.ua
Seat 1: b2k-Snick (button) folded before Flop (didn't bet)
Seat 2: mane1402 (small blind) folded before Flop
Seat 3: CashfishT (big blind) collected ($1)
Seat 4: 50CandyJoe folded before Flop (didn't bet)
Seat 5: ozstrike88 folded before Flop (didn't bet)



PokerStars Hand #254762312867:  Hold'em No Limit ($0.50/$1.00 USD) - 2025/02/08 7:28:06 WET [2025/02/08 2:28:06 ET]
Table 'Salyut' 6-max Seat #2 is the button
Seat 6: Pon4uk.ua ($132.99 in chips) is sitting out
Seat 1: b2k-Snick ($206.44 in chips) 
Seat 2: mane1402 ($52.29 in chips) 
Seat 3: CashfishT ($103.36 in chips) 
Seat 4: 50CandyJoe ($105.43 in chips) 
Seat 5: ozstrike88 ($55.05 in chips) 
CashfishT: posts small blind $0.50
50CandyJoe: posts big blind $1
Pon4uk.ua: sits out 
*** HOLE CARDS ***
ozstrike88: raises $2.50 to $3.50
b2k-Snick: folds 
mane1402: folds 
CashfishT: folds 
50CandyJoe: calls $2.50
*** FLOP *** [3c 4c Ac]
50CandyJoe: checks 
ozstrike88: bets $3.56
50CandyJoe: calls $3.56
*** TURN *** [3c 4c Ac] [2c]
50CandyJoe: checks 
ozstrike88: checks 
*** RIVER *** [3c 4c Ac 2c] [9h]
50CandyJoe: bets $3.47
ozstrike88: folds 
Uncalled bet ($3.47) returned to 50CandyJoe
50CandyJoe collected $13.89 from pot
50CandyJoe: doesn't show hand 
*** SUMMARY ***
Total pot $14.62 | Rake $0.73 
Board [3c 4c Ac 2c 9h]
Seat 6: Pon4uk.ua
Seat 1: b2k-Snick folded before Flop (didn't bet)
Seat 2: mane1402 (button) folded before Flop (didn't bet)
Seat 3: CashfishT (small blind) folded before Flop
Seat 4: 50CandyJoe (big blind) collected ($13.89)
Seat 5: ozstrike88 folded on the River



PokerStars Hand #254762316833:  Hold'em No Limit ($0.50/$1.00 USD) - 2025/02/08 7:28:53 WET [2025/02/08 2:28:53 ET]
Table 'Salyut' 6-max Seat #3 is the button
Seat 6: Pon4uk.ua ($132.99 in chips) is sitting out
Seat 1: b2k-Snick ($206.44 in chips) 
Seat 2: mane1402 ($52.29 in chips) 
Seat 3: CashfishT ($102.86 in chips) 
Seat 4: 50CandyJoe ($112.26 in chips) 
Seat 5: ozstrike88 ($47.99 in chips) 
50CandyJoe: posts small blind $0.50
ozstrike88: posts big blind $1
Pon4uk.ua: sits out 
*** HOLE CARDS ***
b2k-Snick: folds 
mane1402: folds 
CashfishT: folds 
50CandyJoe: raises $1.50 to $2.50
ozstrike88: folds 
Uncalled bet ($1.50) returned to 50CandyJoe
50CandyJoe collected $2 from pot
50CandyJoe: doesn't show hand 
*** SUMMARY ***
Total pot $2 | Rake $0 
Seat 6: Pon4uk.ua
Seat 1: b2k-Snick folded before Flop (didn't bet)
Seat 2: mane1402 folded before Flop (didn't bet)
Seat 3: CashfishT (button) folded before Flop (didn't bet)
Seat 4: 50CandyJoe (small blind) collected ($2)
Seat 5: ozstrike88 (big blind) folded before Flop



PokerStars Hand #254762318082:  Hold'em No Limit ($0.50/$1.00 USD) - 2025/02/08 7:29:08 WET [2025/02/08 2:29:08 ET]
Table 'Salyut' 6-max Seat #4 is the button
Seat 1: b2k-Snick ($206.44 in chips) 
Seat 2: mane1402 ($52.29 in chips) 
Seat 3: CashfishT ($102.86 in chips) 
Seat 4: 50CandyJoe ($113.26 in chips) 
Seat 5: ozstrike88 ($46.99 in chips) 
Seat 6: Pon4uk.ua ($132.99 in chips) 
ozstrike88: posts small blind $0.50
Pon4uk.ua: posts big blind $1
*** HOLE CARDS ***
b2k-Snick: folds 
mane1402: folds 
CashfishT: raises $1.20 to $2.20
50CandyJoe: raises $5.30 to $7.50
ozstrike88: folds 
Pon4uk.ua: folds 
CashfishT: folds 
Uncalled bet ($5.30) returned to 50CandyJoe
50CandyJoe collected $5.90 from pot
50CandyJoe: doesn't show hand 
*** SUMMARY ***
Total pot $5.90 | Rake $0 
Seat 1: b2k-Snick folded before Flop (didn't bet)
Seat 2: mane1402 folded before Flop (didn't bet)
Seat 3: CashfishT folded before Flop
Seat 4: 50CandyJoe (button) collected ($5.90)
Seat 5: ozstrike88 (small blind) folded before Flop
Seat 6: Pon4uk.ua (big blind) folded before Flop



PokerStars Hand #254762319782:  Hold'em No Limit ($0.50/$1.00 USD) - 2025/02/08 7:29:29 WET [2025/02/08 2:29:29 ET]
Table 'Salyut' 6-max Seat #5 is the button
Seat 1: b2k-Snick ($206.44 in chips) 
Seat 2: mane1402 ($52.29 in chips) 
Seat 3: CashfishT ($100.66 in chips) 
Seat 4: 50CandyJoe ($116.96 in chips) 
Seat 5: ozstrike88 ($46.49 in chips) 
Seat 6: Pon4uk.ua ($131.99 in chips) 
Pon4uk.ua: posts small blind $0.50
b2k-Snick: posts big blind $1
*** HOLE CARDS ***
mane1402: folds 
CashfishT: folds 
50CandyJoe: raises $1.20 to $2.20
ozstrike88: folds 
Pon4uk.ua: folds 
b2k-Snick: folds 
Uncalled bet ($1.20) returned to 50CandyJoe
50CandyJoe collected $2.50 from pot
50CandyJoe: doesn't show hand 
*** SUMMARY ***
Total pot $2.50 | Rake $0 
Seat 1: b2k-Snick (big blind) folded before Flop
Seat 2: mane1402 folded before Flop (didn't bet)
Seat 3: CashfishT folded before Flop (didn't bet)
Seat 4: 50CandyJoe collected ($2.50)
Seat 5: ozstrike88 (button) folded before Flop (didn't bet)
Seat 6: Pon4uk.ua (small blind) folded before Flop



PokerStars Hand #254762321440:  Hold'em No Limit ($0.50/$1.00 USD) - 2025/02/08 7:29:49 WET [2025/02/08 2:29:49 ET]
Table 'Salyut' 6-max Seat #6 is the button
Seat 1: b2k-Snick ($205.44 in chips) 
Seat 2: mane1402 ($52.29 in chips) 
Seat 3: CashfishT ($100.66 in chips) 
Seat 4: 50CandyJoe ($118.46 in chips) 
Seat 5: ozstrike88 ($46.49 in chips) 
Seat 6: Pon4uk.ua ($131.49 in chips) 
b2k-Snick: posts small blind $0.50
mane1402: posts big blind $1
*** HOLE CARDS ***
CashfishT: folds 
50CandyJoe: folds 
ozstrike88: folds 
Pon4uk.ua: folds 
b2k-Snick: folds 
Uncalled bet ($0.50) returned to mane1402
mane1402 collected $1 from pot
*** SUMMARY ***
Total pot $1 | Rake $0 
Seat 1: b2k-Snick (small blind) folded before Flop
Seat 2: mane1402 (big blind) collected ($1)
Seat 3: CashfishT folded before Flop (didn't bet)
Seat 4: 50CandyJoe folded before Flop (didn't bet)
Seat 5: ozstrike88 folded before Flop (didn't bet)
Seat 6: Pon4uk.ua (button) folded before Flop (didn't bet)



PokerStars Hand #254762322688:  Hold'em No Limit ($0.50/$1.00 USD) - 2025/02/08 7:30:04 WET [2025/02/08 2:30:04 ET]
Table 'Salyut' 6-max Seat #1 is the button
Seat 1: b2k-Snick ($204.94 in chips) 
Seat 2: mane1402 ($52.79 in chips) 
Seat 3: CashfishT ($100.66 in chips) 
Seat 4: 50CandyJoe ($118.46 in chips) 
Seat 5: ozstrike88 ($46.49 in chips) 
Seat 6: Pon4uk.ua ($131.49 in chips) 
mane1402: posts small blind $0.50
CashfishT: posts big blind $1
*** HOLE CARDS ***
50CandyJoe: raises $1.20 to $2.20
ozstrike88: raises $2.20 to $4.40
Pon4uk.ua: folds 
b2k-Snick: folds 
mane1402: folds 
CashfishT: calls $3.40
50CandyJoe: calls $2.20
*** FLOP *** [9h Ac Qd]
CashfishT: checks 
50CandyJoe: checks 
ozstrike88: bets $6.51
CashfishT: calls $6.51
50CandyJoe: folds 
*** TURN *** [9h Ac Qd] [8d]
CashfishT: checks 
ozstrike88: bets $18
CashfishT: raises $46.04 to $64.04
ozstrike88: calls $17.58 and is all-in
Uncalled bet ($28.46) returned to CashfishT
*** RIVER *** [9h Ac Qd 8d] [3d]
*** SHOW DOWN ***
CashfishT: shows [Qc As] (two pair, Aces and Queens)
ozstrike88: shows [Kc Ad] (a pair of Aces)
CashfishT collected $95.38 from pot
*** SUMMARY ***
Total pot $97.88 | Rake $2.50 
Board [9h Ac Qd 8d 3d]
Seat 1: b2k-Snick (button) folded before Flop (didn't bet)
Seat 2: mane1402 (small blind) folded before Flop
Seat 3: CashfishT (big blind) showed [Qc As] and won ($95.38) with two pair, Aces and Queens
Seat 4: 50CandyJoe folded on the Flop
Seat 5: ozstrike88 showed [Kc Ad] and lost with a pair of Aces
Seat 6: Pon4uk.ua folded before Flop (didn't bet)



PokerStars Hand #254762329459:  Hold'em No Limit ($0.50/$1.00 USD) - 2025/02/08 7:31:25 WET [2025/02/08 2:31:25 ET]
Table 'Salyut' 6-max Seat #2 is the button
Seat 5: ozstrike88 ($0 in chips) is sitting out
Seat 1: b2k-Snick ($204.94 in chips) 
Seat 2: mane1402 ($52.29 in chips) 
Seat 3: CashfishT ($149.55 in chips) 
Seat 4: 50CandyJoe ($114.06 in chips) 
Seat 6: Pon4uk.ua ($131.49 in chips) 
CashfishT: posts small blind $0.50
50CandyJoe: posts big blind $1
*** HOLE CARDS ***
Pon4uk.ua: folds 
b2k-Snick: folds 
mane1402: raises $1 to $2
CashfishT: calls $1.50
50CandyJoe: calls $1
*** FLOP *** [Kh 5c Qh]
CashfishT: checks 
50CandyJoe: checks 
mane1402: checks 
*** TURN *** [Kh 5c Qh] [9s]
CashfishT: bets $4.28
50CandyJoe: folds 
mane1402: calls $4.28
*** RIVER *** [Kh 5c Qh 9s] [3s]
CashfishT: bets $20
mane1402: folds 
Uncalled bet ($20) returned to CashfishT
CashfishT collected $13.83 from pot
CashfishT: doesn't show hand 
*** SUMMARY ***
Total pot $14.56 | Rake $0.73 
Board [Kh 5c Qh 9s 3s]
Seat 5: ozstrike88
Seat 1: b2k-Snick folded before Flop (didn't bet)
Seat 2: mane1402 (button) folded on the River
Seat 3: CashfishT (small blind) collected ($13.83)
Seat 4: 50CandyJoe (big blind) folded on the Turn
Seat 6: Pon4uk.ua folded before Flop (didn't bet)



PokerStars Hand #254762333524:  Hold'em No Limit ($0.50/$1.00 USD) - 2025/02/08 7:32:14 WET [2025/02/08 2:32:14 ET]
Table 'Salyut' 6-max Seat #3 is the button
Seat 1: b2k-Snick ($204.94 in chips) 
Seat 2: mane1402 ($46.01 in chips) 
Seat 3: CashfishT ($157.10 in chips) 
Seat 4: 50CandyJoe ($112.06 in chips) 
Seat 5: ozstrike88 ($100 in chips) 
Seat 6: Pon4uk.ua ($131.49 in chips) 
50CandyJoe: posts small blind $0.50
ozstrike88: posts big blind $1
*** HOLE CARDS ***
Pon4uk.ua: folds 
b2k-Snick: raises $1 to $2
mane1402: folds 
CashfishT: folds 
50CandyJoe: folds 
ozstrike88: folds 
Uncalled bet ($1) returned to b2k-Snick
b2k-Snick collected $2.50 from pot
b2k-Snick: doesn't show hand 
*** SUMMARY ***
Total pot $2.50 | Rake $0 
Seat 1: b2k-Snick collected ($2.50)
Seat 2: mane1402 folded before Flop (didn't bet)
Seat 3: CashfishT (button) folded before Flop (didn't bet)
Seat 4: 50CandyJoe (small blind) folded before Flop
Seat 5: ozstrike88 (big blind) folded before Flop
Seat 6: Pon4uk.ua folded before Flop (didn't bet)



PokerStars Hand #254762335494:  Hold'em No Limit ($0.50/$1.00 USD) - 2025/02/08 7:32:37 WET [2025/02/08 2:32:37 ET]
Table 'Salyut' 6-max Seat #4 is the button
Seat 1: b2k-Snick ($206.44 in chips) 
Seat 2: mane1402 ($46.01 in chips) 
Seat 3: CashfishT ($157.10 in chips) 
Seat 4: 50CandyJoe ($111.56 in chips) 
Seat 5: ozstrike88 ($99 in chips) 
Seat 6: Pon4uk.ua ($131.49 in chips) 
ozstrike88: posts small blind $0.50
Pon4uk.ua: posts big blind $1
*** HOLE CARDS ***
b2k-Snick: raises $1 to $2
mane1402: folds 
CashfishT: folds 
50CandyJoe: folds 
ozstrike88: folds 
Pon4uk.ua: folds 
Uncalled bet ($1) returned to b2k-Snick
b2k-Snick collected $2.50 from pot
b2k-Snick: doesn't show hand 
*** SUMMARY ***
Total pot $2.50 | Rake $0 
Seat 1: b2k-Snick collected ($2.50)
Seat 2: mane1402 folded before Flop (didn't bet)
Seat 3: CashfishT folded before Flop (didn't bet)
Seat 4: 50CandyJoe (button) folded before Flop (didn't bet)
Seat 5: ozstrike88 (small blind) folded before Flop
Seat 6: Pon4uk.ua (big blind) folded before Flop



PokerStars Hand #254762337516:  Hold'em No Limit ($0.50/$1.00 USD) - 2025/02/08 7:33:01 WET [2025/02/08 2:33:01 ET]
Table 'Salyut' 6-max Seat #5 is the button
Seat 1: b2k-Snick ($207.94 in chips) 
Seat 2: mane1402 ($46.01 in chips) 
Seat 3: CashfishT ($157.10 in chips) 
Seat 4: 50CandyJoe ($111.56 in chips) 
Seat 5: ozstrike88 ($98.50 in chips) 
Seat 6: Pon4uk.ua ($130.49 in chips) 
Pon4uk.ua: posts small blind $0.50
b2k-Snick: posts big blind $1
*** HOLE CARDS ***
mane1402: folds 
CashfishT: folds 
50CandyJoe: folds 
ozstrike88: folds 
Pon4uk.ua: folds 
Uncalled bet ($0.50) returned to b2k-Snick
b2k-Snick collected $1 from pot
b2k-Snick: doesn't show hand 
*** SUMMARY ***
Total pot $1 | Rake $0 
Seat 1: b2k-Snick (big blind) collected ($1)
Seat 2: mane1402 folded before Flop (didn't bet)
Seat 3: CashfishT folded before Flop (didn't bet)
Seat 4: 50CandyJoe folded before Flop (didn't bet)
Seat 5: ozstrike88 (button) folded before Flop (didn't bet)
Seat 6: Pon4uk.ua (small blind) folded before Flop



PokerStars Hand #254762338697:  Hold'em No Limit ($0.50/$1.00 USD) - 2025/02/08 7:33:16 WET [2025/02/08 2:33:16 ET]
Table 'Salyut' 6-max Seat #6 is the button
Seat 1: b2k-Snick ($208.44 in chips) 
Seat 2: mane1402 ($46.01 in chips) 
Seat 3: CashfishT ($157.10 in chips) 
Seat 4: 50CandyJoe ($111.56 in chips) 
Seat 5: ozstrike88 ($98.50 in chips) 
Seat 6: Pon4uk.ua ($129.99 in chips) 
b2k-Snick: posts small blind $0.50
mane1402: posts big blind $1
*** HOLE CARDS ***
CashfishT: folds 
50CandyJoe: folds 
ozstrike88: folds 
Pon4uk.ua: raises $1.50 to $2.50
b2k-Snick: folds 
mane1402: calls $1.50
*** FLOP *** [3c 7h Qd]
mane1402: bets $2.61
Pon4uk.ua: calls $2.61
*** TURN *** [3c 7h Qd] [Kh]
mane1402: bets $1
Pon4uk.ua: calls $1
*** RIVER *** [3c 7h Qd Kh] [Js]
mane1402: checks 
Pon4uk.ua: checks 
*** SHOW DOWN ***
mane1402: shows [2d Ad] (high card Ace)
Pon4uk.ua: shows [4d 3d] (a pair of Threes)
Pon4uk.ua collected $12.08 from pot
*** SUMMARY ***
Total pot $12.72 | Rake $0.64 
Board [3c 7h Qd Kh Js]
Seat 1: b2k-Snick (small blind) folded before Flop
Seat 2: mane1402 (big blind) showed [2d Ad] and lost with high card Ace
Seat 3: CashfishT folded before Flop (didn't bet)
Seat 4: 50CandyJoe folded before Flop (didn't bet)
Seat 5: ozstrike88 folded before Flop (didn't bet)
Seat 6: Pon4uk.ua (button) showed [4d 3d] and won ($12.08) with a pair of Threes



PokerStars Hand #254762341970:  Hold'em No Limit ($0.50/$1.00 USD) - 2025/02/08 7:33:56 WET [2025/02/08 2:33:56 ET]
Table 'Salyut' 6-max Seat #1 is the button
Seat 1: b2k-Snick ($207.94 in chips) 
Seat 2: mane1402 ($39.90 in chips) 
Seat 3: CashfishT ($157.10 in chips) 
Seat 4: 50CandyJoe ($111.56 in chips) 
Seat 5: ozstrike88 ($98.50 in chips) 
Seat 6: Pon4uk.ua ($135.96 in chips) 
mane1402: posts small blind $0.50
CashfishT: posts big blind $1
*** HOLE CARDS ***
50CandyJoe: folds 
ozstrike88: folds 
Pon4uk.ua: folds 
b2k-Snick: folds 
mane1402: raises $2 to $3
CashfishT: folds 
Uncalled bet ($2) returned to mane1402
mane1402 collected $2 from pot
*** SUMMARY ***
Total pot $2 | Rake $0 
Seat 1: b2k-Snick (button) folded before Flop (didn't bet)
Seat 2: mane1402 (small blind) collected ($2)
Seat 3: CashfishT (big blind) folded before Flop
Seat 4: 50CandyJoe folded before Flop (didn't bet)
Seat 5: ozstrike88 folded before Flop (didn't bet)
Seat 6: Pon4uk.ua folded before Flop (didn't bet)



PokerStars Hand #254762343798:  Hold'em No Limit ($0.50/$1.00 USD) - 2025/02/08 7:34:18 WET [2025/02/08 2:34:18 ET]
Table 'Salyut' 6-max Seat #2 is the button
Seat 1: b2k-Snick ($207.94 in chips) 
Seat 2: mane1402 ($40.90 in chips) 
Seat 3: CashfishT ($156.10 in chips) 
Seat 4: 50CandyJoe ($111.56 in chips) 
Seat 5: ozstrike88 ($98.50 in chips) 
Seat 6: Pon4uk.ua ($135.96 in chips) 
CashfishT: posts small blind $0.50
50CandyJoe: posts big blind $1
*** HOLE CARDS ***
ozstrike88: raises $2.50 to $3.50
Pon4uk.ua: folds 
b2k-Snick: folds 
mane1402: folds 
CashfishT: folds 
50CandyJoe: calls $2.50
*** FLOP *** [5d Ad 6c]
50CandyJoe: checks 
ozstrike88: checks 
*** TURN *** [5d Ad 6c] [Kc]
50CandyJoe: checks 
ozstrike88: checks 
*** RIVER *** [5d Ad 6c Kc] [Jd]
50CandyJoe: bets $2.35
ozstrike88: calls $2.35
*** SHOW DOWN ***
50CandyJoe: shows [Th Kd] (a pair of Kings)
ozstrike88: shows [Kh Qd] (a pair of Kings - Ace+Queen kicker)
ozstrike88 collected $11.59 from pot
*** SUMMARY ***
Total pot $12.20 | Rake $0.61 
Board [5d Ad 6c Kc Jd]
Seat 1: b2k-Snick folded before Flop (didn't bet)
Seat 2: mane1402 (button) folded before Flop (didn't bet)
Seat 3: CashfishT (small blind) folded before Flop
Seat 4: 50CandyJoe (big blind) showed [Th Kd] and lost with a pair of Kings
Seat 5: ozstrike88 showed [Kh Qd] and won ($11.59) with a pair of Kings
Seat 6: Pon4uk.ua folded before Flop (didn't bet)



PokerStars Hand #254762347487:  Hold'em No Limit ($0.50/$1.00 USD) - 2025/02/08 7:35:01 WET [2025/02/08 2:35:01 ET]
Table 'Salyut' 6-max Seat #3 is the button
Seat 1: b2k-Snick ($207.94 in chips) 
Seat 2: mane1402 ($40.90 in chips) 
Seat 3: CashfishT ($155.60 in chips) 
Seat 4: 50CandyJoe ($105.71 in chips) 
Seat 5: ozstrike88 ($104.24 in chips) 
Seat 6: Pon4uk.ua ($135.96 in chips) 
50CandyJoe: posts small blind $0.50
ozstrike88: posts big blind $1
*** HOLE CARDS ***
Pon4uk.ua: folds 
b2k-Snick: folds 
mane1402: folds 
CashfishT: folds 
50CandyJoe: folds 
Uncalled bet ($0.50) returned to ozstrike88
ozstrike88 collected $1 from pot
*** SUMMARY ***
Total pot $1 | Rake $0 
Seat 1: b2k-Snick folded before Flop (didn't bet)
Seat 2: mane1402 folded before Flop (didn't bet)
Seat 3: CashfishT (button) folded before Flop (didn't bet)
Seat 4: 50CandyJoe (small blind) folded before Flop
Seat 5: ozstrike88 (big blind) collected ($1)
Seat 6: Pon4uk.ua folded before Flop (didn't bet)



PokerStars Hand #254762349188:  Hold'em No Limit ($0.50/$1.00 USD) - 2025/02/08 7:35:20 WET [2025/02/08 2:35:20 ET]
Table 'Salyut' 6-max Seat #4 is the button
Seat 1: b2k-Snick ($207.94 in chips) 
Seat 2: mane1402 ($40.90 in chips) 
Seat 3: CashfishT ($155.60 in chips) 
Seat 4: 50CandyJoe ($105.21 in chips) 
Seat 5: ozstrike88 ($104.74 in chips) 
Seat 6: Pon4uk.ua ($135.96 in chips) 
ozstrike88: posts small blind $0.50
Pon4uk.ua: posts big blind $1
*** HOLE CARDS ***
b2k-Snick: folds 
mane1402: raises $2 to $3
CashfishT: raises $4 to $7
50CandyJoe: raises $13 to $20
ozstrike88: folds 
Pon4uk.ua: folds 
mane1402: folds 
CashfishT: folds 
Uncalled bet ($13) returned to 50CandyJoe
50CandyJoe collected $18.50 from pot
50CandyJoe: doesn't show hand 
*** SUMMARY ***
Total pot $18.50 | Rake $0 
Seat 1: b2k-Snick folded before Flop (didn't bet)
Seat 2: mane1402 folded before Flop
Seat 3: CashfishT folded before Flop
Seat 4: 50CandyJoe (button) collected ($18.50)
Seat 5: ozstrike88 (small blind) folded before Flop
Seat 6: Pon4uk.ua (big blind) folded before Flop



PokerStars Hand #254762352026:  Hold'em No Limit ($0.50/$1.00 USD) - 2025/02/08 7:35:54 WET [2025/02/08 2:35:54 ET]
Table 'Salyut' 6-max Seat #5 is the button
Seat 1: b2k-Snick ($207.94 in chips) 
Seat 2: mane1402 ($37.90 in chips) 
Seat 3: CashfishT ($148.60 in chips) 
Seat 4: 50CandyJoe ($116.71 in chips) 
Seat 5: ozstrike88 ($104.24 in chips) 
Seat 6: Pon4uk.ua ($134.96 in chips) 
Pon4uk.ua: posts small blind $0.50
b2k-Snick: posts big blind $1
*** HOLE CARDS ***
mane1402: raises $1 to $2
CashfishT: raises $5 to $7
50CandyJoe: folds 
ozstrike88: folds 
Pon4uk.ua: folds 
b2k-Snick: folds 
mane1402: raises $30.90 to $37.90 and is all-in
CashfishT: folds 
Uncalled bet ($30.90) returned to mane1402
mane1402 collected $15.50 from pot
*** SUMMARY ***
Total pot $15.50 | Rake $0 
Seat 1: b2k-Snick (big blind) folded before Flop
Seat 2: mane1402 collected ($15.50)
Seat 3: CashfishT folded before Flop
Seat 4: 50CandyJoe folded before Flop (didn't bet)
Seat 5: ozstrike88 (button) folded before Flop (didn't bet)
Seat 6: Pon4uk.ua (small blind) folded before Flop



PokerStars Hand #254762355015:  Hold'em No Limit ($0.50/$1.00 USD) - 2025/02/08 7:36:29 WET [2025/02/08 2:36:29 ET]
Table 'Salyut' 6-max Seat #6 is the button
Seat 1: b2k-Snick ($206.94 in chips) 
Seat 2: mane1402 ($46.40 in chips) 
Seat 3: CashfishT ($141.60 in chips) 
Seat 4: 50CandyJoe ($116.71 in chips) 
Seat 5: ozstrike88 ($104.24 in chips) 
Seat 6: Pon4uk.ua ($134.46 in chips) 
b2k-Snick: posts small blind $0.50
mane1402: posts big blind $1
*** HOLE CARDS ***
CashfishT: folds 
50CandyJoe: raises $1.20 to $2.20
ozstrike88: folds 
Pon4uk.ua: folds 
b2k-Snick: raises $8.80 to $11
mane1402: folds 
50CandyJoe: calls $8.80
*** FLOP *** [Ac 6c 2s]
b2k-Snick: bets $7.21
50CandyJoe: folds 
Uncalled bet ($7.21) returned to b2k-Snick
b2k-Snick collected $21.85 from pot
b2k-Snick: doesn't show hand 
*** SUMMARY ***
Total pot $23 | Rake $1.15 
Board [Ac 6c 2s]
Seat 1: b2k-Snick (small blind) collected ($21.85)
Seat 2: mane1402 (big blind) folded before Flop
Seat 3: CashfishT folded before Flop (didn't bet)
Seat 4: 50CandyJoe folded on the Flop
Seat 5: ozstrike88 folded before Flop (didn't bet)
Seat 6: Pon4uk.ua (button) folded before Flop (didn't bet)



PokerStars Hand #254762358759:  Hold'em No Limit ($0.50/$1.00 USD) - 2025/02/08 7:37:12 WET [2025/02/08 2:37:12 ET]
Table 'Salyut' 6-max Seat #1 is the button
Seat 1: b2k-Snick ($217.79 in chips) 
Seat 2: mane1402 ($45.40 in chips) 
Seat 3: CashfishT ($141.60 in chips) 
Seat 4: 50CandyJoe ($105.71 in chips) 
Seat 5: ozstrike88 ($104.24 in chips) 
Seat 6: Pon4uk.ua ($134.46 in chips) 
mane1402: posts small blind $0.50
CashfishT: posts big blind $1
*** HOLE CARDS ***
50CandyJoe: raises $1.20 to $2.20
ozstrike88: folds 
Pon4uk.ua: folds 
b2k-Snick: folds 
mane1402: folds 
CashfishT: folds 
Uncalled bet ($1.20) returned to 50CandyJoe
50CandyJoe collected $2.50 from pot
50CandyJoe: doesn't show hand 
*** SUMMARY ***
Total pot $2.50 | Rake $0 
Seat 1: b2k-Snick (button) folded before Flop (didn't bet)
Seat 2: mane1402 (small blind) folded before Flop
Seat 3: CashfishT (big blind) folded before Flop
Seat 4: 50CandyJoe collected ($2.50)
Seat 5: ozstrike88 folded before Flop (didn't bet)
Seat 6: Pon4uk.ua folded before Flop (didn't bet)



PokerStars Hand #254762360332:  Hold'em No Limit ($0.50/$1.00 USD) - 2025/02/08 7:37:30 WET [2025/02/08 2:37:30 ET]
Table 'Salyut' 6-max Seat #2 is the button
Seat 1: b2k-Snick ($217.79 in chips) 
Seat 2: mane1402 ($44.90 in chips) 
Seat 3: CashfishT ($140.60 in chips) 
Seat 4: 50CandyJoe ($107.21 in chips) 
Seat 5: ozstrike88 ($104.24 in chips) 
Seat 6: Pon4uk.ua ($134.46 in chips) 
CashfishT: posts small blind $0.50
50CandyJoe: posts big blind $1
*** HOLE CARDS ***
ozstrike88: folds 
Pon4uk.ua: raises $1 to $2
b2k-Snick: folds 
mane1402: folds 
CashfishT: folds 
50CandyJoe: calls $1
*** FLOP *** [6h Td 3s]
50CandyJoe: checks 
Pon4uk.ua: bets $2
50CandyJoe: calls $2
*** TURN *** [6h Td 3s] [3c]
50CandyJoe: bets $2.02
Pon4uk.ua: calls $2.02
*** RIVER *** [6h Td 3s 3c] [7h]
50CandyJoe: bets $2.98
Pon4uk.ua: folds 
Uncalled bet ($2.98) returned to 50CandyJoe
50CandyJoe collected $11.91 from pot
50CandyJoe: doesn't show hand 
*** SUMMARY ***
Total pot $12.54 | Rake $0.63 
Board [6h Td 3s 3c 7h]
Seat 1: b2k-Snick folded before Flop (didn't bet)
Seat 2: mane1402 (button) folded before Flop (didn't bet)
Seat 3: CashfishT (small blind) folded before Flop
Seat 4: 50CandyJoe (big blind) collected ($11.91)
Seat 5: ozstrike88 folded before Flop (didn't bet)
Seat 6: Pon4uk.ua folded on the River



PokerStars Hand #254762364026:  Hold'em No Limit ($0.50/$1.00 USD) - 2025/02/08 7:38:14 WET [2025/02/08 2:38:14 ET]
Table 'Salyut' 6-max Seat #3 is the button
Seat 1: b2k-Snick ($217.79 in chips) 
Seat 2: mane1402 ($44.90 in chips) 
Seat 3: CashfishT ($140.10 in chips) 
Seat 4: 50CandyJoe ($113.10 in chips) 
Seat 5: ozstrike88 ($104.24 in chips) 
Seat 6: Pon4uk.ua ($128.44 in chips) 
50CandyJoe: posts small blind $0.50
ozstrike88: posts big blind $1
*** HOLE CARDS ***
Pon4uk.ua: folds 
b2k-Snick: raises $1.10 to $2.10
mane1402: folds 
CashfishT: calls $2.10
50CandyJoe: folds 
ozstrike88: folds 
*** FLOP *** [7h 5s Td]
b2k-Snick: checks 
CashfishT: checks 
*** TURN *** [7h 5s Td] [7d]
b2k-Snick: checks 
CashfishT: bets $4.07
b2k-Snick: folds 
Uncalled bet ($4.07) returned to CashfishT
CashfishT collected $5.42 from pot
CashfishT: doesn't show hand 
*** SUMMARY ***
Total pot $5.70 | Rake $0.28 
Board [7h 5s Td 7d]
Seat 1: b2k-Snick folded on the Turn
Seat 2: mane1402 folded before Flop (didn't bet)
Seat 3: CashfishT (button) collected ($5.42)
Seat 4: 50CandyJoe (small blind) folded before Flop
Seat 5: ozstrike88 (big blind) folded before Flop
Seat 6: Pon4uk.ua folded before Flop (didn't bet)



PokerStars Hand #254762368133:  Hold'em No Limit ($0.50/$1.00 USD) - 2025/02/08 7:39:02 WET [2025/02/08 2:39:02 ET]
Table 'Salyut' 6-max Seat #4 is the button
Seat 1: b2k-Snick ($215.69 in chips) 
Seat 2: mane1402 ($44.90 in chips) 
Seat 3: CashfishT ($143.42 in chips) 
Seat 4: 50CandyJoe ($112.60 in chips) 
Seat 5: ozstrike88 ($103.24 in chips) 
Seat 6: Pon4uk.ua ($128.44 in chips) 
ozstrike88: posts small blind $0.50
Pon4uk.ua: posts big blind $1
*** HOLE CARDS ***
b2k-Snick: folds 
mane1402: folds 
CashfishT: folds 
50CandyJoe: folds 
ozstrike88: folds 
Uncalled bet ($0.50) returned to Pon4uk.ua
Pon4uk.ua collected $1 from pot
Pon4uk.ua: doesn't show hand 
*** SUMMARY ***
Total pot $1 | Rake $0 
Seat 1: b2k-Snick folded before Flop (didn't bet)
Seat 2: mane1402 folded before Flop (didn't bet)
Seat 3: CashfishT folded before Flop (didn't bet)
Seat 4: 50CandyJoe (button) folded before Flop (didn't bet)
Seat 5: ozstrike88 (small blind) folded before Flop
Seat 6: Pon4uk.ua (big blind) collected ($1)



PokerStars Hand #254762369438:  Hold'em No Limit ($0.50/$1.00 USD) - 2025/02/08 7:39:16 WET [2025/02/08 2:39:16 ET]
Table 'Salyut' 6-max Seat #5 is the button
Seat 1: b2k-Snick ($215.69 in chips) 
Seat 2: mane1402 ($44.90 in chips) 
Seat 3: CashfishT ($143.42 in chips) 
Seat 4: 50CandyJoe ($112.60 in chips) 
Seat 5: ozstrike88 ($102.74 in chips) 
Seat 6: Pon4uk.ua ($128.94 in chips) 
Pon4uk.ua: posts small blind $0.50
b2k-Snick: posts big blind $1
*** HOLE CARDS ***
mane1402: folds 
CashfishT: raises $1.20 to $2.20
50CandyJoe: folds 
ozstrike88: folds 
Pon4uk.ua: folds 
b2k-Snick: folds 
Uncalled bet ($1.20) returned to CashfishT
CashfishT collected $2.50 from pot
CashfishT: doesn't show hand 
*** SUMMARY ***
Total pot $2.50 | Rake $0 
Seat 1: b2k-Snick (big blind) folded before Flop
Seat 2: mane1402 folded before Flop (didn't bet)
Seat 3: CashfishT collected ($2.50)
Seat 4: 50CandyJoe folded before Flop (didn't bet)
Seat 5: ozstrike88 (button) folded before Flop (didn't bet)
Seat 6: Pon4uk.ua (small blind) folded before Flop



PokerStars Hand #254762371403:  Hold'em No Limit ($0.50/$1.00 USD) - 2025/02/08 7:39:40 WET [2025/02/08 2:39:40 ET]
Table 'Salyut' 6-max Seat #6 is the button
Seat 1: b2k-Snick ($214.69 in chips) 
Seat 2: mane1402 ($44.90 in chips) 
Seat 3: CashfishT ($144.92 in chips) 
Seat 4: 50CandyJoe ($112.60 in chips) 
Seat 5: ozstrike88 ($102.74 in chips) 
Seat 6: Pon4uk.ua ($128.44 in chips) 
b2k-Snick: posts small blind $0.50
mane1402: posts big blind $1
*** HOLE CARDS ***
CashfishT: folds 
50CandyJoe: folds 
ozstrike88: folds 
Pon4uk.ua: folds 
b2k-Snick: raises $2 to $3
mane1402: calls $2
*** FLOP *** [4c Qs Tc]
b2k-Snick: checks 
mane1402: bets $2.85
b2k-Snick: calls $2.85
*** TURN *** [4c Qs Tc] [Ah]
b2k-Snick: checks 
mane1402: checks 
*** RIVER *** [4c Qs Tc Ah] [9d]
b2k-Snick: checks 
mane1402: bets $11.12
b2k-Snick: folds 
Uncalled bet ($11.12) returned to mane1402
mane1402 collected $11.12 from pot
*** SUMMARY ***
Total pot $11.70 | Rake $0.58 
Board [4c Qs Tc Ah 9d]
Seat 1: b2k-Snick (small blind) folded on the River
Seat 2: mane1402 (big blind) collected ($11.12)
Seat 3: CashfishT folded before Flop (didn't bet)
Seat 4: 50CandyJoe folded before Flop (didn't bet)
Seat 5: ozstrike88 folded before Flop (didn't bet)
Seat 6: Pon4uk.ua (button) folded before Flop (didn't bet)



PokerStars Hand #254762375719:  Hold'em No Limit ($0.50/$1.00 USD) - 2025/02/08 7:40:29 WET [2025/02/08 2:40:29 ET]
Table 'Salyut' 6-max Seat #1 is the button
Seat 1: b2k-Snick ($208.84 in chips) 
Seat 2: mane1402 ($50.17 in chips) 
Seat 3: CashfishT ($144.92 in chips) 
Seat 4: 50CandyJoe ($112.60 in chips) 
Seat 5: ozstrike88 ($102.74 in chips) 
Seat 6: Pon4uk.ua ($128.44 in chips) 
mane1402: posts small blind $0.50
CashfishT: posts big blind $1
*** HOLE CARDS ***
50CandyJoe: folds 
ozstrike88: raises $2.50 to $3.50
Pon4uk.ua: calls $3.50
b2k-Snick: folds 
mane1402: folds 
CashfishT: folds 
*** FLOP *** [2s 3c 4s]
ozstrike88: bets $4.04
Pon4uk.ua: calls $4.04
*** TURN *** [2s 3c 4s] [2c]
ozstrike88: bets $7.88
Pon4uk.ua: calls $7.88
*** RIVER *** [2s 3c 4s 2c] [4h]
ozstrike88: bets $15.36
Pon4uk.ua: folds 
Uncalled bet ($15.36) returned to ozstrike88
ozstrike88 collected $30.72 from pot
*** SUMMARY ***
Total pot $32.34 | Rake $1.62 
Board [2s 3c 4s 2c 4h]
Seat 1: b2k-Snick (button) folded before Flop (didn't bet)
Seat 2: mane1402 (small blind) folded before Flop
Seat 3: CashfishT (big blind) folded before Flop
Seat 4: 50CandyJoe folded before Flop (didn't bet)
Seat 5: ozstrike88 collected ($30.72)
Seat 6: Pon4uk.ua folded on the River



PokerStars Hand #254762381058:  Hold'em No Limit ($0.50/$1.00 USD) - 2025/02/08 7:41:30 WET [2025/02/08 2:41:30 ET]
Table 'Salyut' 6-max Seat #2 is the button
Seat 1: b2k-Snick ($208.84 in chips) 
Seat 2: mane1402 ($49.67 in chips) 
Seat 3: CashfishT ($143.92 in chips) 
Seat 4: 50CandyJoe ($112.60 in chips) 
Seat 5: ozstrike88 ($118.04 in chips) 
Seat 6: Pon4uk.ua ($113.02 in chips) 
CashfishT: posts small blind $0.50
50CandyJoe: posts big blind $1
*** HOLE CARDS ***
ozstrike88: folds 
Pon4uk.ua: folds 
b2k-Snick: folds 
mane1402: raises $1 to $2
CashfishT: raises $9 to $11
50CandyJoe: folds 
mane1402: folds 
Uncalled bet ($9) returned to CashfishT
CashfishT collected $5 from pot
CashfishT: doesn't show hand 
*** SUMMARY ***
Total pot $5 | Rake $0 
Seat 1: b2k-Snick folded before Flop (didn't bet)
Seat 2: mane1402 (button) folded before Flop
Seat 3: CashfishT (small blind) collected ($5)
Seat 4: 50CandyJoe (big blind) folded before Flop
Seat 5: ozstrike88 folded before Flop (didn't bet)
Seat 6: Pon4uk.ua folded before Flop (didn't bet)



PokerStars Hand #254762382667:  Hold'em No Limit ($0.50/$1.00 USD) - 2025/02/08 7:41:49 WET [2025/02/08 2:41:49 ET]
Table 'Salyut' 6-max Seat #3 is the button
Seat 1: b2k-Snick ($208.84 in chips) 
Seat 2: mane1402 ($47.67 in chips) 
Seat 3: CashfishT ($146.92 in chips) 
Seat 4: 50CandyJoe ($111.60 in chips) 
Seat 5: ozstrike88 ($118.04 in chips) 
Seat 6: Pon4uk.ua ($113.02 in chips) 
50CandyJoe: posts small blind $0.50
ozstrike88: posts big blind $1
*** HOLE CARDS ***
Pon4uk.ua: folds 
b2k-Snick: folds 
mane1402: folds 
CashfishT: raises $1.20 to $2.20
50CandyJoe: folds 
ozstrike88: calls $1.20
*** FLOP *** [Ad 6c 7d]
ozstrike88: checks 
CashfishT: bets $1.54
ozstrike88: raises $1.54 to $3.08
CashfishT: calls $1.54
*** TURN *** [Ad 6c 7d] [4c]
ozstrike88: checks 
CashfishT: checks 
*** RIVER *** [Ad 6c 7d 4c] [Qs]
ozstrike88: checks 
CashfishT: checks 
*** SHOW DOWN ***
ozstrike88: shows [5h 6h] (a pair of Sixes)
CashfishT: shows [7h Kh] (a pair of Sevens)
CashfishT collected $10.51 from pot
*** SUMMARY ***
Total pot $11.06 | Rake $0.55 
Board [Ad 6c 7d 4c Qs]
Seat 1: b2k-Snick folded before Flop (didn't bet)
Seat 2: mane1402 folded before Flop (didn't bet)
Seat 3: CashfishT (button) showed [7h Kh] and won ($10.51) with a pair of Sevens
Seat 4: 50CandyJoe (small blind) folded before Flop
Seat 5: ozstrike88 (big blind) showed [5h 6h] and lost with a pair of Sixes
Seat 6: Pon4uk.ua folded before Flop (didn't bet)



PokerStars Hand #254762388735:  Hold'em No Limit ($0.50/$1.00 USD) - 2025/02/08 7:42:58 WET [2025/02/08 2:42:58 ET]
Table 'Salyut' 6-max Seat #4 is the button
Seat 1: b2k-Snick ($208.84 in chips) 
Seat 2: mane1402 ($47.67 in chips) 
Seat 3: CashfishT ($152.15 in chips) 
Seat 4: 50CandyJoe ($111.10 in chips) 
Seat 5: ozstrike88 ($112.76 in chips) 
Seat 6: Pon4uk.ua ($113.02 in chips) 
ozstrike88: posts small blind $0.50
Pon4uk.ua: posts big blind $1
*** HOLE CARDS ***
b2k-Snick: raises $1.10 to $2.10
mane1402: folds 
CashfishT: folds 
50CandyJoe: folds 
ozstrike88: folds 
Pon4uk.ua: calls $1.10
*** FLOP *** [5s Qc 3c]
Pon4uk.ua: checks 
b2k-Snick: checks 
*** TURN *** [5s Qc 3c] [Ah]
Pon4uk.ua: checks 
b2k-Snick: bets $3
Pon4uk.ua: folds 
Uncalled bet ($3) returned to b2k-Snick
b2k-Snick collected $4.46 from pot
b2k-Snick: doesn't show hand 
*** SUMMARY ***
Total pot $4.70 | Rake $0.24 
Board [5s Qc 3c Ah]
Seat 1: b2k-Snick collected ($4.46)
Seat 2: mane1402 folded before Flop (didn't bet)
Seat 3: CashfishT folded before Flop (didn't bet)
Seat 4: 50CandyJoe (button) folded before Flop (didn't bet)
Seat 5: ozstrike88 (small blind) folded before Flop
Seat 6: Pon4uk.ua (big blind) folded on the Turn



PokerStars Hand #254762392437:  Hold'em No Limit ($0.50/$1.00 USD) - 2025/02/08 7:43:40 WET [2025/02/08 2:43:40 ET]
Table 'Salyut' 6-max Seat #5 is the button
Seat 1: b2k-Snick ($211.20 in chips) 
Seat 2: mane1402 ($47.67 in chips) 
Seat 3: CashfishT ($152.15 in chips) 
Seat 4: 50CandyJoe ($111.10 in chips) 
Seat 5: ozstrike88 ($112.26 in chips) 
Seat 6: Pon4uk.ua ($110.92 in chips) 
Pon4uk.ua: posts small blind $0.50
b2k-Snick: posts big blind $1
*** HOLE CARDS ***
mane1402: folds 
CashfishT: raises $1.20 to $2.20
50CandyJoe: folds 
ozstrike88: calls $2.20
Pon4uk.ua: folds 
b2k-Snick: folds 
*** FLOP *** [8c 9d Jd]
CashfishT: bets $1.85
ozstrike88: raises $2.65 to $4.50
CashfishT: calls $2.65
*** TURN *** [8c 9d Jd] [Ah]
CashfishT: checks 
ozstrike88: bets $5.08
CashfishT: calls $5.08
*** RIVER *** [8c 9d Jd Ah] [Ts]
CashfishT: checks 
ozstrike88: checks 
*** SHOW DOWN ***
CashfishT: shows [Ac Qs] (a straight, Eight to Queen)
ozstrike88: shows [Jh Tc] (two pair, Jacks and Tens)
CashfishT collected $23.81 from pot
*** SUMMARY ***
Total pot $25.06 | Rake $1.25 
Board [8c 9d Jd Ah Ts]
Seat 1: b2k-Snick (big blind) folded before Flop
Seat 2: mane1402 folded before Flop (didn't bet)
Seat 3: CashfishT showed [Ac Qs] and won ($23.81) with a straight, Eight to Queen
Seat 4: 50CandyJoe folded before Flop (didn't bet)
Seat 5: ozstrike88 (button) showed [Jh Tc] and lost with two pair, Jacks and Tens
Seat 6: Pon4uk.ua (small blind) folded before Flop



PokerStars Hand #254762398565:  Hold'em No Limit ($0.50/$1.00 USD) - 2025/02/08 7:44:50 WET [2025/02/08 2:44:50 ET]
Table 'Salyut' 6-max Seat #6 is the button
Seat 1: b2k-Snick ($210.20 in chips) 
Seat 2: mane1402 ($47.67 in chips) 
Seat 3: CashfishT ($164.18 in chips) 
Seat 4: 50CandyJoe ($111.10 in chips) 
Seat 5: ozstrike88 ($100.48 in chips) 
Seat 6: Pon4uk.ua ($110.42 in chips) 
b2k-Snick: posts small blind $0.50
mane1402: posts big blind $1
*** HOLE CARDS ***
CashfishT: folds 
50CandyJoe: raises $1.20 to $2.20
ozstrike88: folds 
Pon4uk.ua: folds 
b2k-Snick: folds 
mane1402: calls $1.20
*** FLOP *** [2s 7s 9s]
mane1402: bets $9
50CandyJoe: folds 
Uncalled bet ($9) returned to mane1402
mane1402 collected $4.66 from pot
*** SUMMARY ***
Total pot $4.90 | Rake $0.24 
Board [2s 7s 9s]
Seat 1: b2k-Snick (small blind) folded before Flop
Seat 2: mane1402 (big blind) collected ($4.66)
Seat 3: CashfishT folded before Flop (didn't bet)
Seat 4: 50CandyJoe folded on the Flop
Seat 5: ozstrike88 folded before Flop (didn't bet)
Seat 6: Pon4uk.ua (button) folded before Flop (didn't bet)



PokerStars Hand #254762401867:  Hold'em No Limit ($0.50/$1.00 USD) - 2025/02/08 7:45:28 WET [2025/02/08 2:45:28 ET]
Table 'Salyut' 6-max Seat #1 is the button
Seat 1: b2k-Snick ($209.70 in chips) 
Seat 2: mane1402 ($50.13 in chips) 
Seat 3: CashfishT ($164.18 in chips) 
Seat 4: 50CandyJoe ($108.90 in chips) 
Seat 5: ozstrike88 ($100.48 in chips) 
Seat 6: Pon4uk.ua ($110.42 in chips) 
mane1402: posts small blind $0.50
CashfishT: posts big blind $1
*** HOLE CARDS ***
50CandyJoe: folds 
ozstrike88: folds 
Pon4uk.ua: folds 
b2k-Snick: folds 
mane1402: calls $0.50
CashfishT: checks 
*** FLOP *** [3s 4d 9c]
mane1402: checks 
CashfishT: checks 
*** TURN *** [3s 4d 9c] [7s]
mane1402: checks 
CashfishT: checks 
*** RIVER *** [3s 4d 9c 7s] [Qh]
mane1402: checks 
CashfishT: checks 
*** SHOW DOWN ***
mane1402: shows [2c Ac] (high card Ace)
CashfishT: shows [3d As] (a pair of Threes)
CashfishT collected $1.90 from pot
*** SUMMARY ***
Total pot $2 | Rake $0.10 
Board [3s 4d 9c 7s Qh]
Seat 1: b2k-Snick (button) folded before Flop (didn't bet)
Seat 2: mane1402 (small blind) showed [2c Ac] and lost with high card Ace
Seat 3: CashfishT (big blind) showed [3d As] and won ($1.90) with a pair of Threes
Seat 4: 50CandyJoe folded before Flop (didn't bet)
Seat 5: ozstrike88 folded before Flop (didn't bet)
Seat 6: Pon4uk.ua folded before Flop (didn't bet)



PokerStars Hand #254762406415:  Hold'em No Limit ($0.50/$1.00 USD) - 2025/02/08 7:46:19 WET [2025/02/08 2:46:19 ET]
Table 'Salyut' 6-max Seat #2 is the button
Seat 1: b2k-Snick ($209.70 in chips) 
Seat 2: mane1402 ($49.13 in chips) 
Seat 3: CashfishT ($165.08 in chips) 
Seat 4: 50CandyJoe ($108.90 in chips) 
Seat 5: ozstrike88 ($100.48 in chips) 
Seat 6: Pon4uk.ua ($110.42 in chips) 
CashfishT: posts small blind $0.50
50CandyJoe: posts big blind $1
*** HOLE CARDS ***
ozstrike88: folds 
Pon4uk.ua: folds 
b2k-Snick: raises $1.50 to $2.50
mane1402: folds 
CashfishT: raises $8.50 to $11
50CandyJoe: folds 
b2k-Snick: raises $13 to $24
CashfishT: calls $13
*** FLOP *** [5h Th 8d]
CashfishT: checks 
b2k-Snick: checks 
*** TURN *** [5h Th 8d] [Ts]
CashfishT: bets $15.36
b2k-Snick: folds 
Uncalled bet ($15.36) returned to CashfishT
CashfishT collected $46.55 from pot
CashfishT: doesn't show hand 
*** SUMMARY ***
Total pot $49 | Rake $2.45 
Board [5h Th 8d Ts]
Seat 1: b2k-Snick folded on the Turn
Seat 2: mane1402 (button) folded before Flop (didn't bet)
Seat 3: CashfishT (small blind) collected ($46.55)
Seat 4: 50CandyJoe (big blind) folded before Flop
Seat 5: ozstrike88 folded before Flop (didn't bet)
Seat 6: Pon4uk.ua folded before Flop (didn't bet)



PokerStars Hand #254762414609:  Hold'em No Limit ($0.50/$1.00 USD) - 2025/02/08 7:47:53 WET [2025/02/08 2:47:53 ET]
Table 'Salyut' 6-max Seat #3 is the button
Seat 1: b2k-Snick ($185.70 in chips) 
Seat 2: mane1402 ($49.13 in chips) 
Seat 3: CashfishT ($187.63 in chips) 
Seat 4: 50CandyJoe ($107.90 in chips) 
Seat 5: ozstrike88 ($100.48 in chips) 
Seat 6: Pon4uk.ua ($110.42 in chips) 
50CandyJoe: posts small blind $0.50
ozstrike88: posts big blind $1
*** HOLE CARDS ***
Pon4uk.ua: folds 
b2k-Snick: folds 
mane1402: folds 
CashfishT: folds 
50CandyJoe: folds 
Uncalled bet ($0.50) returned to ozstrike88
ozstrike88 collected $1 from pot
*** SUMMARY ***
Total pot $1 | Rake $0 
Seat 1: b2k-Snick folded before Flop (didn't bet)
Seat 2: mane1402 folded before Flop (didn't bet)
Seat 3: CashfishT (button) folded before Flop (didn't bet)
Seat 4: 50CandyJoe (small blind) folded before Flop
Seat 5: ozstrike88 (big blind) collected ($1)
Seat 6: Pon4uk.ua folded before Flop (didn't bet)



PokerStars Hand #254762416894:  Hold'em No Limit ($0.50/$1.00 USD) - 2025/02/08 7:48:19 WET [2025/02/08 2:48:19 ET]
Table 'Salyut' 6-max Seat #4 is the button
Seat 1: b2k-Snick ($185.70 in chips) 
Seat 2: mane1402 ($49.13 in chips) 
Seat 3: CashfishT ($187.63 in chips) 
Seat 4: 50CandyJoe ($107.40 in chips) 
Seat 5: ozstrike88 ($100.98 in chips) 
Seat 6: Pon4uk.ua ($110.42 in chips) 
ozstrike88: posts small blind $0.50
Pon4uk.ua: posts big blind $1
*** HOLE CARDS ***
b2k-Snick: folds 
mane1402: folds 
CashfishT: folds 
50CandyJoe: raises $1.50 to $2.50
ozstrike88: folds 
Pon4uk.ua: raises $8.50 to $11
50CandyJoe: folds 
Uncalled bet ($8.50) returned to Pon4uk.ua
Pon4uk.ua collected $5.50 from pot
Pon4uk.ua: doesn't show hand 
*** SUMMARY ***
Total pot $5.50 | Rake $0 
Seat 1: b2k-Snick folded before Flop (didn't bet)
Seat 2: mane1402 folded before Flop (didn't bet)
Seat 3: CashfishT folded before Flop (didn't bet)
Seat 4: 50CandyJoe (button) folded before Flop
Seat 5: ozstrike88 (small blind) folded before Flop
Seat 6: Pon4uk.ua (big blind) collected ($5.50)



PokerStars Hand #254762418854:  Hold'em No Limit ($0.50/$1.00 USD) - 2025/02/08 7:48:41 WET [2025/02/08 2:48:41 ET]
Table 'Salyut' 6-max Seat #5 is the button
Seat 1: b2k-Snick ($185.70 in chips) 
Seat 2: mane1402 ($49.13 in chips) 
Seat 3: CashfishT ($187.63 in chips) 
Seat 4: 50CandyJoe ($104.90 in chips) 
Seat 5: ozstrike88 ($100.48 in chips) 
Seat 6: Pon4uk.ua ($113.42 in chips) 
Pon4uk.ua: posts small blind $0.50
b2k-Snick: posts big blind $1
*** HOLE CARDS ***
mane1402: raises $2 to $3
CashfishT: folds 
50CandyJoe: raises $6 to $9
ozstrike88: folds 
Pon4uk.ua: folds 
b2k-Snick: folds 
mane1402: calls $6
*** FLOP *** [Td Kc Jh]
mane1402: checks 
50CandyJoe: bets $12.22
mane1402: folds 
Uncalled bet ($12.22) returned to 50CandyJoe
50CandyJoe collected $18.52 from pot
50CandyJoe: doesn't show hand 
*** SUMMARY ***
Total pot $19.50 | Rake $0.98 
Board [Td Kc Jh]
Seat 1: b2k-Snick (big blind) folded before Flop
Seat 2: mane1402 folded on the Flop
Seat 3: CashfishT folded before Flop (didn't bet)
Seat 4: 50CandyJoe collected ($18.52)
Seat 5: ozstrike88 (button) folded before Flop (didn't bet)
Seat 6: Pon4uk.ua (small blind) folded before Flop



PokerStars Hand #254762423345:  Hold'em No Limit ($0.50/$1.00 USD) - 2025/02/08 7:49:33 WET [2025/02/08 2:49:33 ET]
Table 'Salyut' 6-max Seat #6 is the button
Seat 1: b2k-Snick ($184.70 in chips) 
Seat 2: mane1402 ($40.13 in chips) 
Seat 3: CashfishT ($187.63 in chips) 
Seat 4: 50CandyJoe ($114.42 in chips) 
Seat 5: ozstrike88 ($100.48 in chips) 
Seat 6: Pon4uk.ua ($112.92 in chips) 
b2k-Snick: posts small blind $0.50
mane1402: posts big blind $1
*** HOLE CARDS ***
CashfishT: folds 
50CandyJoe: raises $1.20 to $2.20
ozstrike88: folds 
Pon4uk.ua: folds 
b2k-Snick: folds 
mane1402: calls $1.20
*** FLOP *** [Jh Ts 4c]
mane1402: bets $4.66
50CandyJoe: calls $4.66
*** TURN *** [Jh Ts 4c] [5d]
mane1402: checks 
50CandyJoe: bets $8.92
mane1402: folds 
Uncalled bet ($8.92) returned to 50CandyJoe
50CandyJoe collected $13.51 from pot
50CandyJoe: doesn't show hand 
*** SUMMARY ***
Total pot $14.22 | Rake $0.71 
Board [Jh Ts 4c 5d]
Seat 1: b2k-Snick (small blind) folded before Flop
Seat 2: mane1402 (big blind) folded on the Turn
Seat 3: CashfishT folded before Flop (didn't bet)
Seat 4: 50CandyJoe collected ($13.51)
Seat 5: ozstrike88 folded before Flop (didn't bet)
Seat 6: Pon4uk.ua (button) folded before Flop (didn't bet)



PokerStars Hand #254762426281:  Hold'em No Limit ($0.50/$1.00 USD) - 2025/02/08 7:50:07 WET [2025/02/08 2:50:07 ET]
Table 'Salyut' 6-max Seat #1 is the button
Seat 1: b2k-Snick ($184.20 in chips) 
Seat 2: mane1402 ($33.27 in chips) 
Seat 3: CashfishT ($187.63 in chips) 
Seat 4: 50CandyJoe ($121.07 in chips) 
Seat 5: ozstrike88 ($100.48 in chips) 
Seat 6: Pon4uk.ua ($112.92 in chips) 
mane1402: posts small blind $0.50
CashfishT: posts big blind $1
*** HOLE CARDS ***
50CandyJoe: folds 
ozstrike88: raises $2.50 to $3.50
Pon4uk.ua: folds 
b2k-Snick: raises $5.50 to $9
mane1402: folds 
CashfishT: folds 
ozstrike88: calls $5.50
*** FLOP *** [Ac 3s 2h]
ozstrike88: checks 
b2k-Snick: bets $6.11
ozstrike88: folds 
Uncalled bet ($6.11) returned to b2k-Snick
b2k-Snick collected $18.52 from pot
b2k-Snick: doesn't show hand 
*** SUMMARY ***
Total pot $19.50 | Rake $0.98 
Board [Ac 3s 2h]
Seat 1: b2k-Snick (button) collected ($18.52)
Seat 2: mane1402 (small blind) folded before Flop
Seat 3: CashfishT (big blind) folded before Flop
Seat 4: 50CandyJoe folded before Flop (didn't bet)
Seat 5: ozstrike88 folded on the Flop
Seat 6: Pon4uk.ua folded before Flop (didn't bet)



PokerStars Hand #254762431529:  Hold'em No Limit ($0.50/$1.00 USD) - 2025/02/08 7:51:06 WET [2025/02/08 2:51:06 ET]
Table 'Salyut' 6-max Seat #2 is the button
Seat 1: b2k-Snick ($193.72 in chips) 
Seat 2: mane1402 ($32.77 in chips) 
Seat 3: CashfishT ($186.63 in chips) 
Seat 4: 50CandyJoe ($121.07 in chips) 
Seat 5: ozstrike88 ($91.48 in chips) 
Seat 6: Pon4uk.ua ($112.92 in chips) 
CashfishT: posts small blind $0.50
50CandyJoe: posts big blind $1
*** HOLE CARDS ***
ozstrike88: raises $2.50 to $3.50
Pon4uk.ua: folds 
b2k-Snick: folds 
mane1402: folds 
CashfishT: folds 
50CandyJoe: raises $10 to $13.50
ozstrike88: calls $10
*** FLOP *** [Ks Js 8d]
50CandyJoe: checks 
ozstrike88: checks 
*** TURN *** [Ks Js 8d] [7c]
50CandyJoe: checks 
ozstrike88: checks 
*** RIVER *** [Ks Js 8d 7c] [6h]
50CandyJoe: bets $6.53
ozstrike88: calls $6.53
*** SHOW DOWN ***
50CandyJoe: shows [Ts Td] (a pair of Tens)
ozstrike88: shows [Jd Ad] (a pair of Jacks)
ozstrike88 collected $38.53 from pot
*** SUMMARY ***
Total pot $40.56 | Rake $2.03 
Board [Ks Js 8d 7c 6h]
Seat 1: b2k-Snick folded before Flop (didn't bet)
Seat 2: mane1402 (button) folded before Flop (didn't bet)
Seat 3: CashfishT (small blind) folded before Flop
Seat 4: 50CandyJoe (big blind) showed [Ts Td] and lost with a pair of Tens
Seat 5: ozstrike88 showed [Jd Ad] and won ($38.53) with a pair of Jacks
Seat 6: Pon4uk.ua folded before Flop (didn't bet)



PokerStars Hand #254762437401:  Hold'em No Limit ($0.50/$1.00 USD) - 2025/02/08 7:52:12 WET [2025/02/08 2:52:12 ET]
Table 'Salyut' 6-max Seat #3 is the button
Seat 1: b2k-Snick ($193.72 in chips) 
Seat 2: mane1402 ($32.77 in chips) 
Seat 3: CashfishT ($186.13 in chips) 
Seat 4: 50CandyJoe ($101.04 in chips) 
Seat 5: ozstrike88 ($109.98 in chips) 
Seat 6: Pon4uk.ua ($112.92 in chips) 
50CandyJoe: posts small blind $0.50
ozstrike88: posts big blind $1
*** HOLE CARDS ***
Pon4uk.ua: raises $1 to $2
b2k-Snick: folds 
mane1402: folds 
CashfishT: folds 
50CandyJoe: folds 
ozstrike88: folds 
Uncalled bet ($1) returned to Pon4uk.ua
Pon4uk.ua collected $2.50 from pot
Pon4uk.ua: doesn't show hand 
*** SUMMARY ***
Total pot $2.50 | Rake $0 
Seat 1: b2k-Snick folded before Flop (didn't bet)
Seat 2: mane1402 folded before Flop (didn't bet)
Seat 3: CashfishT (button) folded before Flop (didn't bet)
Seat 4: 50CandyJoe (small blind) folded before Flop
Seat 5: ozstrike88 (big blind) folded before Flop
Seat 6: Pon4uk.ua collected ($2.50)



PokerStars Hand #254762438929:  Hold'em No Limit ($0.50/$1.00 USD) - 2025/02/08 7:52:30 WET [2025/02/08 2:52:30 ET]
Table 'Salyut' 6-max Seat #4 is the button
Seat 1: b2k-Snick ($193.72 in chips) 
Seat 2: mane1402 ($32.77 in chips) 
Seat 3: CashfishT ($186.13 in chips) 
Seat 4: 50CandyJoe ($100.54 in chips) 
Seat 5: ozstrike88 ($108.98 in chips) 
Seat 6: Pon4uk.ua ($114.42 in chips) 
ozstrike88: posts small blind $0.50
Pon4uk.ua: posts big blind $1
*** HOLE CARDS ***
b2k-Snick: folds 
mane1402: folds 
CashfishT: folds 
50CandyJoe: raises $1.50 to $2.50
ozstrike88: folds 
Pon4uk.ua: raises $8.50 to $11
50CandyJoe: folds 
Uncalled bet ($8.50) returned to Pon4uk.ua
Pon4uk.ua collected $5.50 from pot
Pon4uk.ua: doesn't show hand 
*** SUMMARY ***
Total pot $5.50 | Rake $0 
Seat 1: b2k-Snick folded before Flop (didn't bet)
Seat 2: mane1402 folded before Flop (didn't bet)
Seat 3: CashfishT folded before Flop (didn't bet)
Seat 4: 50CandyJoe (button) folded before Flop
Seat 5: ozstrike88 (small blind) folded before Flop
Seat 6: Pon4uk.ua (big blind) collected ($5.50)



PokerStars Hand #254762440587:  Hold'em No Limit ($0.50/$1.00 USD) - 2025/02/08 7:52:49 WET [2025/02/08 2:52:49 ET]
Table 'Salyut' 6-max Seat #5 is the button
Seat 1: b2k-Snick ($193.72 in chips) 
Seat 2: mane1402 ($32.77 in chips) 
Seat 3: CashfishT ($186.13 in chips) 
Seat 4: 50CandyJoe ($100 in chips) 
Seat 5: ozstrike88 ($108.48 in chips) 
Seat 6: Pon4uk.ua ($117.42 in chips) 
Pon4uk.ua: posts small blind $0.50
b2k-Snick: posts big blind $1
*** HOLE CARDS ***
mane1402: folds 
CashfishT: raises $1.20 to $2.20
50CandyJoe: folds 
ozstrike88: folds 
Pon4uk.ua: folds 
b2k-Snick: folds 
Uncalled bet ($1.20) returned to CashfishT
CashfishT collected $2.50 from pot
CashfishT: doesn't show hand 
*** SUMMARY ***
Total pot $2.50 | Rake $0 
Seat 1: b2k-Snick (big blind) folded before Flop
Seat 2: mane1402 folded before Flop (didn't bet)
Seat 3: CashfishT collected ($2.50)
Seat 4: 50CandyJoe folded before Flop (didn't bet)
Seat 5: ozstrike88 (button) folded before Flop (didn't bet)
Seat 6: Pon4uk.ua (small blind) folded before Flop



PokerStars Hand #254762441944:  Hold'em No Limit ($0.50/$1.00 USD) - 2025/02/08 7:53:05 WET [2025/02/08 2:53:05 ET]
Table 'Salyut' 6-max Seat #6 is the button
Seat 1: b2k-Snick ($192.72 in chips) 
Seat 2: mane1402 ($32.77 in chips) 
Seat 3: CashfishT ($187.63 in chips) 
Seat 4: 50CandyJoe ($100 in chips) 
Seat 5: ozstrike88 ($108.48 in chips) 
Seat 6: Pon4uk.ua ($116.92 in chips) 
b2k-Snick: posts small blind $0.50
mane1402: posts big blind $1
*** HOLE CARDS ***
CashfishT: folds 
50CandyJoe: folds 
ozstrike88: folds 
Pon4uk.ua: raises $1.50 to $2.50
b2k-Snick: folds 
mane1402: calls $1.50
*** FLOP *** [5c 4s Qh]
mane1402: checks 
Pon4uk.ua: bets $1.72
mane1402: folds 
Uncalled bet ($1.72) returned to Pon4uk.ua
Pon4uk.ua collected $5.22 from pot
Pon4uk.ua: doesn't show hand 
*** SUMMARY ***
Total pot $5.50 | Rake $0.28 
Board [5c 4s Qh]
Seat 1: b2k-Snick (small blind) folded before Flop
Seat 2: mane1402 (big blind) folded on the Flop
Seat 3: CashfishT folded before Flop (didn't bet)
Seat 4: 50CandyJoe folded before Flop (didn't bet)
Seat 5: ozstrike88 folded before Flop (didn't bet)
Seat 6: Pon4uk.ua (button) collected ($5.22)



PokerStars Hand #254762444384:  Hold'em No Limit ($0.50/$1.00 USD) - 2025/02/08 7:53:33 WET [2025/02/08 2:53:33 ET]
Table 'Salyut' 6-max Seat #1 is the button
Seat 1: b2k-Snick ($192.22 in chips) 
Seat 2: mane1402 ($30.27 in chips) 
Seat 3: CashfishT ($187.63 in chips) 
Seat 4: 50CandyJoe ($100 in chips) 
Seat 5: ozstrike88 ($108.48 in chips) 
Seat 6: Pon4uk.ua ($119.64 in chips) 
mane1402: posts small blind $0.50
CashfishT: posts big blind $1
*** HOLE CARDS ***
50CandyJoe: raises $1.20 to $2.20
ozstrike88: raises $4.90 to $7.10
Pon4uk.ua: folds 
b2k-Snick: folds 
mane1402: folds 
CashfishT: folds 
50CandyJoe: calls $4.90
*** FLOP *** [Td 4h As]
50CandyJoe: checks 
ozstrike88: checks 
*** TURN *** [Td 4h As] [Kc]
50CandyJoe: checks 
ozstrike88: checks 
*** RIVER *** [Td 4h As Kc] [2h]
50CandyJoe: bets $20.14
ozstrike88: folds 
Uncalled bet ($20.14) returned to 50CandyJoe
50CandyJoe collected $14.92 from pot
50CandyJoe: doesn't show hand 
*** SUMMARY ***
Total pot $15.70 | Rake $0.78 
Board [Td 4h As Kc 2h]
Seat 1: b2k-Snick (button) folded before Flop (didn't bet)
Seat 2: mane1402 (small blind) folded before Flop
Seat 3: CashfishT (big blind) folded before Flop
Seat 4: 50CandyJoe collected ($14.92)
Seat 5: ozstrike88 folded on the River
Seat 6: Pon4uk.ua folded before Flop (didn't bet)



PokerStars Hand #254762449365:  Hold'em No Limit ($0.50/$1.00 USD) - 2025/02/08 7:54:29 WET [2025/02/08 2:54:29 ET]
Table 'Salyut' 6-max Seat #2 is the button
Seat 1: b2k-Snick ($192.22 in chips) 
Seat 2: mane1402 ($29.77 in chips) 
Seat 3: CashfishT ($186.63 in chips) 
Seat 4: 50CandyJoe ($107.82 in chips) 
Seat 5: ozstrike88 ($101.38 in chips) 
Seat 6: Pon4uk.ua ($119.64 in chips) 
CashfishT: posts small blind $0.50
50CandyJoe: posts big blind $1
*** HOLE CARDS ***
ozstrike88: folds 
Pon4uk.ua: folds 
b2k-Snick: raises $1.50 to $2.50
mane1402: folds 
ozstrike88 leaves the table
CashfishT: folds 
50CandyJoe: folds 
Uncalled bet ($1.50) returned to b2k-Snick
b2k-Snick collected $2.50 from pot
b2k-Snick: doesn't show hand 
*** SUMMARY ***
Total pot $2.50 | Rake $0 
Seat 1: b2k-Snick collected ($2.50)
Seat 2: mane1402 (button) folded before Flop (didn't bet)
Seat 3: CashfishT (small blind) folded before Flop
Seat 4: 50CandyJoe (big blind) folded before Flop
Seat 5: ozstrike88 folded before Flop (didn't bet)
Seat 6: Pon4uk.ua folded before Flop (didn't bet)



PokerStars Hand #254762450742:  Hold'em No Limit ($0.50/$1.00 USD) - 2025/02/08 7:54:46 WET [2025/02/08 2:54:46 ET]
Table 'Salyut' 6-max Seat #3 is the button
Seat 1: b2k-Snick ($193.72 in chips) 
Seat 2: mane1402 ($29.77 in chips) 
Seat 3: CashfishT ($186.13 in chips) 
Seat 4: 50CandyJoe ($106.82 in chips) 
Seat 6: Pon4uk.ua ($119.64 in chips) 
50CandyJoe: posts small blind $0.50
Pon4uk.ua: posts big blind $1
*** HOLE CARDS ***
b2k-Snick: folds 
mane1402: raises $1 to $2
CashfishT: folds 
50CandyJoe: raises $6 to $8
Pon4uk.ua: folds 
mane1402: folds 
Uncalled bet ($6) returned to 50CandyJoe
50CandyJoe collected $5 from pot
50CandyJoe: doesn't show hand 
*** SUMMARY ***
Total pot $5 | Rake $0 
Seat 1: b2k-Snick folded before Flop (didn't bet)
Seat 2: mane1402 folded before Flop
Seat 3: CashfishT (button) folded before Flop (didn't bet)
Seat 4: 50CandyJoe (small blind) collected ($5)
Seat 6: Pon4uk.ua (big blind) folded before Flop



PokerStars Hand #254762452964:  Hold'em No Limit ($0.50/$1.00 USD) - 2025/02/08 7:55:12 WET [2025/02/08 2:55:12 ET]
Table 'Salyut' 6-max Seat #4 is the button
Seat 1: b2k-Snick ($193.72 in chips) 
Seat 2: mane1402 ($27.77 in chips) 
Seat 3: CashfishT ($186.13 in chips) 
Seat 4: 50CandyJoe ($109.82 in chips) 
Seat 6: Pon4uk.ua ($118.64 in chips) 
Pon4uk.ua: posts small blind $0.50
b2k-Snick: posts big blind $1
*** HOLE CARDS ***
mane1402: folds 
CashfishT: folds 
50CandyJoe: folds 
Pon4uk.ua: folds 
Uncalled bet ($0.50) returned to b2k-Snick
b2k-Snick collected $1 from pot
b2k-Snick: doesn't show hand 
*** SUMMARY ***
Total pot $1 | Rake $0 
Seat 1: b2k-Snick (big blind) collected ($1)
Seat 2: mane1402 folded before Flop (didn't bet)
Seat 3: CashfishT folded before Flop (didn't bet)
Seat 4: 50CandyJoe (button) folded before Flop (didn't bet)
Seat 6: Pon4uk.ua (small blind) folded before Flop



PokerStars Hand #254762454313:  Hold'em No Limit ($0.50/$1.00 USD) - 2025/02/08 7:55:30 WET [2025/02/08 2:55:30 ET]
Table 'Salyut' 6-max Seat #6 is the button
Seat 1: b2k-Snick ($194.22 in chips) 
Seat 2: mane1402 ($27.77 in chips) 
Seat 3: CashfishT ($186.13 in chips) 
Seat 4: 50CandyJoe ($109.82 in chips) 
Seat 6: Pon4uk.ua ($118.14 in chips) 
b2k-Snick: posts small blind $0.50
mane1402: posts big blind $1
*** HOLE CARDS ***
CashfishT: folds 
50CandyJoe: folds 
Pon4uk.ua: folds 
b2k-Snick: raises $2 to $3
mane1402: folds 
Uncalled bet ($2) returned to b2k-Snick
b2k-Snick collected $2 from pot
b2k-Snick: doesn't show hand 
*** SUMMARY ***
Total pot $2 | Rake $0 
Seat 1: b2k-Snick (small blind) collected ($2)
Seat 2: mane1402 (big blind) folded before Flop
Seat 3: CashfishT folded before Flop (didn't bet)
Seat 4: 50CandyJoe folded before Flop (didn't bet)
Seat 6: Pon4uk.ua (button) folded before Flop (didn't bet)



PokerStars Hand #254762455764:  Hold'em No Limit ($0.50/$1.00 USD) - 2025/02/08 7:55:49 WET [2025/02/08 2:55:49 ET]
Table 'Salyut' 6-max Seat #1 is the button
Seat 1: b2k-Snick ($195.22 in chips) 
Seat 2: mane1402 ($26.77 in chips) 
Seat 3: CashfishT ($186.13 in chips) 
Seat 4: 50CandyJoe ($109.82 in chips) 
Seat 6: Pon4uk.ua ($118.14 in chips) 
mane1402: posts small blind $0.50
CashfishT: posts big blind $1
*** HOLE CARDS ***
50CandyJoe: folds 
Pon4uk.ua: folds 
NOTfishON joins the table at seat #5 
b2k-Snick: raises $1.50 to $2.50
mane1402: raises $1.50 to $4
CashfishT: folds 
b2k-Snick: raises $191.22 to $195.22 and is all-in
mane1402: calls $22.77 and is all-in
Uncalled bet ($168.45) returned to b2k-Snick
*** FLOP *** [Qh Kd Kh]
*** TURN *** [Qh Kd Kh] [Ah]
*** RIVER *** [Qh Kd Kh Ah] [7d]
*** SHOW DOWN ***
mane1402: shows [6s 7s] (two pair, Kings and Sevens)
b2k-Snick: shows [Qd As] (two pair, Aces and Kings)
b2k-Snick collected $52.04 from pot
*** SUMMARY ***
Total pot $54.54 | Rake $2.50 
Board [Qh Kd Kh Ah 7d]
Seat 1: b2k-Snick (button) showed [Qd As] and won ($52.04) with two pair, Aces and Kings
Seat 2: mane1402 (small blind) showed [6s 7s] and lost with two pair, Kings and Sevens
Seat 3: CashfishT (big blind) folded before Flop
Seat 4: 50CandyJoe folded before Flop (didn't bet)
Seat 6: Pon4uk.ua folded before Flop (didn't bet)



PokerStars Hand #254762458533:  Hold'em No Limit ($0.50/$1.00 USD) - 2025/02/08 7:56:25 WET [2025/02/08 2:56:25 ET]
Table 'Salyut' 6-max Seat #3 is the button
Seat 2: mane1402 ($0 in chips) is sitting out
Seat 1: b2k-Snick ($220.49 in chips) 
Seat 3: CashfishT ($185.13 in chips) 
Seat 4: 50CandyJoe ($109.82 in chips) 
Seat 5: NOTfishON ($100 in chips) 
Seat 6: Pon4uk.ua ($118.14 in chips) 
50CandyJoe: posts small blind $0.50
NOTfishON: posts big blind $1
*** HOLE CARDS ***
Pon4uk.ua: folds 
b2k-Snick: folds 
CashfishT: raises $1.20 to $2.20
50CandyJoe: folds 
NOTfishON: folds 
Uncalled bet ($1.20) returned to CashfishT
CashfishT collected $2.50 from pot
CashfishT: doesn't show hand 
*** SUMMARY ***
Total pot $2.50 | Rake $0 
Seat 2: mane1402
Seat 1: b2k-Snick folded before Flop (didn't bet)
Seat 3: CashfishT (button) collected ($2.50)
Seat 4: 50CandyJoe (small blind) folded before Flop
Seat 5: NOTfishON (big blind) folded before Flop
Seat 6: Pon4uk.ua folded before Flop (didn't bet)



PokerStars Hand #254762460381:  Hold'em No Limit ($0.50/$1.00 USD) - 2025/02/08 7:56:49 WET [2025/02/08 2:56:49 ET]
Table 'Salyut' 6-max Seat #4 is the button
Seat 2: mane1402 ($0 in chips) is sitting out
Seat 1: b2k-Snick ($220.49 in chips) 
Seat 3: CashfishT ($186.63 in chips) 
Seat 4: 50CandyJoe ($109.32 in chips) 
Seat 5: NOTfishON ($100 in chips) 
Seat 6: Pon4uk.ua ($118.14 in chips) 
NOTfishON: posts small blind $0.50
Pon4uk.ua: posts big blind $1
*** HOLE CARDS ***
b2k-Snick: folds 
CashfishT: raises $1.20 to $2.20
50CandyJoe: folds 
NOTfishON: folds 
Pon4uk.ua: calls $1.20
*** FLOP *** [Qc 6d 8h]
Pon4uk.ua: checks 
CashfishT: bets $1.54
Pon4uk.ua: calls $1.54
*** TURN *** [Qc 6d 8h] [2s]
Pon4uk.ua: checks 
CashfishT: bets $5.69
Pon4uk.ua: folds 
Uncalled bet ($5.69) returned to CashfishT
CashfishT collected $7.58 from pot
CashfishT: doesn't show hand 
*** SUMMARY ***
Total pot $7.98 | Rake $0.40 
Board [Qc 6d 8h 2s]
Seat 2: mane1402
Seat 1: b2k-Snick folded before Flop (didn't bet)
Seat 3: CashfishT collected ($7.58)
Seat 4: 50CandyJoe (button) folded before Flop (didn't bet)
Seat 5: NOTfishON (small blind) folded before Flop
Seat 6: Pon4uk.ua (big blind) folded on the Turn



PokerStars Hand #254762464220:  Hold'em No Limit ($0.50/$1.00 USD) - 2025/02/08 7:57:38 WET [2025/02/08 2:57:38 ET]
Table 'Salyut' 6-max Seat #5 is the button
Seat 2: mane1402 ($0 in chips) is sitting out
Seat 1: b2k-Snick ($220.49 in chips) 
Seat 3: CashfishT ($190.47 in chips) 
Seat 4: 50CandyJoe ($109.32 in chips) 
Seat 5: NOTfishON ($100 in chips) 
Seat 6: Pon4uk.ua ($114.40 in chips) 
Pon4uk.ua: posts small blind $0.50
b2k-Snick: posts big blind $1
*** HOLE CARDS ***
CashfishT: raises $1.20 to $2.20
50CandyJoe: folds 
NOTfishON: folds 
Pon4uk.ua: folds 
b2k-Snick: folds 
Uncalled bet ($1.20) returned to CashfishT
CashfishT collected $2.50 from pot
CashfishT: doesn't show hand 
*** SUMMARY ***
Total pot $2.50 | Rake $0 
Seat 2: mane1402
Seat 1: b2k-Snick (big blind) folded before Flop
Seat 3: CashfishT collected ($2.50)
Seat 4: 50CandyJoe folded before Flop (didn't bet)
Seat 5: NOTfishON (button) folded before Flop (didn't bet)
Seat 6: Pon4uk.ua (small blind) folded before Flop



PokerStars Hand #254762465477:  Hold'em No Limit ($0.50/$1.00 USD) - 2025/02/08 7:57:55 WET [2025/02/08 2:57:55 ET]
Table 'Salyut' 6-max Seat #6 is the button
Seat 2: mane1402 ($0 in chips) is sitting out
Seat 1: b2k-Snick ($219.49 in chips) 
Seat 3: CashfishT ($191.97 in chips) 
Seat 4: 50CandyJoe ($109.32 in chips) 
Seat 5: NOTfishON ($100 in chips) 
Seat 6: Pon4uk.ua ($113.90 in chips) 
b2k-Snick: posts small blind $0.50
CashfishT: posts big blind $1
*** HOLE CARDS ***
50CandyJoe: folds 
NOTfishON: folds 
Pon4uk.ua: folds 
b2k-Snick: folds 
Uncalled bet ($0.50) returned to CashfishT
CashfishT collected $1 from pot
CashfishT: doesn't show hand 
*** SUMMARY ***
Total pot $1 | Rake $0 
Seat 2: mane1402
Seat 1: b2k-Snick (small blind) folded before Flop
Seat 3: CashfishT (big blind) collected ($1)
Seat 4: 50CandyJoe folded before Flop (didn't bet)
Seat 5: NOTfishON folded before Flop (didn't bet)
Seat 6: Pon4uk.ua (button) folded before Flop (didn't bet)



PokerStars Hand #254762466741:  Hold'em No Limit ($0.50/$1.00 USD) - 2025/02/08 7:58:11 WET [2025/02/08 2:58:11 ET]
Table 'Salyut' 6-max Seat #1 is the button
Seat 2: mane1402 ($0 in chips) is sitting out
Seat 1: b2k-Snick ($218.99 in chips) 
Seat 3: CashfishT ($192.47 in chips) 
Seat 4: 50CandyJoe ($109.32 in chips) 
Seat 5: NOTfishON ($100 in chips) 
Seat 6: Pon4uk.ua ($113.90 in chips) 
CashfishT: posts small blind $0.50
50CandyJoe: posts big blind $1
*** HOLE CARDS ***
NOTfishON: folds 
Pon4uk.ua: folds 
b2k-Snick: raises $1.50 to $2.50
CashfishT: folds 
50CandyJoe: folds 
Uncalled bet ($1.50) returned to b2k-Snick
b2k-Snick collected $2.50 from pot
b2k-Snick: doesn't show hand 
*** SUMMARY ***
Total pot $2.50 | Rake $0 
Seat 2: mane1402
Seat 1: b2k-Snick (button) collected ($2.50)
Seat 3: CashfishT (small blind) folded before Flop
Seat 4: 50CandyJoe (big blind) folded before Flop
Seat 5: NOTfishON folded before Flop (didn't bet)
Seat 6: Pon4uk.ua folded before Flop (didn't bet)



PokerStars Hand #254762467665:  Hold'em No Limit ($0.50/$1.00 USD) - 2025/02/08 7:58:23 WET [2025/02/08 2:58:23 ET]
Table 'Salyut' 6-max Seat #3 is the button
Seat 2: mane1402 ($0 in chips) is sitting out
Seat 1: b2k-Snick ($220.49 in chips) 
Seat 3: CashfishT ($191.97 in chips) 
Seat 4: 50CandyJoe ($108.32 in chips) 
Seat 5: NOTfishON ($100 in chips) 
Seat 6: Pon4uk.ua ($113.90 in chips) 
50CandyJoe: posts small blind $0.50
NOTfishON: posts big blind $1
*** HOLE CARDS ***
Pon4uk.ua: folds 
b2k-Snick: folds 
CashfishT: folds 
50CandyJoe: raises $2 to $3
NOTfishON: folds 
Uncalled bet ($2) returned to 50CandyJoe
50CandyJoe collected $2 from pot
50CandyJoe: doesn't show hand 
*** SUMMARY ***
Total pot $2 | Rake $0 
Seat 2: mane1402
Seat 1: b2k-Snick folded before Flop (didn't bet)
Seat 3: CashfishT (button) folded before Flop (didn't bet)
Seat 4: 50CandyJoe (small blind) collected ($2)
Seat 5: NOTfishON (big blind) folded before Flop
Seat 6: Pon4uk.ua folded before Flop (didn't bet)



PokerStars Hand #254762469049:  Hold'em No Limit ($0.50/$1.00 USD) - 2025/02/08 7:58:40 WET [2025/02/08 2:58:40 ET]
Table 'Salyut' 6-max Seat #4 is the button
Seat 2: mane1402 ($0 in chips) is sitting out
Seat 1: b2k-Snick ($220.49 in chips) 
Seat 3: CashfishT ($191.97 in chips) 
Seat 4: 50CandyJoe ($109.32 in chips) 
Seat 5: NOTfishON ($100 in chips) 
Seat 6: Pon4uk.ua ($113.90 in chips) 
NOTfishON: posts small blind $0.50
Pon4uk.ua: posts big blind $1
*** HOLE CARDS ***
b2k-Snick: folds 
CashfishT: folds 
50CandyJoe: raises $1.50 to $2.50
NOTfishON: folds 
Pon4uk.ua: calls $1.50
*** FLOP *** [2d 4d Ah]
Pon4uk.ua: checks 
50CandyJoe: checks 
*** TURN *** [2d 4d Ah] [Ac]
Pon4uk.ua: bets $3.92
50CandyJoe: folds 
Uncalled bet ($3.92) returned to Pon4uk.ua
Pon4uk.ua collected $5.22 from pot
Pon4uk.ua: doesn't show hand 
*** SUMMARY ***
Total pot $5.50 | Rake $0.28 
Board [2d 4d Ah Ac]
Seat 2: mane1402
Seat 1: b2k-Snick folded before Flop (didn't bet)
Seat 3: CashfishT folded before Flop (didn't bet)
Seat 4: 50CandyJoe (button) folded on the Turn
Seat 5: NOTfishON (small blind) folded before Flop
Seat 6: Pon4uk.ua (big blind) collected ($5.22)



PokerStars Hand #254762471553:  Hold'em No Limit ($0.50/$1.00 USD) - 2025/02/08 7:59:13 WET [2025/02/08 2:59:13 ET]
Table 'Salyut' 6-max Seat #5 is the button
Seat 2: mane1402 ($0 in chips) is sitting out
Seat 1: b2k-Snick ($220.49 in chips) 
Seat 3: CashfishT ($191.97 in chips) 
Seat 4: 50CandyJoe ($106.82 in chips) 
Seat 5: NOTfishON ($100 in chips) 
Seat 6: Pon4uk.ua ($116.62 in chips) 
Pon4uk.ua: posts small blind $0.50
b2k-Snick: posts big blind $1
*** HOLE CARDS ***
CashfishT: folds 
50CandyJoe: folds 
NOTfishON: folds 
Pon4uk.ua: raises $1.75 to $2.75
b2k-Snick: folds 
Uncalled bet ($1.75) returned to Pon4uk.ua
Pon4uk.ua collected $2 from pot
Pon4uk.ua: doesn't show hand 
*** SUMMARY ***
Total pot $2 | Rake $0 
Seat 2: mane1402
Seat 1: b2k-Snick (big blind) folded before Flop
Seat 3: CashfishT folded before Flop (didn't bet)
Seat 4: 50CandyJoe folded before Flop (didn't bet)
Seat 5: NOTfishON (button) folded before Flop (didn't bet)
Seat 6: Pon4uk.ua (small blind) collected ($2)



PokerStars Hand #254762475786:  Hold'em No Limit ($0.50/$1.00 USD) - 2025/02/08 8:00:08 WET [2025/02/08 3:00:08 ET]
Table 'Salyut' 6-max Seat #6 is the button
Seat 2: mane1402 ($0 in chips) is sitting out
Seat 1: b2k-Snick ($219.49 in chips) 
Seat 3: CashfishT ($191.97 in chips) 
Seat 4: 50CandyJoe ($106.82 in chips) 
Seat 5: NOTfishON ($100 in chips) 
Seat 6: Pon4uk.ua ($117.62 in chips) 
b2k-Snick: posts small blind $0.50
CashfishT: posts big blind $1
*** HOLE CARDS ***
50CandyJoe: folds 
NOTfishON: raises $1.30 to $2.30
Pon4uk.ua: folds 
b2k-Snick: folds 
CashfishT: calls $1.30
*** FLOP *** [3s Ts 4h]
CashfishT: checks 
NOTfishON: bets $1.50
CashfishT: raises $5.88 to $7.38
NOTfishON: calls $5.88
*** TURN *** [3s Ts 4h] [2c]
CashfishT: bets $18.87
NOTfishON: folds 
Uncalled bet ($18.87) returned to CashfishT
CashfishT collected $18.87 from pot
CashfishT: doesn't show hand 
*** SUMMARY ***
Total pot $19.86 | Rake $0.99 
Board [3s Ts 4h 2c]
Seat 2: mane1402
Seat 1: b2k-Snick (small blind) folded before Flop
Seat 3: CashfishT (big blind) collected ($18.87)
Seat 4: 50CandyJoe folded before Flop (didn't bet)
Seat 5: NOTfishON folded on the Turn
Seat 6: Pon4uk.ua (button) folded before Flop (didn't bet)



PokerStars Hand #254762483692:  Hold'em No Limit ($0.50/$1.00 USD) - 2025/02/08 8:01:42 WET [2025/02/08 3:01:42 ET]
Table 'Salyut' 6-max Seat #1 is the button
Seat 2: mane1402 ($0 in chips) is sitting out
Seat 6: Pon4uk.ua ($117.62 in chips) is sitting out
Seat 1: b2k-Snick ($218.99 in chips) 
Seat 3: CashfishT ($201.16 in chips) 
Seat 4: 50CandyJoe ($106.82 in chips) 
Seat 5: NOTfishON ($100 in chips) 
CashfishT: posts small blind $0.50
50CandyJoe: posts big blind $1
*** HOLE CARDS ***
NOTfishON: folds 
b2k-Snick: raises $1.50 to $2.50
CashfishT: folds 
50CandyJoe: folds 
Uncalled bet ($1.50) returned to b2k-Snick
b2k-Snick collected $2.50 from pot
b2k-Snick: doesn't show hand 
*** SUMMARY ***
Total pot $2.50 | Rake $0 
Seat 2: mane1402
Seat 6: Pon4uk.ua
Seat 1: b2k-Snick (button) collected ($2.50)
Seat 3: CashfishT (small blind) folded before Flop
Seat 4: 50CandyJoe (big blind) folded before Flop
Seat 5: NOTfishON folded before Flop (didn't bet)



PokerStars Hand #254762484729:  Hold'em No Limit ($0.50/$1.00 USD) - 2025/02/08 8:01:54 WET [2025/02/08 3:01:54 ET]
Table 'Salyut' 6-max Seat #3 is the button
Seat 2: mane1402 ($0 in chips) is sitting out
Seat 6: Pon4uk.ua ($117.62 in chips) is sitting out
Seat 1: b2k-Snick ($220.49 in chips) 
Seat 3: CashfishT ($200.66 in chips) 
Seat 4: 50CandyJoe ($105.82 in chips) 
Seat 5: NOTfishON ($100 in chips) 
50CandyJoe: posts small blind $0.50
NOTfishON: posts big blind $1
*** HOLE CARDS ***
b2k-Snick: folds 
CashfishT: raises $1.20 to $2.20
50CandyJoe: folds 
NOTfishON: raises $9.80 to $12
CashfishT: calls $9.80
*** FLOP *** [2d As Qh]
NOTfishON: bets $7.29
CashfishT: folds 
Uncalled bet ($7.29) returned to NOTfishON
NOTfishON collected $23.50 from pot
*** SUMMARY ***
Total pot $24.50 | Rake $1 
Board [2d As Qh]
Seat 2: mane1402
Seat 6: Pon4uk.ua
Seat 1: b2k-Snick folded before Flop (didn't bet)
Seat 3: CashfishT (button) folded on the Flop
Seat 4: 50CandyJoe (small blind) folded before Flop
Seat 5: NOTfishON (big blind) collected ($23.50)



PokerStars Hand #254762488606:  Hold'em No Limit ($0.50/$1.00 USD) - 2025/02/08 8:02:38 WET [2025/02/08 3:02:38 ET]
Table 'Salyut' 6-max Seat #4 is the button
Seat 2: mane1402 ($0 in chips) is sitting out
Seat 6: Pon4uk.ua ($117.62 in chips) is sitting out
Seat 1: b2k-Snick ($220.49 in chips) 
Seat 3: CashfishT ($188.66 in chips) 
Seat 4: 50CandyJoe ($105.32 in chips) 
Seat 5: NOTfishON ($111.50 in chips) 
NOTfishON: posts small blind $0.50
b2k-Snick: posts big blind $1
*** HOLE CARDS ***
CashfishT: raises $1.20 to $2.20
50CandyJoe: folds 
NOTfishON: folds 
b2k-Snick: folds 
Uncalled bet ($1.20) returned to CashfishT
CashfishT collected $2.50 from pot
CashfishT: doesn't show hand 
*** SUMMARY ***
Total pot $2.50 | Rake $0 
Seat 2: mane1402
Seat 6: Pon4uk.ua
Seat 1: b2k-Snick (big blind) folded before Flop
Seat 3: CashfishT collected ($2.50)
Seat 4: 50CandyJoe (button) folded before Flop (didn't bet)
Seat 5: NOTfishON (small blind) folded before Flop



PokerStars Hand #254762492112:  Hold'em No Limit ($0.50/$1.00 USD) - 2025/02/08 8:03:18 WET [2025/02/08 3:03:18 ET]
Table 'Salyut' 6-max Seat #5 is the button
Seat 2: mane1402 ($0 in chips) is sitting out
Seat 6: Pon4uk.ua ($117.62 in chips) is sitting out
Seat 1: b2k-Snick ($219.49 in chips) 
Seat 3: CashfishT ($190.16 in chips) 
Seat 4: 50CandyJoe ($105.32 in chips) 
Seat 5: NOTfishON ($111 in chips) 
b2k-Snick: posts small blind $0.50
CashfishT: posts big blind $1
*** HOLE CARDS ***
50CandyJoe: folds 
NOTfishON: raises $1.50 to $2.50
b2k-Snick: folds 
mane1402 is disconnected 
CashfishT: folds 
Uncalled bet ($1.50) returned to NOTfishON
NOTfishON collected $2.50 from pot
*** SUMMARY ***
Total pot $2.50 | Rake $0 
Seat 2: mane1402
Seat 6: Pon4uk.ua
Seat 1: b2k-Snick (small blind) folded before Flop
Seat 3: CashfishT (big blind) folded before Flop
Seat 4: 50CandyJoe folded before Flop (didn't bet)
Seat 5: NOTfishON (button) collected ($2.50)



PokerStars Hand #254762495734:  Hold'em No Limit ($0.50/$1.00 USD) - 2025/02/08 8:03:59 WET [2025/02/08 3:03:59 ET]
Table 'Salyut' 6-max Seat #1 is the button
Seat 2: mane1402 ($0 in chips) is sitting out
Seat 6: Pon4uk.ua ($117.62 in chips) is sitting out
Seat 1: b2k-Snick ($218.99 in chips) 
Seat 3: CashfishT ($189.16 in chips) 
Seat 4: 50CandyJoe ($105.32 in chips) 
Seat 5: NOTfishON ($112.50 in chips) 
CashfishT: posts small blind $0.50
50CandyJoe: posts big blind $1
Pon4uk.ua: sits out 
*** HOLE CARDS ***
NOTfishON: folds 
b2k-Snick: folds 
CashfishT: raises $2 to $3
50CandyJoe: folds 
Uncalled bet ($2) returned to CashfishT
CashfishT collected $2 from pot
CashfishT: doesn't show hand 
*** SUMMARY ***
Total pot $2 | Rake $0 
Seat 2: mane1402
Seat 6: Pon4uk.ua
Seat 1: b2k-Snick (button) folded before Flop (didn't bet)
Seat 3: CashfishT (small blind) collected ($2)
Seat 4: 50CandyJoe (big blind) folded before Flop
Seat 5: NOTfishON folded before Flop (didn't bet)



PokerStars Hand #254762497164:  Hold'em No Limit ($0.50/$1.00 USD) - 2025/02/08 8:04:15 WET [2025/02/08 3:04:15 ET]
Table 'Salyut' 6-max Seat #3 is the button
Seat 2: mane1402 ($0 in chips) is sitting out
Seat 6: Pon4uk.ua ($117.62 in chips) is sitting out
Seat 1: b2k-Snick ($218.99 in chips) 
Seat 3: CashfishT ($190.16 in chips) 
Seat 4: 50CandyJoe ($104.32 in chips) 
Seat 5: NOTfishON ($112.50 in chips) 
50CandyJoe: posts small blind $0.50
NOTfishON: posts big blind $1
Pon4uk.ua: sits out 
*** HOLE CARDS ***
b2k-Snick: folds 
CashfishT: folds 
50CandyJoe: raises $2 to $3
NOTfishON: raises $6 to $9
50CandyJoe: raises $14.50 to $23.50
NOTfishON: calls $14.50
*** FLOP *** [Ts 6s 3d]
50CandyJoe: bets $80.82 and is all-in
NOTfishON: calls $80.82
*** FIRST TURN *** [Ts 6s 3d] [3c]
*** FIRST RIVER *** [Ts 6s 3d 3c] [5s]
*** SECOND TURN *** [Ts 6s 3d] [6d]
*** SECOND RIVER *** [Ts 6s 3d 6d] [Kh]
*** FIRST SHOW DOWN ***
50CandyJoe: shows [Ks Th] (two pair, Tens and Threes)
NOTfishON: shows [Ad Ah] (two pair, Aces and Threes)
NOTfishON collected $103.82 from pot
*** SECOND SHOW DOWN ***
50CandyJoe: shows [Ks Th] (two pair, Kings and Tens)
NOTfishON: shows [Ad Ah] (two pair, Aces and Sixes)
NOTfishON collected $103.82 from pot
*** SUMMARY ***
Total pot $208.64 | Rake $1 
Hand was run twice
FIRST Board [Ts 6s 3d 3c 5s]
SECOND Board [Ts 6s 3d 6d Kh]
Seat 2: mane1402
Seat 6: Pon4uk.ua
Seat 1: b2k-Snick folded before Flop (didn't bet)
Seat 3: CashfishT (button) folded before Flop (didn't bet)
Seat 4: 50CandyJoe (small blind) showed [Ks Th] and lost with two pair, Tens and Threes, and lost with two pair, Kings and Tens
Seat 5: NOTfishON (big blind) showed [Ad Ah] and won ($103.82) with two pair, Aces and Threes, and won ($103.82) with two pair, Aces and Sixes



PokerStars Hand #254762503828:  Hold'em No Limit ($0.50/$1.00 USD) - 2025/02/08 8:05:32 WET [2025/02/08 3:05:32 ET]
Table 'Salyut' 6-max Seat #4 is the button
Seat 2: mane1402 ($0 in chips) is sitting out
Seat 1: b2k-Snick ($218.99 in chips) 
Seat 3: CashfishT ($190.16 in chips) 
Seat 4: 50CandyJoe ($100 in chips) 
Seat 5: NOTfishON ($215.82 in chips) 
Seat 6: Pon4uk.ua ($117.62 in chips) 
NOTfishON: posts small blind $0.50
Pon4uk.ua: posts big blind $1
*** HOLE CARDS ***
b2k-Snick: folds 
CashfishT: folds 
50CandyJoe: folds 
b2k-Snick leaves the table
NOTfishON: folds 
Uncalled bet ($0.50) returned to Pon4uk.ua
Pon4uk.ua collected $1 from pot
Pon4uk.ua: doesn't show hand 
*** SUMMARY ***
Total pot $1 | Rake $0 
Seat 2: mane1402
Seat 1: b2k-Snick folded before Flop (didn't bet)
Seat 3: CashfishT folded before Flop (didn't bet)
Seat 4: 50CandyJoe (button) folded before Flop (didn't bet)
Seat 5: NOTfishON (small blind) folded before Flop
Seat 6: Pon4uk.ua (big blind) collected ($1)



PokerStars Hand #254762505908:  Hold'em No Limit ($0.50/$1.00 USD) - 2025/02/08 8:05:56 WET [2025/02/08 3:05:56 ET]
Table 'Salyut' 6-max Seat #5 is the button
Seat 2: mane1402 ($0 in chips) is sitting out
Seat 3: CashfishT ($190.16 in chips) 
Seat 4: 50CandyJoe ($100 in chips) 
Seat 5: NOTfishON ($215.32 in chips) 
Seat 6: Pon4uk.ua ($118.12 in chips) 
Pon4uk.ua: posts small blind $0.50
CashfishT: posts big blind $1
*** HOLE CARDS ***
50CandyJoe: folds 
NOTfishON: folds 
Pon4uk.ua: folds 
Uncalled bet ($0.50) returned to CashfishT
CashfishT collected $1 from pot
mane1402 leaves the table
CashfishT: doesn't show hand 
*** SUMMARY ***
Total pot $1 | Rake $0 
Seat 2: mane1402
Seat 3: CashfishT (big blind) collected ($1)
Seat 4: 50CandyJoe folded before Flop (didn't bet)
Seat 5: NOTfishON (button) folded before Flop (didn't bet)
Seat 6: Pon4uk.ua (small blind) folded before Flop



PokerStars Hand #254762507267:  Hold'em No Limit ($0.50/$1.00 USD) - 2025/02/08 8:06:11 WET [2025/02/08 3:06:11 ET]
Table 'Salyut' 6-max Seat #6 is the button
Seat 3: CashfishT ($190.66 in chips) 
Seat 4: 50CandyJoe ($100 in chips) 
Seat 5: NOTfishON ($215.32 in chips) 
Seat 6: Pon4uk.ua ($117.62 in chips) 
CashfishT: posts small blind $0.50
50CandyJoe: posts big blind $1
*** HOLE CARDS ***
NOTfishON: raises $1.30 to $2.30
Pon4uk.ua: folds 
CashfishT: raises $8.70 to $11
50CandyJoe: folds 
NOTfishON: folds 
Uncalled bet ($8.70) returned to CashfishT
CashfishT collected $5.60 from pot
CashfishT: doesn't show hand 
*** SUMMARY ***
Total pot $5.60 | Rake $0 
Seat 3: CashfishT (small blind) collected ($5.60)
Seat 4: 50CandyJoe (big blind) folded before Flop
Seat 5: NOTfishON folded before Flop
Seat 6: Pon4uk.ua (button) folded before Flop (didn't bet)



