PokerStars Hand #254762682093:  Hold'em No Limit ($0.50/$1.00 USD) - 2025/02/08 8:37:58 WET [2025/02/08 3:37:58 ET]
Table 'Scheherezade' 6-max Seat #6 is the button
Seat 3: doselka ($100 in chips) is sitting out
Seat 4: 7bekon7 ($100 in chips) is sitting out
Seat 1: rao999 ($100 in chips) 
Seat 2: $triker_BLR ($100 in chips) 
Seat 5: NOTfishON ($100 in chips) 
Seat 6: themilkman#147 ($144.31 in chips) 
rao999: posts small blind $0.50
$triker_BLR: posts big blind $1
doselka: sits out 
7bekon7: sits out 
*** HOLE CARDS ***
NOTfishON: folds 
themilkman#147: folds 
NOTfishON leaves the table
7bekon7 leaves the table
rao999: folds 
Uncalled bet ($0.50) returned to $triker_BLR
$triker_BLR collected $1 from pot
$triker_BLR: doesn't show hand 
*** SUMMARY ***
Total pot $1 | Rake $0 
Seat 3: doselka
Seat 4: 7bekon7
Seat 1: rao999 (small blind) folded before Flop
Seat 2: $triker_BLR (big blind) collected ($1)
Seat 5: NOTfishON folded before Flop (didn't bet)
Seat 6: themilkman#147 (button) folded before Flop (didn't bet)



PokerStars Hand #254762683781:  Hold'em No Limit ($0.50/$1.00 USD) - 2025/02/08 8:38:15 WET [2025/02/08 3:38:15 ET]
Table 'Scheherezade' 6-max Seat #1 is the button
Seat 1: rao999 ($100 in chips) 
Seat 2: $triker_BLR ($100.50 in chips) 
Seat 3: doselka ($100 in chips) 
Seat 6: themilkman#147 ($144.31 in chips) 
$triker_BLR: posts small blind $0.50
doselka: posts big blind $1
*** HOLE CARDS ***
themilkman#147: folds 
rao999: folds 
$triker_BLR: raises $2 to $3
sutata joins the table at seat #5 
doselka: raises $6 to $9
$triker_BLR: calls $6
*** FLOP *** [Jd 8d 6c]
$triker_BLR: checks 
Y_19 joins the table at seat #4 
doselka: bets $8.55
$triker_BLR: raises $15.95 to $24.50
doselka: raises $66.50 to $91 and is all-in
$triker_BLR: folds 
Uncalled bet ($66.50) returned to doselka
doselka collected $66 from pot
doselka: doesn't show hand 
*** SUMMARY ***
Total pot $67 | Rake $1 
Board [Jd 8d 6c]
Seat 1: rao999 (button) folded before Flop (didn't bet)
Seat 2: $triker_BLR (small blind) folded on the Flop
Seat 3: doselka (big blind) collected ($66)
Seat 6: themilkman#147 folded before Flop (didn't bet)



PokerStars Hand #254762693364:  Hold'em No Limit ($0.50/$1.00 USD) - 2025/02/08 8:39:55 WET [2025/02/08 3:39:55 ET]
Table 'Scheherezade' 6-max Seat #2 is the button
Seat 5: sutata ($100 in chips) is sitting out
Seat 1: rao999 ($100 in chips) 
Seat 2: $triker_BLR ($100 in chips) 
Seat 3: doselka ($132.50 in chips) 
Seat 4: Y_19 ($100 in chips) 
Seat 6: themilkman#147 ($144.31 in chips) 
doselka: posts small blind $0.50
Y_19: posts big blind $1
sutata: sits out 
*** HOLE CARDS ***
themilkman#147: folds 
rao999: raises $1.50 to $2.50
$triker_BLR: folds 
doselka: folds 
Y_19: folds 
Uncalled bet ($1.50) returned to rao999
rao999 collected $2.50 from pot
rao999: doesn't show hand 
*** SUMMARY ***
Total pot $2.50 | Rake $0 
Seat 5: sutata
Seat 1: rao999 collected ($2.50)
Seat 2: $triker_BLR (button) folded before Flop (didn't bet)
Seat 3: doselka (small blind) folded before Flop
Seat 4: Y_19 (big blind) folded before Flop
Seat 6: themilkman#147 folded before Flop (didn't bet)



PokerStars Hand #254762695799:  Hold'em No Limit ($0.50/$1.00 USD) - 2025/02/08 8:40:19 WET [2025/02/08 3:40:19 ET]
Table 'Scheherezade' 6-max Seat #3 is the button
Seat 1: rao999 ($101.50 in chips) 
Seat 2: $triker_BLR ($100 in chips) 
Seat 3: doselka ($132 in chips) 
Seat 4: Y_19 ($100 in chips) 
Seat 5: sutata ($100 in chips) 
Seat 6: themilkman#147 ($144.31 in chips) 
Y_19: posts small blind $0.50
sutata: posts big blind $1
*** HOLE CARDS ***
themilkman#147: raises $2 to $3
rao999: folds 
$triker_BLR: raises $7 to $10
doselka: folds 
Y_19: folds 
sutata: folds 
themilkman#147: calls $7
*** FLOP *** [8c 4s 3h]
themilkman#147: checks 
$triker_BLR: bets $10.21
themilkman#147: folds 
Uncalled bet ($10.21) returned to $triker_BLR
$triker_BLR collected $20.42 from pot
$triker_BLR: doesn't show hand 
*** SUMMARY ***
Total pot $21.50 | Rake $1.08 
Board [8c 4s 3h]
Seat 1: rao999 folded before Flop (didn't bet)
Seat 2: $triker_BLR collected ($20.42)
Seat 3: doselka (button) folded before Flop (didn't bet)
Seat 4: Y_19 (small blind) folded before Flop
Seat 5: sutata (big blind) folded before Flop
Seat 6: themilkman#147 folded on the Flop



PokerStars Hand #254762700031:  Hold'em No Limit ($0.50/$1.00 USD) - 2025/02/08 8:41:03 WET [2025/02/08 3:41:03 ET]
Table 'Scheherezade' 6-max Seat #4 is the button
Seat 1: rao999 ($101.50 in chips) 
Seat 2: $triker_BLR ($110.42 in chips) 
Seat 3: doselka ($132 in chips) 
Seat 4: Y_19 ($100 in chips) 
Seat 5: sutata ($100 in chips) 
Seat 6: themilkman#147 ($134.31 in chips) 
sutata: posts small blind $0.50
themilkman#147: posts big blind $1
*** HOLE CARDS ***
rao999: folds 
$triker_BLR: folds 
doselka: folds 
Y_19: folds 
rao999 leaves the table
sutata: raises $2 to $3
themilkman#147: folds 
Uncalled bet ($2) returned to sutata
sutata collected $2 from pot
sutata: doesn't show hand 
*** SUMMARY ***
Total pot $2 | Rake $0 
Seat 1: rao999 folded before Flop (didn't bet)
Seat 2: $triker_BLR folded before Flop (didn't bet)
Seat 3: doselka folded before Flop (didn't bet)
Seat 4: Y_19 (button) folded before Flop (didn't bet)
Seat 5: sutata (small blind) collected ($2)
Seat 6: themilkman#147 (big blind) folded before Flop



PokerStars Hand #254762701523:  Hold'em No Limit ($0.50/$1.00 USD) - 2025/02/08 8:41:18 WET [2025/02/08 3:41:18 ET]
Table 'Scheherezade' 6-max Seat #5 is the button
Seat 2: $triker_BLR ($110.42 in chips) 
Seat 3: doselka ($132 in chips) 
Seat 4: Y_19 ($100 in chips) 
Seat 5: sutata ($101 in chips) 
Seat 6: themilkman#147 ($133.31 in chips) 
themilkman#147: posts small blind $0.50
$triker_BLR: posts big blind $1
*** HOLE CARDS ***
doselka: raises $1.50 to $2.50
Y_19: raises $5 to $7.50
sutata: raises $11.80 to $19.30
themilkman#147: folds 
Pon4uk.ua joins the table at seat #1 
$triker_BLR: folds 
doselka: folds 
Y_19: calls $11.80
*** FLOP *** [Qh Ah 9c]
Y_19: checks 
sutata: checks 
*** TURN *** [Qh Ah 9c] [Kd]
Y_19: checks 
sutata: bets $13.49
Y_19: folds 
Uncalled bet ($13.49) returned to sutata
sutata collected $40.47 from pot
sutata: doesn't show hand 
*** SUMMARY ***
Total pot $42.60 | Rake $2.13 
Board [Qh Ah 9c Kd]
Seat 2: $triker_BLR (big blind) folded before Flop
Seat 3: doselka folded before Flop
Seat 4: Y_19 folded on the Turn
Seat 5: sutata (button) collected ($40.47)
Seat 6: themilkman#147 (small blind) folded before Flop



PokerStars Hand #254762709209:  Hold'em No Limit ($0.50/$1.00 USD) - 2025/02/08 8:42:39 WET [2025/02/08 3:42:39 ET]
Table 'Scheherezade' 6-max Seat #6 is the button
Seat 1: Pon4uk.ua ($100 in chips) is sitting out
Seat 2: $triker_BLR ($109.42 in chips) 
Seat 3: doselka ($129.50 in chips) 
Seat 4: Y_19 ($100 in chips) 
Seat 5: sutata ($122.17 in chips) 
Seat 6: themilkman#147 ($132.81 in chips) 
$triker_BLR: posts small blind $0.50
doselka: posts big blind $1
*** HOLE CARDS ***
Y_19: raises $1.23 to $2.23
sutata: folds 
themilkman#147: raises $5.96 to $8.19
$triker_BLR: folds 
doselka: folds 
Y_19: folds 
Uncalled bet ($5.96) returned to themilkman#147
themilkman#147 collected $5.96 from pot
*** SUMMARY ***
Total pot $5.96 | Rake $0 
Seat 1: Pon4uk.ua
Seat 2: $triker_BLR (small blind) folded before Flop
Seat 3: doselka (big blind) folded before Flop
Seat 4: Y_19 folded before Flop
Seat 5: sutata folded before Flop (didn't bet)
Seat 6: themilkman#147 (button) collected ($5.96)



PokerStars Hand #254762711383:  Hold'em No Limit ($0.50/$1.00 USD) - 2025/02/08 8:43:02 WET [2025/02/08 3:43:02 ET]
Table 'Scheherezade' 6-max Seat #2 is the button
Seat 1: Pon4uk.ua ($100 in chips) is sitting out
Seat 2: $triker_BLR ($108.92 in chips) 
Seat 3: doselka ($128.50 in chips) 
Seat 4: Y_19 ($100 in chips) 
Seat 5: sutata ($122.17 in chips) 
Seat 6: themilkman#147 ($136.54 in chips) 
doselka: posts small blind $0.50
Y_19: posts big blind $1
Pon4uk.ua: sits out 
*** HOLE CARDS ***
sutata: folds 
themilkman#147: calls $1
$triker_BLR: folds 
doselka: raises $3 to $4
Y_19: folds 
themilkman#147: calls $3
*** FLOP *** [6c 4d 3c]
doselka: bets $2.82
themilkman#147: calls $2.82
*** TURN *** [6c 4d 3c] [2h]
doselka: bets $14
themilkman#147: folds 
Uncalled bet ($14) returned to doselka
doselka collected $13.91 from pot
doselka: doesn't show hand 
*** SUMMARY ***
Total pot $14.64 | Rake $0.73 
Board [6c 4d 3c 2h]
Seat 1: Pon4uk.ua
Seat 2: $triker_BLR (button) folded before Flop (didn't bet)
Seat 3: doselka (small blind) collected ($13.91)
Seat 4: Y_19 (big blind) folded before Flop
Seat 5: sutata folded before Flop (didn't bet)
Seat 6: themilkman#147 folded on the Turn



PokerStars Hand #254762715601:  Hold'em No Limit ($0.50/$1.00 USD) - 2025/02/08 8:43:45 WET [2025/02/08 3:43:45 ET]
Table 'Scheherezade' 6-max Seat #3 is the button
Seat 1: Pon4uk.ua ($100 in chips) is sitting out
Seat 2: $triker_BLR ($108.92 in chips) 
Seat 3: doselka ($135.59 in chips) 
Seat 4: Y_19 ($100 in chips) 
Seat 5: sutata ($122.17 in chips) 
Seat 6: themilkman#147 ($129.72 in chips) 
Y_19: posts small blind $0.50
sutata: posts big blind $1
Pon4uk.ua: sits out 
*** HOLE CARDS ***
themilkman#147: raises $2 to $3
$triker_BLR: folds 
doselka: folds 
Y_19: folds 
sutata: calls $2
*** FLOP *** [8h 5d Tc]
sutata: checks 
themilkman#147: bets $6.18
sutata: folds 
Uncalled bet ($6.18) returned to themilkman#147
themilkman#147 collected $6.18 from pot
*** SUMMARY ***
Total pot $6.50 | Rake $0.32 
Board [8h 5d Tc]
Seat 1: Pon4uk.ua
Seat 2: $triker_BLR folded before Flop (didn't bet)
Seat 3: doselka (button) folded before Flop (didn't bet)
Seat 4: Y_19 (small blind) folded before Flop
Seat 5: sutata (big blind) folded on the Flop
Seat 6: themilkman#147 collected ($6.18)



PokerStars Hand #254762718793:  Hold'em No Limit ($0.50/$1.00 USD) - 2025/02/08 8:44:18 WET [2025/02/08 3:44:18 ET]
Table 'Scheherezade' 6-max Seat #4 is the button
Seat 1: Pon4uk.ua ($100 in chips) is sitting out
Seat 2: $triker_BLR ($108.92 in chips) 
Seat 3: doselka ($135.59 in chips) 
Seat 4: Y_19 ($100 in chips) 
Seat 5: sutata ($119.17 in chips) 
Seat 6: themilkman#147 ($132.90 in chips) 
sutata: posts small blind $0.50
themilkman#147: posts big blind $1
Pon4uk.ua: sits out 
*** HOLE CARDS ***
$triker_BLR: folds 
doselka: folds 
Y_19: folds 
sutata: folds 
Uncalled bet ($0.50) returned to themilkman#147
themilkman#147 collected $1 from pot
*** SUMMARY ***
Total pot $1 | Rake $0 
Seat 1: Pon4uk.ua
Seat 2: $triker_BLR folded before Flop (didn't bet)
Seat 3: doselka folded before Flop (didn't bet)
Seat 4: Y_19 (button) folded before Flop (didn't bet)
Seat 5: sutata (small blind) folded before Flop
Seat 6: themilkman#147 (big blind) collected ($1)



PokerStars Hand #254762719586:  Hold'em No Limit ($0.50/$1.00 USD) - 2025/02/08 8:44:26 WET [2025/02/08 3:44:26 ET]
Table 'Scheherezade' 6-max Seat #5 is the button
Seat 1: Pon4uk.ua ($100 in chips) 
Seat 2: $triker_BLR ($108.92 in chips) 
Seat 3: doselka ($135.59 in chips) 
Seat 4: Y_19 ($100 in chips) 
Seat 5: sutata ($118.67 in chips) 
Seat 6: themilkman#147 ($133.40 in chips) 
themilkman#147: posts small blind $0.50
Pon4uk.ua: posts big blind $1
*** HOLE CARDS ***
$triker_BLR: folds 
doselka: folds 
Y_19: folds 
sutata: folds 
themilkman#147: raises $1 to $2
Pon4uk.ua: calls $1
*** FLOP *** [Ks 8c 7s]
themilkman#147: bets $2
Pon4uk.ua: calls $2
*** TURN *** [Ks 8c 7s] [Ad]
themilkman#147: checks 
Pon4uk.ua: checks 
*** RIVER *** [Ks 8c 7s Ad] [4h]
themilkman#147: checks 
Pon4uk.ua: checks 
*** SHOW DOWN ***
themilkman#147: shows [9c Qs] (high card Ace)
Pon4uk.ua: shows [Kd 9s] (a pair of Kings)
Pon4uk.ua collected $7.60 from pot
*** SUMMARY ***
Total pot $8 | Rake $0.40 
Board [Ks 8c 7s Ad 4h]
Seat 1: Pon4uk.ua (big blind) showed [Kd 9s] and won ($7.60) with a pair of Kings
Seat 2: $triker_BLR folded before Flop (didn't bet)
Seat 3: doselka folded before Flop (didn't bet)
Seat 4: Y_19 folded before Flop (didn't bet)
Seat 5: sutata (button) folded before Flop (didn't bet)
Seat 6: themilkman#147 (small blind) showed [9c Qs] and lost with high card Ace



PokerStars Hand #254762725319:  Hold'em No Limit ($0.50/$1.00 USD) - 2025/02/08 8:45:25 WET [2025/02/08 3:45:25 ET]
Table 'Scheherezade' 6-max Seat #6 is the button
Seat 1: Pon4uk.ua ($103.60 in chips) 
Seat 2: $triker_BLR ($108.92 in chips) 
Seat 3: doselka ($135.59 in chips) 
Seat 4: Y_19 ($100 in chips) 
Seat 5: sutata ($118.67 in chips) 
Seat 6: themilkman#147 ($129.40 in chips) 
Pon4uk.ua: posts small blind $0.50
$triker_BLR: posts big blind $1
*** HOLE CARDS ***
doselka: folds 
Y_19: folds 
sutata: folds 
themilkman#147: folds 
Pon4uk.ua: folds 
Uncalled bet ($0.50) returned to $triker_BLR
$triker_BLR collected $1 from pot
$triker_BLR: doesn't show hand 
*** SUMMARY ***
Total pot $1 | Rake $0 
Seat 1: Pon4uk.ua (small blind) folded before Flop
Seat 2: $triker_BLR (big blind) collected ($1)
Seat 3: doselka folded before Flop (didn't bet)
Seat 4: Y_19 folded before Flop (didn't bet)
Seat 5: sutata folded before Flop (didn't bet)
Seat 6: themilkman#147 (button) folded before Flop (didn't bet)



PokerStars Hand #254762727745:  Hold'em No Limit ($0.50/$1.00 USD) - 2025/02/08 8:45:50 WET [2025/02/08 3:45:50 ET]
Table 'Scheherezade' 6-max Seat #1 is the button
Seat 1: Pon4uk.ua ($103.10 in chips) 
Seat 2: $triker_BLR ($109.42 in chips) 
Seat 3: doselka ($135.59 in chips) 
Seat 4: Y_19 ($100 in chips) 
Seat 5: sutata ($118.67 in chips) 
Seat 6: themilkman#147 ($129.40 in chips) 
$triker_BLR: posts small blind $0.50
doselka: posts big blind $1
*** HOLE CARDS ***
Y_19: folds 
sutata: folds 
themilkman#147: folds 
Pon4uk.ua: folds 
$triker_BLR: folds 
Uncalled bet ($0.50) returned to doselka
doselka collected $1 from pot
doselka: doesn't show hand 
*** SUMMARY ***
Total pot $1 | Rake $0 
Seat 1: Pon4uk.ua (button) folded before Flop (didn't bet)
Seat 2: $triker_BLR (small blind) folded before Flop
Seat 3: doselka (big blind) collected ($1)
Seat 4: Y_19 folded before Flop (didn't bet)
Seat 5: sutata folded before Flop (didn't bet)
Seat 6: themilkman#147 folded before Flop (didn't bet)



PokerStars Hand #254762728956:  Hold'em No Limit ($0.50/$1.00 USD) - 2025/02/08 8:46:02 WET [2025/02/08 3:46:02 ET]
Table 'Scheherezade' 6-max Seat #2 is the button
Seat 1: Pon4uk.ua ($103.10 in chips) 
Seat 2: $triker_BLR ($108.92 in chips) 
Seat 3: doselka ($136.09 in chips) 
Seat 4: Y_19 ($100 in chips) 
Seat 5: sutata ($118.67 in chips) 
Seat 6: themilkman#147 ($129.40 in chips) 
doselka: posts small blind $0.50
Y_19: posts big blind $1
*** HOLE CARDS ***
sutata: folds 
themilkman#147: folds 
Pon4uk.ua: folds 
$triker_BLR: folds 
doselka: folds 
Uncalled bet ($0.50) returned to Y_19
Y_19 collected $1 from pot
Y_19: doesn't show hand 
*** SUMMARY ***
Total pot $1 | Rake $0 
Seat 1: Pon4uk.ua folded before Flop (didn't bet)
Seat 2: $triker_BLR (button) folded before Flop (didn't bet)
Seat 3: doselka (small blind) folded before Flop
Seat 4: Y_19 (big blind) collected ($1)
Seat 5: sutata folded before Flop (didn't bet)
Seat 6: themilkman#147 folded before Flop (didn't bet)



PokerStars Hand #254762729948:  Hold'em No Limit ($0.50/$1.00 USD) - 2025/02/08 8:46:13 WET [2025/02/08 3:46:13 ET]
Table 'Scheherezade' 6-max Seat #3 is the button
Seat 1: Pon4uk.ua ($103.10 in chips) 
Seat 2: $triker_BLR ($108.92 in chips) 
Seat 3: doselka ($135.59 in chips) 
Seat 4: Y_19 ($100.50 in chips) 
Seat 5: sutata ($118.67 in chips) 
Seat 6: themilkman#147 ($129.40 in chips) 
Y_19: posts small blind $0.50
sutata: posts big blind $1
*** HOLE CARDS ***
themilkman#147: folds 
Pon4uk.ua: folds 
$triker_BLR: folds 
themilkman#147 leaves the table
doselka: folds 
Y_19: raises $2 to $3
sutata: folds 
Uncalled bet ($2) returned to Y_19
Y_19 collected $2 from pot
Y_19: doesn't show hand 
*** SUMMARY ***
Total pot $2 | Rake $0 
Seat 1: Pon4uk.ua folded before Flop (didn't bet)
Seat 2: $triker_BLR folded before Flop (didn't bet)
Seat 3: doselka (button) folded before Flop (didn't bet)
Seat 4: Y_19 (small blind) collected ($2)
Seat 5: sutata (big blind) folded before Flop
Seat 6: themilkman#147 folded before Flop (didn't bet)



PokerStars Hand #254762732173:  Hold'em No Limit ($0.50/$1.00 USD) - 2025/02/08 8:46:35 WET [2025/02/08 3:46:35 ET]
Table 'Scheherezade' 6-max Seat #4 is the button
Seat 1: Pon4uk.ua ($103.10 in chips) 
Seat 2: $triker_BLR ($108.92 in chips) 
Seat 3: doselka ($135.59 in chips) 
Seat 4: Y_19 ($101.50 in chips) 
Seat 5: sutata ($117.67 in chips) 
sutata: posts small blind $0.50
Pon4uk.ua: posts big blind $1
*** HOLE CARDS ***
$triker_BLR: folds 
doselka: folds 
Y_19: folds 
sutata: raises $2 to $3
Pon4uk.ua: calls $2
*** FLOP *** [Td Kc 6c]
sutata: bets $2.85
Pon4uk.ua: calls $2.85
*** TURN *** [Td Kc 6c] [3c]
sutata: bets $9
Pon4uk.ua: folds 
Uncalled bet ($9) returned to sutata
sutata collected $11.12 from pot
sutata: doesn't show hand 
*** SUMMARY ***
Total pot $11.70 | Rake $0.58 
Board [Td Kc 6c 3c]
Seat 1: Pon4uk.ua (big blind) folded on the Turn
Seat 2: $triker_BLR folded before Flop (didn't bet)
Seat 3: doselka folded before Flop (didn't bet)
Seat 4: Y_19 (button) folded before Flop (didn't bet)
Seat 5: sutata (small blind) collected ($11.12)



PokerStars Hand #254763018480:  Hold'em No Limit ($0.50/$1.00 USD) - 2025/02/08 9:34:57 WET [2025/02/08 4:34:57 ET]
Table 'Scheherezade' 6-max Seat #4 is the button
Seat 4: bartvist ($29.81 in chips) 
Seat 5: 50CandyJoe ($100 in chips) 
Seat 6: EBoshered ($101.61 in chips) 
50CandyJoe: posts small blind $0.50
EBoshered: posts big blind $1
*** HOLE CARDS ***
bartvist: folds 
50CandyJoe: raises $2 to $3
EBoshered: folds 
Uncalled bet ($2) returned to 50CandyJoe
50CandyJoe collected $2 from pot
50CandyJoe: doesn't show hand 
*** SUMMARY ***
Total pot $2 | Rake $0 
Seat 4: bartvist (button) folded before Flop (didn't bet)
Seat 5: 50CandyJoe (small blind) collected ($2)
Seat 6: EBoshered (big blind) folded before Flop



PokerStars Hand #254763019534:  Hold'em No Limit ($0.50/$1.00 USD) - 2025/02/08 9:35:07 WET [2025/02/08 4:35:07 ET]
Table 'Scheherezade' 6-max Seat #5 is the button
Seat 4: bartvist ($29.81 in chips) 
Seat 5: 50CandyJoe ($101 in chips) 
Seat 6: EBoshered ($100.61 in chips) 
EBoshered: posts small blind $0.50
bartvist: posts big blind $1
*** HOLE CARDS ***
50CandyJoe: raises $1.50 to $2.50
EBoshered: folds 
bartvist: calls $1.50
*** FLOP *** [8s 3s 8d]
bartvist: checks 
50CandyJoe: checks 
*** TURN *** [8s 3s 8d] [Qs]
bartvist: checks 
50CandyJoe: bets $1.72
bartvist: folds 
Uncalled bet ($1.72) returned to 50CandyJoe
50CandyJoe collected $5.22 from pot
50CandyJoe: doesn't show hand 
*** SUMMARY ***
Total pot $5.50 | Rake $0.28 
Board [8s 3s 8d Qs]
Seat 4: bartvist (big blind) folded on the Turn
Seat 5: 50CandyJoe (button) collected ($5.22)
Seat 6: EBoshered (small blind) folded before Flop



PokerStars Hand #254763021558:  Hold'em No Limit ($0.50/$1.00 USD) - 2025/02/08 9:35:26 WET [2025/02/08 4:35:26 ET]
Table 'Scheherezade' 6-max Seat #6 is the button
Seat 4: bartvist ($27.31 in chips) 
Seat 5: 50CandyJoe ($103.72 in chips) 
Seat 6: EBoshered ($100.11 in chips) 
bartvist: posts small blind $0.50
50CandyJoe: posts big blind $1
*** HOLE CARDS ***
EBoshered: raises $1.50 to $2.50
bartvist: folds 
50CandyJoe: calls $1.50
*** FLOP *** [7d Ks 3h]
50CandyJoe: checks 
EBoshered: bets $1.72
50CandyJoe: calls $1.72
*** TURN *** [7d Ks 3h] [8s]
50CandyJoe: checks 
EBoshered: bets $11.50
50CandyJoe: calls $11.50
*** RIVER *** [7d Ks 3h 8s] [Jd]
50CandyJoe: checks 
EBoshered: bets $38.50
50CandyJoe: raises $49.50 to $88 and is all-in
EBoshered: calls $45.89 and is all-in
Uncalled bet ($3.61) returned to 50CandyJoe
*** SHOW DOWN ***
50CandyJoe: shows [3s 3c] (three of a kind, Threes)
EBoshered: shows [9d Tc] (a straight, Seven to Jack)
EBoshered collected $199.72 from pot
*** SUMMARY ***
Total pot $200.72 | Rake $1 
Board [7d Ks 3h 8s Jd]
Seat 4: bartvist (small blind) folded before Flop
Seat 5: 50CandyJoe (big blind) showed [3s 3c] and lost with three of a kind, Threes
Seat 6: EBoshered (button) showed [9d Tc] and won ($199.72) with a straight, Seven to Jack



PokerStars Hand #254763031251:  Hold'em No Limit ($0.50/$1.00 USD) - 2025/02/08 9:36:55 WET [2025/02/08 4:36:55 ET]
Table 'Scheherezade' 6-max Seat #4 is the button
Seat 4: bartvist ($26.81 in chips) 
Seat 5: 50CandyJoe ($100 in chips) 
Seat 6: EBoshered ($199.72 in chips) 
50CandyJoe: posts small blind $0.50
EBoshered: posts big blind $1
*** HOLE CARDS ***
bartvist: raises $1 to $2
50CandyJoe: raises $7 to $9
EBoshered: folds 
bartvist: folds 
Uncalled bet ($7) returned to 50CandyJoe
50CandyJoe collected $5 from pot
50CandyJoe: doesn't show hand 
*** SUMMARY ***
Total pot $5 | Rake $0 
Seat 4: bartvist (button) folded before Flop
Seat 5: 50CandyJoe (small blind) collected ($5)
Seat 6: EBoshered (big blind) folded before Flop



PokerStars Hand #254763032890:  Hold'em No Limit ($0.50/$1.00 USD) - 2025/02/08 9:37:10 WET [2025/02/08 4:37:10 ET]
Table 'Scheherezade' 6-max Seat #5 is the button
Seat 4: bartvist ($24.81 in chips) 
Seat 5: 50CandyJoe ($103 in chips) 
Seat 6: EBoshered ($198.72 in chips) 
EBoshered: posts small blind $0.50
bartvist: posts big blind $1
*** HOLE CARDS ***
50CandyJoe: folds 
EBoshered: folds 
Uncalled bet ($0.50) returned to bartvist
bartvist collected $1 from pot
*** SUMMARY ***
Total pot $1 | Rake $0 
Seat 4: bartvist (big blind) collected ($1)
Seat 5: 50CandyJoe (button) folded before Flop (didn't bet)
Seat 6: EBoshered (small blind) folded before Flop



PokerStars Hand #254763033903:  Hold'em No Limit ($0.50/$1.00 USD) - 2025/02/08 9:37:20 WET [2025/02/08 4:37:20 ET]
Table 'Scheherezade' 6-max Seat #6 is the button
Seat 4: bartvist ($25.31 in chips) 
Seat 5: 50CandyJoe ($103 in chips) 
Seat 6: EBoshered ($198.22 in chips) 
bartvist: posts small blind $0.50
50CandyJoe: posts big blind $1
*** HOLE CARDS ***
EBoshered: raises $1.50 to $2.50
bartvist: calls $2
50CandyJoe: calls $1.50
*** FLOP *** [4d 7h Kh]
bartvist: checks 
50CandyJoe: checks 
EBoshered: bets $2.35
bartvist: calls $2.35
50CandyJoe: calls $2.35
*** TURN *** [4d 7h Kh] [9h]
bartvist: checks 
50CandyJoe: checks 
EBoshered: bets $6.91
bartvist: raises $13.55 to $20.46 and is all-in
50CandyJoe: raises $77.69 to $98.15 and is all-in
EBoshered: folds 
Uncalled bet ($77.69) returned to 50CandyJoe
*** RIVER *** [4d 7h Kh 9h] [9c]
*** SHOW DOWN ***
bartvist: shows [4h 4s] (a full house, Fours full of Nines)
50CandyJoe: shows [Jh 2h] (a flush, King high)
bartvist collected $61.38 from pot
*** SUMMARY ***
Total pot $62.38 | Rake $1 
Board [4d 7h Kh 9h 9c]
Seat 4: bartvist (small blind) showed [4h 4s] and won ($61.38) with a full house, Fours full of Nines
Seat 5: 50CandyJoe (big blind) showed [Jh 2h] and lost with a flush, King high
Seat 6: EBoshered (button) folded on the Turn



PokerStars Hand #254763039418:  Hold'em No Limit ($0.50/$1.00 USD) - 2025/02/08 9:38:11 WET [2025/02/08 4:38:11 ET]
Table 'Scheherezade' 6-max Seat #4 is the button
Seat 4: bartvist ($61.38 in chips) 
Seat 5: 50CandyJoe ($100 in chips) 
Seat 6: EBoshered ($186.46 in chips) 
50CandyJoe: posts small blind $0.50
EBoshered: posts big blind $1
*** HOLE CARDS ***
bartvist: raises $1 to $2
50CandyJoe: raises $7 to $9
D€est7oye€R joins the table at seat #2 
EBoshered: folds 
bartvist: folds 
Uncalled bet ($7) returned to 50CandyJoe
50CandyJoe collected $5 from pot
50CandyJoe: doesn't show hand 
*** SUMMARY ***
Total pot $5 | Rake $0 
Seat 4: bartvist (button) folded before Flop
Seat 5: 50CandyJoe (small blind) collected ($5)
Seat 6: EBoshered (big blind) folded before Flop



PokerStars Hand #254763040971:  Hold'em No Limit ($0.50/$1.00 USD) - 2025/02/08 9:38:26 WET [2025/02/08 4:38:26 ET]
Table 'Scheherezade' 6-max Seat #5 is the button
Seat 2: D€est7oye€R ($10 in chips) 
Seat 4: bartvist ($59.38 in chips) 
Seat 5: 50CandyJoe ($103 in chips) 
Seat 6: EBoshered ($185.46 in chips) 
EBoshered: posts small blind $0.50
D€est7oye€R: posts big blind $1
*** HOLE CARDS ***
bartvist: folds 
50CandyJoe: raises $1.50 to $2.50
EBoshered: folds 
D€est7oye€R: folds 
Uncalled bet ($1.50) returned to 50CandyJoe
50CandyJoe collected $2.50 from pot
50CandyJoe: doesn't show hand 
*** SUMMARY ***
Total pot $2.50 | Rake $0 
Seat 2: D€est7oye€R (big blind) folded before Flop
Seat 4: bartvist folded before Flop (didn't bet)
Seat 5: 50CandyJoe (button) collected ($2.50)
Seat 6: EBoshered (small blind) folded before Flop



PokerStars Hand #254763042253:  Hold'em No Limit ($0.50/$1.00 USD) - 2025/02/08 9:38:38 WET [2025/02/08 4:38:38 ET]
Table 'Scheherezade' 6-max Seat #6 is the button
Seat 2: D€est7oye€R ($10 in chips) 
Seat 4: bartvist ($59.38 in chips) 
Seat 5: 50CandyJoe ($104.50 in chips) 
Seat 6: EBoshered ($184.96 in chips) 
D€est7oye€R: posts small blind $0.50
bartvist: posts big blind $1
*** HOLE CARDS ***
50CandyJoe: folds 
Gjeneral66 joins the table at seat #1 
Gjeneral66 is disconnected 
EBoshered: raises $1.50 to $2.50
D€est7oye€R: folds 
bartvist: calls $1.50
*** FLOP *** [7c 6s 6c]
bartvist: checks 
EBoshered: bets $1.72
bartvist: folds 
Uncalled bet ($1.72) returned to EBoshered
EBoshered collected $5.22 from pot
EBoshered: doesn't show hand 
*** SUMMARY ***
Total pot $5.50 | Rake $0.28 
Board [7c 6s 6c]
Seat 2: D€est7oye€R (small blind) folded before Flop
Seat 4: bartvist (big blind) folded on the Flop
Seat 5: 50CandyJoe folded before Flop (didn't bet)
Seat 6: EBoshered (button) collected ($5.22)



PokerStars Hand #254763045959:  Hold'em No Limit ($0.50/$1.00 USD) - 2025/02/08 9:39:12 WET [2025/02/08 4:39:12 ET]
Table 'Scheherezade' 6-max Seat #2 is the button
Seat 1: Gjeneral66 ($23.15 in chips) 
Seat 2: D€est7oye€R ($10 in chips) 
Seat 4: bartvist ($56.88 in chips) 
Seat 5: 50CandyJoe ($104.50 in chips) 
Seat 6: EBoshered ($187.68 in chips) 
bartvist: posts small blind $0.50
50CandyJoe: posts big blind $1
Gjeneral66: posts big blind $1
*** HOLE CARDS ***
EBoshered: folds 
gligana199 joins the table at seat #3 
gligana199 is disconnected 
Gjeneral66: checks 
D€est7oye€R: folds 
bartvist: folds 
50CandyJoe: checks 
*** FLOP *** [Tc 7s 3c]
50CandyJoe: bets $1.78
Gjeneral66: calls $1.78
*** TURN *** [Tc 7s 3c] [6d]
50CandyJoe: bets $3.80
gligana199 leaves the table
Gjeneral66: raises $16.57 to $20.37 and is all-in
50CandyJoe: calls $16.57
*** RIVER *** [Tc 7s 3c 6d] [7c]
*** SHOW DOWN ***
50CandyJoe: shows [Js Td] (two pair, Tens and Sevens)
Gjeneral66: shows [Ts 7h] (a full house, Sevens full of Tens)
Gjeneral66 collected $44.46 from pot
*** SUMMARY ***
Total pot $46.80 | Rake $2.34 
Board [Tc 7s 3c 6d 7c]
Seat 1: Gjeneral66 showed [Ts 7h] and won ($44.46) with a full house, Sevens full of Tens
Seat 2: D€est7oye€R (button) folded before Flop (didn't bet)
Seat 4: bartvist (small blind) folded before Flop
Seat 5: 50CandyJoe (big blind) showed [Js Td] and lost with two pair, Tens and Sevens
Seat 6: EBoshered folded before Flop (didn't bet)



PokerStars Hand #254763051230:  Hold'em No Limit ($0.50/$1.00 USD) - 2025/02/08 9:40:01 WET [2025/02/08 4:40:01 ET]
Table 'Scheherezade' 6-max Seat #4 is the button
Seat 1: Gjeneral66 ($44.46 in chips) 
Seat 2: D€est7oye€R ($10 in chips) 
Seat 4: bartvist ($56.38 in chips) 
Seat 5: 50CandyJoe ($100 in chips) 
Seat 6: EBoshered ($187.68 in chips) 
50CandyJoe: posts small blind $0.50
EBoshered: posts big blind $1
*** HOLE CARDS ***
Ydys20 joins the table at seat #3 
Gjeneral66: raises $1.50 to $2.50
D€est7oye€R: folds 
bartvist: folds 
50CandyJoe: folds 
EBoshered: folds 
Uncalled bet ($1.50) returned to Gjeneral66
Gjeneral66 collected $2.50 from pot
*** SUMMARY ***
Total pot $2.50 | Rake $0 
Seat 1: Gjeneral66 collected ($2.50)
Seat 2: D€est7oye€R folded before Flop (didn't bet)
Seat 4: bartvist (button) folded before Flop (didn't bet)
Seat 5: 50CandyJoe (small blind) folded before Flop
Seat 6: EBoshered (big blind) folded before Flop



PokerStars Hand #254763054867:  Hold'em No Limit ($0.50/$1.00 USD) - 2025/02/08 9:40:33 WET [2025/02/08 4:40:33 ET]
Table 'Scheherezade' 6-max Seat #5 is the button
Seat 3: Ydys20 ($100 in chips) is sitting out
Seat 1: Gjeneral66 ($45.96 in chips) 
Seat 2: D€est7oye€R ($10 in chips) 
Seat 4: bartvist ($56.38 in chips) 
Seat 5: 50CandyJoe ($100 in chips) 
Seat 6: EBoshered ($186.68 in chips) 
EBoshered: posts small blind $0.50
Gjeneral66: posts big blind $1
Ydys20: sits out 
*** HOLE CARDS ***
D€est7oye€R: folds 
bartvist: raises $1.50 to $2.50
50CandyJoe: folds 
EBoshered: folds 
Gjeneral66: calls $1.50
*** FLOP *** [5h Qd 2h]
Gjeneral66: checks 
bartvist: bets $2.61
Gjeneral66: calls $2.61
*** TURN *** [5h Qd 2h] [Td]
Gjeneral66: checks 
bartvist: checks 
*** RIVER *** [5h Qd 2h Td] [2d]
Gjeneral66: bets $5.09
bartvist: folds 
Uncalled bet ($5.09) returned to Gjeneral66
Gjeneral66 collected $10.18 from pot
*** SUMMARY ***
Total pot $10.72 | Rake $0.54 
Board [5h Qd 2h Td 2d]
Seat 3: Ydys20
Seat 1: Gjeneral66 (big blind) collected ($10.18)
Seat 2: D€est7oye€R folded before Flop (didn't bet)
Seat 4: bartvist folded on the River
Seat 5: 50CandyJoe (button) folded before Flop (didn't bet)
Seat 6: EBoshered (small blind) folded before Flop



PokerStars Hand #254763060008:  Hold'em No Limit ($0.50/$1.00 USD) - 2025/02/08 9:41:19 WET [2025/02/08 4:41:19 ET]
Table 'Scheherezade' 6-max Seat #6 is the button
Seat 2: D€est7oye€R ($10 in chips) is sitting out
Seat 1: Gjeneral66 ($51.03 in chips) 
Seat 3: Ydys20 ($100 in chips) 
Seat 4: bartvist ($51.27 in chips) 
Seat 5: 50CandyJoe ($100 in chips) 
Seat 6: EBoshered ($186.18 in chips) 
Gjeneral66: posts small blind $0.50
D€est7oye€R: is sitting out 
Ydys20: posts big blind $1
*** HOLE CARDS ***
bartvist: calls $1
50CandyJoe: raises $3.50 to $4.50
D€est7oye€R leaves the table
EBoshered: raises $8.50 to $13
Gjeneral66: folds 
Pon4uk.ua joins the table at seat #2 
Ydys20: folds 
bartvist: folds 
50CandyJoe: calls $8.50
*** FLOP *** [Ts 5d 3h]
50CandyJoe: checks 
EBoshered: bets $8.94
50CandyJoe: raises $14.84 to $23.78
EBoshered: calls $14.84
*** TURN *** [Ts 5d 3h] [7c]
50CandyJoe: bets $63.22 and is all-in
EBoshered: folds 
Uncalled bet ($63.22) returned to 50CandyJoe
50CandyJoe collected $73.56 from pot
50CandyJoe: doesn't show hand 
*** SUMMARY ***
Total pot $76.06 | Rake $2.50 
Board [Ts 5d 3h 7c]
Seat 2: D€est7oye€R
Seat 1: Gjeneral66 (small blind) folded before Flop
Seat 3: Ydys20 (big blind) folded before Flop
Seat 4: bartvist folded before Flop
Seat 5: 50CandyJoe collected ($73.56)
Seat 6: EBoshered (button) folded on the Turn



PokerStars Hand #254763071204:  Hold'em No Limit ($0.50/$1.00 USD) - 2025/02/08 9:42:58 WET [2025/02/08 4:42:58 ET]
Table 'Scheherezade' 6-max Seat #1 is the button
Seat 2: Pon4uk.ua ($100 in chips) is sitting out
Seat 4: bartvist ($50.27 in chips) is sitting out
Seat 1: Gjeneral66 ($50.53 in chips) 
Seat 3: Ydys20 ($100 in chips) 
Seat 5: 50CandyJoe ($136.78 in chips) 
Seat 6: EBoshered ($149.40 in chips) 
Ydys20: posts small blind $0.50
50CandyJoe: posts big blind $1
*** HOLE CARDS ***
EBoshered: folds 
Gjeneral66: folds 
Ydys20: folds 
Uncalled bet ($0.50) returned to 50CandyJoe
50CandyJoe collected $1 from pot
50CandyJoe: doesn't show hand 
bartvist leaves the table
*** SUMMARY ***
Total pot $1 | Rake $0 
Seat 2: Pon4uk.ua
Seat 4: bartvist
Seat 1: Gjeneral66 (button) folded before Flop (didn't bet)
Seat 3: Ydys20 (small blind) folded before Flop
Seat 5: 50CandyJoe (big blind) collected ($1)
Seat 6: EBoshered folded before Flop (didn't bet)



PokerStars Hand #254763072030:  Hold'em No Limit ($0.50/$1.00 USD) - 2025/02/08 9:43:05 WET [2025/02/08 4:43:05 ET]
Table 'Scheherezade' 6-max Seat #3 is the button
Seat 2: Pon4uk.ua ($100 in chips) is sitting out
Seat 1: Gjeneral66 ($50.53 in chips) 
Seat 3: Ydys20 ($100 in chips) 
Seat 5: 50CandyJoe ($137.28 in chips) 
Seat 6: EBoshered ($149.40 in chips) 
50CandyJoe: posts small blind $0.50
EBoshered: posts big blind $1
Pon4uk.ua: sits out 
*** HOLE CARDS ***
Gjeneral66: folds 
Ydys20: folds 
50CandyJoe: folds 
Uncalled bet ($0.50) returned to EBoshered
EBoshered collected $1 from pot
EBoshered: doesn't show hand 
*** SUMMARY ***
Total pot $1 | Rake $0 
Seat 2: Pon4uk.ua
Seat 1: Gjeneral66 folded before Flop (didn't bet)
Seat 3: Ydys20 (button) folded before Flop (didn't bet)
Seat 5: 50CandyJoe (small blind) folded before Flop
Seat 6: EBoshered (big blind) collected ($1)



PokerStars Hand #254763073450:  Hold'em No Limit ($0.50/$1.00 USD) - 2025/02/08 9:43:18 WET [2025/02/08 4:43:18 ET]
Table 'Scheherezade' 6-max Seat #5 is the button
Seat 2: Pon4uk.ua ($100 in chips) is sitting out
Seat 1: Gjeneral66 ($50.53 in chips) 
Seat 3: Ydys20 ($100 in chips) 
Seat 5: 50CandyJoe ($136.78 in chips) 
Seat 6: EBoshered ($149.90 in chips) 
EBoshered: posts small blind $0.50
Gjeneral66: posts big blind $1
Pon4uk.ua: sits out 
*** HOLE CARDS ***
Ydys20: folds 
50CandyJoe: folds 
EBoshered: folds 
Uncalled bet ($0.50) returned to Gjeneral66
Gjeneral66 collected $1 from pot
*** SUMMARY ***
Total pot $1 | Rake $0 
Seat 2: Pon4uk.ua
Seat 1: Gjeneral66 (big blind) collected ($1)
Seat 3: Ydys20 folded before Flop (didn't bet)
Seat 5: 50CandyJoe (button) folded before Flop (didn't bet)
Seat 6: EBoshered (small blind) folded before Flop



PokerStars Hand #254763074447:  Hold'em No Limit ($0.50/$1.00 USD) - 2025/02/08 9:43:27 WET [2025/02/08 4:43:27 ET]
Table 'Scheherezade' 6-max Seat #6 is the button
Seat 1: Gjeneral66 ($51.03 in chips) 
Seat 2: Pon4uk.ua ($100 in chips) 
Seat 3: Ydys20 ($100 in chips) 
Seat 5: 50CandyJoe ($136.78 in chips) 
Seat 6: EBoshered ($149.40 in chips) 
Gjeneral66: posts small blind $0.50
Pon4uk.ua: posts big blind $1
*** HOLE CARDS ***
Ydys20: folds 
50CandyJoe: folds 
EBoshered: folds 
Gjeneral66: folds 
Uncalled bet ($0.50) returned to Pon4uk.ua
Pon4uk.ua collected $1 from pot
Pon4uk.ua: doesn't show hand 
*** SUMMARY ***
Total pot $1 | Rake $0 
Seat 1: Gjeneral66 (small blind) folded before Flop
Seat 2: Pon4uk.ua (big blind) collected ($1)
Seat 3: Ydys20 folded before Flop (didn't bet)
Seat 5: 50CandyJoe folded before Flop (didn't bet)
Seat 6: EBoshered (button) folded before Flop (didn't bet)



PokerStars Hand #254763076388:  Hold'em No Limit ($0.50/$1.00 USD) - 2025/02/08 9:43:44 WET [2025/02/08 4:43:44 ET]
Table 'Scheherezade' 6-max Seat #1 is the button
Seat 1: Gjeneral66 ($50.53 in chips) 
Seat 2: Pon4uk.ua ($100.50 in chips) 
Seat 3: Ydys20 ($100 in chips) 
Seat 5: 50CandyJoe ($136.78 in chips) 
Seat 6: EBoshered ($149.40 in chips) 
Pon4uk.ua: posts small blind $0.50
Ydys20: posts big blind $1
*** HOLE CARDS ***
50CandyJoe: folds 
EBoshered: folds 
Gjeneral66: raises $1.50 to $2.50
Pon4uk.ua: folds 
Ydys20: folds 
Uncalled bet ($1.50) returned to Gjeneral66
Gjeneral66 collected $2.50 from pot
*** SUMMARY ***
Total pot $2.50 | Rake $0 
Seat 1: Gjeneral66 (button) collected ($2.50)
Seat 2: Pon4uk.ua (small blind) folded before Flop
Seat 3: Ydys20 (big blind) folded before Flop
Seat 5: 50CandyJoe folded before Flop (didn't bet)
Seat 6: EBoshered folded before Flop (didn't bet)



PokerStars Hand #254763078291:  Hold'em No Limit ($0.50/$1.00 USD) - 2025/02/08 9:44:01 WET [2025/02/08 4:44:01 ET]
Table 'Scheherezade' 6-max Seat #2 is the button
Seat 1: Gjeneral66 ($52.03 in chips) 
Seat 2: Pon4uk.ua ($100 in chips) 
Seat 3: Ydys20 ($100 in chips) 
Seat 5: 50CandyJoe ($136.78 in chips) 
Seat 6: EBoshered ($149.40 in chips) 
Ydys20: posts small blind $0.50
50CandyJoe: posts big blind $1
*** HOLE CARDS ***
EBoshered: raises $1.50 to $2.50
Gjeneral66: folds 
Pon4uk.ua: raises $5 to $7.50
Ydys20: folds 
50CandyJoe: folds 
EBoshered: raises $12.50 to $20
Pon4uk.ua: calls $12.50
*** FLOP *** [9c Kd Td]
EBoshered: checks 
Zsoltisanti joins the table at seat #4 
Pon4uk.ua: checks 
*** TURN *** [9c Kd Td] [5d]
EBoshered: checks 
Pon4uk.ua: bets $19.71
EBoshered: calls $19.71
*** RIVER *** [9c Kd Td 5d] [5h]
EBoshered: checks 
Pon4uk.ua: bets $60.29 and is all-in
EBoshered: calls $60.29
*** SHOW DOWN ***
Pon4uk.ua: shows [Qc Kc] (two pair, Kings and Fives)
EBoshered: shows [Qh Qd] (two pair, Queens and Fives)
Pon4uk.ua collected $199 from pot
*** SUMMARY ***
Total pot $201.50 | Rake $2.50 
Board [9c Kd Td 5d 5h]
Seat 1: Gjeneral66 folded before Flop (didn't bet)
Seat 2: Pon4uk.ua (button) showed [Qc Kc] and won ($199) with two pair, Kings and Fives
Seat 3: Ydys20 (small blind) folded before Flop
Seat 5: 50CandyJoe (big blind) folded before Flop
Seat 6: EBoshered showed [Qh Qd] and lost with two pair, Queens and Fives



PokerStars Hand #254763091673:  Hold'em No Limit ($0.50/$1.00 USD) - 2025/02/08 9:45:59 WET [2025/02/08 4:45:59 ET]
Table 'Scheherezade' 6-max Seat #3 is the button
Seat 4: Zsoltisanti ($53 in chips) is sitting out
Seat 6: EBoshered ($100 in chips) is sitting out
Seat 1: Gjeneral66 ($52.03 in chips) 
Seat 2: Pon4uk.ua ($199 in chips) 
Seat 3: Ydys20 ($100 in chips) 
Seat 5: 50CandyJoe ($135.78 in chips) 
50CandyJoe: posts small blind $0.50
EBoshered: is sitting out 
Gjeneral66: posts big blind $1
*** HOLE CARDS ***
Pon4uk.ua: folds 
Ydys20: folds 
50CandyJoe: raises $1.50 to $2.50
Gjeneral66: calls $1.50
*** FLOP *** [Jd 5d Js]
50CandyJoe: bets $1.19
Gjeneral66: raises $1.19 to $2.38
50CandyJoe: folds 
Uncalled bet ($1.19) returned to Gjeneral66
Gjeneral66 collected $7.01 from pot
*** SUMMARY ***
Total pot $7.38 | Rake $0.37 
Board [Jd 5d Js]
Seat 4: Zsoltisanti
Seat 6: EBoshered
Seat 1: Gjeneral66 (big blind) collected ($7.01)
Seat 2: Pon4uk.ua folded before Flop (didn't bet)
Seat 3: Ydys20 (button) folded before Flop (didn't bet)
Seat 5: 50CandyJoe (small blind) folded on the Flop



PokerStars Hand #254763095622:  Hold'em No Limit ($0.50/$1.00 USD) - 2025/02/08 9:46:34 WET [2025/02/08 4:46:34 ET]
Table 'Scheherezade' 6-max Seat #5 is the button
Seat 4: Zsoltisanti ($53 in chips) is sitting out
Seat 6: EBoshered ($100 in chips) is sitting out
Seat 1: Gjeneral66 ($55.35 in chips) 
Seat 2: Pon4uk.ua ($199 in chips) 
Seat 3: Ydys20 ($100 in chips) 
Seat 5: 50CandyJoe ($132.09 in chips) 
Gjeneral66: posts small blind $0.50
Pon4uk.ua: posts big blind $1
Zsoltisanti: sits out 
*** HOLE CARDS ***
Ydys20: raises $1.50 to $2.50
EBoshered leaves the table
50CandyJoe: folds 
Gjeneral66: folds 
jerem774 joins the table at seat #6 
Pon4uk.ua: calls $1.50
*** FLOP *** [9d Jd Ts]
jerem774 is disconnected 
Pon4uk.ua: checks 
Ydys20: bets $3.92
Pon4uk.ua: calls $3.92
*** TURN *** [9d Jd Ts] [3s]
Pon4uk.ua: checks 
Ydys20: bets $19.01
Pon4uk.ua: raises $173.57 to $192.58 and is all-in
Ydys20: folds 
Uncalled bet ($173.57) returned to Pon4uk.ua
Pon4uk.ua collected $50.36 from pot
Pon4uk.ua: doesn't show hand 
*** SUMMARY ***
Total pot $51.36 | Rake $1 
Board [9d Jd Ts 3s]
Seat 4: Zsoltisanti
Seat 6: EBoshered
Seat 1: Gjeneral66 (small blind) folded before Flop
Seat 2: Pon4uk.ua (big blind) collected ($50.36)
Seat 3: Ydys20 folded on the Turn
Seat 5: 50CandyJoe (button) folded before Flop (didn't bet)



PokerStars Hand #254763106042:  Hold'em No Limit ($0.50/$1.00 USD) - 2025/02/08 9:48:06 WET [2025/02/08 4:48:06 ET]
Table 'Scheherezade' 6-max Seat #1 is the button
Seat 4: Zsoltisanti ($53 in chips) is sitting out
Seat 1: Gjeneral66 ($54.85 in chips) 
Seat 2: Pon4uk.ua ($223.93 in chips) 
Seat 3: Ydys20 ($100 in chips) 
Seat 5: 50CandyJoe ($132.09 in chips) 
Seat 6: jerem774 ($29.11 in chips) 
Pon4uk.ua: posts small blind $0.50
Ydys20: posts big blind $1
Zsoltisanti: sits out 
jerem774: posts big blind $1
*** HOLE CARDS ***
50CandyJoe: folds 
jerem774: checks 
Gjeneral66: folds 
Pon4uk.ua: folds 
Ydys20: checks 
*** FLOP *** [7c 4d 9c]
Ydys20: checks 
jerem774: checks 
*** TURN *** [7c 4d 9c] [4h]
Ydys20: bets $1.79
jerem774: folds 
Uncalled bet ($1.79) returned to Ydys20
Ydys20 collected $2.38 from pot
Ydys20: doesn't show hand 
*** SUMMARY ***
Total pot $2.50 | Rake $0.12 
Board [7c 4d 9c 4h]
Seat 4: Zsoltisanti
Seat 1: Gjeneral66 (button) folded before Flop (didn't bet)
Seat 2: Pon4uk.ua (small blind) folded before Flop
Seat 3: Ydys20 (big blind) collected ($2.38)
Seat 5: 50CandyJoe folded before Flop (didn't bet)
Seat 6: jerem774 folded on the Turn (didn't bet)



PokerStars Hand #254763110437:  Hold'em No Limit ($0.50/$1.00 USD) - 2025/02/08 9:48:44 WET [2025/02/08 4:48:44 ET]
Table 'Scheherezade' 6-max Seat #2 is the button
Seat 1: Gjeneral66 ($54.85 in chips) 
Seat 2: Pon4uk.ua ($223.43 in chips) 
Seat 3: Ydys20 ($101.38 in chips) 
Seat 4: Zsoltisanti ($53 in chips) 
Seat 5: 50CandyJoe ($132.09 in chips) 
Seat 6: jerem774 ($28.11 in chips) 
Ydys20: posts small blind $0.50
Zsoltisanti: posts big blind $1
*** HOLE CARDS ***
50CandyJoe: folds 
jerem774: calls $1
Gjeneral66: folds 
Pon4uk.ua: folds 
Ydys20: folds 
Zsoltisanti: raises $2 to $3
jerem774: calls $2
*** FLOP *** [8c 9d 6s]
Zsoltisanti: bets $4.50
jerem774: folds 
Uncalled bet ($4.50) returned to Zsoltisanti
Zsoltisanti collected $6.18 from pot
Zsoltisanti: doesn't show hand 
*** SUMMARY ***
Total pot $6.50 | Rake $0.32 
Board [8c 9d 6s]
Seat 1: Gjeneral66 folded before Flop (didn't bet)
Seat 2: Pon4uk.ua (button) folded before Flop (didn't bet)
Seat 3: Ydys20 (small blind) folded before Flop
Seat 4: Zsoltisanti (big blind) collected ($6.18)
Seat 5: 50CandyJoe folded before Flop (didn't bet)
Seat 6: jerem774 folded on the Flop



PokerStars Hand #254763113201:  Hold'em No Limit ($0.50/$1.00 USD) - 2025/02/08 9:49:08 WET [2025/02/08 4:49:08 ET]
Table 'Scheherezade' 6-max Seat #3 is the button
Seat 1: Gjeneral66 ($54.85 in chips) 
Seat 2: Pon4uk.ua ($223.43 in chips) 
Seat 3: Ydys20 ($100.88 in chips) 
Seat 4: Zsoltisanti ($56.18 in chips) 
Seat 5: 50CandyJoe ($132.09 in chips) 
Seat 6: jerem774 ($25.11 in chips) 
Zsoltisanti: posts small blind $0.50
50CandyJoe: posts big blind $1
*** HOLE CARDS ***
jerem774: calls $1
Gjeneral66: folds 
Pon4uk.ua: folds 
Ydys20: raises $2 to $3
Zsoltisanti: folds 
50CandyJoe: folds 
jerem774: calls $2
*** FLOP *** [Ts 2c 6h]
jerem774: checks 
Ydys20: bets $2.35
jerem774: folds 
Uncalled bet ($2.35) returned to Ydys20
Ydys20 collected $7.12 from pot
Ydys20: doesn't show hand 
*** SUMMARY ***
Total pot $7.50 | Rake $0.38 
Board [Ts 2c 6h]
Seat 1: Gjeneral66 folded before Flop (didn't bet)
Seat 2: Pon4uk.ua folded before Flop (didn't bet)
Seat 3: Ydys20 (button) collected ($7.12)
Seat 4: Zsoltisanti (small blind) folded before Flop
Seat 5: 50CandyJoe (big blind) folded before Flop
Seat 6: jerem774 folded on the Flop



PokerStars Hand #254763118763:  Hold'em No Limit ($0.50/$1.00 USD) - 2025/02/08 9:49:57 WET [2025/02/08 4:49:57 ET]
Table 'Scheherezade' 6-max Seat #4 is the button
Seat 1: Gjeneral66 ($54.85 in chips) 
Seat 2: Pon4uk.ua ($223.43 in chips) 
Seat 3: Ydys20 ($105 in chips) 
Seat 4: Zsoltisanti ($55.68 in chips) 
Seat 5: 50CandyJoe ($131.09 in chips) 
Seat 6: jerem774 ($22.11 in chips) 
50CandyJoe: posts small blind $0.50
jerem774: posts big blind $1
*** HOLE CARDS ***
Gjeneral66: folds 
Pon4uk.ua: folds 
Ydys20: folds 
Zsoltisanti: raises $2 to $3
50CandyJoe: folds 
jerem774: calls $2
*** FLOP *** [Ks 4c Qc]
jerem774: checks 
Zsoltisanti: bets $4.50
jerem774: folds 
Uncalled bet ($4.50) returned to Zsoltisanti
Zsoltisanti collected $6.18 from pot
Zsoltisanti: doesn't show hand 
*** SUMMARY ***
Total pot $6.50 | Rake $0.32 
Board [Ks 4c Qc]
Seat 1: Gjeneral66 folded before Flop (didn't bet)
Seat 2: Pon4uk.ua folded before Flop (didn't bet)
Seat 3: Ydys20 folded before Flop (didn't bet)
Seat 4: Zsoltisanti (button) collected ($6.18)
Seat 5: 50CandyJoe (small blind) folded before Flop
Seat 6: jerem774 (big blind) folded on the Flop



PokerStars Hand #254763121314:  Hold'em No Limit ($0.50/$1.00 USD) - 2025/02/08 9:50:19 WET [2025/02/08 4:50:19 ET]
Table 'Scheherezade' 6-max Seat #5 is the button
Seat 1: Gjeneral66 ($54.85 in chips) 
Seat 2: Pon4uk.ua ($223.43 in chips) 
Seat 3: Ydys20 ($105 in chips) 
Seat 4: Zsoltisanti ($58.86 in chips) 
Seat 5: 50CandyJoe ($130.59 in chips) 
Seat 6: jerem774 ($19.11 in chips) 
jerem774: posts small blind $0.50
Gjeneral66: posts big blind $1
*** HOLE CARDS ***
Pon4uk.ua: folds 
Ydys20: folds 
Zsoltisanti: folds 
50CandyJoe: folds 
jerem774: calls $0.50
Gjeneral66: checks 
*** FLOP *** [4d Ks Jd]
jerem774: bets $1
Gjeneral66: folds 
Uncalled bet ($1) returned to jerem774
jerem774 collected $1.90 from pot
*** SUMMARY ***
Total pot $2 | Rake $0.10 
Board [4d Ks Jd]
Seat 1: Gjeneral66 (big blind) folded on the Flop
Seat 2: Pon4uk.ua folded before Flop (didn't bet)
Seat 3: Ydys20 folded before Flop (didn't bet)
Seat 4: Zsoltisanti folded before Flop (didn't bet)
Seat 5: 50CandyJoe (button) folded before Flop (didn't bet)
Seat 6: jerem774 (small blind) collected ($1.90)



PokerStars Hand #254763124034:  Hold'em No Limit ($0.50/$1.00 USD) - 2025/02/08 9:50:43 WET [2025/02/08 4:50:43 ET]
Table 'Scheherezade' 6-max Seat #6 is the button
Seat 1: Gjeneral66 ($53.85 in chips) 
Seat 2: Pon4uk.ua ($223.43 in chips) 
Seat 3: Ydys20 ($105 in chips) 
Seat 4: Zsoltisanti ($58.86 in chips) 
Seat 5: 50CandyJoe ($130.59 in chips) 
Seat 6: jerem774 ($20.01 in chips) 
Gjeneral66: posts small blind $0.50
Pon4uk.ua: posts big blind $1
*** HOLE CARDS ***
Ydys20: folds 
Zsoltisanti: raises $1 to $2
50CandyJoe: folds 
jerem774: calls $2
Gjeneral66: folds 
Pon4uk.ua: folds 
*** FLOP *** [Qc 4h Ad]
Zsoltisanti: checks 
jerem774: checks 
*** TURN *** [Qc 4h Ad] [3c]
Zsoltisanti: checks 
jerem774: checks 
*** RIVER *** [Qc 4h Ad 3c] [4d]
Zsoltisanti: bets $2
jerem774: raises $2 to $4
Zsoltisanti: folds 
Uncalled bet ($2) returned to jerem774
jerem774 collected $9.02 from pot
*** SUMMARY ***
Total pot $9.50 | Rake $0.48 
Board [Qc 4h Ad 3c 4d]
Seat 1: Gjeneral66 (small blind) folded before Flop
Seat 2: Pon4uk.ua (big blind) folded before Flop
Seat 3: Ydys20 folded before Flop (didn't bet)
Seat 4: Zsoltisanti folded on the River
Seat 5: 50CandyJoe folded before Flop (didn't bet)
Seat 6: jerem774 (button) collected ($9.02)



PokerStars Hand #254763128073:  Hold'em No Limit ($0.50/$1.00 USD) - 2025/02/08 9:51:18 WET [2025/02/08 4:51:18 ET]
Table 'Scheherezade' 6-max Seat #1 is the button
Seat 1: Gjeneral66 ($53.35 in chips) 
Seat 2: Pon4uk.ua ($222.43 in chips) 
Seat 3: Ydys20 ($105 in chips) 
Seat 4: Zsoltisanti ($54.86 in chips) 
Seat 5: 50CandyJoe ($130.59 in chips) 
Seat 6: jerem774 ($25.03 in chips) 
Pon4uk.ua: posts small blind $0.50
Ydys20: posts big blind $1
*** HOLE CARDS ***
Zsoltisanti: folds 
50CandyJoe: raises $1.20 to $2.20
jerem774: calls $2.20
Gjeneral66: calls $2.20
Pon4uk.ua: folds 
Ydys20: folds 
*** FLOP *** [4d Th 2h]
50CandyJoe: checks 
jerem774: checks 
Gjeneral66: checks 
*** TURN *** [4d Th 2h] [Qs]
50CandyJoe: checks 
jerem774: checks 
Gjeneral66: bets $3.85
50CandyJoe: folds 
jerem774: calls $3.85
*** RIVER *** [4d Th 2h Qs] [9h]
jerem774: checks 
Gjeneral66: checks 
*** SHOW DOWN ***
jerem774: shows [4s Ah] (a pair of Fours)
Gjeneral66: shows [8d 9d] (a pair of Nines)
Gjeneral66 collected $15.01 from pot
*** SUMMARY ***
Total pot $15.80 | Rake $0.79 
Board [4d Th 2h Qs 9h]
Seat 1: Gjeneral66 (button) showed [8d 9d] and won ($15.01) with a pair of Nines
Seat 2: Pon4uk.ua (small blind) folded before Flop
Seat 3: Ydys20 (big blind) folded before Flop
Seat 4: Zsoltisanti folded before Flop (didn't bet)
Seat 5: 50CandyJoe folded on the Turn
Seat 6: jerem774 showed [4s Ah] and lost with a pair of Fours



PokerStars Hand #254763133526:  Hold'em No Limit ($0.50/$1.00 USD) - 2025/02/08 9:52:04 WET [2025/02/08 4:52:04 ET]
Table 'Scheherezade' 6-max Seat #2 is the button
Seat 1: Gjeneral66 ($62.31 in chips) 
Seat 2: Pon4uk.ua ($221.93 in chips) 
Seat 3: Ydys20 ($104 in chips) 
Seat 4: Zsoltisanti ($54.86 in chips) 
Seat 5: 50CandyJoe ($128.39 in chips) 
Seat 6: jerem774 ($18.98 in chips) 
Ydys20: posts small blind $0.50
Zsoltisanti: posts big blind $1
*** HOLE CARDS ***
50CandyJoe: folds 
jerem774: calls $1
Gjeneral66: calls $1
Pon4uk.ua: folds 
Ydys20: calls $0.50
Zsoltisanti: checks 
*** FLOP *** [7h 5c Th]
Ydys20: checks 
Zsoltisanti: checks 
jerem774: checks 
Gjeneral66: checks 
*** TURN *** [7h 5c Th] [Td]
Ydys20: checks 
Zsoltisanti: checks 
jerem774: checks 
Gjeneral66: bets $1
Ydys20: folds 
Zsoltisanti: calls $1
jerem774: calls $1
*** RIVER *** [7h 5c Th Td] [3d]
Zsoltisanti: bets $13
jerem774: folds 
Gjeneral66: folds 
Uncalled bet ($13) returned to Zsoltisanti
Zsoltisanti collected $6.65 from pot
Zsoltisanti: doesn't show hand 
*** SUMMARY ***
Total pot $7 | Rake $0.35 
Board [7h 5c Th Td 3d]
Seat 1: Gjeneral66 folded on the River
Seat 2: Pon4uk.ua (button) folded before Flop (didn't bet)
Seat 3: Ydys20 (small blind) folded on the Turn
Seat 4: Zsoltisanti (big blind) collected ($6.65)
Seat 5: 50CandyJoe folded before Flop (didn't bet)
Seat 6: jerem774 folded on the River



PokerStars Hand #254763156523:  Hold'em No Limit ($0.50/$1.00 USD) - 2025/02/08 9:55:29 WET [2025/02/08 4:55:29 ET]
Table 'Scheherezade' 6-max Seat #6 is the button
Seat 1: Gjeneral66 ($59.31 in chips) 
Seat 2: Pon4uk.ua ($221.93 in chips) 
Seat 3: Ydys20 ($108.92 in chips) 
Seat 4: Zsoltisanti ($34.72 in chips) 
Seat 5: 50CandyJoe ($141.91 in chips) 
Seat 6: jerem774 ($20.22 in chips) 
Gjeneral66: posts small blind $0.50
Pon4uk.ua: posts big blind $1
*** HOLE CARDS ***
Ydys20: folds 
Zsoltisanti: calls $1
50CandyJoe: folds 
jerem774: calls $1
Gjeneral66: calls $0.50
Pon4uk.ua: checks 
*** FLOP *** [Qd 2c Qs]
Gjeneral66: checks 
Pon4uk.ua: checks 
Zsoltisanti: checks 
jerem774: bets $1
Gjeneral66: folds 
Pon4uk.ua: folds 
Zsoltisanti: calls $1
*** TURN *** [Qd 2c Qs] [Tc]
Zsoltisanti: checks 
jerem774: bets $1
Zsoltisanti: calls $1
*** RIVER *** [Qd 2c Qs Tc] [7c]
Zsoltisanti: checks 
jerem774: bets $17.22 and is all-in
Zsoltisanti: calls $17.22
*** SHOW DOWN ***
jerem774: shows [5c Qc] (a flush, Queen high)
Zsoltisanti: shows [9c 8c] (a flush, Ten high)
jerem774 collected $40.32 from pot
*** SUMMARY ***
Total pot $42.44 | Rake $2.12 
Board [Qd 2c Qs Tc 7c]
Seat 1: Gjeneral66 (small blind) folded on the Flop
Seat 2: Pon4uk.ua (big blind) folded on the Flop
Seat 3: Ydys20 folded before Flop (didn't bet)
Seat 4: Zsoltisanti showed [9c 8c] and lost with a flush, Ten high
Seat 5: 50CandyJoe folded before Flop (didn't bet)
Seat 6: jerem774 (button) showed [5c Qc] and won ($40.32) with a flush, Queen high



PokerStars Hand #254763161768:  Hold'em No Limit ($0.50/$1.00 USD) - 2025/02/08 9:56:23 WET [2025/02/08 4:56:23 ET]
Table 'Scheherezade' 6-max Seat #1 is the button
Seat 1: Gjeneral66 ($58.31 in chips) 
Seat 2: Pon4uk.ua ($220.93 in chips) 
Seat 3: Ydys20 ($108.92 in chips) 
Seat 4: Zsoltisanti ($14.50 in chips) 
Seat 5: 50CandyJoe ($141.91 in chips) 
Seat 6: jerem774 ($40.32 in chips) 
Pon4uk.ua: posts small blind $0.50
Ydys20: posts big blind $1
*** HOLE CARDS ***
Zsoltisanti: folds 
Zsoltisanti leaves the table
50CandyJoe: folds 
jerem774: calls $1
Gjeneral66: folds 
Pon4uk.ua: folds 
Ydys20: raises $3 to $4
jerem774: calls $3
*** FLOP *** [3h 7h 2d]
William_Gull joins the table at seat #4 
Gjeneral66 leaves the table
Ydys20: bets $4.04
jerem774: folds 
Uncalled bet ($4.04) returned to Ydys20
Ydys20 collected $8.08 from pot
Ydys20: doesn't show hand 
*** SUMMARY ***
Total pot $8.50 | Rake $0.42 
Board [3h 7h 2d]
Seat 1: Gjeneral66 (button) folded before Flop (didn't bet)
Seat 2: Pon4uk.ua (small blind) folded before Flop
Seat 3: Ydys20 (big blind) collected ($8.08)
Seat 4: Zsoltisanti folded before Flop (didn't bet)
Seat 5: 50CandyJoe folded before Flop (didn't bet)
Seat 6: jerem774 folded on the Flop



PokerStars Hand #254763166735:  Hold'em No Limit ($0.50/$1.00 USD) - 2025/02/08 9:57:14 WET [2025/02/08 4:57:14 ET]
Table 'Scheherezade' 6-max Seat #2 is the button
Seat 2: Pon4uk.ua ($220.43 in chips) 
Seat 3: Ydys20 ($113 in chips) 
Seat 4: William_Gull ($100 in chips) 
Seat 5: 50CandyJoe ($141.91 in chips) 
Seat 6: jerem774 ($36.32 in chips) 
Ydys20: posts small blind $0.50
William_Gull: posts big blind $1
*** HOLE CARDS ***
gudrozd joins the table at seat #1 
50CandyJoe: raises $1.20 to $2.20
jerem774: calls $2.20
Pon4uk.ua: folds 
Ydys20: folds 
William_Gull: calls $1.20
*** FLOP *** [Ah 3c Ts]
William_Gull: checks 
50CandyJoe: checks 
jerem774: checks 
*** TURN *** [Ah 3c Ts] [Tc]
William_Gull: checks 
50CandyJoe: checks 
jerem774: checks 
*** RIVER *** [Ah 3c Ts Tc] [2s]
William_Gull: bets $3.37
50CandyJoe: folds 
jerem774: folds 
Uncalled bet ($3.37) returned to William_Gull
William_Gull collected $6.74 from pot
William_Gull: doesn't show hand 
*** SUMMARY ***
Total pot $7.10 | Rake $0.36 
Board [Ah 3c Ts Tc 2s]
Seat 2: Pon4uk.ua (button) folded before Flop (didn't bet)
Seat 3: Ydys20 (small blind) folded before Flop
Seat 4: William_Gull (big blind) collected ($6.74)
Seat 5: 50CandyJoe folded on the River
Seat 6: jerem774 folded on the River



PokerStars Hand #254763170282:  Hold'em No Limit ($0.50/$1.00 USD) - 2025/02/08 9:57:51 WET [2025/02/08 4:57:51 ET]
Table 'Scheherezade' 6-max Seat #3 is the button
Seat 1: gudrozd ($100 in chips) is sitting out
Seat 2: Pon4uk.ua ($220.43 in chips) 
Seat 3: Ydys20 ($112.50 in chips) 
Seat 4: William_Gull ($104.54 in chips) 
Seat 5: 50CandyJoe ($139.71 in chips) 
Seat 6: jerem774 ($34.12 in chips) 
William_Gull: posts small blind $0.50
50CandyJoe: posts big blind $1
gudrozd: sits out 
*** HOLE CARDS ***
jerem774: calls $1
Pon4uk.ua: raises $3 to $4
Ydys20: folds 
William_Gull: folds 
50CandyJoe: folds 
jerem774: calls $3
*** FLOP *** [8c 2h 6d]
jerem774: checks 
Pon4uk.ua: bets $2.98
jerem774: calls $2.98
*** TURN *** [8c 2h 6d] [5d]
jerem774: checks 
Pon4uk.ua: checks 
*** RIVER *** [8c 2h 6d 5d] [7c]
jerem774: bets $14.69
Pon4uk.ua: folds 
Uncalled bet ($14.69) returned to jerem774
jerem774 collected $14.69 from pot
*** SUMMARY ***
Total pot $15.46 | Rake $0.77 
Board [8c 2h 6d 5d 7c]
Seat 1: gudrozd
Seat 2: Pon4uk.ua folded on the River
Seat 3: Ydys20 (button) folded before Flop (didn't bet)
Seat 4: William_Gull (small blind) folded before Flop
Seat 5: 50CandyJoe (big blind) folded before Flop
Seat 6: jerem774 collected ($14.69)



PokerStars Hand #254763174389:  Hold'em No Limit ($0.50/$1.00 USD) - 2025/02/08 9:58:33 WET [2025/02/08 4:58:33 ET]
Table 'Scheherezade' 6-max Seat #4 is the button
Seat 1: gudrozd ($100 in chips) is sitting out
Seat 2: Pon4uk.ua ($213.45 in chips) 
Seat 3: Ydys20 ($112.50 in chips) 
Seat 4: William_Gull ($104.04 in chips) 
Seat 5: 50CandyJoe ($138.71 in chips) 
Seat 6: jerem774 ($41.83 in chips) 
50CandyJoe: posts small blind $0.50
jerem774: posts big blind $1
gudrozd: sits out 
*** HOLE CARDS ***
Pon4uk.ua: folds 
Ydys20: folds 
William_Gull: raises $1.20 to $2.20
50CandyJoe: raises $10.30 to $12.50
jerem774: folds 
William_Gull: folds 
Uncalled bet ($10.30) returned to 50CandyJoe
50CandyJoe collected $5.40 from pot
50CandyJoe: doesn't show hand 
*** SUMMARY ***
Total pot $5.40 | Rake $0 
Seat 1: gudrozd
Seat 2: Pon4uk.ua folded before Flop (didn't bet)
Seat 3: Ydys20 folded before Flop (didn't bet)
Seat 4: William_Gull (button) folded before Flop
Seat 5: 50CandyJoe (small blind) collected ($5.40)
Seat 6: jerem774 (big blind) folded before Flop



PokerStars Hand #254763310917:  Hold'em No Limit ($0.50/$1.00 USD) - 2025/02/08 10:18:16 WET [2025/02/08 5:18:16 ET]
Table 'Scheherezade' 6-max Seat #3 is the button
Seat 1: ARCTlCkiss ($100 in chips) 
Seat 2: gudrozd ($104.81 in chips) 
Seat 3: William_Gull ($100.34 in chips) 
Seat 4: danuuutz ($126.84 in chips) 
Seat 5: trueYes.3970 ($9.04 in chips) 
Seat 6: jerem774 ($30.06 in chips) 
danuuutz: posts small blind $0.50
trueYes.3970: posts big blind $1
*** HOLE CARDS ***
jerem774: raises $2 to $3
ARCTlCkiss: folds 
gudrozd: folds 
William_Gull: folds 
danuuutz: folds 
trueYes.3970: calls $2
*** FLOP *** [2s 5d As]
trueYes.3970: checks 
jerem774 has timed out
jerem774: checks 
*** TURN *** [2s 5d As] [8s]
trueYes.3970: checks 
jerem774: checks 
*** RIVER *** [2s 5d As 8s] [4d]
trueYes.3970: bets $6.04 and is all-in
jerem774: folds 
Uncalled bet ($6.04) returned to trueYes.3970
trueYes.3970 collected $6.18 from pot
trueYes.3970: doesn't show hand 
*** SUMMARY ***
Total pot $6.50 | Rake $0.32 
Board [2s 5d As 8s 4d]
Seat 1: ARCTlCkiss folded before Flop (didn't bet)
Seat 2: gudrozd folded before Flop (didn't bet)
Seat 3: William_Gull (button) folded before Flop (didn't bet)
Seat 4: danuuutz (small blind) folded before Flop
Seat 5: trueYes.3970 (big blind) collected ($6.18)
Seat 6: jerem774 folded on the River



PokerStars Hand #254763425948:  Hold'em No Limit ($0.50/$1.00 USD) - 2025/02/08 10:33:49 WET [2025/02/08 5:33:49 ET]
Table 'Scheherezade' 6-max Seat #6 is the button
Seat 5: Pon4uk.ua ($217.41 in chips) is sitting out
Seat 1: ARCTlCkiss ($105.08 in chips) 
Seat 2: gudrozd ($116.42 in chips) 
Seat 3: William_Gull ($114.47 in chips) 
Seat 4: danuuutz ($104.22 in chips) 
Seat 6: jerem774 ($65.89 in chips) 
ARCTlCkiss: posts small blind $0.50
gudrozd: posts big blind $1
Pon4uk.ua: sits out 
*** HOLE CARDS ***
William_Gull: folds 
danuuutz: raises $1.10 to $2.10
jerem774: folds 
ARCTlCkiss: folds 
gudrozd: calls $1.10
*** FLOP *** [5s Ts 9c]
gudrozd: checks 
danuuutz: checks 
*** TURN *** [5s Ts 9c] [Kh]
gudrozd: checks 
danuuutz: checks 
*** RIVER *** [5s Ts 9c Kh] [4d]
gudrozd: checks 
danuuutz: checks 
*** SHOW DOWN ***
gudrozd: shows [4s As] (a pair of Fours)
danuuutz: shows [7c 7s] (a pair of Sevens)
danuuutz collected $4.46 from pot
*** SUMMARY ***
Total pot $4.70 | Rake $0.24 
Board [5s Ts 9c Kh 4d]
Seat 5: Pon4uk.ua
Seat 1: ARCTlCkiss (small blind) folded before Flop
Seat 2: gudrozd (big blind) showed [4s As] and lost with a pair of Fours
Seat 3: William_Gull folded before Flop (didn't bet)
Seat 4: danuuutz showed [7c 7s] and won ($4.46) with a pair of Sevens
Seat 6: jerem774 (button) folded before Flop (didn't bet)



PokerStars Hand #254763432766:  Hold'em No Limit ($0.50/$1.00 USD) - 2025/02/08 10:34:43 WET [2025/02/08 5:34:43 ET]
Table 'Scheherezade' 6-max Seat #1 is the button
Seat 5: Pon4uk.ua ($217.41 in chips) is sitting out
Seat 1: ARCTlCkiss ($104.58 in chips) 
Seat 2: gudrozd ($114.32 in chips) 
Seat 3: William_Gull ($114.47 in chips) 
Seat 4: danuuutz ($106.58 in chips) 
Seat 6: jerem774 ($65.89 in chips) 
gudrozd: posts small blind $0.50
William_Gull: posts big blind $1
Pon4uk.ua: sits out 
*** HOLE CARDS ***
danuuutz: folds 
jerem774: calls $1
ARCTlCkiss: folds 
gudrozd: folds 
William_Gull: raises $3 to $4
jerem774: calls $3
*** FLOP *** [Qs 4d 8d]
William_Gull: bets $4.04
jerem774: calls $4.04
*** TURN *** [Qs 4d 8d] [Kc]
William_Gull: bets $7.88
jerem774: calls $7.88
*** RIVER *** [Qs 4d 8d Kc] [4h]
William_Gull: bets $15.36
jerem774: calls $15.36
*** SHOW DOWN ***
William_Gull: shows [Ks Kh] (a full house, Kings full of Fours)
jerem774: mucks hand 
William_Gull collected $60.56 from pot
*** SUMMARY ***
Total pot $63.06 | Rake $2.50 
Board [Qs 4d 8d Kc 4h]
Seat 5: Pon4uk.ua
Seat 1: ARCTlCkiss (button) folded before Flop (didn't bet)
Seat 2: gudrozd (small blind) folded before Flop
Seat 3: William_Gull (big blind) showed [Ks Kh] and won ($60.56) with a full house, Kings full of Fours
Seat 4: danuuutz folded before Flop (didn't bet)
Seat 6: jerem774 mucked



PokerStars Hand #254763439734:  Hold'em No Limit ($0.50/$1.00 USD) - 2025/02/08 10:35:40 WET [2025/02/08 5:35:40 ET]
Table 'Scheherezade' 6-max Seat #2 is the button
Seat 5: Pon4uk.ua ($217.41 in chips) is sitting out
Seat 1: ARCTlCkiss ($104.58 in chips) 
Seat 2: gudrozd ($113.82 in chips) 
Seat 3: William_Gull ($143.75 in chips) 
Seat 4: danuuutz ($106.58 in chips) 
Seat 6: jerem774 ($34.61 in chips) 
William_Gull: posts small blind $0.50
danuuutz: posts big blind $1
Pon4uk.ua: sits out 
*** HOLE CARDS ***
jerem774: folds 
ARCTlCkiss: folds 
gudrozd: folds 
William_Gull: raises $2.20 to $3.20
danuuutz: calls $2.20
*** FLOP *** [5s 4c 6s]
William_Gull: bets $3.04
danuuutz: folds 
Uncalled bet ($3.04) returned to William_Gull
William_Gull collected $6.08 from pot
William_Gull: doesn't show hand 
*** SUMMARY ***
Total pot $6.40 | Rake $0.32 
Board [5s 4c 6s]
Seat 5: Pon4uk.ua
Seat 1: ARCTlCkiss folded before Flop (didn't bet)
Seat 2: gudrozd (button) folded before Flop (didn't bet)
Seat 3: William_Gull (small blind) collected ($6.08)
Seat 4: danuuutz (big blind) folded on the Flop
Seat 6: jerem774 folded before Flop (didn't bet)



PokerStars Hand #254763443510:  Hold'em No Limit ($0.50/$1.00 USD) - 2025/02/08 10:36:10 WET [2025/02/08 5:36:10 ET]
Table 'Scheherezade' 6-max Seat #3 is the button
Seat 1: ARCTlCkiss ($104.58 in chips) 
Seat 2: gudrozd ($113.82 in chips) 
Seat 3: William_Gull ($146.63 in chips) 
Seat 4: danuuutz ($103.38 in chips) 
Seat 5: Pon4uk.ua ($217.41 in chips) 
Seat 6: jerem774 ($34.61 in chips) 
danuuutz: posts small blind $0.50
Pon4uk.ua: posts big blind $1
*** HOLE CARDS ***
jerem774: calls $1
ARCTlCkiss: folds 
gudrozd: raises $4 to $5
William_Gull: folds 
danuuutz: folds 
Pon4uk.ua: folds 
jerem774: calls $4
*** FLOP *** [As 8s 3c]
jerem774: checks 
gudrozd: bets $3.60
jerem774: folds 
Uncalled bet ($3.60) returned to gudrozd
gudrozd collected $10.92 from pot
gudrozd: doesn't show hand 
*** SUMMARY ***
Total pot $11.50 | Rake $0.58 
Board [As 8s 3c]
Seat 1: ARCTlCkiss folded before Flop (didn't bet)
Seat 2: gudrozd collected ($10.92)
Seat 3: William_Gull (button) folded before Flop (didn't bet)
Seat 4: danuuutz (small blind) folded before Flop
Seat 5: Pon4uk.ua (big blind) folded before Flop
Seat 6: jerem774 folded on the Flop



PokerStars Hand #254763446674:  Hold'em No Limit ($0.50/$1.00 USD) - 2025/02/08 10:36:35 WET [2025/02/08 5:36:35 ET]
Table 'Scheherezade' 6-max Seat #4 is the button
Seat 1: ARCTlCkiss ($104.58 in chips) 
Seat 2: gudrozd ($119.74 in chips) 
Seat 3: William_Gull ($146.63 in chips) 
Seat 4: danuuutz ($102.88 in chips) 
Seat 5: Pon4uk.ua ($216.41 in chips) 
Seat 6: jerem774 ($29.61 in chips) 
Pon4uk.ua: posts small blind $0.50
jerem774: posts big blind $1
*** HOLE CARDS ***
ARCTlCkiss: folds 
gudrozd: folds 
William_Gull: folds 
danuuutz: raises $1.10 to $2.10
Pon4uk.ua: folds 
jerem774: calls $1.10
*** FLOP *** [Jc 5h Kd]
jerem774: checks 
danuuutz: bets $1.25
jerem774: raises $1.25 to $2.50
danuuutz: folds 
Uncalled bet ($1.25) returned to jerem774
jerem774 collected $6.84 from pot
*** SUMMARY ***
Total pot $7.20 | Rake $0.36 
Board [Jc 5h Kd]
Seat 1: ARCTlCkiss folded before Flop (didn't bet)
Seat 2: gudrozd folded before Flop (didn't bet)
Seat 3: William_Gull folded before Flop (didn't bet)
Seat 4: danuuutz (button) folded on the Flop
Seat 5: Pon4uk.ua (small blind) folded before Flop
Seat 6: jerem774 (big blind) collected ($6.84)



PokerStars Hand #254763451369:  Hold'em No Limit ($0.50/$1.00 USD) - 2025/02/08 10:37:13 WET [2025/02/08 5:37:13 ET]
Table 'Scheherezade' 6-max Seat #5 is the button
Seat 1: ARCTlCkiss ($104.58 in chips) 
Seat 2: gudrozd ($119.74 in chips) 
Seat 3: William_Gull ($146.63 in chips) 
Seat 4: danuuutz ($100 in chips) 
Seat 5: Pon4uk.ua ($215.91 in chips) 
Seat 6: jerem774 ($33.10 in chips) 
jerem774: posts small blind $0.50
ARCTlCkiss: posts big blind $1
*** HOLE CARDS ***
gudrozd: raises $1.50 to $2.50
William_Gull: raises $5.50 to $8
danuuutz: folds 
Pon4uk.ua: folds 
jerem774: calls $7.50
ARCTlCkiss: folds 
gudrozd: folds 
*** FLOP *** [9c Kd Qs]
jerem774: checks 
William_Gull: checks 
*** TURN *** [9c Kd Qs] [2d]
jerem774: checks 
William_Gull: bets $138.63 and is all-in
jerem774: folds 
Uncalled bet ($138.63) returned to William_Gull
William_Gull collected $18.52 from pot
William_Gull: doesn't show hand 
*** SUMMARY ***
Total pot $19.50 | Rake $0.98 
Board [9c Kd Qs 2d]
Seat 1: ARCTlCkiss (big blind) folded before Flop
Seat 2: gudrozd folded before Flop
Seat 3: William_Gull collected ($18.52)
Seat 4: danuuutz folded before Flop (didn't bet)
Seat 5: Pon4uk.ua (button) folded before Flop (didn't bet)
Seat 6: jerem774 (small blind) folded on the Turn



PokerStars Hand #254763456123:  Hold'em No Limit ($0.50/$1.00 USD) - 2025/02/08 10:37:52 WET [2025/02/08 5:37:52 ET]
Table 'Scheherezade' 6-max Seat #6 is the button
Seat 1: ARCTlCkiss ($103.58 in chips) 
Seat 2: gudrozd ($117.24 in chips) 
Seat 3: William_Gull ($157.15 in chips) 
Seat 4: danuuutz ($100 in chips) 
Seat 5: Pon4uk.ua ($215.91 in chips) 
Seat 6: jerem774 ($25.10 in chips) 
ARCTlCkiss: posts small blind $0.50
gudrozd: posts big blind $1
*** HOLE CARDS ***
William_Gull: folds 
danuuutz: folds 
Pon4uk.ua: raises $1.50 to $2.50
jerem774: raises $1.50 to $4
ARCTlCkiss: folds 
gudrozd: folds 
Pon4uk.ua: calls $1.50
*** FLOP *** [Qd Qh 9c]
Pon4uk.ua: checks 
jerem774: checks 
*** TURN *** [Qd Qh 9c] [Kd]
Pon4uk.ua: checks 
jerem774: checks 
*** RIVER *** [Qd Qh 9c Kd] [6s]
Pon4uk.ua: bets $2
jerem774: calls $2
*** SHOW DOWN ***
Pon4uk.ua: shows [Kc Th] (two pair, Kings and Queens)
jerem774: mucks hand 
Pon4uk.ua collected $12.82 from pot
*** SUMMARY ***
Total pot $13.50 | Rake $0.68 
Board [Qd Qh 9c Kd 6s]
Seat 1: ARCTlCkiss (small blind) folded before Flop
Seat 2: gudrozd (big blind) folded before Flop
Seat 3: William_Gull folded before Flop (didn't bet)
Seat 4: danuuutz folded before Flop (didn't bet)
Seat 5: Pon4uk.ua showed [Kc Th] and won ($12.82) with two pair, Kings and Queens
Seat 6: jerem774 (button) mucked



PokerStars Hand #254763462288:  Hold'em No Limit ($0.50/$1.00 USD) - 2025/02/08 10:38:42 WET [2025/02/08 5:38:42 ET]
Table 'Scheherezade' 6-max Seat #1 is the button
Seat 1: ARCTlCkiss ($103.08 in chips) 
Seat 2: gudrozd ($116.24 in chips) 
Seat 3: William_Gull ($157.15 in chips) 
Seat 4: danuuutz ($100 in chips) 
Seat 5: Pon4uk.ua ($222.73 in chips) 
Seat 6: jerem774 ($19.10 in chips) 
gudrozd: posts small blind $0.50
William_Gull: posts big blind $1
*** HOLE CARDS ***
danuuutz: folds 
Pon4uk.ua has timed out
Pon4uk.ua: folds 
jerem774: calls $1
ARCTlCkiss: folds 
gudrozd: folds 
William_Gull: checks 
*** FLOP *** [9h Jh 8c]
William_Gull: checks 
jerem774: checks 
*** TURN *** [9h Jh 8c] [8s]
William_Gull: checks 
jerem774: checks 
*** RIVER *** [9h Jh 8c 8s] [Kd]
William_Gull: checks 
jerem774: checks 
*** SHOW DOWN ***
William_Gull: shows [6h Ac] (a pair of Eights)
jerem774: mucks hand 
William_Gull collected $2.38 from pot
*** SUMMARY ***
Total pot $2.50 | Rake $0.12 
Board [9h Jh 8c 8s Kd]
Seat 1: ARCTlCkiss (button) folded before Flop (didn't bet)
Seat 2: gudrozd (small blind) folded before Flop
Seat 3: William_Gull (big blind) showed [6h Ac] and won ($2.38) with a pair of Eights
Seat 4: danuuutz folded before Flop (didn't bet)
Seat 5: Pon4uk.ua folded before Flop (didn't bet)
Seat 6: jerem774 mucked



PokerStars Hand #254763467752:  Hold'em No Limit ($0.50/$1.00 USD) - 2025/02/08 10:39:25 WET [2025/02/08 5:39:25 ET]
Table 'Scheherezade' 6-max Seat #2 is the button
Seat 1: ARCTlCkiss ($103.08 in chips) 
Seat 2: gudrozd ($115.74 in chips) 
Seat 3: William_Gull ($158.53 in chips) 
Seat 4: danuuutz ($100 in chips) 
Seat 5: Pon4uk.ua ($222.73 in chips) 
Seat 6: jerem774 ($18.10 in chips) 
William_Gull: posts small blind $0.50
danuuutz: posts big blind $1
*** HOLE CARDS ***
Pon4uk.ua: raises $1 to $2
jerem774: calls $2
ARCTlCkiss: folds 
gudrozd: calls $2
William_Gull: folds 
danuuutz: folds 
*** FLOP *** [7c Ah Qs]
Pon4uk.ua: bets $2
jerem774: folds 
gudrozd: calls $2
*** TURN *** [7c Ah Qs] [2c]
Pon4uk.ua: bets $8.19
gudrozd: folds 
Uncalled bet ($8.19) returned to Pon4uk.ua
Pon4uk.ua collected $10.92 from pot
Pon4uk.ua: doesn't show hand 
*** SUMMARY ***
Total pot $11.50 | Rake $0.58 
Board [7c Ah Qs 2c]
Seat 1: ARCTlCkiss folded before Flop (didn't bet)
Seat 2: gudrozd (button) folded on the Turn
Seat 3: William_Gull (small blind) folded before Flop
Seat 4: danuuutz (big blind) folded before Flop
Seat 5: Pon4uk.ua collected ($10.92)
Seat 6: jerem774 folded on the Flop



PokerStars Hand #254763346509:  Hold'em No Limit ($0.50/$1.00 USD) - 2025/02/08 10:23:09 WET [2025/02/08 5:23:09 ET]
Table 'Scheherezade' 6-max Seat #3 is the button
Seat 5: trueYes.3970 ($0 in chips) is sitting out
Seat 1: ARCTlCkiss ($102.04 in chips) 
Seat 2: gudrozd ($103.31 in chips) 
Seat 3: William_Gull ($100 in chips) 
Seat 4: danuuutz ($122.81 in chips) 
Seat 6: jerem774 ($52.28 in chips) 
danuuutz: posts small blind $0.50
jerem774: posts big blind $1
*** HOLE CARDS ***
ARCTlCkiss: folds 
gudrozd: raises $1.50 to $2.50
William_Gull: folds 
danuuutz: calls $2
jerem774: calls $1.50
*** FLOP *** [Qc 2c 7d]
danuuutz: bets $1.99
jerem774: raises $1.99 to $3.98
gudrozd: calls $3.98
danuuutz: calls $1.99
*** TURN *** [Qc 2c 7d] [8d]
danuuutz: checks 
jerem774: checks 
gudrozd: bets $13.85
danuuutz: calls $13.85
jerem774: calls $13.85
*** RIVER *** [Qc 2c 7d 8d] [3s]
danuuutz: checks 
jerem774: checks 
gudrozd: checks 
*** SHOW DOWN ***
danuuutz: shows [Ac 6c] (high card Ace)
jerem774: shows [Qd 7s] (two pair, Queens and Sevens)
gudrozd: mucks hand 
jerem774 collected $58.49 from pot
*** SUMMARY ***
Total pot $60.99 | Rake $2.50 
Board [Qc 2c 7d 8d 3s]
Seat 5: trueYes.3970
Seat 1: ARCTlCkiss folded before Flop (didn't bet)
Seat 2: gudrozd mucked
Seat 3: William_Gull (button) folded before Flop (didn't bet)
Seat 4: danuuutz (small blind) showed [Ac 6c] and lost with high card Ace
Seat 6: jerem774 (big blind) showed [Qd 7s] and won ($58.49) with two pair, Queens and Sevens



PokerStars Hand #254763357821:  Hold'em No Limit ($0.50/$1.00 USD) - 2025/02/08 10:24:41 WET [2025/02/08 5:24:41 ET]
Table 'Scheherezade' 6-max Seat #4 is the button
Seat 5: trueYes.3970 ($0 in chips) is sitting out
Seat 1: ARCTlCkiss ($102.04 in chips) 
Seat 2: gudrozd ($100 in chips) 
Seat 3: William_Gull ($100 in chips) 
Seat 4: danuuutz ($102.48 in chips) 
Seat 6: jerem774 ($90.44 in chips) 
jerem774: posts small blind $0.50
ARCTlCkiss: posts big blind $1
*** HOLE CARDS ***
gudrozd: folds 
William_Gull: folds 
danuuutz: folds 
jerem774: calls $0.50
ARCTlCkiss: raises $3 to $4
jerem774: calls $3
*** FLOP *** [Th Jd 6d]
jerem774: checks 
ARCTlCkiss: checks 
*** TURN *** [Th Jd 6d] [9s]
jerem774: checks 
ARCTlCkiss: bets $2.13
jerem774: calls $2.13
*** RIVER *** [Th Jd 6d 9s] [Qs]
jerem774: bets $5.83
ARCTlCkiss: folds 
Uncalled bet ($5.83) returned to jerem774
jerem774 collected $11.65 from pot
*** SUMMARY ***
Total pot $12.26 | Rake $0.61 
Board [Th Jd 6d 9s Qs]
Seat 5: trueYes.3970
Seat 1: ARCTlCkiss (big blind) folded on the River
Seat 2: gudrozd folded before Flop (didn't bet)
Seat 3: William_Gull folded before Flop (didn't bet)
Seat 4: danuuutz (button) folded before Flop (didn't bet)
Seat 6: jerem774 (small blind) collected ($11.65)



PokerStars Hand #254763364917:  Hold'em No Limit ($0.50/$1.00 USD) - 2025/02/08 10:25:38 WET [2025/02/08 5:25:38 ET]
Table 'Scheherezade' 6-max Seat #6 is the button
Seat 5: trueYes.3970 ($0 in chips) is sitting out
Seat 1: ARCTlCkiss ($100 in chips) 
Seat 2: gudrozd ($100 in chips) 
Seat 3: William_Gull ($100 in chips) 
Seat 4: danuuutz ($102.48 in chips) 
Seat 6: jerem774 ($95.96 in chips) 
ARCTlCkiss: posts small blind $0.50
gudrozd: posts big blind $1
*** HOLE CARDS ***
William_Gull: folds 
danuuutz: raises $1.10 to $2.10
jerem774: calls $2.10
ARCTlCkiss: calls $1.60
gudrozd: folds 
*** FLOP *** [Kh Kd 2s]
ARCTlCkiss: checks 
danuuutz: checks 
jerem774: checks 
*** TURN *** [Kh Kd 2s] [3h]
ARCTlCkiss: checks 
danuuutz: bets $5.07
jerem774: folds 
ARCTlCkiss: folds 
Uncalled bet ($5.07) returned to danuuutz
danuuutz collected $6.94 from pot
danuuutz: doesn't show hand 
*** SUMMARY ***
Total pot $7.30 | Rake $0.36 
Board [Kh Kd 2s 3h]
Seat 5: trueYes.3970
Seat 1: ARCTlCkiss (small blind) folded on the Turn
Seat 2: gudrozd (big blind) folded before Flop
Seat 3: William_Gull folded before Flop (didn't bet)
Seat 4: danuuutz collected ($6.94)
Seat 6: jerem774 (button) folded on the Turn



PokerStars Hand #254763372905:  Hold'em No Limit ($0.50/$1.00 USD) - 2025/02/08 10:26:42 WET [2025/02/08 5:26:42 ET]
Table 'Scheherezade' 6-max Seat #1 is the button
Seat 5: trueYes.3970 ($0 in chips) is sitting out
Seat 1: ARCTlCkiss ($100 in chips) 
Seat 2: gudrozd ($100 in chips) 
Seat 3: William_Gull ($100 in chips) 
Seat 4: danuuutz ($107.32 in chips) 
Seat 6: jerem774 ($93.86 in chips) 
gudrozd: posts small blind $0.50
William_Gull: posts big blind $1
*** HOLE CARDS ***
danuuutz: folds 
jerem774: calls $1
ARCTlCkiss: raises $2.50 to $3.50
gudrozd: folds 
William_Gull: folds 
jerem774: calls $2.50
*** FLOP *** [Jh 8c 2d]
jerem774: checks 
ARCTlCkiss: bets $2.26
jerem774: calls $2.26
*** TURN *** [Jh 8c 2d] [Td]
jerem774: checks 
ARCTlCkiss: checks 
*** RIVER *** [Jh 8c 2d Td] [9h]
jerem774: checks 
ARCTlCkiss: checks 
*** SHOW DOWN ***
jerem774: shows [Js Ad] (a pair of Jacks)
ARCTlCkiss: mucks hand 
jerem774 collected $12.37 from pot
*** SUMMARY ***
Total pot $13.02 | Rake $0.65 
Board [Jh 8c 2d Td 9h]
Seat 5: trueYes.3970
Seat 1: ARCTlCkiss (button) mucked
Seat 2: gudrozd (small blind) folded before Flop
Seat 3: William_Gull (big blind) folded before Flop
Seat 4: danuuutz folded before Flop (didn't bet)
Seat 6: jerem774 showed [Js Ad] and won ($12.37) with a pair of Jacks



PokerStars Hand #254763380723:  Hold'em No Limit ($0.50/$1.00 USD) - 2025/02/08 10:27:45 WET [2025/02/08 5:27:45 ET]
Table 'Scheherezade' 6-max Seat #2 is the button
Seat 5: trueYes.3970 ($0 in chips) is sitting out
Seat 1: ARCTlCkiss ($100 in chips) 
Seat 2: gudrozd ($100 in chips) 
Seat 3: William_Gull ($100 in chips) 
Seat 4: danuuutz ($107.32 in chips) 
Seat 6: jerem774 ($100.47 in chips) 
William_Gull: posts small blind $0.50
danuuutz: posts big blind $1
*** HOLE CARDS ***
jerem774: calls $1
ARCTlCkiss: raises $2.50 to $3.50
gudrozd: folds 
William_Gull: folds 
danuuutz: folds 
jerem774: calls $2.50
*** FLOP *** [8d 5s 4h]
jerem774: checks 
ARCTlCkiss: bets $4.20
jerem774: folds 
Uncalled bet ($4.20) returned to ARCTlCkiss
ARCTlCkiss collected $8.08 from pot
ARCTlCkiss: doesn't show hand 
*** SUMMARY ***
Total pot $8.50 | Rake $0.42 
Board [8d 5s 4h]
Seat 5: trueYes.3970
Seat 1: ARCTlCkiss collected ($8.08)
Seat 2: gudrozd (button) folded before Flop (didn't bet)
Seat 3: William_Gull (small blind) folded before Flop
Seat 4: danuuutz (big blind) folded before Flop
Seat 6: jerem774 folded on the Flop



PokerStars Hand #254763384757:  Hold'em No Limit ($0.50/$1.00 USD) - 2025/02/08 10:28:17 WET [2025/02/08 5:28:17 ET]
Table 'Scheherezade' 6-max Seat #3 is the button
Seat 5: trueYes.3970 ($0 in chips) is sitting out
Seat 1: ARCTlCkiss ($104.58 in chips) 
Seat 2: gudrozd ($100 in chips) 
Seat 3: William_Gull ($100 in chips) 
Seat 4: danuuutz ($106.32 in chips) 
Seat 6: jerem774 ($96.97 in chips) 
danuuutz: posts small blind $0.50
jerem774: posts big blind $1
*** HOLE CARDS ***
ARCTlCkiss: raises $1.53 to $2.53
gudrozd: folds 
William_Gull: folds 
danuuutz: folds 
jerem774: folds 
Uncalled bet ($1.53) returned to ARCTlCkiss
ARCTlCkiss collected $2.50 from pot
ARCTlCkiss: doesn't show hand 
*** SUMMARY ***
Total pot $2.50 | Rake $0 
Seat 5: trueYes.3970
Seat 1: ARCTlCkiss collected ($2.50)
Seat 2: gudrozd folded before Flop (didn't bet)
Seat 3: William_Gull (button) folded before Flop (didn't bet)
Seat 4: danuuutz (small blind) folded before Flop
Seat 6: jerem774 (big blind) folded before Flop



PokerStars Hand #254763391065:  Hold'em No Limit ($0.50/$1.00 USD) - 2025/02/08 10:29:08 WET [2025/02/08 5:29:08 ET]
Table 'Scheherezade' 6-max Seat #4 is the button
Seat 5: trueYes.3970 ($0 in chips) is sitting out
Seat 1: ARCTlCkiss ($106.08 in chips) 
Seat 2: gudrozd ($100 in chips) 
Seat 3: William_Gull ($100 in chips) 
Seat 4: danuuutz ($105.82 in chips) 
Seat 6: jerem774 ($95.97 in chips) 
jerem774: posts small blind $0.50
ARCTlCkiss: posts big blind $1
*** HOLE CARDS ***
gudrozd: folds 
William_Gull: folds 
danuuutz: raises $1.10 to $2.10
jerem774: folds 
ARCTlCkiss: folds 
Uncalled bet ($1.10) returned to danuuutz
danuuutz collected $2.50 from pot
danuuutz: doesn't show hand 
*** SUMMARY ***
Total pot $2.50 | Rake $0 
Seat 5: trueYes.3970
Seat 1: ARCTlCkiss (big blind) folded before Flop
Seat 2: gudrozd folded before Flop (didn't bet)
Seat 3: William_Gull folded before Flop (didn't bet)
Seat 4: danuuutz (button) collected ($2.50)
Seat 6: jerem774 (small blind) folded before Flop



PokerStars Hand #254763394444:  Hold'em No Limit ($0.50/$1.00 USD) - 2025/02/08 10:29:36 WET [2025/02/08 5:29:36 ET]
Table 'Scheherezade' 6-max Seat #6 is the button
Seat 5: trueYes.3970 ($0 in chips) is sitting out
Seat 1: ARCTlCkiss ($105.08 in chips) 
Seat 2: gudrozd ($100 in chips) 
Seat 3: William_Gull ($100 in chips) 
Seat 4: danuuutz ($107.32 in chips) 
Seat 6: jerem774 ($95.47 in chips) 
ARCTlCkiss: posts small blind $0.50
gudrozd: posts big blind $1
*** HOLE CARDS ***
William_Gull: folds 
danuuutz: folds 
jerem774 is disconnected 
jerem774 is connected 
jerem774 has timed out
jerem774: folds 
ARCTlCkiss: raises $2.08 to $3.08
gudrozd: folds 
Uncalled bet ($2.08) returned to ARCTlCkiss
ARCTlCkiss collected $2 from pot
ARCTlCkiss: doesn't show hand 
*** SUMMARY ***
Total pot $2 | Rake $0 
Seat 5: trueYes.3970
Seat 1: ARCTlCkiss (small blind) collected ($2)
Seat 2: gudrozd (big blind) folded before Flop
Seat 3: William_Gull folded before Flop (didn't bet)
Seat 4: danuuutz folded before Flop (didn't bet)
Seat 6: jerem774 (button) folded before Flop (didn't bet)



PokerStars Hand #254763401026:  Hold'em No Limit ($0.50/$1.00 USD) - 2025/02/08 10:30:29 WET [2025/02/08 5:30:29 ET]
Table 'Scheherezade' 6-max Seat #1 is the button
Seat 5: trueYes.3970 ($0 in chips) is sitting out
Seat 1: ARCTlCkiss ($106.08 in chips) 
Seat 2: gudrozd ($100 in chips) 
Seat 3: William_Gull ($100 in chips) 
Seat 4: danuuutz ($107.32 in chips) 
Seat 6: jerem774 ($95.47 in chips) 
gudrozd: posts small blind $0.50
William_Gull: posts big blind $1
*** HOLE CARDS ***
danuuutz: folds 
jerem774: calls $1
ARCTlCkiss: folds 
gudrozd: folds 
William_Gull: checks 
*** FLOP *** [4c 6d 3c]
William_Gull: checks 
jerem774: checks 
*** TURN *** [4c 6d 3c] [2h]
William_Gull: bets $1.95
jerem774: raises $1.95 to $3.90
William_Gull: raises $5.10 to $9
jerem774: calls $5.10
*** RIVER *** [4c 6d 3c 2h] [Tc]
William_Gull: bets $15.97
jerem774: calls $15.97
*** SHOW DOWN ***
William_Gull: shows [5c Qc] (a flush, Queen high)
jerem774: mucks hand 
William_Gull collected $49.94 from pot
*** SUMMARY ***
Total pot $52.44 | Rake $2.50 
Board [4c 6d 3c 2h Tc]
Seat 5: trueYes.3970
Seat 1: ARCTlCkiss (button) folded before Flop (didn't bet)
Seat 2: gudrozd (small blind) folded before Flop
Seat 3: William_Gull (big blind) showed [5c Qc] and won ($49.94) with a flush, Queen high
Seat 4: danuuutz folded before Flop (didn't bet)
Seat 6: jerem774 mucked



PokerStars Hand #254763408371:  Hold'em No Limit ($0.50/$1.00 USD) - 2025/02/08 10:31:28 WET [2025/02/08 5:31:28 ET]
Table 'Scheherezade' 6-max Seat #2 is the button
Seat 5: trueYes.3970 ($0 in chips) is sitting out
Seat 1: ARCTlCkiss ($106.08 in chips) 
Seat 2: gudrozd ($100 in chips) 
Seat 3: William_Gull ($123.97 in chips) 
Seat 4: danuuutz ($107.32 in chips) 
Seat 6: jerem774 ($69.50 in chips) 
William_Gull: posts small blind $0.50
danuuutz: posts big blind $1
*** HOLE CARDS ***
jerem774: calls $1
ARCTlCkiss: folds 
gudrozd: raises $4 to $5
William_Gull: folds 
danuuutz: folds 
jerem774: calls $4
*** FLOP *** [Kd Ac As]
jerem774: checks 
gudrozd: bets $3.60
jerem774: folds 
Uncalled bet ($3.60) returned to gudrozd
gudrozd collected $10.92 from pot
gudrozd: doesn't show hand 
*** SUMMARY ***
Total pot $11.50 | Rake $0.58 
Board [Kd Ac As]
Seat 5: trueYes.3970
Seat 1: ARCTlCkiss folded before Flop (didn't bet)
Seat 2: gudrozd (button) collected ($10.92)
Seat 3: William_Gull (small blind) folded before Flop
Seat 4: danuuutz (big blind) folded before Flop
Seat 6: jerem774 folded on the Flop



PokerStars Hand #254763411125:  Hold'em No Limit ($0.50/$1.00 USD) - 2025/02/08 10:31:50 WET [2025/02/08 5:31:50 ET]
Table 'Scheherezade' 6-max Seat #3 is the button
Seat 5: trueYes.3970 ($0 in chips) is sitting out
Seat 1: ARCTlCkiss ($106.08 in chips) 
Seat 2: gudrozd ($105.92 in chips) 
Seat 3: William_Gull ($123.47 in chips) 
Seat 4: danuuutz ($106.32 in chips) 
Seat 6: jerem774 ($64.50 in chips) 
danuuutz: posts small blind $0.50
jerem774: posts big blind $1
*** HOLE CARDS ***
ARCTlCkiss: folds 
gudrozd: folds 
William_Gull: folds 
danuuutz: raises $1.10 to $2.10
jerem774: calls $1.10
*** FLOP *** [6c 3c Qh]
danuuutz: checks 
jerem774: checks 
*** TURN *** [6c 3c Qh] [2h]
danuuutz: checks 
jerem774: checks 
*** RIVER *** [6c 3c Qh 2h] [Qc]
danuuutz: checks 
trueYes.3970 leaves the table
jerem774: checks 
*** SHOW DOWN ***
danuuutz: shows [2s As] (two pair, Queens and Deuces)
jerem774: shows [3d Jc] (two pair, Queens and Threes)
jerem774 collected $3.99 from pot
*** SUMMARY ***
Total pot $4.20 | Rake $0.21 
Board [6c 3c Qh 2h Qc]
Seat 5: trueYes.3970
Seat 1: ARCTlCkiss folded before Flop (didn't bet)
Seat 2: gudrozd folded before Flop (didn't bet)
Seat 3: William_Gull (button) folded before Flop (didn't bet)
Seat 4: danuuutz (small blind) showed [2s As] and lost with two pair, Queens and Deuces
Seat 6: jerem774 (big blind) showed [3d Jc] and won ($3.99) with two pair, Queens and Threes



PokerStars Hand #254763417450:  Hold'em No Limit ($0.50/$1.00 USD) - 2025/02/08 10:32:41 WET [2025/02/08 5:32:41 ET]
Table 'Scheherezade' 6-max Seat #4 is the button
Seat 1: ARCTlCkiss ($106.08 in chips) 
Seat 2: gudrozd ($105.92 in chips) 
Seat 3: William_Gull ($123.47 in chips) 
Seat 4: danuuutz ($104.22 in chips) 
Seat 6: jerem774 ($66.39 in chips) 
jerem774: posts small blind $0.50
ARCTlCkiss: posts big blind $1
*** HOLE CARDS ***
gudrozd: raises $1.50 to $2.50
William_Gull: raises $6.50 to $9
danuuutz: folds 
jerem774: folds 
ARCTlCkiss: folds 
gudrozd: raises $13 to $22
Pon4uk.ua joins the table at seat #5 
William_Gull: folds 
Uncalled bet ($13) returned to gudrozd
gudrozd collected $19.50 from pot
gudrozd: doesn't show hand 
*** SUMMARY ***
Total pot $19.50 | Rake $0 
Seat 1: ARCTlCkiss (big blind) folded before Flop
Seat 2: gudrozd collected ($19.50)
Seat 3: William_Gull folded before Flop
Seat 4: danuuutz (button) folded before Flop (didn't bet)
Seat 6: jerem774 (small blind) folded before Flop



PokerStars Hand #254763177403:  Hold'em No Limit ($0.50/$1.00 USD) - 2025/02/08 9:59:03 WET [2025/02/08 4:59:03 ET]
Table 'Scheherezade' 6-max Seat #5 is the button
Seat 1: gudrozd ($100 in chips) 
Seat 2: Pon4uk.ua ($213.45 in chips) 
Seat 3: Ydys20 ($112.50 in chips) 
Seat 4: William_Gull ($101.84 in chips) 
Seat 5: 50CandyJoe ($141.91 in chips) 
Seat 6: jerem774 ($40.83 in chips) 
jerem774: posts small blind $0.50
gudrozd: posts big blind $1
*** HOLE CARDS ***
Pon4uk.ua: folds 
Ydys20: folds 
William_Gull: folds 
50CandyJoe: raises $1.50 to $2.50
jerem774: folds 
gudrozd: folds 
Uncalled bet ($1.50) returned to 50CandyJoe
50CandyJoe collected $2.50 from pot
50CandyJoe: doesn't show hand 
*** SUMMARY ***
Total pot $2.50 | Rake $0 
Seat 1: gudrozd (big blind) folded before Flop
Seat 2: Pon4uk.ua folded before Flop (didn't bet)
Seat 3: Ydys20 folded before Flop (didn't bet)
Seat 4: William_Gull folded before Flop (didn't bet)
Seat 5: 50CandyJoe (button) collected ($2.50)
Seat 6: jerem774 (small blind) folded before Flop



PokerStars Hand #254763179140:  Hold'em No Limit ($0.50/$1.00 USD) - 2025/02/08 9:59:21 WET [2025/02/08 4:59:21 ET]
Table 'Scheherezade' 6-max Seat #6 is the button
Seat 1: gudrozd ($100 in chips) 
Seat 2: Pon4uk.ua ($213.45 in chips) 
Seat 3: Ydys20 ($112.50 in chips) 
Seat 4: William_Gull ($101.84 in chips) 
Seat 5: 50CandyJoe ($143.41 in chips) 
Seat 6: jerem774 ($40.33 in chips) 
gudrozd: posts small blind $0.50
Pon4uk.ua: posts big blind $1
*** HOLE CARDS ***
Ydys20: folds 
William_Gull: folds 
50CandyJoe: folds 
jerem774: calls $1
gudrozd: folds 
Pon4uk.ua: checks 
*** FLOP *** [4s Tc 4d]
Pon4uk.ua: checks 
jerem774: checks 
*** TURN *** [4s Tc 4d] [6c]
Pon4uk.ua: bets $2
jerem774: calls $2
*** RIVER *** [4s Tc 4d 6c] [Js]
Pon4uk.ua: bets $4.64
jerem774: folds 
Uncalled bet ($4.64) returned to Pon4uk.ua
Pon4uk.ua collected $6.18 from pot
Pon4uk.ua: doesn't show hand 
*** SUMMARY ***
Total pot $6.50 | Rake $0.32 
Board [4s Tc 4d 6c Js]
Seat 1: gudrozd (small blind) folded before Flop
Seat 2: Pon4uk.ua (big blind) collected ($6.18)
Seat 3: Ydys20 folded before Flop (didn't bet)
Seat 4: William_Gull folded before Flop (didn't bet)
Seat 5: 50CandyJoe folded before Flop (didn't bet)
Seat 6: jerem774 (button) folded on the River



PokerStars Hand #254763184257:  Hold'em No Limit ($0.50/$1.00 USD) - 2025/02/08 10:00:13 WET [2025/02/08 5:00:13 ET]
Table 'Scheherezade' 6-max Seat #1 is the button
Seat 1: gudrozd ($100 in chips) 
Seat 2: Pon4uk.ua ($216.63 in chips) 
Seat 3: Ydys20 ($112.50 in chips) 
Seat 4: William_Gull ($101.84 in chips) 
Seat 5: 50CandyJoe ($143.41 in chips) 
Seat 6: jerem774 ($37.33 in chips) 
Pon4uk.ua: posts small blind $0.50
Ydys20: posts big blind $1
*** HOLE CARDS ***
William_Gull: folds 
50CandyJoe: folds 
jerem774: folds 
gudrozd: raises $1.50 to $2.50
Pon4uk.ua: folds 
Ydys20: folds 
Uncalled bet ($1.50) returned to gudrozd
gudrozd collected $2.50 from pot
gudrozd: doesn't show hand 
*** SUMMARY ***
Total pot $2.50 | Rake $0 
Seat 1: gudrozd (button) collected ($2.50)
Seat 2: Pon4uk.ua (small blind) folded before Flop
Seat 3: Ydys20 (big blind) folded before Flop
Seat 4: William_Gull folded before Flop (didn't bet)
Seat 5: 50CandyJoe folded before Flop (didn't bet)
Seat 6: jerem774 folded before Flop (didn't bet)



PokerStars Hand #254763186597:  Hold'em No Limit ($0.50/$1.00 USD) - 2025/02/08 10:00:35 WET [2025/02/08 5:00:35 ET]
Table 'Scheherezade' 6-max Seat #2 is the button
Seat 4: William_Gull ($101.84 in chips) is sitting out
Seat 1: gudrozd ($101.50 in chips) 
Seat 2: Pon4uk.ua ($216.13 in chips) 
Seat 3: Ydys20 ($111.50 in chips) 
Seat 5: 50CandyJoe ($143.41 in chips) 
Seat 6: jerem774 ($37.33 in chips) 
Ydys20: posts small blind $0.50
William_Gull: is sitting out 
50CandyJoe: posts big blind $1
*** HOLE CARDS ***
jerem774: calls $1
gudrozd: folds 
Pon4uk.ua: folds 
Ydys20: folds 
50CandyJoe: checks 
*** FLOP *** [7d Qs 7s]
50CandyJoe: checks 
jerem774: checks 
*** TURN *** [7d Qs 7s] [Kc]
William_Gull leaves the table
50CandyJoe: bets $1.57
jerem774: calls $1.57
*** RIVER *** [7d Qs 7s Kc] [Qh]
ojeriza joins the table at seat #4 
50CandyJoe: checks 
jerem774: checks 
*** SHOW DOWN ***
50CandyJoe: shows [3s 4s] (two pair, Queens and Sevens)
jerem774: shows [Td 7c] (a full house, Sevens full of Queens)
jerem774 collected $5.36 from pot
*** SUMMARY ***
Total pot $5.64 | Rake $0.28 
Board [7d Qs 7s Kc Qh]
Seat 4: William_Gull
Seat 1: gudrozd folded before Flop (didn't bet)
Seat 2: Pon4uk.ua (button) folded before Flop (didn't bet)
Seat 3: Ydys20 (small blind) folded before Flop
Seat 5: 50CandyJoe (big blind) showed [3s 4s] and lost with two pair, Queens and Sevens
Seat 6: jerem774 showed [Td 7c] and won ($5.36) with a full house, Sevens full of Queens



PokerStars Hand #254763189829:  Hold'em No Limit ($0.50/$1.00 USD) - 2025/02/08 10:01:05 WET [2025/02/08 5:01:05 ET]
Table 'Scheherezade' 6-max Seat #3 is the button
Seat 4: ojeriza ($100 in chips) is sitting out
Seat 1: gudrozd ($101.50 in chips) 
Seat 2: Pon4uk.ua ($216.13 in chips) 
Seat 3: Ydys20 ($111 in chips) 
Seat 5: 50CandyJoe ($140.84 in chips) 
Seat 6: jerem774 ($40.12 in chips) 
50CandyJoe: posts small blind $0.50
jerem774: posts big blind $1
*** HOLE CARDS ***
gudrozd: folds 
Pon4uk.ua: folds 
Ydys20: folds 
50CandyJoe: folds 
Uncalled bet ($0.50) returned to jerem774
jerem774 collected $1 from pot
*** SUMMARY ***
Total pot $1 | Rake $0 
Seat 4: ojeriza
Seat 1: gudrozd folded before Flop (didn't bet)
Seat 2: Pon4uk.ua folded before Flop (didn't bet)
Seat 3: Ydys20 (button) folded before Flop (didn't bet)
Seat 5: 50CandyJoe (small blind) folded before Flop
Seat 6: jerem774 (big blind) collected ($1)



PokerStars Hand #254763191203:  Hold'em No Limit ($0.50/$1.00 USD) - 2025/02/08 10:01:18 WET [2025/02/08 5:01:18 ET]
Table 'Scheherezade' 6-max Seat #5 is the button
Seat 4: ojeriza ($100 in chips) is sitting out
Seat 1: gudrozd ($101.50 in chips) 
Seat 2: Pon4uk.ua ($216.13 in chips) 
Seat 3: Ydys20 ($111 in chips) 
Seat 5: 50CandyJoe ($140.34 in chips) 
Seat 6: jerem774 ($40.62 in chips) 
jerem774: posts small blind $0.50
gudrozd: posts big blind $1
ojeriza: sits out 
*** HOLE CARDS ***
Pon4uk.ua: folds 
Ydys20: folds 
50CandyJoe: raises $1.50 to $2.50
jerem774: folds 
gudrozd: calls $1.50
*** FLOP *** [9s Kd 5d]
gudrozd: checks 
50CandyJoe: checks 
*** TURN *** [9s Kd 5d] [7s]
gudrozd: bets $7.83
50CandyJoe: folds 
Uncalled bet ($7.83) returned to gudrozd
gudrozd collected $5.22 from pot
gudrozd: doesn't show hand 
*** SUMMARY ***
Total pot $5.50 | Rake $0.28 
Board [9s Kd 5d 7s]
Seat 4: ojeriza
Seat 1: gudrozd (big blind) collected ($5.22)
Seat 2: Pon4uk.ua folded before Flop (didn't bet)
Seat 3: Ydys20 folded before Flop (didn't bet)
Seat 5: 50CandyJoe (button) folded on the Turn
Seat 6: jerem774 (small blind) folded before Flop



PokerStars Hand #254763196142:  Hold'em No Limit ($0.50/$1.00 USD) - 2025/02/08 10:02:01 WET [2025/02/08 5:02:01 ET]
Table 'Scheherezade' 6-max Seat #6 is the button
Seat 4: ojeriza ($100 in chips) is sitting out
Seat 1: gudrozd ($104.22 in chips) 
Seat 2: Pon4uk.ua ($216.13 in chips) 
Seat 3: Ydys20 ($111 in chips) 
Seat 5: 50CandyJoe ($137.84 in chips) 
Seat 6: jerem774 ($40.12 in chips) 
gudrozd: posts small blind $0.50
Pon4uk.ua: posts big blind $1
ojeriza: sits out 
*** HOLE CARDS ***
Ydys20: folds 
50CandyJoe: folds 
jerem774: calls $1
gudrozd: folds 
Pon4uk.ua: checks 
*** FLOP *** [3s Kc 6s]
Pon4uk.ua: checks 
jerem774: checks 
*** TURN *** [3s Kc 6s] [7d]
Pon4uk.ua: checks 
jerem774: checks 
*** RIVER *** [3s Kc 6s 7d] [3c]
Pon4uk.ua: bets $1
jerem774: folds 
Uncalled bet ($1) returned to Pon4uk.ua
Pon4uk.ua collected $2.38 from pot
Pon4uk.ua: doesn't show hand 
*** SUMMARY ***
Total pot $2.50 | Rake $0.12 
Board [3s Kc 6s 7d 3c]
Seat 4: ojeriza
Seat 1: gudrozd (small blind) folded before Flop
Seat 2: Pon4uk.ua (big blind) collected ($2.38)
Seat 3: Ydys20 folded before Flop (didn't bet)
Seat 5: 50CandyJoe folded before Flop (didn't bet)
Seat 6: jerem774 (button) folded on the River



PokerStars Hand #254763199777:  Hold'em No Limit ($0.50/$1.00 USD) - 2025/02/08 10:02:33 WET [2025/02/08 5:02:33 ET]
Table 'Scheherezade' 6-max Seat #1 is the button
Seat 4: ojeriza ($100 in chips) is sitting out
Seat 1: gudrozd ($103.72 in chips) 
Seat 2: Pon4uk.ua ($217.51 in chips) 
Seat 3: Ydys20 ($111 in chips) 
Seat 5: 50CandyJoe ($137.84 in chips) 
Seat 6: jerem774 ($39.12 in chips) 
Pon4uk.ua: posts small blind $0.50
Ydys20: posts big blind $1
ojeriza: sits out 
*** HOLE CARDS ***
50CandyJoe: raises $1.20 to $2.20
jerem774: calls $2.20
gudrozd: folds 
Pon4uk.ua: folds 
Ydys20: folds 
*** FLOP *** [2h Ad 5c]
50CandyJoe: bets $1
jerem774: calls $1
*** TURN *** [2h Ad 5c] [7d]
50CandyJoe: bets $1.88
jerem774: calls $1.88
*** RIVER *** [2h Ad 5c 7d] [8d]
50CandyJoe: bets $1.11
jerem774: calls $1.11
*** SHOW DOWN ***
50CandyJoe: shows [Th Tc] (a pair of Tens)
jerem774: shows [Ac 6c] (a pair of Aces)
jerem774 collected $13.19 from pot
*** SUMMARY ***
Total pot $13.88 | Rake $0.69 
Board [2h Ad 5c 7d 8d]
Seat 4: ojeriza
Seat 1: gudrozd (button) folded before Flop (didn't bet)
Seat 2: Pon4uk.ua (small blind) folded before Flop
Seat 3: Ydys20 (big blind) folded before Flop
Seat 5: 50CandyJoe showed [Th Tc] and lost with a pair of Tens
Seat 6: jerem774 showed [Ac 6c] and won ($13.19) with a pair of Aces



PokerStars Hand #254763203044:  Hold'em No Limit ($0.50/$1.00 USD) - 2025/02/08 10:03:01 WET [2025/02/08 5:03:01 ET]
Table 'Scheherezade' 6-max Seat #2 is the button
Seat 1: gudrozd ($103.72 in chips) 
Seat 2: Pon4uk.ua ($217.01 in chips) 
Seat 3: Ydys20 ($110 in chips) 
Seat 4: ojeriza ($100 in chips) 
Seat 5: 50CandyJoe ($131.65 in chips) 
Seat 6: jerem774 ($46.12 in chips) 
Ydys20: posts small blind $0.50
ojeriza: posts big blind $1
*** HOLE CARDS ***
50CandyJoe: folds 
jerem774: calls $1
gudrozd: folds 
Pon4uk.ua: raises $3 to $4
Ydys20: folds 
ojeriza: folds 
jerem774: calls $3
*** FLOP *** [9h Jh 7d]
jerem774: checks 
Pon4uk.ua: bets $3
jerem774: folds 
Uncalled bet ($3) returned to Pon4uk.ua
Pon4uk.ua collected $9.02 from pot
Pon4uk.ua: doesn't show hand 
*** SUMMARY ***
Total pot $9.50 | Rake $0.48 
Board [9h Jh 7d]
Seat 1: gudrozd folded before Flop (didn't bet)
Seat 2: Pon4uk.ua (button) collected ($9.02)
Seat 3: Ydys20 (small blind) folded before Flop
Seat 4: ojeriza (big blind) folded before Flop
Seat 5: 50CandyJoe folded before Flop (didn't bet)
Seat 6: jerem774 folded on the Flop



PokerStars Hand #254763206937:  Hold'em No Limit ($0.50/$1.00 USD) - 2025/02/08 10:03:34 WET [2025/02/08 5:03:34 ET]
Table 'Scheherezade' 6-max Seat #3 is the button
Seat 1: gudrozd ($103.72 in chips) 
Seat 2: Pon4uk.ua ($222.03 in chips) 
Seat 3: Ydys20 ($109.50 in chips) 
Seat 4: ojeriza ($100 in chips) 
Seat 5: 50CandyJoe ($131.65 in chips) 
Seat 6: jerem774 ($42.12 in chips) 
ojeriza: posts small blind $0.50
50CandyJoe: posts big blind $1
*** HOLE CARDS ***
jerem774: calls $1
gudrozd: folds 
Pon4uk.ua: folds 
Ydys20: raises $2.50 to $3.50
ojeriza: folds 
50CandyJoe: calls $2.50
jerem774: calls $2.50
*** FLOP *** [Th 7d 9d]
50CandyJoe: checks 
jerem774: checks 
Ydys20: checks 
*** TURN *** [Th 7d 9d] [5h]
50CandyJoe: checks 
jerem774: checks 
Ydys20: checks 
*** RIVER *** [Th 7d 9d 5h] [6d]
50CandyJoe: checks 
jerem774: checks 
Ydys20: checks 
*** SHOW DOWN ***
50CandyJoe: shows [6s As] (a pair of Sixes)
jerem774: mucks hand 
Ydys20: shows [Ad 6h] (a pair of Sixes)
50CandyJoe collected $5.23 from pot
Ydys20 collected $5.22 from pot
*** SUMMARY ***
Total pot $11 | Rake $0.55 
Board [Th 7d 9d 5h 6d]
Seat 1: gudrozd folded before Flop (didn't bet)
Seat 2: Pon4uk.ua folded before Flop (didn't bet)
Seat 3: Ydys20 (button) showed [Ad 6h] and won ($5.22) with a pair of Sixes
Seat 4: ojeriza (small blind) folded before Flop
Seat 5: 50CandyJoe (big blind) showed [6s As] and won ($5.23) with a pair of Sixes
Seat 6: jerem774 mucked



PokerStars Hand #254763219605:  Hold'em No Limit ($0.50/$1.00 USD) - 2025/02/08 10:05:22 WET [2025/02/08 5:05:22 ET]
Table 'Scheherezade' 6-max Seat #4 is the button
Seat 1: gudrozd ($103.72 in chips) 
Seat 2: Pon4uk.ua ($222.03 in chips) 
Seat 3: Ydys20 ($111.22 in chips) 
Seat 4: ojeriza ($100 in chips) 
Seat 5: 50CandyJoe ($133.38 in chips) 
Seat 6: jerem774 ($38.62 in chips) 
50CandyJoe: posts small blind $0.50
jerem774: posts big blind $1
*** HOLE CARDS ***
gudrozd: folds 
Pon4uk.ua: folds 
Ydys20: folds 
ojeriza: folds 
50CandyJoe: folds 
Uncalled bet ($0.50) returned to jerem774
jerem774 collected $1 from pot
*** SUMMARY ***
Total pot $1 | Rake $0 
Seat 1: gudrozd folded before Flop (didn't bet)
Seat 2: Pon4uk.ua folded before Flop (didn't bet)
Seat 3: Ydys20 folded before Flop (didn't bet)
Seat 4: ojeriza (button) folded before Flop (didn't bet)
Seat 5: 50CandyJoe (small blind) folded before Flop
Seat 6: jerem774 (big blind) collected ($1)



PokerStars Hand #254763221009:  Hold'em No Limit ($0.50/$1.00 USD) - 2025/02/08 10:05:34 WET [2025/02/08 5:05:34 ET]
Table 'Scheherezade' 6-max Seat #5 is the button
Seat 1: gudrozd ($103.72 in chips) 
Seat 2: Pon4uk.ua ($222.03 in chips) 
Seat 3: Ydys20 ($111.22 in chips) 
Seat 4: ojeriza ($100 in chips) 
Seat 5: 50CandyJoe ($132.88 in chips) 
Seat 6: jerem774 ($39.12 in chips) 
jerem774: posts small blind $0.50
gudrozd: posts big blind $1
*** HOLE CARDS ***
Pon4uk.ua: folds 
Ydys20: folds 
ojeriza: folds 
50CandyJoe: raises $1.50 to $2.50
jerem774: calls $2
gudrozd: folds 
*** FLOP *** [6s Jh 2h]
jerem774: checks 
50CandyJoe: bets $1.43
jerem774: folds 
Uncalled bet ($1.43) returned to 50CandyJoe
50CandyJoe collected $5.70 from pot
50CandyJoe: doesn't show hand 
*** SUMMARY ***
Total pot $6 | Rake $0.30 
Board [6s Jh 2h]
Seat 1: gudrozd (big blind) folded before Flop
Seat 2: Pon4uk.ua folded before Flop (didn't bet)
Seat 3: Ydys20 folded before Flop (didn't bet)
Seat 4: ojeriza folded before Flop (didn't bet)
Seat 5: 50CandyJoe (button) collected ($5.70)
Seat 6: jerem774 (small blind) folded on the Flop



PokerStars Hand #254763223672:  Hold'em No Limit ($0.50/$1.00 USD) - 2025/02/08 10:05:57 WET [2025/02/08 5:05:57 ET]
Table 'Scheherezade' 6-max Seat #6 is the button
Seat 1: gudrozd ($102.72 in chips) 
Seat 2: Pon4uk.ua ($222.03 in chips) 
Seat 3: Ydys20 ($111.22 in chips) 
Seat 4: ojeriza ($100 in chips) 
Seat 5: 50CandyJoe ($136.08 in chips) 
Seat 6: jerem774 ($36.62 in chips) 
gudrozd: posts small blind $0.50
Pon4uk.ua: posts big blind $1
*** HOLE CARDS ***
Ydys20: folds 
ojeriza: raises $1.12 to $2.12
50CandyJoe: folds 
jerem774: folds 
gudrozd: folds 
Pon4uk.ua: folds 
Uncalled bet ($1.12) returned to ojeriza
ojeriza collected $2.50 from pot
ojeriza: doesn't show hand 
*** SUMMARY ***
Total pot $2.50 | Rake $0 
Seat 1: gudrozd (small blind) folded before Flop
Seat 2: Pon4uk.ua (big blind) folded before Flop
Seat 3: Ydys20 folded before Flop (didn't bet)
Seat 4: ojeriza collected ($2.50)
Seat 5: 50CandyJoe folded before Flop (didn't bet)
Seat 6: jerem774 (button) folded before Flop (didn't bet)



PokerStars Hand #254763226612:  Hold'em No Limit ($0.50/$1.00 USD) - 2025/02/08 10:06:22 WET [2025/02/08 5:06:22 ET]
Table 'Scheherezade' 6-max Seat #1 is the button
Seat 1: gudrozd ($102.22 in chips) 
Seat 2: Pon4uk.ua ($221.03 in chips) 
Seat 3: Ydys20 ($111.22 in chips) 
Seat 4: ojeriza ($101.50 in chips) 
Seat 5: 50CandyJoe ($136.08 in chips) 
Seat 6: jerem774 ($36.62 in chips) 
Pon4uk.ua: posts small blind $0.50
Ydys20: posts big blind $1
*** HOLE CARDS ***
ojeriza: raises $1.12 to $2.12
50CandyJoe: calls $2.12
jerem774: calls $2.12
gudrozd: folds 
Pon4uk.ua: calls $1.62
Ydys20: folds 
*** FLOP *** [4h Kh 9h]
Pon4uk.ua: checks 
ojeriza: bets $2.25
50CandyJoe: folds 
jerem774 has timed out
jerem774: folds 
Pon4uk.ua: folds 
Uncalled bet ($2.25) returned to ojeriza
ojeriza collected $9.01 from pot
ojeriza: doesn't show hand 
*** SUMMARY ***
Total pot $9.48 | Rake $0.47 
Board [4h Kh 9h]
Seat 1: gudrozd (button) folded before Flop (didn't bet)
Seat 2: Pon4uk.ua (small blind) folded on the Flop
Seat 3: Ydys20 (big blind) folded before Flop
Seat 4: ojeriza collected ($9.01)
Seat 5: 50CandyJoe folded on the Flop
Seat 6: jerem774 folded on the Flop



PokerStars Hand #254763234806:  Hold'em No Limit ($0.50/$1.00 USD) - 2025/02/08 10:07:33 WET [2025/02/08 5:07:33 ET]
Table 'Scheherezade' 6-max Seat #2 is the button
Seat 4: ojeriza ($108.39 in chips) is sitting out
Seat 6: jerem774 ($34.50 in chips) is sitting out
Seat 1: gudrozd ($102.22 in chips) 
Seat 2: Pon4uk.ua ($218.91 in chips) 
Seat 3: Ydys20 ($110.22 in chips) 
Seat 5: 50CandyJoe ($133.96 in chips) 
Ydys20: posts small blind $0.50
ojeriza: is sitting out 
50CandyJoe: posts big blind $1
*** HOLE CARDS ***
ojeriza leaves the table
gudrozd: raises $1.50 to $2.50
Pon4uk.ua: folds 
Ydys20: folds 
50CandyJoe: calls $1.50
*** FLOP *** [5c 8d Td]
50CandyJoe: checks 
gudrozd: checks 
*** TURN *** [5c 8d Td] [7c]
EBoshered joins the table at seat #4 
50CandyJoe: checks 
gudrozd: bets $7.83
50CandyJoe: calls $7.83
*** RIVER *** [5c 8d Td 7c] [7h]
50CandyJoe: checks 
gudrozd: checks 
*** SHOW DOWN ***
50CandyJoe: shows [5d 5s] (a full house, Fives full of Sevens)
gudrozd: mucks hand 
50CandyJoe collected $20.16 from pot
*** SUMMARY ***
Total pot $21.16 | Rake $1 
Board [5c 8d Td 7c 7h]
Seat 4: ojeriza
Seat 6: jerem774
Seat 1: gudrozd mucked
Seat 2: Pon4uk.ua (button) folded before Flop (didn't bet)
Seat 3: Ydys20 (small blind) folded before Flop
Seat 5: 50CandyJoe (big blind) showed [5d 5s] and won ($20.16) with a full house, Fives full of Sevens



PokerStars Hand #254763243554:  Hold'em No Limit ($0.50/$1.00 USD) - 2025/02/08 10:08:47 WET [2025/02/08 5:08:47 ET]
Table 'Scheherezade' 6-max Seat #3 is the button
Seat 4: EBoshered ($100 in chips) is sitting out
Seat 6: jerem774 ($34.50 in chips) is sitting out
Seat 1: gudrozd ($100 in chips) 
Seat 2: Pon4uk.ua ($218.91 in chips) 
Seat 3: Ydys20 ($109.72 in chips) 
Seat 5: 50CandyJoe ($143.79 in chips) 
50CandyJoe: posts small blind $0.50
gudrozd: posts big blind $1
*** HOLE CARDS ***
Pon4uk.ua: folds 
Ydys20: raises $1.50 to $2.50
50CandyJoe: folds 
gudrozd: folds 
Uncalled bet ($1.50) returned to Ydys20
Ydys20 collected $2.50 from pot
Ydys20: doesn't show hand 
*** SUMMARY ***
Total pot $2.50 | Rake $0 
Seat 4: EBoshered
Seat 6: jerem774
Seat 1: gudrozd (big blind) folded before Flop
Seat 2: Pon4uk.ua folded before Flop (didn't bet)
Seat 3: Ydys20 (button) collected ($2.50)
Seat 5: 50CandyJoe (small blind) folded before Flop



PokerStars Hand #254763244745:  Hold'em No Limit ($0.50/$1.00 USD) - 2025/02/08 10:08:56 WET [2025/02/08 5:08:56 ET]
Table 'Scheherezade' 6-max Seat #5 is the button
Seat 4: EBoshered ($100 in chips) is sitting out
Seat 6: jerem774 ($34.50 in chips) is sitting out
Seat 1: gudrozd ($100 in chips) 
Seat 2: Pon4uk.ua ($218.91 in chips) 
Seat 3: Ydys20 ($111.22 in chips) 
Seat 5: 50CandyJoe ($143.29 in chips) 
gudrozd: posts small blind $0.50
Pon4uk.ua: posts big blind $1
EBoshered: sits out 
*** HOLE CARDS ***
Ydys20: raises $1.50 to $2.50
50CandyJoe: folds 
gudrozd: folds 
Pon4uk.ua: folds 
Uncalled bet ($1.50) returned to Ydys20
Ydys20 collected $2.50 from pot
Ydys20: doesn't show hand 
*** SUMMARY ***
Total pot $2.50 | Rake $0 
Seat 4: EBoshered
Seat 6: jerem774
Seat 1: gudrozd (small blind) folded before Flop
Seat 2: Pon4uk.ua (big blind) folded before Flop
Seat 3: Ydys20 collected ($2.50)
Seat 5: 50CandyJoe (button) folded before Flop (didn't bet)



PokerStars Hand #254763246618:  Hold'em No Limit ($0.50/$1.00 USD) - 2025/02/08 10:09:13 WET [2025/02/08 5:09:13 ET]
Table 'Scheherezade' 6-max Seat #1 is the button
Seat 3: Ydys20 ($112.72 in chips) is sitting out
Seat 6: jerem774 ($34.50 in chips) is sitting out
Seat 1: gudrozd ($100 in chips) 
Seat 2: Pon4uk.ua ($217.91 in chips) 
Seat 4: EBoshered ($100 in chips) 
Seat 5: 50CandyJoe ($143.29 in chips) 
Pon4uk.ua: posts small blind $0.50
Ydys20: is sitting out 
EBoshered: posts big blind $1
*** HOLE CARDS ***
50CandyJoe: folds 
Ydys20 leaves the table
gudrozd: raises $1.50 to $2.50
Pon4uk.ua: folds 
EBoshered: calls $1.50
*** FLOP *** [9d Kc 2h]
EBoshered: checks 
gudrozd: checks 
*** TURN *** [9d Kc 2h] [8s]
EBoshered: checks 
gudrozd: checks 
*** RIVER *** [9d Kc 2h 8s] [7d]
EBoshered: checks 
gudrozd: checks 
*** SHOW DOWN ***
EBoshered: shows [Ah 8h] (a pair of Eights)
gudrozd: mucks hand 
EBoshered collected $5.22 from pot
*** SUMMARY ***
Total pot $5.50 | Rake $0.28 
Board [9d Kc 2h 8s 7d]
Seat 3: Ydys20
Seat 6: jerem774
Seat 1: gudrozd (button) mucked
Seat 2: Pon4uk.ua (small blind) folded before Flop
Seat 4: EBoshered (big blind) showed [Ah 8h] and won ($5.22) with a pair of Eights
Seat 5: 50CandyJoe folded before Flop (didn't bet)



PokerStars Hand #254763256201:  Hold'em No Limit ($0.50/$1.00 USD) - 2025/02/08 10:10:34 WET [2025/02/08 5:10:34 ET]
Table 'Scheherezade' 6-max Seat #2 is the button
Seat 6: jerem774 ($34.50 in chips) is sitting out
Seat 1: gudrozd ($100 in chips) 
Seat 2: Pon4uk.ua ($217.41 in chips) 
Seat 4: EBoshered ($102.72 in chips) 
Seat 5: 50CandyJoe ($143.29 in chips) 
EBoshered: posts small blind $0.50
50CandyJoe: posts big blind $1
*** HOLE CARDS ***
gudrozd: folds 
Pon4uk.ua: folds 
EBoshered: raises $2 to $3
50CandyJoe: raises $7 to $10
EBoshered: raises $14 to $24
50CandyJoe: folds 
Uncalled bet ($14) returned to EBoshered
EBoshered collected $20 from pot
EBoshered: doesn't show hand 
*** SUMMARY ***
Total pot $20 | Rake $0 
Seat 6: jerem774
Seat 1: gudrozd folded before Flop (didn't bet)
Seat 2: Pon4uk.ua (button) folded before Flop (didn't bet)
Seat 4: EBoshered (small blind) collected ($20)
Seat 5: 50CandyJoe (big blind) folded before Flop



PokerStars Hand #254763261194:  Hold'em No Limit ($0.50/$1.00 USD) - 2025/02/08 10:11:16 WET [2025/02/08 5:11:16 ET]
Table 'Scheherezade' 6-max Seat #5 is the button
Seat 1: gudrozd ($100 in chips) is sitting out
Seat 2: Pon4uk.ua ($217.41 in chips) is sitting out
Seat 6: jerem774 ($34.50 in chips) is sitting out
Seat 4: EBoshered ($112.72 in chips) 
Seat 5: 50CandyJoe ($133.29 in chips) 
50CandyJoe: posts small blind $0.50
gudrozd: is sitting out 
Pon4uk.ua: is sitting out 
EBoshered: posts big blind $1
*** HOLE CARDS ***
50CandyJoe: raises $1.50 to $2.50
Pon4uk.ua leaves the table
EBoshered: calls $1.50
*** FLOP *** [Kc Jh As]
gudrozd leaves the table
EBoshered: checks 
50CandyJoe: bets $1.57
EBoshered: folds 
Uncalled bet ($1.57) returned to 50CandyJoe
50CandyJoe collected $4.75 from pot
50CandyJoe: doesn't show hand 
*** SUMMARY ***
Total pot $5 | Rake $0.25 
Board [Kc Jh As]
Seat 1: gudrozd
Seat 2: Pon4uk.ua
Seat 6: jerem774
Seat 4: EBoshered (big blind) folded on the Flop
Seat 5: 50CandyJoe (button) (small blind) collected ($4.75)



PokerStars Hand #254763263948:  Hold'em No Limit ($0.50/$1.00 USD) - 2025/02/08 10:11:40 WET [2025/02/08 5:11:40 ET]
Table 'Scheherezade' 6-max Seat #4 is the button
Seat 6: jerem774 ($34.50 in chips) is sitting out
Seat 4: EBoshered ($110.22 in chips) 
Seat 5: 50CandyJoe ($135.54 in chips) 
EBoshered: posts small blind $0.50
50CandyJoe: posts big blind $1
*** HOLE CARDS ***
EBoshered: folds 
Uncalled bet ($0.50) returned to 50CandyJoe
50CandyJoe collected $1 from pot
50CandyJoe: doesn't show hand 
*** SUMMARY ***
Total pot $1 | Rake $0 
Seat 6: jerem774
Seat 4: EBoshered (button) (small blind) folded before Flop
Seat 5: 50CandyJoe (big blind) collected ($1)



PokerStars Hand #254763280271:  Hold'em No Limit ($0.50/$1.00 USD) - 2025/02/08 10:13:58 WET [2025/02/08 5:13:58 ET]
Table 'Scheherezade' 6-max Seat #6 is the button
Seat 2: gudrozd ($100 in chips) 
Seat 6: jerem774 ($34.50 in chips) 
jerem774: posts small blind $0.50
gudrozd: posts big blind $1
*** HOLE CARDS ***
jerem774: calls $0.50
gudrozd: checks 
*** FLOP *** [8s 8c Qs]
ARCTlCkiss joins the table at seat #1 
gudrozd: checks 
jerem774: checks 
*** TURN *** [8s 8c Qs] [3c]
gudrozd: bets $1
William_Gull joins the table at seat #3 
jerem774: folds 
Uncalled bet ($1) returned to gudrozd
gudrozd collected $1.90 from pot
gudrozd: doesn't show hand 
*** SUMMARY ***
Total pot $2 | Rake $0.10 
Board [8s 8c Qs 3c]
Seat 2: gudrozd (big blind) collected ($1.90)
Seat 6: jerem774 (button) (small blind) folded on the Turn



PokerStars Hand #254763284478:  Hold'em No Limit ($0.50/$1.00 USD) - 2025/02/08 10:14:34 WET [2025/02/08 5:14:34 ET]
Table 'Scheherezade' 6-max Seat #2 is the button
Seat 3: William_Gull ($101.84 in chips) is sitting out
Seat 1: ARCTlCkiss ($100 in chips) 
Seat 2: gudrozd ($100.90 in chips) 
Seat 6: jerem774 ($33.50 in chips) 
jerem774: posts small blind $0.50
ARCTlCkiss: posts big blind $1
*** HOLE CARDS ***
gudrozd: folds 
jerem774: calls $0.50
danuuutz joins the table at seat #4 
ARCTlCkiss: checks 
*** FLOP *** [Ad Tc As]
jerem774: checks 
ARCTlCkiss: checks 
*** TURN *** [Ad Tc As] [4d]
jerem774: checks 
ARCTlCkiss: bets $1
jerem774: calls $1
*** RIVER *** [Ad Tc As 4d] [5d]
jerem774: checks 
ARCTlCkiss: checks 
*** SHOW DOWN ***
jerem774: shows [Qh Ks] (a pair of Aces)
ARCTlCkiss: shows [Ts 6c] (two pair, Aces and Tens)
ARCTlCkiss collected $3.80 from pot
*** SUMMARY ***
Total pot $4 | Rake $0.20 
Board [Ad Tc As 4d 5d]
Seat 3: William_Gull
Seat 1: ARCTlCkiss (big blind) showed [Ts 6c] and won ($3.80) with two pair, Aces and Tens
Seat 2: gudrozd (button) folded before Flop (didn't bet)
Seat 6: jerem774 (small blind) showed [Qh Ks] and lost with a pair of Aces



PokerStars Hand #254763288283:  Hold'em No Limit ($0.50/$1.00 USD) - 2025/02/08 10:15:06 WET [2025/02/08 5:15:06 ET]
Table 'Scheherezade' 6-max Seat #6 is the button
Seat 3: William_Gull ($101.84 in chips) is sitting out
Seat 4: danuuutz ($100 in chips) is sitting out
Seat 1: ARCTlCkiss ($101.80 in chips) 
Seat 2: gudrozd ($100.90 in chips) 
Seat 6: jerem774 ($31.50 in chips) 
ARCTlCkiss: posts small blind $0.50
gudrozd: posts big blind $1
William_Gull: sits out 
danuuutz: sits out 
*** HOLE CARDS ***
jerem774: calls $1
trueYes.3970 joins the table at seat #5 
trueYes.3970 is disconnected 
ARCTlCkiss: calls $0.50
gudrozd: checks 
*** FLOP *** [Qd Kc Th]
ARCTlCkiss: checks 
gudrozd: checks 
jerem774: checks 
*** TURN *** [Qd Kc Th] [9d]
ARCTlCkiss: checks 
gudrozd: bets $2.85
jerem774: folds 
ARCTlCkiss: calls $2.85
*** RIVER *** [Qd Kc Th 9d] [8h]
ARCTlCkiss: checks 
gudrozd: bets $6.20
ARCTlCkiss: folds 
Uncalled bet ($6.20) returned to gudrozd
gudrozd collected $8.26 from pot
gudrozd: doesn't show hand 
*** SUMMARY ***
Total pot $8.70 | Rake $0.44 
Board [Qd Kc Th 9d 8h]
Seat 3: William_Gull
Seat 4: danuuutz
Seat 1: ARCTlCkiss (small blind) folded on the River
Seat 2: gudrozd (big blind) collected ($8.26)
Seat 6: jerem774 (button) folded on the Turn



PokerStars Hand #254763296849:  Hold'em No Limit ($0.50/$1.00 USD) - 2025/02/08 10:16:17 WET [2025/02/08 5:16:17 ET]
Table 'Scheherezade' 6-max Seat #1 is the button
Seat 4: danuuutz ($100 in chips) is sitting out
Seat 1: ARCTlCkiss ($100 in chips) 
Seat 2: gudrozd ($105.31 in chips) 
Seat 3: William_Gull ($101.84 in chips) 
Seat 5: trueYes.3970 ($14.11 in chips) 
Seat 6: jerem774 ($30.50 in chips) 
gudrozd: posts small blind $0.50
William_Gull: posts big blind $1
danuuutz: sits out 
trueYes.3970: posts big blind $1
*** HOLE CARDS ***
trueYes.3970: raises $1.12 to $2.12
jerem774: calls $2.12
ARCTlCkiss: folds 
gudrozd: folds 
William_Gull: folds 
*** FLOP *** [6c 3h 5c]
trueYes.3970: checks 
jerem774: checks 
*** TURN *** [6c 3h 5c] [8d]
trueYes.3970: bets $2.95
jerem774: calls $2.95
*** RIVER *** [6c 3h 5c 8d] [Qh]
trueYes.3970: checks 
jerem774: checks 
*** SHOW DOWN ***
trueYes.3970: shows [Jd 4h] (high card Queen)
jerem774: shows [Qd 4d] (a pair of Queens)
jerem774 collected $11.06 from pot
*** SUMMARY ***
Total pot $11.64 | Rake $0.58 
Board [6c 3h 5c 8d Qh]
Seat 4: danuuutz
Seat 1: ARCTlCkiss (button) folded before Flop (didn't bet)
Seat 2: gudrozd (small blind) folded before Flop
Seat 3: William_Gull (big blind) folded before Flop
Seat 5: trueYes.3970 showed [Jd 4h] and lost with high card Queen
Seat 6: jerem774 showed [Qd 4d] and won ($11.06) with a pair of Queens



PokerStars Hand #254763302386:  Hold'em No Limit ($0.50/$1.00 USD) - 2025/02/08 10:17:04 WET [2025/02/08 5:17:04 ET]
Table 'Scheherezade' 6-max Seat #2 is the button
Seat 1: ARCTlCkiss ($100 in chips) 
Seat 2: gudrozd ($104.81 in chips) 
Seat 3: William_Gull ($100.84 in chips) 
Seat 4: danuuutz ($100 in chips) 
Seat 5: trueYes.3970 ($9.04 in chips) 
Seat 6: jerem774 ($36.49 in chips) 
William_Gull: posts small blind $0.50
danuuutz: posts big blind $1
*** HOLE CARDS ***
trueYes.3970: folds 
jerem774: calls $1
ARCTlCkiss: raises $2.50 to $3.50
gudrozd: folds 
William_Gull: folds 
danuuutz: calls $2.50
jerem774: calls $2.50
*** FLOP *** [2d 7d Qd]
danuuutz: checks 
jerem774: checks 
ARCTlCkiss: bets $2.93
danuuutz: calls $2.93
jerem774: calls $2.93
*** TURN *** [2d 7d Qd] [Qs]
danuuutz: bets $15.98
jerem774: folds 
ARCTlCkiss: calls $15.98
*** RIVER *** [2d 7d Qd Qs] [3c]
danuuutz: bets $16.25
ARCTlCkiss: folds 
Uncalled bet ($16.25) returned to danuuutz
danuuutz collected $49.25 from pot
danuuutz: doesn't show hand 
*** SUMMARY ***
Total pot $51.75 | Rake $2.50 
Board [2d 7d Qd Qs 3c]
Seat 1: ARCTlCkiss folded on the River
Seat 2: gudrozd (button) folded before Flop (didn't bet)
Seat 3: William_Gull (small blind) folded before Flop
Seat 4: danuuutz (big blind) collected ($49.25)
Seat 5: trueYes.3970 folded before Flop (didn't bet)
Seat 6: jerem774 folded on the Turn



PokerStars Hand #254763316575:  Hold'em No Limit ($0.50/$1.00 USD) - 2025/02/08 10:19:04 WET [2025/02/08 5:19:04 ET]
Table 'Scheherezade' 6-max Seat #4 is the button
Seat 1: ARCTlCkiss ($100 in chips) 
Seat 2: gudrozd ($104.81 in chips) 
Seat 3: William_Gull ($100.34 in chips) 
Seat 4: danuuutz ($126.34 in chips) 
Seat 5: trueYes.3970 ($12.22 in chips) 
Seat 6: jerem774 ($27.06 in chips) 
trueYes.3970: posts small blind $0.50
jerem774: posts big blind $1
*** HOLE CARDS ***
ARCTlCkiss: raises $1.53 to $2.53
gudrozd: folds 
William_Gull: folds 
danuuutz: calls $2.53
trueYes.3970: calls $2.03
jerem774: calls $1.53
*** FLOP *** [9s 5d 2s]
trueYes.3970: checks 
jerem774: checks 
ARCTlCkiss: checks 
danuuutz: checks 
*** TURN *** [9s 5d 2s] [3h]
trueYes.3970: checks 
jerem774: checks 
ARCTlCkiss: checks 
danuuutz: checks 
*** RIVER *** [9s 5d 2s 3h] [2d]
trueYes.3970: checks 
jerem774: bets $4
ARCTlCkiss: folds 
danuuutz: folds 
trueYes.3970: folds 
Uncalled bet ($4) returned to jerem774
jerem774 collected $9.61 from pot
*** SUMMARY ***
Total pot $10.12 | Rake $0.51 
Board [9s 5d 2s 3h 2d]
Seat 1: ARCTlCkiss folded on the River
Seat 2: gudrozd folded before Flop (didn't bet)
Seat 3: William_Gull folded before Flop (didn't bet)
Seat 4: danuuutz (button) folded on the River
Seat 5: trueYes.3970 (small blind) folded on the River
Seat 6: jerem774 (big blind) collected ($9.61)



PokerStars Hand #254763324697:  Hold'em No Limit ($0.50/$1.00 USD) - 2025/02/08 10:20:12 WET [2025/02/08 5:20:12 ET]
Table 'Scheherezade' 6-max Seat #5 is the button
Seat 1: ARCTlCkiss ($100 in chips) 
Seat 2: gudrozd ($104.81 in chips) 
Seat 3: William_Gull ($100.34 in chips) 
Seat 4: danuuutz ($123.81 in chips) 
Seat 5: trueYes.3970 ($9.69 in chips) 
Seat 6: jerem774 ($34.14 in chips) 
jerem774: posts small blind $0.50
ARCTlCkiss: posts big blind $1
*** HOLE CARDS ***
gudrozd: folds 
William_Gull: raises $1.50 to $2.50
danuuutz: folds 
trueYes.3970: folds 
jerem774: calls $2
ARCTlCkiss: folds 
*** FLOP *** [7h 5d Ac]
jerem774: checks 
William_Gull: checks 
*** TURN *** [7h 5d Ac] [4d]
jerem774: checks 
William_Gull: bets $3
jerem774: calls $3
*** RIVER *** [7h 5d Ac 4d] [Th]
jerem774: checks 
William_Gull: checks 
*** SHOW DOWN ***
jerem774: shows [2d 2c] (a pair of Deuces)
William_Gull: mucks hand 
jerem774 collected $11.40 from pot
*** SUMMARY ***
Total pot $12 | Rake $0.60 
Board [7h 5d Ac 4d Th]
Seat 1: ARCTlCkiss (big blind) folded before Flop
Seat 2: gudrozd folded before Flop (didn't bet)
Seat 3: William_Gull mucked
Seat 4: danuuutz folded before Flop (didn't bet)
Seat 5: trueYes.3970 (button) folded before Flop (didn't bet)
Seat 6: jerem774 (small blind) showed [2d 2c] and won ($11.40) with a pair of Deuces



PokerStars Hand #254763329930:  Hold'em No Limit ($0.50/$1.00 USD) - 2025/02/08 10:20:55 WET [2025/02/08 5:20:55 ET]
Table 'Scheherezade' 6-max Seat #6 is the button
Seat 1: ARCTlCkiss ($100 in chips) 
Seat 2: gudrozd ($104.81 in chips) 
Seat 3: William_Gull ($100 in chips) 
Seat 4: danuuutz ($123.81 in chips) 
Seat 5: trueYes.3970 ($9.69 in chips) 
Seat 6: jerem774 ($40.04 in chips) 
ARCTlCkiss: posts small blind $0.50
gudrozd: posts big blind $1
*** HOLE CARDS ***
William_Gull: folds 
danuuutz: folds 
trueYes.3970: folds 
jerem774: calls $1
ARCTlCkiss: calls $0.50
gudrozd: checks 
*** FLOP *** [Jh 8s 8h]
ARCTlCkiss: checks 
gudrozd: checks 
jerem774: checks 
*** TURN *** [Jh 8s 8h] [7c]
ARCTlCkiss: bets $2.22
gudrozd: folds 
jerem774: folds 
Uncalled bet ($2.22) returned to ARCTlCkiss
ARCTlCkiss collected $2.85 from pot
ARCTlCkiss: doesn't show hand 
*** SUMMARY ***
Total pot $3 | Rake $0.15 
Board [Jh 8s 8h 7c]
Seat 1: ARCTlCkiss (small blind) collected ($2.85)
Seat 2: gudrozd (big blind) folded on the Turn
Seat 3: William_Gull folded before Flop (didn't bet)
Seat 4: danuuutz folded before Flop (didn't bet)
Seat 5: trueYes.3970 folded before Flop (didn't bet)
Seat 6: jerem774 (button) folded on the Turn



PokerStars Hand #254763333666:  Hold'em No Limit ($0.50/$1.00 USD) - 2025/02/08 10:21:25 WET [2025/02/08 5:21:25 ET]
Table 'Scheherezade' 6-max Seat #1 is the button
Seat 1: ARCTlCkiss ($101.85 in chips) 
Seat 2: gudrozd ($103.81 in chips) 
Seat 3: William_Gull ($100 in chips) 
Seat 4: danuuutz ($123.81 in chips) 
Seat 5: trueYes.3970 ($9.69 in chips) 
Seat 6: jerem774 ($39.04 in chips) 
gudrozd: posts small blind $0.50
William_Gull: posts big blind $1
*** HOLE CARDS ***
danuuutz: folds 
trueYes.3970: raises $3 to $4
jerem774: folds 
ARCTlCkiss: raises $7 to $11
gudrozd: folds 
William_Gull: folds 
trueYes.3970: calls $5.69 and is all-in
Uncalled bet ($1.31) returned to ARCTlCkiss
*** FLOP *** [3h Qd 8d]
*** TURN *** [3h Qd 8d] [Qc]
*** RIVER *** [3h Qd 8d Qc] [Ah]
*** SHOW DOWN ***
trueYes.3970: shows [As 2c] (two pair, Aces and Queens)
ARCTlCkiss: shows [Ad Tc] (two pair, Aces and Queens - Ten kicker)
ARCTlCkiss collected $19.84 from pot
*** SUMMARY ***
Total pot $20.88 | Rake $1.04 
Board [3h Qd 8d Qc Ah]
Seat 1: ARCTlCkiss (button) showed [Ad Tc] and won ($19.84) with two pair, Aces and Queens
Seat 2: gudrozd (small blind) folded before Flop
Seat 3: William_Gull (big blind) folded before Flop
Seat 4: danuuutz folded before Flop (didn't bet)
Seat 5: trueYes.3970 showed [As 2c] and lost with two pair, Aces and Queens
Seat 6: jerem774 folded before Flop (didn't bet)



PokerStars Hand #254763337896:  Hold'em No Limit ($0.50/$1.00 USD) - 2025/02/08 10:22:00 WET [2025/02/08 5:22:00 ET]
Table 'Scheherezade' 6-max Seat #2 is the button
Seat 5: trueYes.3970 ($0 in chips) is sitting out
Seat 1: ARCTlCkiss ($112 in chips) 
Seat 2: gudrozd ($103.31 in chips) 
Seat 3: William_Gull ($100 in chips) 
Seat 4: danuuutz ($123.81 in chips) 
Seat 6: jerem774 ($39.04 in chips) 
William_Gull: posts small blind $0.50
danuuutz: posts big blind $1
*** HOLE CARDS ***
jerem774: calls $1
ARCTlCkiss: raises $2.50 to $3.50
gudrozd: folds 
William_Gull: calls $3
danuuutz: folds 
jerem774: calls $2.50
*** FLOP *** [Ts 6h 6s]
William_Gull: checks 
trueYes.3970 is disconnected 
jerem774: bets $3.46
ARCTlCkiss: calls $3.46
William_Gull: folds 
*** TURN *** [Ts 6h 6s] [Kc]
jerem774: checks 
ARCTlCkiss: bets $3
jerem774: calls $3
*** RIVER *** [Ts 6h 6s Kc] [5h]
jerem774: checks 
ARCTlCkiss: checks 
*** SHOW DOWN ***
jerem774: shows [Js Td] (two pair, Tens and Sixes)
ARCTlCkiss: mucks hand 
jerem774 collected $23.20 from pot
*** SUMMARY ***
Total pot $24.42 | Rake $1.22 
Board [Ts 6h 6s Kc 5h]
Seat 5: trueYes.3970
Seat 1: ARCTlCkiss mucked
Seat 2: gudrozd (button) folded before Flop (didn't bet)
Seat 3: William_Gull (small blind) folded on the Flop
Seat 4: danuuutz (big blind) folded before Flop
Seat 6: jerem774 showed [Js Td] and won ($23.20) with two pair, Tens and Sixes



PokerStars Hand #254763473959:  Hold'em No Limit ($0.50/$1.00 USD) - 2025/02/08 10:40:15 WET [2025/02/08 5:40:15 ET]
Table 'Scheherezade' 6-max Seat #3 is the button
Seat 1: ARCTlCkiss ($103.08 in chips) 
Seat 2: gudrozd ($111.74 in chips) 
Seat 3: William_Gull ($158.03 in chips) 
Seat 4: danuuutz ($100 in chips) 
Seat 5: Pon4uk.ua ($229.65 in chips) 
Seat 6: jerem774 ($16.10 in chips) 
danuuutz: posts small blind $0.50
Pon4uk.ua: posts big blind $1
*** HOLE CARDS ***
jerem774: folds 
ARCTlCkiss: folds 
gudrozd: raises $1.50 to $2.50
William_Gull: folds 
danuuutz: calls $2
Pon4uk.ua: folds 
*** FLOP *** [Qd 3h 6h]
danuuutz: checks 
gudrozd: bets $4.28
danuuutz: calls $4.28
*** TURN *** [Qd 3h 6h] [8s]
danuuutz: checks 
gudrozd: bets $20.75
danuuutz: folds 
Uncalled bet ($20.75) returned to gudrozd
gudrozd collected $13.83 from pot
gudrozd: doesn't show hand 
*** SUMMARY ***
Total pot $14.56 | Rake $0.73 
Board [Qd 3h 6h 8s]
Seat 1: ARCTlCkiss folded before Flop (didn't bet)
Seat 2: gudrozd collected ($13.83)
Seat 3: William_Gull (button) folded before Flop (didn't bet)
Seat 4: danuuutz (small blind) folded on the Turn
Seat 5: Pon4uk.ua (big blind) folded before Flop
Seat 6: jerem774 folded before Flop (didn't bet)



PokerStars Hand #254763482040:  Hold'em No Limit ($0.50/$1.00 USD) - 2025/02/08 10:41:19 WET [2025/02/08 5:41:19 ET]
Table 'Scheherezade' 6-max Seat #4 is the button
Seat 1: ARCTlCkiss ($103.08 in chips) 
Seat 2: gudrozd ($118.79 in chips) 
Seat 3: William_Gull ($158.03 in chips) 
Seat 4: danuuutz ($100 in chips) 
Seat 5: Pon4uk.ua ($228.65 in chips) 
Seat 6: jerem774 ($16.10 in chips) 
Pon4uk.ua: posts small blind $0.50
jerem774: posts big blind $1
*** HOLE CARDS ***
ARCTlCkiss: folds 
gudrozd: folds 
William_Gull: folds 
danuuutz: folds 
Pon4uk.ua: calls $0.50
jerem774: raises $1 to $2
Pon4uk.ua: folds 
Uncalled bet ($1) returned to jerem774
jerem774 collected $2 from pot
*** SUMMARY ***
Total pot $2 | Rake $0 
Seat 1: ARCTlCkiss folded before Flop (didn't bet)
Seat 2: gudrozd folded before Flop (didn't bet)
Seat 3: William_Gull folded before Flop (didn't bet)
Seat 4: danuuutz (button) folded before Flop (didn't bet)
Seat 5: Pon4uk.ua (small blind) folded before Flop
Seat 6: jerem774 (big blind) collected ($2)



PokerStars Hand #254763484540:  Hold'em No Limit ($0.50/$1.00 USD) - 2025/02/08 10:41:39 WET [2025/02/08 5:41:39 ET]
Table 'Scheherezade' 6-max Seat #5 is the button
Seat 1: ARCTlCkiss ($103.08 in chips) 
Seat 2: gudrozd ($118.79 in chips) 
Seat 3: William_Gull ($158.03 in chips) 
Seat 4: danuuutz ($100 in chips) 
Seat 5: Pon4uk.ua ($227.65 in chips) 
Seat 6: jerem774 ($17.10 in chips) 
jerem774: posts small blind $0.50
ARCTlCkiss: posts big blind $1
*** HOLE CARDS ***
gudrozd: folds 
William_Gull: folds 
danuuutz: folds 
Pon4uk.ua: folds 
jerem774: calls $0.50
ARCTlCkiss: checks 
*** FLOP *** [Td 6c Kc]
jerem774: checks 
ARCTlCkiss: checks 
*** TURN *** [Td 6c Kc] [7c]
jerem774: checks 
ARCTlCkiss: checks 
*** RIVER *** [Td 6c Kc 7c] [4d]
jerem774: checks 
ARCTlCkiss: checks 
*** SHOW DOWN ***
jerem774: shows [Qc 5h] (high card King)
ARCTlCkiss: shows [4h 2h] (a pair of Fours)
ARCTlCkiss collected $1.90 from pot
*** SUMMARY ***
Total pot $2 | Rake $0.10 
Board [Td 6c Kc 7c 4d]
Seat 1: ARCTlCkiss (big blind) showed [4h 2h] and won ($1.90) with a pair of Fours
Seat 2: gudrozd folded before Flop (didn't bet)
Seat 3: William_Gull folded before Flop (didn't bet)
Seat 4: danuuutz folded before Flop (didn't bet)
Seat 5: Pon4uk.ua (button) folded before Flop (didn't bet)
Seat 6: jerem774 (small blind) showed [Qc 5h] and lost with high card King



PokerStars Hand #254763491732:  Hold'em No Limit ($0.50/$1.00 USD) - 2025/02/08 10:42:36 WET [2025/02/08 5:42:36 ET]
Table 'Scheherezade' 6-max Seat #6 is the button
Seat 1: ARCTlCkiss ($103.98 in chips) 
Seat 2: gudrozd ($118.79 in chips) 
Seat 3: William_Gull ($158.03 in chips) 
Seat 4: danuuutz ($100 in chips) 
Seat 5: Pon4uk.ua ($227.65 in chips) 
Seat 6: jerem774 ($16.10 in chips) 
ARCTlCkiss: posts small blind $0.50
gudrozd: posts big blind $1
*** HOLE CARDS ***
William_Gull: folds 
danuuutz: folds 
Pon4uk.ua: folds 
jerem774: calls $1
ARCTlCkiss: folds 
gudrozd: checks 
*** FLOP *** [6s 9c 2h]
gudrozd: checks 
jerem774: checks 
*** TURN *** [6s 9c 2h] [5s]
gudrozd: checks 
jerem774: checks 
*** RIVER *** [6s 9c 2h 5s] [5h]
gudrozd: bets $1
jerem774: raises $1 to $2
gudrozd: calls $1
*** SHOW DOWN ***
jerem774: shows [7d 7h] (two pair, Sevens and Fives)
gudrozd: mucks hand 
jerem774 collected $6.18 from pot
*** SUMMARY ***
Total pot $6.50 | Rake $0.32 
Board [6s 9c 2h 5s 5h]
Seat 1: ARCTlCkiss (small blind) folded before Flop
Seat 2: gudrozd (big blind) mucked
Seat 3: William_Gull folded before Flop (didn't bet)
Seat 4: danuuutz folded before Flop (didn't bet)
Seat 5: Pon4uk.ua folded before Flop (didn't bet)
Seat 6: jerem774 (button) showed [7d 7h] and won ($6.18) with two pair, Sevens and Fives



PokerStars Hand #254763497426:  Hold'em No Limit ($0.50/$1.00 USD) - 2025/02/08 10:43:21 WET [2025/02/08 5:43:21 ET]
Table 'Scheherezade' 6-max Seat #1 is the button
Seat 1: ARCTlCkiss ($103.48 in chips) 
Seat 2: gudrozd ($115.79 in chips) 
Seat 3: William_Gull ($158.03 in chips) 
Seat 4: danuuutz ($100 in chips) 
Seat 5: Pon4uk.ua ($227.65 in chips) 
Seat 6: jerem774 ($19.28 in chips) 
gudrozd: posts small blind $0.50
William_Gull: posts big blind $1
*** HOLE CARDS ***
danuuutz: folds 
Pon4uk.ua: folds 
jerem774: calls $1
ARCTlCkiss: folds 
gudrozd: folds 
William_Gull: checks 
*** FLOP *** [Jd 5h 7d]
William_Gull: checks 
jerem774: checks 
*** TURN *** [Jd 5h 7d] [Qh]
William_Gull: bets $2
jerem774: folds 
Uncalled bet ($2) returned to William_Gull
William_Gull collected $2.38 from pot
William_Gull: doesn't show hand 
*** SUMMARY ***
Total pot $2.50 | Rake $0.12 
Board [Jd 5h 7d Qh]
Seat 1: ARCTlCkiss (button) folded before Flop (didn't bet)
Seat 2: gudrozd (small blind) folded before Flop
Seat 3: William_Gull (big blind) collected ($2.38)
Seat 4: danuuutz folded before Flop (didn't bet)
Seat 5: Pon4uk.ua folded before Flop (didn't bet)
Seat 6: jerem774 folded on the Turn



PokerStars Hand #254763500491:  Hold'em No Limit ($0.50/$1.00 USD) - 2025/02/08 10:43:44 WET [2025/02/08 5:43:44 ET]
Table 'Scheherezade' 6-max Seat #2 is the button
Seat 1: ARCTlCkiss ($103.48 in chips) 
Seat 2: gudrozd ($115.29 in chips) 
Seat 3: William_Gull ($159.41 in chips) 
Seat 4: danuuutz ($100 in chips) 
Seat 5: Pon4uk.ua ($227.65 in chips) 
Seat 6: jerem774 ($18.28 in chips) 
William_Gull: posts small blind $0.50
danuuutz: posts big blind $1
*** HOLE CARDS ***
Pon4uk.ua: raises $1 to $2
jerem774: calls $2
ARCTlCkiss: folds 
gudrozd: calls $2
William_Gull: folds 
danuuutz: folds 
*** FLOP *** [7d Jh 8s]
Pon4uk.ua: checks 
jerem774: checks 
gudrozd: checks 
*** TURN *** [7d Jh 8s] [8d]
Pon4uk.ua: bets $5.34
jerem774: calls $5.34
gudrozd: folds 
*** RIVER *** [7d Jh 8s 8d] [7c]
Pon4uk.ua: bets $12.95
jerem774: calls $10.94 and is all-in
Uncalled bet ($2.01) returned to Pon4uk.ua
*** SHOW DOWN ***
Pon4uk.ua: shows [9c 8c] (a full house, Eights full of Sevens)
jerem774: shows [Js 7h] (a full house, Sevens full of Jacks)
Pon4uk.ua collected $38.06 from pot
*** SUMMARY ***
Total pot $40.06 | Rake $2 
Board [7d Jh 8s 8d 7c]
Seat 1: ARCTlCkiss folded before Flop (didn't bet)
Seat 2: gudrozd (button) folded on the Turn
Seat 3: William_Gull (small blind) folded before Flop
Seat 4: danuuutz (big blind) folded before Flop
Seat 5: Pon4uk.ua showed [9c 8c] and won ($38.06) with a full house, Eights full of Sevens
Seat 6: jerem774 showed [Js 7h] and lost with a full house, Sevens full of Jacks



PokerStars Hand #254763507302:  Hold'em No Limit ($0.50/$1.00 USD) - 2025/02/08 10:44:38 WET [2025/02/08 5:44:38 ET]
Table 'Scheherezade' 6-max Seat #3 is the button
Seat 6: jerem774 ($0 in chips) is sitting out
Seat 1: ARCTlCkiss ($103.48 in chips) 
Seat 2: gudrozd ($113.29 in chips) 
Seat 3: William_Gull ($158.91 in chips) 
Seat 4: danuuutz ($100 in chips) 
Seat 5: Pon4uk.ua ($247.43 in chips) 
danuuutz: posts small blind $0.50
Pon4uk.ua: posts big blind $1
*** HOLE CARDS ***
ARCTlCkiss: folds 
gudrozd: raises $1.50 to $2.50
William_Gull: raises $6.50 to $9
danuuutz: folds 
Pon4uk.ua: folds 
gudrozd: folds 
Uncalled bet ($6.50) returned to William_Gull
William_Gull collected $6.50 from pot
William_Gull: doesn't show hand 
*** SUMMARY ***
Total pot $6.50 | Rake $0 
Seat 6: jerem774
Seat 1: ARCTlCkiss folded before Flop (didn't bet)
Seat 2: gudrozd folded before Flop
Seat 3: William_Gull (button) collected ($6.50)
Seat 4: danuuutz (small blind) folded before Flop
Seat 5: Pon4uk.ua (big blind) folded before Flop



PokerStars Hand #254763511015:  Hold'em No Limit ($0.50/$1.00 USD) - 2025/02/08 10:45:08 WET [2025/02/08 5:45:08 ET]
Table 'Scheherezade' 6-max Seat #4 is the button
Seat 1: ARCTlCkiss ($103.48 in chips) is sitting out
Seat 2: gudrozd ($110.79 in chips) is sitting out
Seat 6: jerem774 ($0 in chips) is sitting out
Seat 3: William_Gull ($162.91 in chips) 
Seat 4: danuuutz ($100 in chips) 
Seat 5: Pon4uk.ua ($246.43 in chips) 
Pon4uk.ua: posts small blind $0.50
ARCTlCkiss: is sitting out 
gudrozd: is sitting out 
William_Gull: posts big blind $1
*** HOLE CARDS ***
danuuutz: folds 
Pon4uk.ua: raises $1.75 to $2.75
William_Gull: calls $1.75
*** FLOP *** [Kh Qc 5h]
ARCTlCkiss leaves the table
gudrozd leaves the table
Pon4uk.ua: bets $1.72
Burlica2013 joins the table at seat #2 
William_Gull: calls $1.72
*** TURN *** [Kh Qc 5h] [Ah]
jerem774 is disconnected 
Pon4uk.ua: checks 
William_Gull: checks 
*** RIVER *** [Kh Qc 5h Ah] [Jh]
Pon4uk.ua: bets $2.80
EBoshered joins the table at seat #1 
William_Gull: calls $2.80
*** SHOW DOWN ***
Pon4uk.ua: shows [6c 7h] (a flush, Ace high)
William_Gull: mucks hand 
Pon4uk.ua collected $13.81 from pot
*** SUMMARY ***
Total pot $14.54 | Rake $0.73 
Board [Kh Qc 5h Ah Jh]
Seat 1: ARCTlCkiss
Seat 2: gudrozd
Seat 6: jerem774
Seat 3: William_Gull (big blind) mucked
Seat 4: danuuutz (button) folded before Flop (didn't bet)
Seat 5: Pon4uk.ua (small blind) showed [6c 7h] and won ($13.81) with a flush, Ace high



PokerStars Hand #254763521559:  Hold'em No Limit ($0.50/$1.00 USD) - 2025/02/08 10:46:30 WET [2025/02/08 5:46:30 ET]
Table 'Scheherezade' 6-max Seat #5 is the button
Seat 1: EBoshered ($109.72 in chips) is sitting out
Seat 2: Burlica2013 ($100 in chips) is sitting out
Seat 6: jerem774 ($0 in chips) is sitting out
Seat 3: William_Gull ($155.64 in chips) 
Seat 4: danuuutz ($100 in chips) 
Seat 5: Pon4uk.ua ($252.97 in chips) 
William_Gull: posts small blind $0.50
danuuutz: posts big blind $1
*** HOLE CARDS ***
Pon4uk.ua: folds 
William_Gull: folds 
Uncalled bet ($0.50) returned to danuuutz
danuuutz collected $1 from pot
danuuutz: doesn't show hand 
*** SUMMARY ***
Total pot $1 | Rake $0 
Seat 1: EBoshered
Seat 2: Burlica2013
Seat 6: jerem774
Seat 3: William_Gull (small blind) folded before Flop
Seat 4: danuuutz (big blind) collected ($1)
Seat 5: Pon4uk.ua (button) folded before Flop (didn't bet)



PokerStars Hand #254763522980:  Hold'em No Limit ($0.50/$1.00 USD) - 2025/02/08 10:46:41 WET [2025/02/08 5:46:41 ET]
Table 'Scheherezade' 6-max Seat #3 is the button
Seat 1: EBoshered ($109.72 in chips) is sitting out
Seat 2: Burlica2013 ($100 in chips) is sitting out
Seat 6: jerem774 ($0 in chips) is sitting out
Seat 3: William_Gull ($155.14 in chips) 
Seat 4: danuuutz ($100.50 in chips) 
Seat 5: Pon4uk.ua ($252.97 in chips) 
danuuutz: posts small blind $0.50
Pon4uk.ua: posts big blind $1
EBoshered: sits out 
Burlica2013: sits out 
*** HOLE CARDS ***
William_Gull: raises $1.20 to $2.20
danuuutz: calls $1.70
Pon4uk.ua: folds 
*** FLOP *** [Qh Jc 6c]
danuuutz: bets $1.44
William_Gull: folds 
Uncalled bet ($1.44) returned to danuuutz
danuuutz collected $5.13 from pot
danuuutz: doesn't show hand 
*** SUMMARY ***
Total pot $5.40 | Rake $0.27 
Board [Qh Jc 6c]
Seat 1: EBoshered
Seat 2: Burlica2013
Seat 6: jerem774
Seat 3: William_Gull (button) folded on the Flop
Seat 4: danuuutz (small blind) collected ($5.13)
Seat 5: Pon4uk.ua (big blind) folded before Flop



PokerStars Hand #254763526288:  Hold'em No Limit ($0.50/$1.00 USD) - 2025/02/08 10:47:08 WET [2025/02/08 5:47:08 ET]
Table 'Scheherezade' 6-max Seat #4 is the button
Seat 2: Burlica2013 ($100 in chips) is sitting out
Seat 6: jerem774 ($0 in chips) is sitting out
Seat 1: EBoshered ($109.72 in chips) 
Seat 3: William_Gull ($152.94 in chips) 
Seat 4: danuuutz ($103.43 in chips) 
Seat 5: Pon4uk.ua ($251.97 in chips) 
Pon4uk.ua: posts small blind $0.50
EBoshered: posts big blind $1
Burlica2013: sits out 
*** HOLE CARDS ***
William_Gull: raises $1.50 to $2.50
danuuutz: folds 
Pon4uk.ua: raises $8.50 to $11
EBoshered: folds 
William_Gull: folds 
Uncalled bet ($8.50) returned to Pon4uk.ua
Pon4uk.ua collected $6 from pot
Pon4uk.ua: doesn't show hand 
*** SUMMARY ***
Total pot $6 | Rake $0 
Seat 2: Burlica2013
Seat 6: jerem774
Seat 1: EBoshered (big blind) folded before Flop
Seat 3: William_Gull folded before Flop
Seat 4: danuuutz (button) folded before Flop (didn't bet)
Seat 5: Pon4uk.ua (small blind) collected ($6)



PokerStars Hand #254763528486:  Hold'em No Limit ($0.50/$1.00 USD) - 2025/02/08 10:47:25 WET [2025/02/08 5:47:25 ET]
Table 'Scheherezade' 6-max Seat #5 is the button
Seat 6: jerem774 ($0 in chips) is sitting out
Seat 1: EBoshered ($108.72 in chips) 
Seat 2: Burlica2013 ($100 in chips) 
Seat 3: William_Gull ($150.44 in chips) 
Seat 4: danuuutz ($103.43 in chips) 
Seat 5: Pon4uk.ua ($255.47 in chips) 
EBoshered: posts small blind $0.50
Burlica2013: posts big blind $1
*** HOLE CARDS ***
William_Gull: folds 
danuuutz: folds 
Pon4uk.ua: raises $1.50 to $2.50
EBoshered: folds 
Burlica2013: calls $1.50
*** FLOP *** [3c Kd 5d]
Burlica2013: checks 
Pon4uk.ua: bets $1.72
Burlica2013: calls $1.72
*** TURN *** [3c Kd 5d] [Qh]
Burlica2013: checks 
Pon4uk.ua: bets $13.16
Burlica2013: folds 
Uncalled bet ($13.16) returned to Pon4uk.ua
Pon4uk.ua collected $8.49 from pot
Pon4uk.ua: doesn't show hand 
*** SUMMARY ***
Total pot $8.94 | Rake $0.45 
Board [3c Kd 5d Qh]
Seat 6: jerem774
Seat 1: EBoshered (small blind) folded before Flop
Seat 2: Burlica2013 (big blind) folded on the Turn
Seat 3: William_Gull folded before Flop (didn't bet)
Seat 4: danuuutz folded before Flop (didn't bet)
Seat 5: Pon4uk.ua (button) collected ($8.49)



PokerStars Hand #254763535709:  Hold'em No Limit ($0.50/$1.00 USD) - 2025/02/08 10:48:22 WET [2025/02/08 5:48:22 ET]
Table 'Scheherezade' 6-max Seat #1 is the button
Seat 6: jerem774 ($0 in chips) is sitting out
Seat 1: EBoshered ($108.22 in chips) 
Seat 2: Burlica2013 ($100 in chips) 
Seat 3: William_Gull ($150.44 in chips) 
Seat 4: danuuutz ($103.43 in chips) 
Seat 5: Pon4uk.ua ($259.74 in chips) 
Burlica2013: posts small blind $0.50
William_Gull: posts big blind $1
*** HOLE CARDS ***
danuuutz: raises $1.10 to $2.10
Pon4uk.ua: folds 
EBoshered: folds 
Burlica2013: folds 
William_Gull: folds 
Uncalled bet ($1.10) returned to danuuutz
danuuutz collected $2.50 from pot
danuuutz: doesn't show hand 
*** SUMMARY ***
Total pot $2.50 | Rake $0 
Seat 6: jerem774
Seat 1: EBoshered (button) folded before Flop (didn't bet)
Seat 2: Burlica2013 (small blind) folded before Flop
Seat 3: William_Gull (big blind) folded before Flop
Seat 4: danuuutz collected ($2.50)
Seat 5: Pon4uk.ua folded before Flop (didn't bet)



PokerStars Hand #254763538315:  Hold'em No Limit ($0.50/$1.00 USD) - 2025/02/08 10:48:43 WET [2025/02/08 5:48:43 ET]
Table 'Scheherezade' 6-max Seat #2 is the button
Seat 4: danuuutz ($104.93 in chips) is sitting out
Seat 6: jerem774 ($0 in chips) is sitting out
Seat 1: EBoshered ($108.22 in chips) 
Seat 2: Burlica2013 ($100 in chips) 
Seat 3: William_Gull ($149.44 in chips) 
Seat 5: Pon4uk.ua ($259.74 in chips) 
William_Gull: posts small blind $0.50
danuuutz: is sitting out 
Pon4uk.ua: posts big blind $1
*** HOLE CARDS ***
EBoshered: folds 
Burlica2013: folds 
William_Gull: folds 
Uncalled bet ($0.50) returned to Pon4uk.ua
Pon4uk.ua collected $1 from pot
Pon4uk.ua: doesn't show hand 
*** SUMMARY ***
Total pot $1 | Rake $0 
Seat 4: danuuutz
Seat 6: jerem774
Seat 1: EBoshered folded before Flop (didn't bet)
Seat 2: Burlica2013 (button) folded before Flop (didn't bet)
Seat 3: William_Gull (small blind) folded before Flop
Seat 5: Pon4uk.ua (big blind) collected ($1)



PokerStars Hand #254763539382:  Hold'em No Limit ($0.50/$1.00 USD) - 2025/02/08 10:48:51 WET [2025/02/08 5:48:51 ET]
Table 'Scheherezade' 6-max Seat #5 is the button
Seat 1: EBoshered ($108.22 in chips) is sitting out
Seat 2: Burlica2013 ($100 in chips) is sitting out
Seat 4: danuuutz ($104.93 in chips) is sitting out
Seat 6: jerem774 ($0 in chips) is sitting out
Seat 3: William_Gull ($148.94 in chips) 
Seat 5: Pon4uk.ua ($260.24 in chips) 
Pon4uk.ua: posts small blind $0.50
EBoshered: is sitting out 
Burlica2013: is sitting out 
William_Gull: posts big blind $1
*** HOLE CARDS ***
EBoshered leaves the table
Burlica2013 leaves the table
Pon4uk.ua: raises $1.50 to $2.50
William_Gull: raises $7.50 to $10
Pon4uk.ua: folds 
Uncalled bet ($7.50) returned to William_Gull
William_Gull collected $5 from pot
William_Gull: doesn't show hand 
*** SUMMARY ***
Total pot $5 | Rake $0 
Seat 1: EBoshered
Seat 2: Burlica2013
Seat 4: danuuutz
Seat 6: jerem774
Seat 3: William_Gull (big blind) collected ($5)
Seat 5: Pon4uk.ua (button) (small blind) folded before Flop



PokerStars Hand #254763541938:  Hold'em No Limit ($0.50/$1.00 USD) - 2025/02/08 10:49:12 WET [2025/02/08 5:49:12 ET]
Table 'Scheherezade' 6-max Seat #5 is the button
Seat 6: jerem774 ($0 in chips) is sitting out
Seat 3: William_Gull ($151.44 in chips) 
Seat 4: danuuutz ($104.93 in chips) 
Seat 5: Pon4uk.ua ($257.74 in chips) 
William_Gull: posts small blind $0.50
danuuutz: posts big blind $1
*** HOLE CARDS ***
Pon4uk.ua: folds 
William_Gull: raises $2.20 to $3.20
danuuutz: calls $2.20
*** FLOP *** [Jd Th Qc]
EBoshered joins the table at seat #1 
EBoshered leaves the table
William_Gull: bets $4
danuuutz: calls $4
*** TURN *** [Jd Th Qc] [5h]
William_Gull: checks 
danuuutz: bets $9.99
William_Gull: calls $9.99
*** RIVER *** [Jd Th Qc 5h] [4c]
William_Gull: checks 
danuuutz: bets $29
William_Gull: folds 
Uncalled bet ($29) returned to danuuutz
danuuutz collected $33.38 from pot
danuuutz: doesn't show hand 
*** SUMMARY ***
Total pot $34.38 | Rake $1 
Board [Jd Th Qc 5h 4c]
Seat 6: jerem774
Seat 3: William_Gull (small blind) folded on the River
Seat 4: danuuutz (big blind) collected ($33.38)
Seat 5: Pon4uk.ua (button) folded before Flop (didn't bet)



