PokerStars Hand #254771738081:  Hold'em No Limit ($0.50/$1.00 USD) - 2025/02/08 20:31:53 WET [2025/02/08 15:31:53 ET]
Table 'Hveen II' 6-max Seat #5 is the button
Seat 1: kuhclemO ($50 in chips) 
Seat 4: Manifestorr ($100 in chips) 
Seat 5: reiyser ($10 in chips) 
Seat 6: MonsterPigeon ($49.87 in chips) 
MonsterPigeon: posts small blind $0.50
kuhclemO: posts big blind $1
*** HOLE CARDS ***
Manifestorr: folds 
reiyser: folds 
MonsterPigeon: raises $1 to $2
SorinS28 joins the table at seat #3 
ReVeu710 joins the table at seat #2 
kuhclemO: calls $1
*** FLOP *** [Ah 5c 3s]
MonsterPigeon: checks 
kuhclemO: bets $1.25
MonsterPigeon: calls $1.25
*** TURN *** [Ah 5c 3s] [7h]
MonsterPigeon: checks 
kuhclemO: checks 
*** RIVER *** [Ah 5c 3s 7h] [8h]
MonsterPigeon: checks 
kuhclemO: checks 
*** SHOW DOWN ***
MonsterPigeon: shows [8c 4h] (a pair of Eights)
kuhclemO: mucks hand 
MonsterPigeon collected $6.18 from pot
*** SUMMARY ***
Total pot $6.50 | Rake $0.32 
Board [Ah 5c 3s 7h 8h]
Seat 1: kuhclemO (big blind) mucked
Seat 4: Manifestorr folded before Flop (didn't bet)
Seat 5: reiyser (button) folded before Flop (didn't bet)
Seat 6: MonsterPigeon (small blind) showed [8c 4h] and won ($6.18) with a pair of Eights



PokerStars Hand #254771754258:  Hold'em No Limit ($0.50/$1.00 USD) - 2025/02/08 20:32:48 WET [2025/02/08 15:32:48 ET]
Table 'Hveen II' 6-max Seat #6 is the button
Seat 3: SorinS28 ($100 in chips) is sitting out
Seat 1: kuhclemO ($50 in chips) 
Seat 2: ReVeu710 ($100 in chips) 
Seat 4: Manifestorr ($100 in chips) 
Seat 5: reiyser ($100 in chips) 
Seat 6: MonsterPigeon ($52.80 in chips) 
kuhclemO: posts small blind $0.50
ReVeu710: posts big blind $1
SorinS28: sits out 
*** HOLE CARDS ***
Manifestorr: folds 
reiyser: raises $1.23 to $2.23
MonsterPigeon: calls $2.23
kuhclemO: folds 
ReVeu710: folds 
*** FLOP *** [Td Kd 7c]
reiyser: checks 
MonsterPigeon: checks 
*** TURN *** [Td Kd 7c] [9c]
reiyser: bets $4.30
MonsterPigeon: folds 
Uncalled bet ($4.30) returned to reiyser
reiyser collected $5.66 from pot
reiyser: doesn't show hand 
*** SUMMARY ***
Total pot $5.96 | Rake $0.30 
Board [Td Kd 7c 9c]
Seat 3: SorinS28
Seat 1: kuhclemO (small blind) folded before Flop
Seat 2: ReVeu710 (big blind) folded before Flop
Seat 4: Manifestorr folded before Flop (didn't bet)
Seat 5: reiyser collected ($5.66)
Seat 6: MonsterPigeon (button) folded on the Turn



PokerStars Hand #254771764979:  Hold'em No Limit ($0.50/$1.00 USD) - 2025/02/08 20:33:24 WET [2025/02/08 15:33:24 ET]
Table 'Hveen II' 6-max Seat #1 is the button
Seat 1: kuhclemO ($50 in chips) 
Seat 2: ReVeu710 ($100 in chips) 
Seat 3: SorinS28 ($100 in chips) 
Seat 4: Manifestorr ($100 in chips) 
Seat 5: reiyser ($103.43 in chips) 
Seat 6: MonsterPigeon ($50.57 in chips) 
ReVeu710: posts small blind $0.50
SorinS28: posts big blind $1
*** HOLE CARDS ***
Manifestorr: raises $1.20 to $2.20
reiyser: folds 
MonsterPigeon: folds 
kuhclemO: folds 
ReVeu710: folds 
SorinS28: calls $1.20
*** FLOP *** [Jd 2s Kc]
SorinS28: checks 
Manifestorr: bets $1.54
SorinS28: calls $1.54
*** TURN *** [Jd 2s Kc] [As]
SorinS28: checks 
Manifestorr: checks 
*** RIVER *** [Jd 2s Kc As] [3s]
SorinS28: checks 
Manifestorr: checks 
*** SHOW DOWN ***
SorinS28: shows [Jh 5h] (a pair of Jacks)
Manifestorr: shows [Tc Kd] (a pair of Kings)
Manifestorr collected $7.58 from pot
*** SUMMARY ***
Total pot $7.98 | Rake $0.40 
Board [Jd 2s Kc As 3s]
Seat 1: kuhclemO (button) folded before Flop (didn't bet)
Seat 2: ReVeu710 (small blind) folded before Flop
Seat 3: SorinS28 (big blind) showed [Jh 5h] and lost with a pair of Jacks
Seat 4: Manifestorr showed [Tc Kd] and won ($7.58) with a pair of Kings
Seat 5: reiyser folded before Flop (didn't bet)
Seat 6: MonsterPigeon folded before Flop (didn't bet)



PokerStars Hand #254771783233:  Hold'em No Limit ($0.50/$1.00 USD) - 2025/02/08 20:34:26 WET [2025/02/08 15:34:26 ET]
Table 'Hveen II' 6-max Seat #2 is the button
Seat 1: kuhclemO ($50 in chips) 
Seat 2: ReVeu710 ($100 in chips) 
Seat 3: SorinS28 ($100 in chips) 
Seat 4: Manifestorr ($103.84 in chips) 
Seat 5: reiyser ($103.43 in chips) 
Seat 6: MonsterPigeon ($50.57 in chips) 
SorinS28: posts small blind $0.50
Manifestorr: posts big blind $1
*** HOLE CARDS ***
reiyser: folds 
MonsterPigeon: raises $1 to $2
kuhclemO: folds 
ReVeu710: folds 
SorinS28: folds 
Manifestorr: folds 
Uncalled bet ($1) returned to MonsterPigeon
MonsterPigeon collected $2.50 from pot
*** SUMMARY ***
Total pot $2.50 | Rake $0 
Seat 1: kuhclemO folded before Flop (didn't bet)
Seat 2: ReVeu710 (button) folded before Flop (didn't bet)
Seat 3: SorinS28 (small blind) folded before Flop
Seat 4: Manifestorr (big blind) folded before Flop
Seat 5: reiyser folded before Flop (didn't bet)
Seat 6: MonsterPigeon collected ($2.50)



PokerStars Hand #254771789732:  Hold'em No Limit ($0.50/$1.00 USD) - 2025/02/08 20:34:48 WET [2025/02/08 15:34:48 ET]
Table 'Hveen II' 6-max Seat #3 is the button
Seat 1: kuhclemO ($50 in chips) 
Seat 2: ReVeu710 ($100 in chips) 
Seat 3: SorinS28 ($100 in chips) 
Seat 4: Manifestorr ($102.84 in chips) 
Seat 5: reiyser ($103.43 in chips) 
Seat 6: MonsterPigeon ($52.07 in chips) 
Manifestorr: posts small blind $0.50
reiyser: posts big blind $1
*** HOLE CARDS ***
MonsterPigeon: raises $2 to $3
kuhclemO: folds 
ReVeu710: folds 
SorinS28: folds 
Manifestorr: folds 
reiyser: folds 
Uncalled bet ($2) returned to MonsterPigeon
MonsterPigeon collected $2.50 from pot
*** SUMMARY ***
Total pot $2.50 | Rake $0 
Seat 1: kuhclemO folded before Flop (didn't bet)
Seat 2: ReVeu710 folded before Flop (didn't bet)
Seat 3: SorinS28 (button) folded before Flop (didn't bet)
Seat 4: Manifestorr (small blind) folded before Flop
Seat 5: reiyser (big blind) folded before Flop
Seat 6: MonsterPigeon collected ($2.50)



PokerStars Hand #254771794557:  Hold'em No Limit ($0.50/$1.00 USD) - 2025/02/08 20:35:04 WET [2025/02/08 15:35:04 ET]
Table 'Hveen II' 6-max Seat #4 is the button
Seat 1: kuhclemO ($50 in chips) 
Seat 2: ReVeu710 ($100 in chips) 
Seat 3: SorinS28 ($100 in chips) 
Seat 4: Manifestorr ($102.34 in chips) 
Seat 5: reiyser ($102.43 in chips) 
Seat 6: MonsterPigeon ($53.57 in chips) 
reiyser: posts small blind $0.50
MonsterPigeon: posts big blind $1
*** HOLE CARDS ***
kuhclemO: folds 
ReVeu710: folds 
SorinS28: raises $1.30 to $2.30
Manifestorr: folds 
reiyser: folds 
MonsterPigeon: folds 
Uncalled bet ($1.30) returned to SorinS28
SorinS28 collected $2.50 from pot
SorinS28: doesn't show hand 
*** SUMMARY ***
Total pot $2.50 | Rake $0 
Seat 1: kuhclemO folded before Flop (didn't bet)
Seat 2: ReVeu710 folded before Flop (didn't bet)
Seat 3: SorinS28 collected ($2.50)
Seat 4: Manifestorr (button) folded before Flop (didn't bet)
Seat 5: reiyser (small blind) folded before Flop
Seat 6: MonsterPigeon (big blind) folded before Flop



PokerStars Hand #254771800505:  Hold'em No Limit ($0.50/$1.00 USD) - 2025/02/08 20:35:25 WET [2025/02/08 15:35:25 ET]
Table 'Hveen II' 6-max Seat #5 is the button
Seat 2: ReVeu710 ($100 in chips) is sitting out
Seat 1: kuhclemO ($50 in chips) 
Seat 3: SorinS28 ($101.50 in chips) 
Seat 4: Manifestorr ($102.34 in chips) 
Seat 5: reiyser ($101.93 in chips) 
Seat 6: MonsterPigeon ($52.57 in chips) 
MonsterPigeon: posts small blind $0.50
kuhclemO: posts big blind $1
*** HOLE CARDS ***
SorinS28: folds 
Manifestorr: raises $1.20 to $2.20
reiyser: folds 
MonsterPigeon: folds 
kuhclemO: calls $1.20
*** FLOP *** [3c 5h 2c]
kuhclemO: checks 
Manifestorr: checks 
*** TURN *** [3c 5h 2c] [8s]
kuhclemO: checks 
Manifestorr: checks 
*** RIVER *** [3c 5h 2c 8s] [Ah]
kuhclemO: checks 
Manifestorr: checks 
*** SHOW DOWN ***
kuhclemO: shows [Ad Th] (a pair of Aces)
Manifestorr: mucks hand 
kuhclemO collected $4.66 from pot
*** SUMMARY ***
Total pot $4.90 | Rake $0.24 
Board [3c 5h 2c 8s Ah]
Seat 2: ReVeu710
Seat 1: kuhclemO (big blind) showed [Ad Th] and won ($4.66) with a pair of Aces
Seat 3: SorinS28 folded before Flop (didn't bet)
Seat 4: Manifestorr mucked
Seat 5: reiyser (button) folded before Flop (didn't bet)
Seat 6: MonsterPigeon (small blind) folded before Flop



PokerStars Hand #254771814312:  Hold'em No Limit ($0.50/$1.00 USD) - 2025/02/08 20:36:11 WET [2025/02/08 15:36:11 ET]
Table 'Hveen II' 6-max Seat #6 is the button
Seat 2: ReVeu710 ($100 in chips) is sitting out
Seat 1: kuhclemO ($52.46 in chips) 
Seat 3: SorinS28 ($101.50 in chips) 
Seat 4: Manifestorr ($100.14 in chips) 
Seat 5: reiyser ($101.93 in chips) 
Seat 6: MonsterPigeon ($52.07 in chips) 
kuhclemO: posts small blind $0.50
SorinS28: posts big blind $1
*** HOLE CARDS ***
Manifestorr: raises $1.20 to $2.20
reiyser: folds 
MonsterPigeon: calls $2.20
kuhclemO: raises $8.80 to $11
SorinS28: folds 
Manifestorr: folds 
MonsterPigeon: folds 
Uncalled bet ($8.80) returned to kuhclemO
kuhclemO collected $7.60 from pot
kuhclemO: doesn't show hand 
*** SUMMARY ***
Total pot $7.60 | Rake $0 
Seat 2: ReVeu710
Seat 1: kuhclemO (small blind) collected ($7.60)
Seat 3: SorinS28 (big blind) folded before Flop
Seat 4: Manifestorr folded before Flop
Seat 5: reiyser folded before Flop (didn't bet)
Seat 6: MonsterPigeon (button) folded before Flop



PokerStars Hand #254771822889:  Hold'em No Limit ($0.50/$1.00 USD) - 2025/02/08 20:36:40 WET [2025/02/08 15:36:40 ET]
Table 'Hveen II' 6-max Seat #1 is the button
Seat 2: ReVeu710 ($100 in chips) is sitting out
Seat 1: kuhclemO ($57.86 in chips) 
Seat 3: SorinS28 ($100.50 in chips) 
Seat 4: Manifestorr ($100 in chips) 
Seat 5: reiyser ($101.93 in chips) 
Seat 6: MonsterPigeon ($49.87 in chips) 
SorinS28: posts small blind $0.50
Manifestorr: posts big blind $1
*** HOLE CARDS ***
reiyser: folds 
MonsterPigeon: calls $1
kuhclemO: folds 
SorinS28: folds 
Manifestorr: checks 
*** FLOP *** [Td 8d 6s]
Manifestorr: bets $1.19
MonsterPigeon: calls $1.19
*** TURN *** [Td 8d 6s] [3s]
Manifestorr: checks 
MonsterPigeon: checks 
*** RIVER *** [Td 8d 6s 3s] [3h]
Manifestorr: checks 
MonsterPigeon: bets $5.50
Manifestorr: folds 
Uncalled bet ($5.50) returned to MonsterPigeon
MonsterPigeon collected $4.64 from pot
*** SUMMARY ***
Total pot $4.88 | Rake $0.24 
Board [Td 8d 6s 3s 3h]
Seat 2: ReVeu710
Seat 1: kuhclemO (button) folded before Flop (didn't bet)
Seat 3: SorinS28 (small blind) folded before Flop
Seat 4: Manifestorr (big blind) folded on the River
Seat 5: reiyser folded before Flop (didn't bet)
Seat 6: MonsterPigeon collected ($4.64)



PokerStars Hand #254771832835:  Hold'em No Limit ($0.50/$1.00 USD) - 2025/02/08 20:37:13 WET [2025/02/08 15:37:13 ET]
Table 'Hveen II' 6-max Seat #3 is the button
Seat 2: ReVeu710 ($100 in chips) is sitting out
Seat 1: kuhclemO ($57.86 in chips) 
Seat 3: SorinS28 ($100 in chips) 
Seat 4: Manifestorr ($100 in chips) 
Seat 5: reiyser ($101.93 in chips) 
Seat 6: MonsterPigeon ($52.32 in chips) 
Manifestorr: posts small blind $0.50
reiyser: posts big blind $1
*** HOLE CARDS ***
MonsterPigeon: folds 
kuhclemO: folds 
SorinS28: folds 
Manifestorr: raises $2 to $3
reiyser: raises $7 to $10
Manifestorr: folds 
Uncalled bet ($7) returned to reiyser
reiyser collected $6 from pot
reiyser: doesn't show hand 
*** SUMMARY ***
Total pot $6 | Rake $0 
Seat 2: ReVeu710
Seat 1: kuhclemO folded before Flop (didn't bet)
Seat 3: SorinS28 (button) folded before Flop (didn't bet)
Seat 4: Manifestorr (small blind) folded before Flop
Seat 5: reiyser (big blind) collected ($6)
Seat 6: MonsterPigeon folded before Flop (didn't bet)



PokerStars Hand #254771838864:  Hold'em No Limit ($0.50/$1.00 USD) - 2025/02/08 20:37:34 WET [2025/02/08 15:37:34 ET]
Table 'Hveen II' 6-max Seat #4 is the button
Seat 2: ReVeu710 ($100 in chips) is sitting out
Seat 1: kuhclemO ($57.86 in chips) 
Seat 3: SorinS28 ($100 in chips) 
Seat 4: Manifestorr ($100 in chips) 
Seat 5: reiyser ($104.93 in chips) 
Seat 6: MonsterPigeon ($52.32 in chips) 
reiyser: posts small blind $0.50
MonsterPigeon: posts big blind $1
*** HOLE CARDS ***
kuhclemO: folds 
SorinS28: raises $1.30 to $2.30
Manifestorr: folds 
reiyser: folds 
MonsterPigeon: calls $1.30
*** FLOP *** [Ks 6h 8c]
MonsterPigeon: bets $7.40
SorinS28: calls $7.40
*** TURN *** [Ks 6h 8c] [Kd]
MonsterPigeon: checks 
SorinS28: bets $9.45
MonsterPigeon: folds 
Uncalled bet ($9.45) returned to SorinS28
SorinS28 collected $18.90 from pot
SorinS28: doesn't show hand 
*** SUMMARY ***
Total pot $19.90 | Rake $1 
Board [Ks 6h 8c Kd]
Seat 2: ReVeu710
Seat 1: kuhclemO folded before Flop (didn't bet)
Seat 3: SorinS28 collected ($18.90)
Seat 4: Manifestorr (button) folded before Flop (didn't bet)
Seat 5: reiyser (small blind) folded before Flop
Seat 6: MonsterPigeon (big blind) folded on the Turn



PokerStars Hand #254771861352:  Hold'em No Limit ($0.50/$1.00 USD) - 2025/02/08 20:38:50 WET [2025/02/08 15:38:50 ET]
Table 'Hveen II' 6-max Seat #5 is the button
Seat 2: ReVeu710 ($100 in chips) is sitting out
Seat 1: kuhclemO ($57.86 in chips) 
Seat 3: SorinS28 ($109.20 in chips) 
Seat 4: Manifestorr ($100 in chips) 
Seat 5: reiyser ($104.43 in chips) 
Seat 6: MonsterPigeon ($42.62 in chips) 
MonsterPigeon: posts small blind $0.50
kuhclemO: posts big blind $1
*** HOLE CARDS ***
SorinS28: folds 
Manifestorr: folds 
reiyser: folds 
MonsterPigeon: folds 
Uncalled bet ($0.50) returned to kuhclemO
kuhclemO collected $1 from pot
kuhclemO: doesn't show hand 
*** SUMMARY ***
Total pot $1 | Rake $0 
Seat 2: ReVeu710
Seat 1: kuhclemO (big blind) collected ($1)
Seat 3: SorinS28 folded before Flop (didn't bet)
Seat 4: Manifestorr folded before Flop (didn't bet)
Seat 5: reiyser (button) folded before Flop (didn't bet)
Seat 6: MonsterPigeon (small blind) folded before Flop



PokerStars Hand #254771868434:  Hold'em No Limit ($0.50/$1.00 USD) - 2025/02/08 20:39:14 WET [2025/02/08 15:39:14 ET]
Table 'Hveen II' 6-max Seat #6 is the button
Seat 2: ReVeu710 ($100 in chips) is sitting out
Seat 1: kuhclemO ($58.36 in chips) 
Seat 3: SorinS28 ($109.20 in chips) 
Seat 4: Manifestorr ($100 in chips) 
Seat 5: reiyser ($104.43 in chips) 
Seat 6: MonsterPigeon ($42.12 in chips) 
kuhclemO: posts small blind $0.50
SorinS28: posts big blind $1
*** HOLE CARDS ***
Manifestorr: folds 
reiyser: raises $1.23 to $2.23
MonsterPigeon: calls $2.23
kuhclemO: folds 
SorinS28: calls $1.23
*** FLOP *** [8d 5s 6s]
SorinS28: checks 
reiyser: checks 
MonsterPigeon: checks 
*** TURN *** [8d 5s 6s] [Js]
SorinS28: checks 
reiyser: bets $3.55
MonsterPigeon: calls $3.55
SorinS28: calls $3.55
*** RIVER *** [8d 5s 6s Js] [8s]
SorinS28: checks 
reiyser: bets $8.81
MonsterPigeon: folds 
SorinS28: folds 
Uncalled bet ($8.81) returned to reiyser
reiyser collected $16.95 from pot
reiyser: doesn't show hand 
*** SUMMARY ***
Total pot $17.84 | Rake $0.89 
Board [8d 5s 6s Js 8s]
Seat 2: ReVeu710
Seat 1: kuhclemO (small blind) folded before Flop
Seat 3: SorinS28 (big blind) folded on the River
Seat 4: Manifestorr folded before Flop (didn't bet)
Seat 5: reiyser collected ($16.95)
Seat 6: MonsterPigeon (button) folded on the River



PokerStars Hand #254771890981:  Hold'em No Limit ($0.50/$1.00 USD) - 2025/02/08 20:40:29 WET [2025/02/08 15:40:29 ET]
Table 'Hveen II' 6-max Seat #1 is the button
Seat 2: ReVeu710 ($100 in chips) is sitting out
Seat 1: kuhclemO ($57.86 in chips) 
Seat 3: SorinS28 ($103.42 in chips) 
Seat 4: Manifestorr ($100 in chips) 
Seat 5: reiyser ($115.60 in chips) 
Seat 6: MonsterPigeon ($36.34 in chips) 
SorinS28: posts small blind $0.50
Manifestorr: posts big blind $1
*** HOLE CARDS ***
reiyser: folds 
MonsterPigeon: folds 
kuhclemO: folds 
SorinS28: folds 
Uncalled bet ($0.50) returned to Manifestorr
Manifestorr collected $1 from pot
*** SUMMARY ***
Total pot $1 | Rake $0 
Seat 2: ReVeu710
Seat 1: kuhclemO (button) folded before Flop (didn't bet)
Seat 3: SorinS28 (small blind) folded before Flop
Seat 4: Manifestorr (big blind) collected ($1)
Seat 5: reiyser folded before Flop (didn't bet)
Seat 6: MonsterPigeon folded before Flop (didn't bet)



PokerStars Hand #254771900624:  Hold'em No Limit ($0.50/$1.00 USD) - 2025/02/08 20:41:02 WET [2025/02/08 15:41:02 ET]
Table 'Hveen II' 6-max Seat #3 is the button
Seat 2: ReVeu710 ($100 in chips) is sitting out
Seat 1: kuhclemO ($57.86 in chips) 
Seat 3: SorinS28 ($102.92 in chips) 
Seat 4: Manifestorr ($100.50 in chips) 
Seat 5: reiyser ($115.60 in chips) 
Seat 6: MonsterPigeon ($36.34 in chips) 
Manifestorr: posts small blind $0.50
reiyser: posts big blind $1
*** HOLE CARDS ***
MonsterPigeon: folds 
kuhclemO: folds 
SorinS28: folds 
Manifestorr: raises $2 to $3
reiyser: folds 
Uncalled bet ($2) returned to Manifestorr
Manifestorr collected $2 from pot
*** SUMMARY ***
Total pot $2 | Rake $0 
Seat 2: ReVeu710
Seat 1: kuhclemO folded before Flop (didn't bet)
Seat 3: SorinS28 (button) folded before Flop (didn't bet)
Seat 4: Manifestorr (small blind) collected ($2)
Seat 5: reiyser (big blind) folded before Flop
Seat 6: MonsterPigeon folded before Flop (didn't bet)



PokerStars Hand #254771906644:  Hold'em No Limit ($0.50/$1.00 USD) - 2025/02/08 20:41:22 WET [2025/02/08 15:41:22 ET]
Table 'Hveen II' 6-max Seat #4 is the button
Seat 2: ReVeu710 ($100 in chips) is sitting out
Seat 1: kuhclemO ($57.86 in chips) 
Seat 3: SorinS28 ($102.92 in chips) 
Seat 4: Manifestorr ($101.50 in chips) 
Seat 5: reiyser ($114.60 in chips) 
Seat 6: MonsterPigeon ($36.34 in chips) 
reiyser: posts small blind $0.50
MonsterPigeon: posts big blind $1
*** HOLE CARDS ***
kuhclemO: folds 
SorinS28: folds 
Manifestorr: raises $1.20 to $2.20
reiyser: folds 
MonsterPigeon: calls $1.20
*** FLOP *** [6d Ad 6c]
MonsterPigeon: checks 
Manifestorr: bets $1.54
MonsterPigeon: folds 
Uncalled bet ($1.54) returned to Manifestorr
Manifestorr collected $4.66 from pot
*** SUMMARY ***
Total pot $4.90 | Rake $0.24 
Board [6d Ad 6c]
Seat 2: ReVeu710
Seat 1: kuhclemO folded before Flop (didn't bet)
Seat 3: SorinS28 folded before Flop (didn't bet)
Seat 4: Manifestorr (button) collected ($4.66)
Seat 5: reiyser (small blind) folded before Flop
Seat 6: MonsterPigeon (big blind) folded on the Flop



PokerStars Hand #254771913417:  Hold'em No Limit ($0.50/$1.00 USD) - 2025/02/08 20:41:45 WET [2025/02/08 15:41:45 ET]
Table 'Hveen II' 6-max Seat #5 is the button
Seat 2: ReVeu710 ($100 in chips) is sitting out
Seat 1: kuhclemO ($57.86 in chips) 
Seat 3: SorinS28 ($102.92 in chips) 
Seat 4: Manifestorr ($103.96 in chips) 
Seat 5: reiyser ($114.10 in chips) 
Seat 6: MonsterPigeon ($34.14 in chips) 
MonsterPigeon: posts small blind $0.50
kuhclemO: posts big blind $1
*** HOLE CARDS ***
SorinS28: folds 
Manifestorr: folds 
reiyser: raises $1.23 to $2.23
MonsterPigeon: calls $1.73
kuhclemO: folds 
*** FLOP *** [7s Qh Ts]
MonsterPigeon: checks 
reiyser: bets $2.70
MonsterPigeon: folds 
Uncalled bet ($2.70) returned to reiyser
reiyser collected $5.19 from pot
reiyser: doesn't show hand 
*** SUMMARY ***
Total pot $5.46 | Rake $0.27 
Board [7s Qh Ts]
Seat 2: ReVeu710
Seat 1: kuhclemO (big blind) folded before Flop
Seat 3: SorinS28 folded before Flop (didn't bet)
Seat 4: Manifestorr folded before Flop (didn't bet)
Seat 5: reiyser (button) collected ($5.19)
Seat 6: MonsterPigeon (small blind) folded on the Flop



PokerStars Hand #254771921842:  Hold'em No Limit ($0.50/$1.00 USD) - 2025/02/08 20:42:14 WET [2025/02/08 15:42:14 ET]
Table 'Hveen II' 6-max Seat #6 is the button
Seat 2: ReVeu710 ($100 in chips) is sitting out
Seat 1: kuhclemO ($56.86 in chips) 
Seat 3: SorinS28 ($102.92 in chips) 
Seat 4: Manifestorr ($103.96 in chips) 
Seat 5: reiyser ($117.06 in chips) 
Seat 6: MonsterPigeon ($31.91 in chips) 
kuhclemO: posts small blind $0.50
SorinS28: posts big blind $1
*** HOLE CARDS ***
Manifestorr: folds 
reiyser: folds 
MonsterPigeon: raises $2 to $3
kuhclemO: folds 
SorinS28: folds 
Uncalled bet ($2) returned to MonsterPigeon
MonsterPigeon collected $2.50 from pot
*** SUMMARY ***
Total pot $2.50 | Rake $0 
Seat 2: ReVeu710
Seat 1: kuhclemO (small blind) folded before Flop
Seat 3: SorinS28 (big blind) folded before Flop
Seat 4: Manifestorr folded before Flop (didn't bet)
Seat 5: reiyser folded before Flop (didn't bet)
Seat 6: MonsterPigeon (button) collected ($2.50)



PokerStars Hand #254771926252:  Hold'em No Limit ($0.50/$1.00 USD) - 2025/02/08 20:42:28 WET [2025/02/08 15:42:28 ET]
Table 'Hveen II' 6-max Seat #1 is the button
Seat 2: ReVeu710 ($100 in chips) is sitting out
Seat 1: kuhclemO ($56.36 in chips) 
Seat 3: SorinS28 ($101.92 in chips) 
Seat 4: Manifestorr ($103.96 in chips) 
Seat 5: reiyser ($117.06 in chips) 
Seat 6: MonsterPigeon ($33.41 in chips) 
SorinS28: posts small blind $0.50
Manifestorr: posts big blind $1
*** HOLE CARDS ***
reiyser: raises $1.23 to $2.23
MonsterPigeon: folds 
kuhclemO: folds 
SorinS28: folds 
Manifestorr: folds 
Uncalled bet ($1.23) returned to reiyser
reiyser collected $2.50 from pot
reiyser: doesn't show hand 
*** SUMMARY ***
Total pot $2.50 | Rake $0 
Seat 2: ReVeu710
Seat 1: kuhclemO (button) folded before Flop (didn't bet)
Seat 3: SorinS28 (small blind) folded before Flop
Seat 4: Manifestorr (big blind) folded before Flop
Seat 5: reiyser collected ($2.50)
Seat 6: MonsterPigeon folded before Flop (didn't bet)



PokerStars Hand #254771929177:  Hold'em No Limit ($0.50/$1.00 USD) - 2025/02/08 20:42:38 WET [2025/02/08 15:42:38 ET]
Table 'Hveen II' 6-max Seat #3 is the button
Seat 2: ReVeu710 ($100 in chips) is sitting out
Seat 1: kuhclemO ($56.36 in chips) 
Seat 3: SorinS28 ($101.42 in chips) 
Seat 4: Manifestorr ($102.96 in chips) 
Seat 5: reiyser ($118.56 in chips) 
Seat 6: MonsterPigeon ($33.41 in chips) 
Manifestorr: posts small blind $0.50
reiyser: posts big blind $1
ReVeu710: sits out 
*** HOLE CARDS ***
MonsterPigeon: folds 
kuhclemO: raises $1 to $2
SorinS28: folds 
Manifestorr: folds 
reiyser: folds 
Uncalled bet ($1) returned to kuhclemO
kuhclemO collected $2.50 from pot
kuhclemO: doesn't show hand 
*** SUMMARY ***
Total pot $2.50 | Rake $0 
Seat 2: ReVeu710
Seat 1: kuhclemO collected ($2.50)
Seat 3: SorinS28 (button) folded before Flop (didn't bet)
Seat 4: Manifestorr (small blind) folded before Flop
Seat 5: reiyser (big blind) folded before Flop
Seat 6: MonsterPigeon folded before Flop (didn't bet)



PokerStars Hand #254771933843:  Hold'em No Limit ($0.50/$1.00 USD) - 2025/02/08 20:42:54 WET [2025/02/08 15:42:54 ET]
Table 'Hveen II' 6-max Seat #4 is the button
Seat 2: ReVeu710 ($100 in chips) is sitting out
Seat 1: kuhclemO ($57.86 in chips) 
Seat 3: SorinS28 ($101.42 in chips) 
Seat 4: Manifestorr ($102.46 in chips) 
Seat 5: reiyser ($117.56 in chips) 
Seat 6: MonsterPigeon ($33.41 in chips) 
reiyser: posts small blind $0.50
MonsterPigeon: posts big blind $1
ReVeu710: sits out 
*** HOLE CARDS ***
kuhclemO: folds 
SorinS28: raises $1.30 to $2.30
Manifestorr: folds 
reiyser: folds 
MonsterPigeon: calls $1.30
*** FLOP *** [Jc 7s Tc]
MonsterPigeon: checks 
SorinS28: checks 
*** TURN *** [Jc 7s Tc] [6h]
MonsterPigeon: checks 
SorinS28: checks 
*** RIVER *** [Jc 7s Tc 6h] [9d]
MonsterPigeon: bets $3
SorinS28: folds 
Uncalled bet ($3) returned to MonsterPigeon
MonsterPigeon collected $4.84 from pot
*** SUMMARY ***
Total pot $5.10 | Rake $0.26 
Board [Jc 7s Tc 6h 9d]
Seat 2: ReVeu710
Seat 1: kuhclemO folded before Flop (didn't bet)
Seat 3: SorinS28 folded on the River
Seat 4: Manifestorr (button) folded before Flop (didn't bet)
Seat 5: reiyser (small blind) folded before Flop
Seat 6: MonsterPigeon (big blind) collected ($4.84)



PokerStars Hand #254771948468:  Hold'em No Limit ($0.50/$1.00 USD) - 2025/02/08 20:43:43 WET [2025/02/08 15:43:43 ET]
Table 'Hveen II' 6-max Seat #5 is the button
Seat 2: ReVeu710 ($100 in chips) is sitting out
Seat 1: kuhclemO ($57.86 in chips) 
Seat 3: SorinS28 ($100 in chips) 
Seat 4: Manifestorr ($102.46 in chips) 
Seat 5: reiyser ($117.06 in chips) 
Seat 6: MonsterPigeon ($35.95 in chips) 
MonsterPigeon: posts small blind $0.50
kuhclemO: posts big blind $1
ReVeu710: sits out 
*** HOLE CARDS ***
SorinS28: folds 
Manifestorr: raises $1.20 to $2.20
reiyser: folds 
MonsterPigeon: folds 
kuhclemO: folds 
Uncalled bet ($1.20) returned to Manifestorr
Manifestorr collected $2.50 from pot
*** SUMMARY ***
Total pot $2.50 | Rake $0 
Seat 2: ReVeu710
Seat 1: kuhclemO (big blind) folded before Flop
Seat 3: SorinS28 folded before Flop (didn't bet)
Seat 4: Manifestorr collected ($2.50)
Seat 5: reiyser (button) folded before Flop (didn't bet)
Seat 6: MonsterPigeon (small blind) folded before Flop



PokerStars Hand #254771954257:  Hold'em No Limit ($0.50/$1.00 USD) - 2025/02/08 20:44:03 WET [2025/02/08 15:44:03 ET]
Table 'Hveen II' 6-max Seat #6 is the button
Seat 1: kuhclemO ($56.86 in chips) 
Seat 2: ReVeu710 ($100 in chips) 
Seat 3: SorinS28 ($100 in chips) 
Seat 4: Manifestorr ($103.96 in chips) 
Seat 5: reiyser ($117.06 in chips) 
Seat 6: MonsterPigeon ($35.45 in chips) 
kuhclemO: posts small blind $0.50
ReVeu710: posts big blind $1
*** HOLE CARDS ***
SorinS28: folds 
Manifestorr: folds 
reiyser: folds 
MonsterPigeon: folds 
kuhclemO: raises $2 to $3
ReVeu710: calls $2
*** FLOP *** [4c Kh 6c]
kuhclemO: checks 
ReVeu710: checks 
*** TURN *** [4c Kh 6c] [9s]
kuhclemO: checks 
ReVeu710: checks 
*** RIVER *** [4c Kh 6c 9s] [Qh]
kuhclemO: bets $4.28
ReVeu710: calls $4.28
*** SHOW DOWN ***
kuhclemO: shows [Ad Ah] (a pair of Aces)
ReVeu710: mucks hand 
kuhclemO collected $13.83 from pot
*** SUMMARY ***
Total pot $14.56 | Rake $0.73 
Board [4c Kh 6c 9s Qh]
Seat 1: kuhclemO (small blind) showed [Ad Ah] and won ($13.83) with a pair of Aces
Seat 2: ReVeu710 (big blind) mucked
Seat 3: SorinS28 folded before Flop (didn't bet)
Seat 4: Manifestorr folded before Flop (didn't bet)
Seat 5: reiyser folded before Flop (didn't bet)
Seat 6: MonsterPigeon (button) folded before Flop (didn't bet)



PokerStars Hand #254771971835:  Hold'em No Limit ($0.50/$1.00 USD) - 2025/02/08 20:45:02 WET [2025/02/08 15:45:02 ET]
Table 'Hveen II' 6-max Seat #1 is the button
Seat 1: kuhclemO ($63.41 in chips) 
Seat 2: ReVeu710 ($100 in chips) 
Seat 3: SorinS28 ($100 in chips) 
Seat 4: Manifestorr ($103.96 in chips) 
Seat 5: reiyser ($117.06 in chips) 
Seat 6: MonsterPigeon ($35.45 in chips) 
ReVeu710: posts small blind $0.50
SorinS28: posts big blind $1
*** HOLE CARDS ***
Manifestorr: raises $1.20 to $2.20
reiyser: folds 
MonsterPigeon: calls $2.20
kuhclemO: folds 
ReVeu710: folds 
SorinS28: folds 
*** FLOP *** [9c 5d 8h]
Manifestorr: bets $2.80
MonsterPigeon: calls $2.80
*** TURN *** [9c 5d 8h] [Qh]
Manifestorr: checks 
MonsterPigeon: bets $4
Manifestorr: calls $4
*** RIVER *** [9c 5d 8h Qh] [6c]
Manifestorr: bets $25
MonsterPigeon: calls $25
*** SHOW DOWN ***
Manifestorr: shows [7d Ad] (a straight, Five to Nine)
MonsterPigeon: mucks hand 
Manifestorr collected $67 from pot
*** SUMMARY ***
Total pot $69.50 | Rake $2.50 
Board [9c 5d 8h Qh 6c]
Seat 1: kuhclemO (button) folded before Flop (didn't bet)
Seat 2: ReVeu710 (small blind) folded before Flop
Seat 3: SorinS28 (big blind) folded before Flop
Seat 4: Manifestorr showed [7d Ad] and won ($67) with a straight, Five to Nine
Seat 5: reiyser folded before Flop (didn't bet)
Seat 6: MonsterPigeon mucked



PokerStars Hand #254771988820:  Hold'em No Limit ($0.50/$1.00 USD) - 2025/02/08 20:46:00 WET [2025/02/08 15:46:00 ET]
Table 'Hveen II' 6-max Seat #2 is the button
Seat 1: kuhclemO ($63.41 in chips) 
Seat 2: ReVeu710 ($100 in chips) 
Seat 3: SorinS28 ($100 in chips) 
Seat 4: Manifestorr ($136.96 in chips) 
Seat 5: reiyser ($117.06 in chips) 
Seat 6: MonsterPigeon ($1.45 in chips) 
SorinS28: posts small blind $0.50
Manifestorr: posts big blind $1
*** HOLE CARDS ***
reiyser: folds 
MonsterPigeon: raises $0.45 to $1.45 and is all-in
kuhclemO: folds 
ReVeu710: folds 
SorinS28: folds 
Manifestorr: folds 
Uncalled bet ($0.45) returned to MonsterPigeon
MonsterPigeon collected $2.50 from pot
*** SUMMARY ***
Total pot $2.50 | Rake $0 
Seat 1: kuhclemO folded before Flop (didn't bet)
Seat 2: ReVeu710 (button) folded before Flop (didn't bet)
Seat 3: SorinS28 (small blind) folded before Flop
Seat 4: Manifestorr (big blind) folded before Flop
Seat 5: reiyser folded before Flop (didn't bet)
Seat 6: MonsterPigeon collected ($2.50)



PokerStars Hand #254771996034:  Hold'em No Limit ($0.50/$1.00 USD) - 2025/02/08 20:46:25 WET [2025/02/08 15:46:25 ET]
Table 'Hveen II' 6-max Seat #3 is the button
Seat 1: kuhclemO ($63.41 in chips) 
Seat 2: ReVeu710 ($100 in chips) 
Seat 3: SorinS28 ($100 in chips) 
Seat 4: Manifestorr ($135.96 in chips) 
Seat 5: reiyser ($117.06 in chips) 
Seat 6: MonsterPigeon ($2.95 in chips) 
Manifestorr: posts small blind $0.50
reiyser: posts big blind $1
*** HOLE CARDS ***
MonsterPigeon: folds 
kuhclemO: folds 
ReVeu710: folds 
SorinS28: raises $1.50 to $2.50
Manifestorr: folds 
reiyser: folds 
Uncalled bet ($1.50) returned to SorinS28
SorinS28 collected $2.50 from pot
SorinS28: doesn't show hand 
*** SUMMARY ***
Total pot $2.50 | Rake $0 
Seat 1: kuhclemO folded before Flop (didn't bet)
Seat 2: ReVeu710 folded before Flop (didn't bet)
Seat 3: SorinS28 (button) collected ($2.50)
Seat 4: Manifestorr (small blind) folded before Flop
Seat 5: reiyser (big blind) folded before Flop
Seat 6: MonsterPigeon folded before Flop (didn't bet)



PokerStars Hand #254772000702:  Hold'em No Limit ($0.50/$1.00 USD) - 2025/02/08 20:46:41 WET [2025/02/08 15:46:41 ET]
Table 'Hveen II' 6-max Seat #4 is the button
Seat 1: kuhclemO ($63.41 in chips) 
Seat 2: ReVeu710 ($100 in chips) 
Seat 3: SorinS28 ($101.50 in chips) 
Seat 4: Manifestorr ($135.46 in chips) 
Seat 5: reiyser ($116.06 in chips) 
Seat 6: MonsterPigeon ($2.95 in chips) 
reiyser: posts small blind $0.50
MonsterPigeon: posts big blind $1
*** HOLE CARDS ***
kuhclemO: folds 
ReVeu710: folds 
SorinS28: raises $1.30 to $2.30
Manifestorr: folds 
reiyser: folds 
MonsterPigeon: calls $1.30
*** FLOP *** [8d 7d 5h]
MonsterPigeon: bets $0.65 and is all-in
SorinS28: calls $0.65
SorinS28 has timed out
*** TURN *** [8d 7d 5h] [8c]
*** RIVER *** [8d 7d 5h 8c] [Ac]
*** SHOW DOWN ***
MonsterPigeon: shows [Tc 3c] (a pair of Eights)
SorinS28: shows [Ah 3h] (two pair, Aces and Eights)
SorinS28 collected $6.08 from pot
*** SUMMARY ***
Total pot $6.40 | Rake $0.32 
Board [8d 7d 5h 8c Ac]
Seat 1: kuhclemO folded before Flop (didn't bet)
Seat 2: ReVeu710 folded before Flop (didn't bet)
Seat 3: SorinS28 showed [Ah 3h] and won ($6.08) with two pair, Aces and Eights
Seat 4: Manifestorr (button) folded before Flop (didn't bet)
Seat 5: reiyser (small blind) folded before Flop
Seat 6: MonsterPigeon (big blind) showed [Tc 3c] and lost with a pair of Eights



PokerStars Hand #254772012665:  Hold'em No Limit ($0.50/$1.00 USD) - 2025/02/08 20:47:22 WET [2025/02/08 15:47:22 ET]
Table 'Hveen II' 6-max Seat #5 is the button
Seat 2: ReVeu710 ($100 in chips) is sitting out
Seat 6: MonsterPigeon ($0 in chips) is sitting out
Seat 1: kuhclemO ($63.41 in chips) 
Seat 3: SorinS28 ($104.63 in chips) 
Seat 4: Manifestorr ($135.46 in chips) 
Seat 5: reiyser ($115.56 in chips) 
kuhclemO: posts small blind $0.50
ReVeu710: is sitting out 
SorinS28: posts big blind $1
*** HOLE CARDS ***
MonsterPigeon leaves the table
Manifestorr: raises $1.20 to $2.20
ReVeu710 leaves the table
reiyser: raises $5.30 to $7.50
kuhclemO: folds 
SorinS28: folds 
Manifestorr: raises $16.50 to $24
reiyser: raises $91.56 to $115.56 and is all-in
Manifestorr: calls $91.56
*** FLOP *** [7h 9h 9d]
vadjkeee joins the table at seat #2 
*** TURN *** [7h 9h 9d] [2s]
*** RIVER *** [7h 9h 9d 2s] [6s]
*** SHOW DOWN ***
Manifestorr: shows [Kh Kd] (two pair, Kings and Nines)
reiyser: shows [Qs Qh] (two pair, Queens and Nines)
Manifestorr collected $231.62 from pot
*** SUMMARY ***
Total pot $232.62 | Rake $1 
Board [7h 9h 9d 2s 6s]
Seat 2: ReVeu710
Seat 6: MonsterPigeon
Seat 1: kuhclemO (small blind) folded before Flop
Seat 3: SorinS28 (big blind) folded before Flop
Seat 4: Manifestorr showed [Kh Kd] and won ($231.62) with two pair, Kings and Nines
Seat 5: reiyser (button) showed [Qs Qh] and lost with two pair, Queens and Nines



PokerStars Hand #254772032919:  Hold'em No Limit ($0.50/$1.00 USD) - 2025/02/08 20:48:32 WET [2025/02/08 15:48:32 ET]
Table 'Hveen II' 6-max Seat #6 is the button
Seat 5: reiyser ($100 in chips) is sitting out
Seat 2: vadjkeee ($100 in chips) 
Seat 3: SorinS28 ($103.63 in chips) 
Seat 6: J0SHB0SH ($100 in chips) 
vadjkeee: posts small blind $0.50
SorinS28: posts big blind $1
*** HOLE CARDS ***
J0SHB0SH: raises $1.50 to $2.50
reiyser leaves the table
vadjkeee: folds 
SorinS28: folds 
Uncalled bet ($1.50) returned to J0SHB0SH
J0SHB0SH collected $2.50 from pot
J0SHB0SH: doesn't show hand 
*** SUMMARY ***
Total pot $2.50 | Rake $0 
Seat 5: reiyser
Seat 2: vadjkeee (small blind) folded before Flop
Seat 3: SorinS28 (big blind) folded before Flop
Seat 6: J0SHB0SH (button) collected ($2.50)



PokerStars Hand #254772036498:  Hold'em No Limit ($0.50/$1.00 USD) - 2025/02/08 20:48:44 WET [2025/02/08 15:48:44 ET]
Table 'Hveen II' 6-max Seat #2 is the button
Seat 2: vadjkeee ($100 in chips) 
Seat 3: SorinS28 ($102.63 in chips) 
Seat 6: J0SHB0SH ($101.50 in chips) 
SorinS28: posts small blind $0.50
J0SHB0SH: posts big blind $1
*** HOLE CARDS ***
vadjkeee: folds 
SorinS28: raises $2 to $3
J0SHB0SH: calls $2
*** FLOP *** [Ts 7c 2s]
SorinS28: checks 
J0SHB0SH: checks 
*** TURN *** [Ts 7c 2s] [4d]
SorinS28: checks 
J0SHB0SH: checks 
*** RIVER *** [Ts 7c 2s 4d] [6s]
SorinS28: checks 
J0SHB0SH: checks 
*** SHOW DOWN ***
SorinS28: shows [Ac 6c] (a pair of Sixes)
J0SHB0SH: mucks hand 
SorinS28 collected $5.70 from pot
*** SUMMARY ***
Total pot $6 | Rake $0.30 
Board [Ts 7c 2s 4d 6s]
Seat 2: vadjkeee (button) folded before Flop (didn't bet)
Seat 3: SorinS28 (small blind) showed [Ac 6c] and won ($5.70) with a pair of Sixes
Seat 6: J0SHB0SH (big blind) mucked



PokerStars Hand #254772054220:  Hold'em No Limit ($0.50/$1.00 USD) - 2025/02/08 20:49:45 WET [2025/02/08 15:49:45 ET]
Table 'Hveen II' 6-max Seat #3 is the button
Seat 2: vadjkeee ($100 in chips) 
Seat 3: SorinS28 ($105.33 in chips) 
Seat 6: J0SHB0SH ($100 in chips) 
J0SHB0SH: posts small blind $0.50
vadjkeee: posts big blind $1
*** HOLE CARDS ***
SorinS28: folds 
J0SHB0SH: folds 
Uncalled bet ($0.50) returned to vadjkeee
vadjkeee collected $1 from pot
vadjkeee: doesn't show hand 
SorinS28 leaves the table
*** SUMMARY ***
Total pot $1 | Rake $0 
Seat 2: vadjkeee (big blind) collected ($1)
Seat 3: SorinS28 (button) folded before Flop (didn't bet)
Seat 6: J0SHB0SH (small blind) folded before Flop



