PokerStars Hand #254773422220:  Hold'em No Limit ($0.50/$1.00 USD) - 2025/02/08 22:10:42 WET [2025/02/08 17:10:42 ET]
Table 'Lunaria II' 6-max Seat #4 is the button
Seat 1: songikong891 ($10.50 in chips) 
Seat 2: aoish30 ($100 in chips) 
Seat 3: NoonTime1991 ($100 in chips) 
Seat 4: ZinePablo ($100 in chips) 
songikong891: posts small blind $0.50
aoish30: posts big blind $1
*** HOLE CARDS ***
NoonTime1991: folds 
ZinePablo: raises $1.50 to $2.50
YeeesMan joins the table at seat #6 
songikong891: folds 
aoish30: folds 
Uncalled bet ($1.50) returned to ZinePablo
ZinePablo collected $2.50 from pot
*** SUMMARY ***
Total pot $2.50 | Rake $0 
Seat 1: songikong891 (small blind) folded before Flop
Seat 2: aoish30 (big blind) folded before Flop
Seat 3: NoonTime1991 folded before Flop (didn't bet)
Seat 4: ZinePablo (button) collected ($2.50)



PokerStars Hand #254773426852:  Hold'em No Limit ($0.50/$1.00 USD) - 2025/02/08 22:10:58 WET [2025/02/08 17:10:58 ET]
Table 'Lunaria II' 6-max Seat #1 is the button
Seat 6: YeeesMan ($100 in chips) is sitting out
Seat 1: songikong891 ($10 in chips) 
Seat 2: aoish30 ($100 in chips) 
Seat 3: NoonTime1991 ($100 in chips) 
Seat 4: ZinePablo ($101.50 in chips) 
aoish30: posts small blind $0.50
NoonTime1991: posts big blind $1
YeeesMan: sits out 
*** HOLE CARDS ***
ZinePablo: folds 
songikong891: folds 
aoish30: raises $2 to $3
NoonTime1991: folds 
Uncalled bet ($2) returned to aoish30
aoish30 collected $2 from pot
aoish30: doesn't show hand 
*** SUMMARY ***
Total pot $2 | Rake $0 
Seat 6: YeeesMan
Seat 1: songikong891 (button) folded before Flop (didn't bet)
Seat 2: aoish30 (small blind) collected ($2)
Seat 3: NoonTime1991 (big blind) folded before Flop
Seat 4: ZinePablo folded before Flop (didn't bet)



PokerStars Hand #254773431885:  Hold'em No Limit ($0.50/$1.00 USD) - 2025/02/08 22:11:15 WET [2025/02/08 17:11:15 ET]
Table 'Lunaria II' 6-max Seat #2 is the button
Seat 6: YeeesMan ($100 in chips) is sitting out
Seat 1: songikong891 ($10 in chips) 
Seat 2: aoish30 ($101 in chips) 
Seat 3: NoonTime1991 ($100 in chips) 
Seat 4: ZinePablo ($101.50 in chips) 
NoonTime1991: posts small blind $0.50
ZinePablo: posts big blind $1
YeeesMan: sits out 
*** HOLE CARDS ***
songikong891: folds 
aoish30: raises $1.50 to $2.50
NoonTime1991: folds 
ZinePablo: raises $8.50 to $11
navid1068 joins the table at seat #5 
navid1068 is disconnected 
aoish30: calls $8.50
*** FLOP *** [9s 9d 9c]
ZinePablo: bets $7.10
aoish30: calls $7.10
*** TURN *** [9s 9d 9c] [8s]
ZinePablo: bets $26.78
aoish30: calls $26.78
*** RIVER *** [9s 9d 9c 8s] [8c]
ZinePablo: bets $56.62 and is all-in
aoish30: folds 
Uncalled bet ($56.62) returned to ZinePablo
ZinePablo collected $89.26 from pot
*** SUMMARY ***
Total pot $90.26 | Rake $1 
Board [9s 9d 9c 8s 8c]
Seat 6: YeeesMan
Seat 1: songikong891 folded before Flop (didn't bet)
Seat 2: aoish30 (button) folded on the River
Seat 3: NoonTime1991 (small blind) folded before Flop
Seat 4: ZinePablo (big blind) collected ($89.26)



PokerStars Hand #254773453965:  Hold'em No Limit ($0.50/$1.00 USD) - 2025/02/08 22:12:30 WET [2025/02/08 17:12:30 ET]
Table 'Lunaria II' 6-max Seat #3 is the button
Seat 6: YeeesMan ($100 in chips) is sitting out
Seat 1: songikong891 ($10 in chips) 
Seat 2: aoish30 ($100 in chips) 
Seat 3: NoonTime1991 ($100 in chips) 
Seat 4: ZinePablo ($145.88 in chips) 
Seat 5: navid1068 ($51.09 in chips) 
ZinePablo: posts small blind $0.50
navid1068: posts big blind $1
YeeesMan: sits out 
*** HOLE CARDS ***
songikong891: folds 
aoish30: folds 
NoonTime1991: folds 
ZinePablo: folds 
Uncalled bet ($0.50) returned to navid1068
navid1068 collected $1 from pot
*** SUMMARY ***
Total pot $1 | Rake $0 
Seat 6: YeeesMan
Seat 1: songikong891 folded before Flop (didn't bet)
Seat 2: aoish30 folded before Flop (didn't bet)
Seat 3: NoonTime1991 (button) folded before Flop (didn't bet)
Seat 4: ZinePablo (small blind) folded before Flop
Seat 5: navid1068 (big blind) collected ($1)



PokerStars Hand #254773457231:  Hold'em No Limit ($0.50/$1.00 USD) - 2025/02/08 22:12:42 WET [2025/02/08 17:12:42 ET]
Table 'Lunaria II' 6-max Seat #4 is the button
Seat 1: songikong891 ($10 in chips) 
Seat 2: aoish30 ($100 in chips) 
Seat 3: NoonTime1991 ($100 in chips) 
Seat 4: ZinePablo ($145.38 in chips) 
Seat 5: navid1068 ($51.59 in chips) 
Seat 6: YeeesMan ($100 in chips) 
navid1068: posts small blind $0.50
YeeesMan: posts big blind $1
*** HOLE CARDS ***
songikong891: calls $1
aoish30: raises $3 to $4
NoonTime1991: folds 
ZinePablo: folds 
navid1068: calls $3.50
YeeesMan: folds 
songikong891: folds 
*** FLOP *** [8h Tc 5d]
navid1068: checks 
aoish30: checks 
*** TURN *** [8h Tc 5d] [2h]
navid1068: checks 
aoish30: checks 
*** RIVER *** [8h Tc 5d 2h] [Kh]
navid1068: checks 
aoish30: checks 
*** SHOW DOWN ***
navid1068: shows [Ah 9s] (high card Ace)
aoish30: shows [9c 9h] (a pair of Nines)
aoish30 collected $9.50 from pot
*** SUMMARY ***
Total pot $10 | Rake $0.50 
Board [8h Tc 5d 2h Kh]
Seat 1: songikong891 folded before Flop
Seat 2: aoish30 showed [9c 9h] and won ($9.50) with a pair of Nines
Seat 3: NoonTime1991 folded before Flop (didn't bet)
Seat 4: ZinePablo (button) folded before Flop (didn't bet)
Seat 5: navid1068 (small blind) showed [Ah 9s] and lost with high card Ace
Seat 6: YeeesMan (big blind) folded before Flop



PokerStars Hand #254773470156:  Hold'em No Limit ($0.50/$1.00 USD) - 2025/02/08 22:13:26 WET [2025/02/08 17:13:26 ET]
Table 'Lunaria II' 6-max Seat #5 is the button
Seat 1: songikong891 ($9 in chips) 
Seat 2: aoish30 ($105.50 in chips) 
Seat 3: NoonTime1991 ($100 in chips) 
Seat 4: ZinePablo ($145.38 in chips) 
Seat 5: navid1068 ($47.59 in chips) 
Seat 6: YeeesMan ($100 in chips) 
YeeesMan: posts small blind $0.50
songikong891: posts big blind $1
*** HOLE CARDS ***
aoish30: folds 
NoonTime1991: folds 
ZinePablo: folds 
navid1068: calls $1
YeeesMan: calls $0.50
songikong891: checks 
*** FLOP *** [4d As 6s]
YeeesMan: checks 
songikong891: checks 
navid1068: checks 
*** TURN *** [4d As 6s] [7h]
YeeesMan: checks 
songikong891: checks 
navid1068: checks 
*** RIVER *** [4d As 6s 7h] [8s]
YeeesMan: checks 
songikong891: checks 
navid1068: checks 
*** SHOW DOWN ***
YeeesMan: shows [3s 3h] (a pair of Threes)
songikong891: mucks hand 
navid1068: shows [8h Jc] (a pair of Eights)
navid1068 collected $2.85 from pot
*** SUMMARY ***
Total pot $3 | Rake $0.15 
Board [4d As 6s 7h 8s]
Seat 1: songikong891 (big blind) mucked
Seat 2: aoish30 folded before Flop (didn't bet)
Seat 3: NoonTime1991 folded before Flop (didn't bet)
Seat 4: ZinePablo folded before Flop (didn't bet)
Seat 5: navid1068 (button) showed [8h Jc] and won ($2.85) with a pair of Eights
Seat 6: YeeesMan (small blind) showed [3s 3h] and lost with a pair of Threes



PokerStars Hand #254773481752:  Hold'em No Limit ($0.50/$1.00 USD) - 2025/02/08 22:14:05 WET [2025/02/08 17:14:05 ET]
Table 'Lunaria II' 6-max Seat #6 is the button
Seat 1: songikong891 ($8 in chips) 
Seat 2: aoish30 ($105.50 in chips) 
Seat 3: NoonTime1991 ($100 in chips) 
Seat 4: ZinePablo ($145.38 in chips) 
Seat 5: navid1068 ($49.44 in chips) 
Seat 6: YeeesMan ($100 in chips) 
songikong891: posts small blind $0.50
aoish30: posts big blind $1
*** HOLE CARDS ***
NoonTime1991: raises $1 to $2
ZinePablo: folds 
navid1068: folds 
YeeesMan: folds 
songikong891: calls $1.50
aoish30: calls $1
*** FLOP *** [3h 9s 8s]
songikong891: checks 
aoish30: checks 
NoonTime1991: checks 
*** TURN *** [3h 9s 8s] [Ac]
songikong891: checks 
aoish30: checks 
NoonTime1991: bets $7.69
songikong891: folds 
aoish30: calls $7.69
*** RIVER *** [3h 9s 8s Ac] [Js]
aoish30: checks 
NoonTime1991: checks 
*** SHOW DOWN ***
aoish30: shows [As Jh] (two pair, Aces and Jacks)
NoonTime1991: mucks hand 
aoish30 collected $20.31 from pot
*** SUMMARY ***
Total pot $21.38 | Rake $1.07 
Board [3h 9s 8s Ac Js]
Seat 1: songikong891 (small blind) folded on the Turn
Seat 2: aoish30 (big blind) showed [As Jh] and won ($20.31) with two pair, Aces and Jacks
Seat 3: NoonTime1991 mucked
Seat 4: ZinePablo folded before Flop (didn't bet)
Seat 5: navid1068 folded before Flop (didn't bet)
Seat 6: YeeesMan (button) folded before Flop (didn't bet)



PokerStars Hand #254773499982:  Hold'em No Limit ($0.50/$1.00 USD) - 2025/02/08 22:15:08 WET [2025/02/08 17:15:08 ET]
Table 'Lunaria II' 6-max Seat #1 is the button
Seat 1: songikong891 ($6 in chips) 
Seat 2: aoish30 ($116.12 in chips) 
Seat 3: NoonTime1991 ($100 in chips) 
Seat 4: ZinePablo ($145.38 in chips) 
Seat 5: navid1068 ($49.44 in chips) 
Seat 6: YeeesMan ($100 in chips) 
aoish30: posts small blind $0.50
NoonTime1991: posts big blind $1
*** HOLE CARDS ***
ZinePablo: folds 
navid1068: folds 
YeeesMan: folds 
songikong891: raises $1 to $2
aoish30: folds 
NoonTime1991: folds 
Uncalled bet ($1) returned to songikong891
songikong891 collected $2.50 from pot
*** SUMMARY ***
Total pot $2.50 | Rake $0 
Seat 1: songikong891 (button) collected ($2.50)
Seat 2: aoish30 (small blind) folded before Flop
Seat 3: NoonTime1991 (big blind) folded before Flop
Seat 4: ZinePablo folded before Flop (didn't bet)
Seat 5: navid1068 folded before Flop (didn't bet)
Seat 6: YeeesMan folded before Flop (didn't bet)



PokerStars Hand #254773504833:  Hold'em No Limit ($0.50/$1.00 USD) - 2025/02/08 22:15:24 WET [2025/02/08 17:15:24 ET]
Table 'Lunaria II' 6-max Seat #2 is the button
Seat 1: songikong891 ($7.50 in chips) 
Seat 2: aoish30 ($115.62 in chips) 
Seat 3: NoonTime1991 ($100 in chips) 
Seat 4: ZinePablo ($145.38 in chips) 
Seat 5: navid1068 ($49.44 in chips) 
Seat 6: YeeesMan ($100 in chips) 
NoonTime1991: posts small blind $0.50
ZinePablo: posts big blind $1
*** HOLE CARDS ***
navid1068: folds 
YeeesMan: folds 
songikong891: folds 
aoish30: folds 
NoonTime1991: folds 
Uncalled bet ($0.50) returned to ZinePablo
ZinePablo collected $1 from pot
*** SUMMARY ***
Total pot $1 | Rake $0 
Seat 1: songikong891 folded before Flop (didn't bet)
Seat 2: aoish30 (button) folded before Flop (didn't bet)
Seat 3: NoonTime1991 (small blind) folded before Flop
Seat 4: ZinePablo (big blind) collected ($1)
Seat 5: navid1068 folded before Flop (didn't bet)
Seat 6: YeeesMan folded before Flop (didn't bet)



PokerStars Hand #254773508333:  Hold'em No Limit ($0.50/$1.00 USD) - 2025/02/08 22:15:36 WET [2025/02/08 17:15:36 ET]
Table 'Lunaria II' 6-max Seat #3 is the button
Seat 1: songikong891 ($7.50 in chips) 
Seat 2: aoish30 ($115.62 in chips) 
Seat 3: NoonTime1991 ($100 in chips) 
Seat 4: ZinePablo ($145.88 in chips) 
Seat 5: navid1068 ($49.44 in chips) 
Seat 6: YeeesMan ($100 in chips) 
ZinePablo: posts small blind $0.50
navid1068: posts big blind $1
*** HOLE CARDS ***
YeeesMan: folds 
songikong891: folds 
aoish30: folds 
NoonTime1991: folds 
ZinePablo: raises $2 to $3
navid1068: folds 
Uncalled bet ($2) returned to ZinePablo
ZinePablo collected $2 from pot
*** SUMMARY ***
Total pot $2 | Rake $0 
Seat 1: songikong891 folded before Flop (didn't bet)
Seat 2: aoish30 folded before Flop (didn't bet)
Seat 3: NoonTime1991 (button) folded before Flop (didn't bet)
Seat 4: ZinePablo (small blind) collected ($2)
Seat 5: navid1068 (big blind) folded before Flop
Seat 6: YeeesMan folded before Flop (didn't bet)



PokerStars Hand #254773515261:  Hold'em No Limit ($0.50/$1.00 USD) - 2025/02/08 22:16:00 WET [2025/02/08 17:16:00 ET]
Table 'Lunaria II' 6-max Seat #4 is the button
Seat 6: YeeesMan ($100 in chips) is sitting out
Seat 1: songikong891 ($7.50 in chips) 
Seat 2: aoish30 ($115.62 in chips) 
Seat 3: NoonTime1991 ($100 in chips) 
Seat 4: ZinePablo ($146.88 in chips) 
Seat 5: navid1068 ($48.44 in chips) 
navid1068: posts small blind $0.50
YeeesMan: is sitting out 
songikong891: posts big blind $1
*** HOLE CARDS ***
aoish30: folds 
YeeesMan leaves the table
NoonTime1991: raises $1 to $2
ZinePablo: folds 
navid1068: folds 
songikong891: calls $1
*** FLOP *** [4s 5s Td]
songikong891: checks 
NoonTime1991: checks 
*** TURN *** [4s 5s Td] [Js]
songikong891: checks 
NoonTime1991: bets $2.82
henri789 joins the table at seat #6 
songikong891: folds 
Uncalled bet ($2.82) returned to NoonTime1991
NoonTime1991 collected $4.28 from pot
NoonTime1991: doesn't show hand 
*** SUMMARY ***
Total pot $4.50 | Rake $0.22 
Board [4s 5s Td Js]
Seat 6: YeeesMan
Seat 1: songikong891 (big blind) folded on the Turn
Seat 2: aoish30 folded before Flop (didn't bet)
Seat 3: NoonTime1991 collected ($4.28)
Seat 4: ZinePablo (button) folded before Flop (didn't bet)
Seat 5: navid1068 (small blind) folded before Flop



PokerStars Hand #254773525627:  Hold'em No Limit ($0.50/$1.00 USD) - 2025/02/08 22:16:35 WET [2025/02/08 17:16:35 ET]
Table 'Lunaria II' 6-max Seat #5 is the button
Seat 6: henri789 ($100 in chips) is sitting out
Seat 1: songikong891 ($5.50 in chips) 
Seat 2: aoish30 ($115.62 in chips) 
Seat 3: NoonTime1991 ($102.28 in chips) 
Seat 4: ZinePablo ($146.88 in chips) 
Seat 5: navid1068 ($47.94 in chips) 
songikong891: posts small blind $0.50
aoish30: posts big blind $1
*** HOLE CARDS ***
NoonTime1991: folds 
ZinePablo: folds 
navid1068: calls $1
songikong891: calls $0.50
aoish30: checks 
*** FLOP *** [7d 6d Ac]
songikong891: checks 
aoish30: checks 
navid1068: checks 
*** TURN *** [7d 6d Ac] [As]
songikong891: checks 
aoish30: checks 
navid1068: checks 
*** RIVER *** [7d 6d Ac As] [Td]
songikong891: bets $2
aoish30: folds 
navid1068: folds 
Uncalled bet ($2) returned to songikong891
songikong891 collected $2.81 from pot
*** SUMMARY ***
Total pot $3 | Rake $0.19 
Board [7d 6d Ac As Td]
Seat 6: henri789
Seat 1: songikong891 (small blind) collected ($2.81)
Seat 2: aoish30 (big blind) folded on the River
Seat 3: NoonTime1991 folded before Flop (didn't bet)
Seat 4: ZinePablo folded before Flop (didn't bet)
Seat 5: navid1068 (button) folded on the River



PokerStars Hand #254773537137:  Hold'em No Limit ($0.50/$1.00 USD) - 2025/02/08 22:17:15 WET [2025/02/08 17:17:15 ET]
Table 'Lunaria II' 6-max Seat #1 is the button
Seat 6: henri789 ($100 in chips) is sitting out
Seat 1: songikong891 ($7.31 in chips) 
Seat 2: aoish30 ($114.62 in chips) 
Seat 3: NoonTime1991 ($102.28 in chips) 
Seat 4: ZinePablo ($146.88 in chips) 
Seat 5: navid1068 ($46.94 in chips) 
aoish30: posts small blind $0.50
NoonTime1991: posts big blind $1
henri789: sits out 
*** HOLE CARDS ***
ZinePablo: folds 
navid1068: calls $1
songikong891: folds 
aoish30: raises $4 to $5
NoonTime1991: calls $4
navid1068: calls $4
*** FLOP *** [6c 9h 8d]
aoish30: checks 
NoonTime1991: checks 
navid1068: checks 
*** TURN *** [6c 9h 8d] [6h]
aoish30: bets $4.70
NoonTime1991: calls $4.70
navid1068: calls $4.70
*** RIVER *** [6c 9h 8d 6h] [5s]
aoish30: checks 
NoonTime1991: checks 
navid1068: checks 
*** SHOW DOWN ***
aoish30: shows [Ac As] (two pair, Aces and Sixes)
NoonTime1991: mucks hand 
navid1068: mucks hand 
aoish30 collected $27.64 from pot
*** SUMMARY ***
Total pot $29.10 | Rake $1.46 
Board [6c 9h 8d 6h 5s]
Seat 6: henri789
Seat 1: songikong891 (button) folded before Flop (didn't bet)
Seat 2: aoish30 (small blind) showed [Ac As] and won ($27.64) with two pair, Aces and Sixes
Seat 3: NoonTime1991 (big blind) mucked
Seat 4: ZinePablo folded before Flop (didn't bet)
Seat 5: navid1068 mucked



PokerStars Hand #254773549087:  Hold'em No Limit ($0.50/$1.00 USD) - 2025/02/08 22:17:56 WET [2025/02/08 17:17:56 ET]
Table 'Lunaria II' 6-max Seat #2 is the button
Seat 6: henri789 ($100 in chips) is sitting out
Seat 1: songikong891 ($7.31 in chips) 
Seat 2: aoish30 ($132.56 in chips) 
Seat 3: NoonTime1991 ($100 in chips) 
Seat 4: ZinePablo ($146.88 in chips) 
Seat 5: navid1068 ($37.24 in chips) 
NoonTime1991: posts small blind $0.50
ZinePablo: posts big blind $1
henri789: sits out 
*** HOLE CARDS ***
navid1068: folds 
songikong891: calls $1
aoish30: folds 
NoonTime1991: folds 
ZinePablo: checks 
*** FLOP *** [7h 6c Ts]
ZinePablo: checks 
songikong891: checks 
*** TURN *** [7h 6c Ts] [Td]
ZinePablo: checks 
songikong891: bets $2.38
ZinePablo: folds 
Uncalled bet ($2.38) returned to songikong891
songikong891 collected $2.35 from pot
*** SUMMARY ***
Total pot $2.50 | Rake $0.15 
Board [7h 6c Ts Td]
Seat 6: henri789
Seat 1: songikong891 collected ($2.35)
Seat 2: aoish30 (button) folded before Flop (didn't bet)
Seat 3: NoonTime1991 (small blind) folded before Flop
Seat 4: ZinePablo (big blind) folded on the Turn
Seat 5: navid1068 folded before Flop (didn't bet)



PokerStars Hand #254773557313:  Hold'em No Limit ($0.50/$1.00 USD) - 2025/02/08 22:18:24 WET [2025/02/08 17:18:24 ET]
Table 'Lunaria II' 6-max Seat #3 is the button
Seat 6: henri789 ($100 in chips) is sitting out
Seat 1: songikong891 ($8.66 in chips) 
Seat 2: aoish30 ($132.56 in chips) 
Seat 3: NoonTime1991 ($100 in chips) 
Seat 4: ZinePablo ($145.88 in chips) 
Seat 5: navid1068 ($37.24 in chips) 
ZinePablo: posts small blind $0.50
navid1068: posts big blind $1
henri789: sits out 
*** HOLE CARDS ***
songikong891: folds 
aoish30: folds 
NoonTime1991: folds 
ZinePablo: raises $2 to $3
navid1068: calls $2
*** FLOP *** [Ah 8s Ad]
ZinePablo: bets $1.88
navid1068: raises $3.88 to $5.76
ZinePablo: calls $3.88
*** TURN *** [Ah 8s Ad] [5h]
ZinePablo: checks 
navid1068: bets $10
ZinePablo: raises $25 to $35
navid1068: folds 
Uncalled bet ($25) returned to ZinePablo
ZinePablo collected $35.64 from pot
*** SUMMARY ***
Total pot $37.52 | Rake $1.88 
Board [Ah 8s Ad 5h]
Seat 6: henri789
Seat 1: songikong891 folded before Flop (didn't bet)
Seat 2: aoish30 folded before Flop (didn't bet)
Seat 3: NoonTime1991 (button) folded before Flop (didn't bet)
Seat 4: ZinePablo (small blind) collected ($35.64)
Seat 5: navid1068 (big blind) folded on the Turn



PokerStars Hand #254773570012:  Hold'em No Limit ($0.50/$1.00 USD) - 2025/02/08 22:19:08 WET [2025/02/08 17:19:08 ET]
Table 'Lunaria II' 6-max Seat #4 is the button
Seat 1: songikong891 ($8.66 in chips) 
Seat 2: aoish30 ($132.56 in chips) 
Seat 3: NoonTime1991 ($100 in chips) 
Seat 4: ZinePablo ($162.76 in chips) 
Seat 5: navid1068 ($18.48 in chips) 
Seat 6: henri789 ($100 in chips) 
navid1068: posts small blind $0.50
henri789: posts big blind $1
*** HOLE CARDS ***
songikong891: folds 
aoish30: folds 
NoonTime1991: folds 
ZinePablo: folds 
navid1068: folds 
Uncalled bet ($0.50) returned to henri789
henri789 collected $1 from pot
henri789: doesn't show hand 
*** SUMMARY ***
Total pot $1 | Rake $0 
Seat 1: songikong891 folded before Flop (didn't bet)
Seat 2: aoish30 folded before Flop (didn't bet)
Seat 3: NoonTime1991 folded before Flop (didn't bet)
Seat 4: ZinePablo (button) folded before Flop (didn't bet)
Seat 5: navid1068 (small blind) folded before Flop
Seat 6: henri789 (big blind) collected ($1)



PokerStars Hand #254773574717:  Hold'em No Limit ($0.50/$1.00 USD) - 2025/02/08 22:19:24 WET [2025/02/08 17:19:24 ET]
Table 'Lunaria II' 6-max Seat #5 is the button
Seat 1: songikong891 ($8.66 in chips) 
Seat 2: aoish30 ($132.56 in chips) 
Seat 3: NoonTime1991 ($100 in chips) 
Seat 4: ZinePablo ($162.76 in chips) 
Seat 5: navid1068 ($17.98 in chips) 
Seat 6: henri789 ($100.50 in chips) 
henri789: posts small blind $0.50
songikong891: posts big blind $1
*** HOLE CARDS ***
aoish30: folds 
NoonTime1991: folds 
ZinePablo: folds 
navid1068: folds 
navid1068 leaves the table
henri789: raises $11 to $12
songikong891: folds 
Uncalled bet ($11) returned to henri789
henri789 collected $2 from pot
henri789: doesn't show hand 
*** SUMMARY ***
Total pot $2 | Rake $0 
Seat 1: songikong891 (big blind) folded before Flop
Seat 2: aoish30 folded before Flop (didn't bet)
Seat 3: NoonTime1991 folded before Flop (didn't bet)
Seat 4: ZinePablo folded before Flop (didn't bet)
Seat 5: navid1068 (button) folded before Flop (didn't bet)
Seat 6: henri789 (small blind) collected ($2)



PokerStars Hand #254773580695:  Hold'em No Limit ($0.50/$1.00 USD) - 2025/02/08 22:19:44 WET [2025/02/08 17:19:44 ET]
Table 'Lunaria II' 6-max Seat #6 is the button
Seat 1: songikong891 ($7.66 in chips) 
Seat 2: aoish30 ($132.56 in chips) 
Seat 3: NoonTime1991 ($100 in chips) 
Seat 4: ZinePablo ($162.76 in chips) 
Seat 6: henri789 ($101.50 in chips) 
songikong891: posts small blind $0.50
aoish30: posts big blind $1
*** HOLE CARDS ***
NoonTime1991: folds 
michasia joins the table at seat #5 
ZinePablo: raises $1.50 to $2.50
henri789: raises $5 to $7.50
songikong891: folds 
aoish30: folds 
ZinePablo: folds 
Uncalled bet ($5) returned to henri789
henri789 collected $6.50 from pot
henri789: doesn't show hand 
*** SUMMARY ***
Total pot $6.50 | Rake $0 
Seat 1: songikong891 (small blind) folded before Flop
Seat 2: aoish30 (big blind) folded before Flop
Seat 3: NoonTime1991 folded before Flop (didn't bet)
Seat 4: ZinePablo folded before Flop
Seat 6: henri789 (button) collected ($6.50)



PokerStars Hand #254773587708:  Hold'em No Limit ($0.50/$1.00 USD) - 2025/02/08 22:20:09 WET [2025/02/08 17:20:09 ET]
Table 'Lunaria II' 6-max Seat #1 is the button
Seat 5: michasia ($100 in chips) is sitting out
Seat 1: songikong891 ($7.16 in chips) 
Seat 2: aoish30 ($131.56 in chips) 
Seat 3: NoonTime1991 ($100 in chips) 
Seat 4: ZinePablo ($160.26 in chips) 
Seat 6: henri789 ($105.50 in chips) 
aoish30: posts small blind $0.50
NoonTime1991: posts big blind $1
michasia: sits out 
*** HOLE CARDS ***
ZinePablo: raises $1.50 to $2.50
henri789: folds 
songikong891: calls $2.50
aoish30: folds 
NoonTime1991: folds 
*** FLOP *** [5h 3d 2c]
henri789 leaves the table
ZinePablo: bets $2.04
songikong891: calls $2.04
*** TURN *** [5h 3d 2c] [9d]
ZinePablo: bets $3.32
songikong891: calls $2.62 and is all-in
Uncalled bet ($0.70) returned to ZinePablo
*** RIVER *** [5h 3d 2c 9d] [4d]
*** SHOW DOWN ***
ZinePablo: shows [7d 7c] (a pair of Sevens)
songikong891: shows [6d 6s] (a straight, Deuce to Six)
Pro-Negerman joins the table at seat #6 
Pro-Negerman is disconnected 
songikong891 cashed out the hand for $2 | Cash Out Fee $0.04
*** SUMMARY ***
Total pot $15.82 | Rake $0.79 
Board [5h 3d 2c 9d 4d]
Seat 5: michasia
Seat 1: songikong891 (button) showed [6d 6s] and won ($15.03) with a straight, Deuce to Six (pot not awarded as player cashed out)
Seat 2: aoish30 (small blind) folded before Flop
Seat 3: NoonTime1991 (big blind) folded before Flop
Seat 4: ZinePablo showed [7d 7c] and lost with a pair of Sevens
Seat 6: henri789 folded before Flop (didn't bet)



PokerStars Hand #254773597906:  Hold'em No Limit ($0.50/$1.00 USD) - 2025/02/08 22:20:44 WET [2025/02/08 17:20:44 ET]
Table 'Lunaria II' 6-max Seat #2 is the button
Seat 5: michasia ($100 in chips) is sitting out
Seat 6: Pro-Negerman ($10 in chips) is sitting out
Seat 1: songikong891 ($2 in chips) 
Seat 2: aoish30 ($131.06 in chips) 
Seat 3: NoonTime1991 ($100 in chips) 
Seat 4: ZinePablo ($153.10 in chips) 
NoonTime1991: posts small blind $0.50
ZinePablo: posts big blind $1
michasia: sits out 
Pro-Negerman: sits out 
*** HOLE CARDS ***
songikong891: calls $1
aoish30: folds 
NoonTime1991: folds 
ZinePablo: raises $3 to $4
songikong891: calls $1 and is all-in
Uncalled bet ($2) returned to ZinePablo
*** FLOP *** [3c 5h Kh]
*** TURN *** [3c 5h Kh] [9s]
*** RIVER *** [3c 5h Kh 9s] [3s]
*** SHOW DOWN ***
ZinePablo: shows [Jd Kd] (two pair, Kings and Threes)
songikong891: shows [Qs 6s] (a pair of Threes)
ZinePablo collected $4.28 from pot
songikong891 cashed out the hand for $1.53 | Cash Out Fee $0.03
*** SUMMARY ***
Total pot $4.50 | Rake $0.22 
Board [3c 5h Kh 9s 3s]
Seat 5: michasia
Seat 6: Pro-Negerman
Seat 1: songikong891 showed [Qs 6s] and lost with a pair of Threes (cashed out).
Seat 2: aoish30 (button) folded before Flop (didn't bet)
Seat 3: NoonTime1991 (small blind) folded before Flop
Seat 4: ZinePablo (big blind) showed [Jd Kd] and won ($4.28) with two pair, Kings and Threes



PokerStars Hand #254773608390:  Hold'em No Limit ($0.50/$1.00 USD) - 2025/02/08 22:21:21 WET [2025/02/08 17:21:21 ET]
Table 'Lunaria II' 6-max Seat #3 is the button
Seat 6: Pro-Negerman ($10 in chips) is sitting out
Seat 1: songikong891 ($1.53 in chips) 
Seat 2: aoish30 ($131.06 in chips) 
Seat 3: NoonTime1991 ($100 in chips) 
Seat 4: ZinePablo ($155.38 in chips) 
Seat 5: michasia ($100 in chips) 
ZinePablo: posts small blind $0.50
michasia: posts big blind $1
Pro-Negerman: sits out 
*** HOLE CARDS ***
songikong891: folds 
aoish30: folds 
NoonTime1991: folds 
ZinePablo: folds 
Uncalled bet ($0.50) returned to michasia
michasia collected $1 from pot
michasia: doesn't show hand 
*** SUMMARY ***
Total pot $1 | Rake $0 
Seat 6: Pro-Negerman
Seat 1: songikong891 folded before Flop (didn't bet)
Seat 2: aoish30 folded before Flop (didn't bet)
Seat 3: NoonTime1991 (button) folded before Flop (didn't bet)
Seat 4: ZinePablo (small blind) folded before Flop
Seat 5: michasia (big blind) collected ($1)



PokerStars Hand #254773613487:  Hold'em No Limit ($0.50/$1.00 USD) - 2025/02/08 22:21:39 WET [2025/02/08 17:21:39 ET]
Table 'Lunaria II' 6-max Seat #4 is the button
Seat 1: songikong891 ($1.53 in chips) 
Seat 2: aoish30 ($131.06 in chips) 
Seat 3: NoonTime1991 ($100 in chips) 
Seat 4: ZinePablo ($154.88 in chips) 
Seat 5: michasia ($100.50 in chips) 
Seat 6: Pro-Negerman ($10 in chips) 
michasia: posts small blind $0.50
Pro-Negerman: posts big blind $1
*** HOLE CARDS ***
songikong891: folds 
aoish30: raises $1.10 to $2.10
NoonTime1991: folds 
ZinePablo: folds 
michasia: folds 
Pro-Negerman: calls $1.10
*** FLOP *** [9s Jd 6s]
Pro-Negerman: checks 
aoish30: checks 
*** TURN *** [9s Jd 6s] [3d]
Pro-Negerman: bets $7.90 and is all-in
aoish30: folds 
Uncalled bet ($7.90) returned to Pro-Negerman
Pro-Negerman collected $4.46 from pot
*** SUMMARY ***
Total pot $4.70 | Rake $0.24 
Board [9s Jd 6s 3d]
Seat 1: songikong891 folded before Flop (didn't bet)
Seat 2: aoish30 folded on the Turn
Seat 3: NoonTime1991 folded before Flop (didn't bet)
Seat 4: ZinePablo (button) folded before Flop (didn't bet)
Seat 5: michasia (small blind) folded before Flop
Seat 6: Pro-Negerman (big blind) collected ($4.46)



PokerStars Hand #254773628332:  Hold'em No Limit ($0.50/$1.00 USD) - 2025/02/08 22:22:30 WET [2025/02/08 17:22:30 ET]
Table 'Lunaria II' 6-max Seat #5 is the button
Seat 1: songikong891 ($1.53 in chips) 
Seat 2: aoish30 ($128.96 in chips) 
Seat 3: NoonTime1991 ($100 in chips) 
Seat 4: ZinePablo ($154.88 in chips) 
Seat 5: michasia ($100 in chips) 
Seat 6: Pro-Negerman ($12.36 in chips) 
Pro-Negerman: posts small blind $0.50
songikong891: posts big blind $1
*** HOLE CARDS ***
aoish30: folds 
NoonTime1991: folds 
ZinePablo: raises $1.50 to $2.50
michasia: folds 
Pro-Negerman: calls $2
songikong891: calls $0.53 and is all-in
*** FLOP *** [Kc Qc 2h]
Pro-Negerman: bets $1.36
ZinePablo: raises $6.69 to $8.05
Pro-Negerman: folds 
Uncalled bet ($6.69) returned to ZinePablo
*** TURN *** [Kc Qc 2h] [2d]
*** RIVER *** [Kc Qc 2h 2d] [Ts]
*** SHOW DOWN ***
ZinePablo: shows [As Ah] (two pair, Aces and Deuces)
ZinePablo collected $4.43 from side pot
songikong891: shows [5s 4c] (a pair of Deuces)
ZinePablo collected $4.36 from main pot
*** SUMMARY ***
Total pot $9.25 Main pot $4.36. Side pot $4.43. | Rake $0.46 
Board [Kc Qc 2h 2d Ts]
Seat 1: songikong891 (big blind) showed [5s 4c] and lost with a pair of Deuces
Seat 2: aoish30 folded before Flop (didn't bet)
Seat 3: NoonTime1991 folded before Flop (didn't bet)
Seat 4: ZinePablo showed [As Ah] and won ($8.79) with two pair, Aces and Deuces
Seat 5: michasia (button) folded before Flop (didn't bet)
Seat 6: Pro-Negerman (small blind) folded on the Flop



PokerStars Hand #254773650504:  Hold'em No Limit ($0.50/$1.00 USD) - 2025/02/08 22:23:47 WET [2025/02/08 17:23:47 ET]
Table 'Lunaria II' 6-max Seat #6 is the button
Seat 1: songikong891 ($0 in chips) is sitting out
Seat 2: aoish30 ($128.96 in chips) 
Seat 3: NoonTime1991 ($100 in chips) 
Seat 4: ZinePablo ($159.81 in chips) 
Seat 5: michasia ($100 in chips) 
Seat 6: Pro-Negerman ($8.50 in chips) 
aoish30: posts small blind $0.50
NoonTime1991: posts big blind $1
*** HOLE CARDS ***
ZinePablo has timed out
ZinePablo: folds 
michasia: raises $1.80 to $2.80
Pro-Negerman: folds 
aoish30: folds 
NoonTime1991: folds 
Uncalled bet ($1.80) returned to michasia
michasia collected $2.50 from pot
michasia: doesn't show hand 
*** SUMMARY ***
Total pot $2.50 | Rake $0 
Seat 1: songikong891
Seat 2: aoish30 (small blind) folded before Flop
Seat 3: NoonTime1991 (big blind) folded before Flop
Seat 4: ZinePablo folded before Flop (didn't bet)
Seat 5: michasia collected ($2.50)
Seat 6: Pro-Negerman (button) folded before Flop (didn't bet)



PokerStars Hand #254773656814:  Hold'em No Limit ($0.50/$1.00 USD) - 2025/02/08 22:24:08 WET [2025/02/08 17:24:08 ET]
Table 'Lunaria II' 6-max Seat #2 is the button
Seat 3: NoonTime1991 ($100 in chips) is sitting out
Seat 4: ZinePablo ($159.81 in chips) is sitting out
Seat 1: songikong891 ($10 in chips) 
Seat 2: aoish30 ($128.46 in chips) 
Seat 5: michasia ($101.50 in chips) 
Seat 6: Pro-Negerman ($8.50 in chips) 
michasia: posts small blind $0.50
Pro-Negerman: posts big blind $1
songikong891: posts small blind $0.50
*** HOLE CARDS ***
songikong891: calls $1
aoish30: raises $3 to $4
michasia: folds 
Pro-Negerman: folds 
songikong891: folds 
Uncalled bet ($3) returned to aoish30
aoish30 collected $4 from pot
aoish30: doesn't show hand 
*** SUMMARY ***
Total pot $4 | Rake $0 
Seat 3: NoonTime1991
Seat 4: ZinePablo
Seat 1: songikong891 folded before Flop
Seat 2: aoish30 (button) collected ($4)
Seat 5: michasia (small blind) folded before Flop
Seat 6: Pro-Negerman (big blind) folded before Flop



PokerStars Hand #254773663817:  Hold'em No Limit ($0.50/$1.00 USD) - 2025/02/08 22:24:32 WET [2025/02/08 17:24:32 ET]
Table 'Lunaria II' 6-max Seat #5 is the button
Seat 3: NoonTime1991 ($100 in chips) is sitting out
Seat 4: ZinePablo ($159.81 in chips) is sitting out
Seat 1: songikong891 ($8.50 in chips) 
Seat 2: aoish30 ($131.46 in chips) 
Seat 5: michasia ($101 in chips) 
Seat 6: Pro-Negerman ($7.50 in chips) 
Pro-Negerman: posts small blind $0.50
songikong891: posts big blind $1
ZinePablo: sits out 
*** HOLE CARDS ***
aoish30: folds 
michasia: raises $1.80 to $2.80
Pro-Negerman: folds 
songikong891: folds 
Uncalled bet ($1.80) returned to michasia
michasia collected $2.50 from pot
michasia: doesn't show hand 
*** SUMMARY ***
Total pot $2.50 | Rake $0 
Seat 3: NoonTime1991
Seat 4: ZinePablo
Seat 1: songikong891 (big blind) folded before Flop
Seat 2: aoish30 folded before Flop (didn't bet)
Seat 5: michasia (button) collected ($2.50)
Seat 6: Pro-Negerman (small blind) folded before Flop



PokerStars Hand #254773669318:  Hold'em No Limit ($0.50/$1.00 USD) - 2025/02/08 22:24:51 WET [2025/02/08 17:24:51 ET]
Table 'Lunaria II' 6-max Seat #6 is the button
Seat 3: NoonTime1991 ($100 in chips) is sitting out
Seat 4: ZinePablo ($159.81 in chips) is sitting out
Seat 1: songikong891 ($7.50 in chips) 
Seat 2: aoish30 ($131.46 in chips) 
Seat 5: michasia ($102.50 in chips) 
Seat 6: Pro-Negerman ($7 in chips) 
songikong891: posts small blind $0.50
aoish30: posts big blind $1
ZinePablo: sits out 
*** HOLE CARDS ***
michasia: folds 
Pro-Negerman: raises $1 to $2
songikong891: calls $1.50
aoish30: calls $1
*** FLOP *** [Tc 7c 8d]
songikong891: checks 
aoish30: checks 
Pro-Negerman: bets $5 and is all-in
songikong891: calls $5
aoish30: calls $5
*** TURN *** [Tc 7c 8d] [6c]
songikong891: bets $0.50 and is all-in
aoish30: calls $0.50
*** RIVER *** [Tc 7c 8d 6c] [3h]
*** SHOW DOWN ***
songikong891: shows [4c 5c] (a flush, Ten high)
aoish30: shows [Qd Jh] (high card Queen)
songikong891 collected $1 from side pot
Pro-Negerman: shows [9h Td] (a straight, Six to Ten)
songikong891 collected $19.75 from main pot
*** SUMMARY ***
Total pot $22 Main pot $19.75. Side pot $1. | Rake $1.25 
Board [Tc 7c 8d 6c 3h]
Seat 3: NoonTime1991
Seat 4: ZinePablo
Seat 1: songikong891 (small blind) showed [4c 5c] and won ($20.75) with a flush, Ten high
Seat 2: aoish30 (big blind) showed [Qd Jh] and lost with high card Queen
Seat 5: michasia folded before Flop (didn't bet)
Seat 6: Pro-Negerman (button) showed [9h Td] and lost with a straight, Six to Ten



PokerStars Hand #254773682077:  Hold'em No Limit ($0.50/$1.00 USD) - 2025/02/08 22:25:35 WET [2025/02/08 17:25:35 ET]
Table 'Lunaria II' 6-max Seat #1 is the button
Seat 3: NoonTime1991 ($100 in chips) is sitting out
Seat 6: Pro-Negerman ($0 in chips) is sitting out
Seat 1: songikong891 ($20.75 in chips) 
Seat 2: aoish30 ($123.96 in chips) 
Seat 4: ZinePablo ($159.81 in chips) 
Seat 5: michasia ($102.50 in chips) 
aoish30: posts small blind $0.50
ZinePablo: posts big blind $1
*** HOLE CARDS ***
michasia: folds 
songikong891: folds 
aoish30: folds 
Uncalled bet ($0.50) returned to ZinePablo
Pro-Negerman leaves the table
ZinePablo collected $1 from pot
*** SUMMARY ***
Total pot $1 | Rake $0 
Seat 3: NoonTime1991
Seat 6: Pro-Negerman
Seat 1: songikong891 (button) folded before Flop (didn't bet)
Seat 2: aoish30 (small blind) folded before Flop
Seat 4: ZinePablo (big blind) collected ($1)
Seat 5: michasia folded before Flop (didn't bet)



PokerStars Hand #254773685428:  Hold'em No Limit ($0.50/$1.00 USD) - 2025/02/08 22:25:46 WET [2025/02/08 17:25:46 ET]
Table 'Lunaria II' 6-max Seat #2 is the button
Seat 3: NoonTime1991 ($100 in chips) is sitting out
Seat 1: songikong891 ($20.75 in chips) 
Seat 2: aoish30 ($123.46 in chips) 
Seat 4: ZinePablo ($160.31 in chips) 
Seat 5: michasia ($102.50 in chips) 
ZinePablo: posts small blind $0.50
michasia: posts big blind $1
*** HOLE CARDS ***
songikong891: folds 
aoish30: raises $1.50 to $2.50
ZinePablo: folds 
michasia: calls $1.50
*** FLOP *** [7h 2c 3d]
michasia: checks 
aoish30: checks 
*** TURN *** [7h 2c 3d] [Ks]
michasia: checks 
aoish30: bets $3.92
michasia: folds 
Uncalled bet ($3.92) returned to aoish30
aoish30 collected $5.22 from pot
aoish30: doesn't show hand 
*** SUMMARY ***
Total pot $5.50 | Rake $0.28 
Board [7h 2c 3d Ks]
Seat 3: NoonTime1991
Seat 1: songikong891 folded before Flop (didn't bet)
Seat 2: aoish30 (button) collected ($5.22)
Seat 4: ZinePablo (small blind) folded before Flop
Seat 5: michasia (big blind) folded on the Turn



PokerStars Hand #254773694582:  Hold'em No Limit ($0.50/$1.00 USD) - 2025/02/08 22:26:18 WET [2025/02/08 17:26:18 ET]
Table 'Lunaria II' 6-max Seat #4 is the button
Seat 3: NoonTime1991 ($100 in chips) is sitting out
Seat 1: songikong891 ($20.75 in chips) 
Seat 2: aoish30 ($126.18 in chips) 
Seat 4: ZinePablo ($159.81 in chips) 
Seat 5: michasia ($100 in chips) 
michasia: posts small blind $0.50
songikong891: posts big blind $1
*** HOLE CARDS ***
aoish30: raises $1.50 to $2.50
ZinePablo: folds 
michasia: folds 
songikong891: folds 
Uncalled bet ($1.50) returned to aoish30
aoish30 collected $2.50 from pot
aoish30: doesn't show hand 
*** SUMMARY ***
Total pot $2.50 | Rake $0 
Seat 3: NoonTime1991
Seat 1: songikong891 (big blind) folded before Flop
Seat 2: aoish30 collected ($2.50)
Seat 4: ZinePablo (button) folded before Flop (didn't bet)
Seat 5: michasia (small blind) folded before Flop



PokerStars Hand #254773699328:  Hold'em No Limit ($0.50/$1.00 USD) - 2025/02/08 22:26:34 WET [2025/02/08 17:26:34 ET]
Table 'Lunaria II' 6-max Seat #5 is the button
Seat 3: NoonTime1991 ($100 in chips) is sitting out
Seat 1: songikong891 ($19.75 in chips) 
Seat 2: aoish30 ($127.68 in chips) 
Seat 4: ZinePablo ($159.81 in chips) 
Seat 5: michasia ($100 in chips) 
songikong891: posts small blind $0.50
aoish30: posts big blind $1
*** HOLE CARDS ***
ZinePablo: raises $1.50 to $2.50
michasia: raises $5 to $7.50
songikong891: folds 
TheAveiro joins the table at seat #6 
aoish30 is disconnected 
aoish30 is connected 
aoish30: folds 
ZinePablo: calls $5
*** FLOP *** [7c 6c 9d]
ZinePablo: checks 
michasia: checks 
*** TURN *** [7c 6c 9d] [Ts]
ZinePablo: bets $11.76
michasia: folds 
Uncalled bet ($11.76) returned to ZinePablo
ZinePablo collected $15.68 from pot
*** SUMMARY ***
Total pot $16.50 | Rake $0.82 
Board [7c 6c 9d Ts]
Seat 3: NoonTime1991
Seat 1: songikong891 (small blind) folded before Flop
Seat 2: aoish30 (big blind) folded before Flop
Seat 4: ZinePablo collected ($15.68)
Seat 5: michasia (button) folded on the Turn



PokerStars Hand #254773717420:  Hold'em No Limit ($0.50/$1.00 USD) - 2025/02/08 22:27:37 WET [2025/02/08 17:27:37 ET]
Table 'Lunaria II' 6-max Seat #1 is the button
Seat 6: TheAveiro ($10 in chips) is sitting out
Seat 1: songikong891 ($19.25 in chips) 
Seat 2: aoish30 ($126.68 in chips) 
Seat 3: NoonTime1991 ($100 in chips) 
Seat 4: ZinePablo ($167.99 in chips) 
Seat 5: michasia ($100 in chips) 
aoish30: posts small blind $0.50
NoonTime1991: posts big blind $1
TheAveiro: sits out 
*** HOLE CARDS ***
ZinePablo: folds 
michasia: folds 
songikong891: calls $1
aoish30: folds 
NoonTime1991: raises $3 to $4
songikong891: folds 
Uncalled bet ($3) returned to NoonTime1991
NoonTime1991 collected $2.50 from pot
NoonTime1991: doesn't show hand 
*** SUMMARY ***
Total pot $2.50 | Rake $0 
Seat 6: TheAveiro
Seat 1: songikong891 (button) folded before Flop
Seat 2: aoish30 (small blind) folded before Flop
Seat 3: NoonTime1991 (big blind) collected ($2.50)
Seat 4: ZinePablo folded before Flop (didn't bet)
Seat 5: michasia folded before Flop (didn't bet)



PokerStars Hand #254773723628:  Hold'em No Limit ($0.50/$1.00 USD) - 2025/02/08 22:27:58 WET [2025/02/08 17:27:58 ET]
Table 'Lunaria II' 6-max Seat #2 is the button
Seat 6: TheAveiro ($10 in chips) is sitting out
Seat 1: songikong891 ($18.25 in chips) 
Seat 2: aoish30 ($126.18 in chips) 
Seat 3: NoonTime1991 ($101.50 in chips) 
Seat 4: ZinePablo ($167.99 in chips) 
Seat 5: michasia ($100 in chips) 
NoonTime1991: posts small blind $0.50
ZinePablo: posts big blind $1
TheAveiro: sits out 
*** HOLE CARDS ***
michasia: folds 
songikong891: folds 
aoish30: folds 
NoonTime1991: raises $1 to $2
ZinePablo: raises $4 to $6
NoonTime1991: folds 
Uncalled bet ($4) returned to ZinePablo
ZinePablo collected $4 from pot
*** SUMMARY ***
Total pot $4 | Rake $0 
Seat 6: TheAveiro
Seat 1: songikong891 folded before Flop (didn't bet)
Seat 2: aoish30 (button) folded before Flop (didn't bet)
Seat 3: NoonTime1991 (small blind) folded before Flop
Seat 4: ZinePablo (big blind) collected ($4)
Seat 5: michasia folded before Flop (didn't bet)



PokerStars Hand #254773731110:  Hold'em No Limit ($0.50/$1.00 USD) - 2025/02/08 22:28:25 WET [2025/02/08 17:28:25 ET]
Table 'Lunaria II' 6-max Seat #3 is the button
Seat 6: TheAveiro ($10 in chips) is sitting out
Seat 1: songikong891 ($18.25 in chips) 
Seat 2: aoish30 ($126.18 in chips) 
Seat 3: NoonTime1991 ($100 in chips) 
Seat 4: ZinePablo ($169.99 in chips) 
Seat 5: michasia ($100 in chips) 
ZinePablo: posts small blind $0.50
michasia: posts big blind $1
TheAveiro: sits out 
*** HOLE CARDS ***
songikong891: calls $1
aoish30: folds 
NoonTime1991: folds 
ZinePablo: folds 
michasia: checks 
*** FLOP *** [Kh 6c Td]
michasia: checks 
songikong891: checks 
*** TURN *** [Kh 6c Td] [Jh]
michasia: checks 
songikong891: checks 
*** RIVER *** [Kh 6c Td Jh] [Qh]
michasia: checks 
songikong891: checks 
*** SHOW DOWN ***
michasia: shows [4s 7c] (high card King)
songikong891: shows [Qd 8h] (a pair of Queens)
songikong891 collected $2.35 from pot
*** SUMMARY ***
Total pot $2.50 | Rake $0.15 
Board [Kh 6c Td Jh Qh]
Seat 6: TheAveiro
Seat 1: songikong891 showed [Qd 8h] and won ($2.35) with a pair of Queens
Seat 2: aoish30 folded before Flop (didn't bet)
Seat 3: NoonTime1991 (button) folded before Flop (didn't bet)
Seat 4: ZinePablo (small blind) folded before Flop
Seat 5: michasia (big blind) showed [4s 7c] and lost with high card King



PokerStars Hand #254773745404:  Hold'em No Limit ($0.50/$1.00 USD) - 2025/02/08 22:29:15 WET [2025/02/08 17:29:15 ET]
Table 'Lunaria II' 6-max Seat #4 is the button
Seat 1: songikong891 ($19.60 in chips) 
Seat 2: aoish30 ($126.18 in chips) 
Seat 3: NoonTime1991 ($100 in chips) 
Seat 4: ZinePablo ($169.49 in chips) 
Seat 5: michasia ($100 in chips) 
Seat 6: TheAveiro ($10 in chips) 
michasia: posts small blind $0.50
TheAveiro: posts big blind $1
*** HOLE CARDS ***
songikong891: folds 
aoish30: folds 
NoonTime1991: folds 
ZinePablo: folds 
michasia: folds 
Uncalled bet ($0.50) returned to TheAveiro
TheAveiro collected $1 from pot
TheAveiro: doesn't show hand 
*** SUMMARY ***
Total pot $1 | Rake $0 
Seat 1: songikong891 folded before Flop (didn't bet)
Seat 2: aoish30 folded before Flop (didn't bet)
Seat 3: NoonTime1991 folded before Flop (didn't bet)
Seat 4: ZinePablo (button) folded before Flop (didn't bet)
Seat 5: michasia (small blind) folded before Flop
Seat 6: TheAveiro (big blind) collected ($1)



PokerStars Hand #254773751027:  Hold'em No Limit ($0.50/$1.00 USD) - 2025/02/08 22:29:34 WET [2025/02/08 17:29:34 ET]
Table 'Lunaria II' 6-max Seat #5 is the button
Seat 1: songikong891 ($19.60 in chips) 
Seat 2: aoish30 ($126.18 in chips) 
Seat 3: NoonTime1991 ($100 in chips) 
Seat 4: ZinePablo ($169.49 in chips) 
Seat 5: michasia ($100 in chips) 
Seat 6: TheAveiro ($10.50 in chips) 
TheAveiro: posts small blind $0.50
songikong891: posts big blind $1
*** HOLE CARDS ***
aoish30: folds 
NoonTime1991: raises $2 to $3
ZinePablo: folds 
michasia: folds 
TheAveiro has timed out
TheAveiro: folds 
songikong891: folds 
Uncalled bet ($2) returned to NoonTime1991
NoonTime1991 collected $2.50 from pot
NoonTime1991: doesn't show hand 
*** SUMMARY ***
Total pot $2.50 | Rake $0 
Seat 1: songikong891 (big blind) folded before Flop
Seat 2: aoish30 folded before Flop (didn't bet)
Seat 3: NoonTime1991 collected ($2.50)
Seat 4: ZinePablo folded before Flop (didn't bet)
Seat 5: michasia (button) folded before Flop (didn't bet)
Seat 6: TheAveiro (small blind) folded before Flop



PokerStars Hand #254773767840:  Hold'em No Limit ($0.50/$1.00 USD) - 2025/02/08 22:30:32 WET [2025/02/08 17:30:32 ET]
Table 'Lunaria II' 6-max Seat #1 is the button
Seat 6: TheAveiro ($10 in chips) is sitting out
Seat 1: songikong891 ($18.60 in chips) 
Seat 2: aoish30 ($126.18 in chips) 
Seat 3: NoonTime1991 ($101.50 in chips) 
Seat 4: ZinePablo ($169.49 in chips) 
Seat 5: michasia ($100 in chips) 
aoish30: posts small blind $0.50
NoonTime1991: posts big blind $1
*** HOLE CARDS ***
ZinePablo: folds 
michasia: raises $1.80 to $2.80
songikong891: folds 
aoish30: folds 
NoonTime1991: folds 
Uncalled bet ($1.80) returned to michasia
michasia collected $2.50 from pot
michasia: doesn't show hand 
*** SUMMARY ***
Total pot $2.50 | Rake $0 
Seat 6: TheAveiro
Seat 1: songikong891 (button) folded before Flop (didn't bet)
Seat 2: aoish30 (small blind) folded before Flop
Seat 3: NoonTime1991 (big blind) folded before Flop
Seat 4: ZinePablo folded before Flop (didn't bet)
Seat 5: michasia collected ($2.50)



PokerStars Hand #254773775645:  Hold'em No Limit ($0.50/$1.00 USD) - 2025/02/08 22:30:59 WET [2025/02/08 17:30:59 ET]
Table 'Lunaria II' 6-max Seat #2 is the button
Seat 6: TheAveiro ($10 in chips) is sitting out
Seat 1: songikong891 ($18.60 in chips) 
Seat 2: aoish30 ($125.68 in chips) 
Seat 3: NoonTime1991 ($100.50 in chips) 
Seat 4: ZinePablo ($169.49 in chips) 
Seat 5: michasia ($101.50 in chips) 
NoonTime1991: posts small blind $0.50
ZinePablo: posts big blind $1
*** HOLE CARDS ***
michasia: folds 
songikong891: calls $1
aoish30: folds 
NoonTime1991: raises $8 to $9
ZinePablo: folds 
songikong891: folds 
Uncalled bet ($8) returned to NoonTime1991
NoonTime1991 collected $3 from pot
NoonTime1991: doesn't show hand 
*** SUMMARY ***
Total pot $3 | Rake $0 
Seat 6: TheAveiro
Seat 1: songikong891 folded before Flop
Seat 2: aoish30 (button) folded before Flop (didn't bet)
Seat 3: NoonTime1991 (small blind) collected ($3)
Seat 4: ZinePablo (big blind) folded before Flop
Seat 5: michasia folded before Flop (didn't bet)



PokerStars Hand #254773784085:  Hold'em No Limit ($0.50/$1.00 USD) - 2025/02/08 22:31:28 WET [2025/02/08 17:31:28 ET]
Table 'Lunaria II' 6-max Seat #3 is the button
Seat 6: TheAveiro ($10 in chips) is sitting out
Seat 1: songikong891 ($17.60 in chips) 
Seat 2: aoish30 ($125.68 in chips) 
Seat 3: NoonTime1991 ($102.50 in chips) 
Seat 4: ZinePablo ($168.49 in chips) 
Seat 5: michasia ($101.50 in chips) 
ZinePablo: posts small blind $0.50
michasia: posts big blind $1
*** HOLE CARDS ***
songikong891: calls $1
aoish30: raises $3 to $4
NoonTime1991: folds 
ZinePablo: folds 
michasia: folds 
songikong891: folds 
Uncalled bet ($3) returned to aoish30
aoish30 collected $3.50 from pot
aoish30: doesn't show hand 
*** SUMMARY ***
Total pot $3.50 | Rake $0 
Seat 6: TheAveiro
Seat 1: songikong891 folded before Flop
Seat 2: aoish30 collected ($3.50)
Seat 3: NoonTime1991 (button) folded before Flop (didn't bet)
Seat 4: ZinePablo (small blind) folded before Flop
Seat 5: michasia (big blind) folded before Flop



PokerStars Hand #254773791302:  Hold'em No Limit ($0.50/$1.00 USD) - 2025/02/08 22:31:54 WET [2025/02/08 17:31:54 ET]
Table 'Lunaria II' 6-max Seat #4 is the button
Seat 6: TheAveiro ($10 in chips) is sitting out
Seat 1: songikong891 ($16.60 in chips) 
Seat 2: aoish30 ($128.18 in chips) 
Seat 3: NoonTime1991 ($102.50 in chips) 
Seat 4: ZinePablo ($167.99 in chips) 
Seat 5: michasia ($100.50 in chips) 
michasia: posts small blind $0.50
songikong891: posts big blind $1
*** HOLE CARDS ***
aoish30: folds 
NoonTime1991: folds 
ZinePablo: folds 
michasia: raises $2 to $3
songikong891: calls $2
*** FLOP *** [7h Jh Js]
michasia: checks 
songikong891: checks 
*** TURN *** [7h Jh Js] [7c]
michasia: checks 
songikong891: bets $2.85
michasia: calls $2.85
*** RIVER *** [7h Jh Js 7c] [Qd]
michasia: checks 
songikong891: bets $5.56
michasia: calls $5.56
*** SHOW DOWN ***
songikong891: shows [5d 6c] (two pair, Jacks and Sevens)
michasia: shows [4h As] (two pair, Jacks and Sevens - Ace kicker)
michasia collected $21.68 from pot
*** SUMMARY ***
Total pot $22.82 | Rake $1.14 
Board [7h Jh Js 7c Qd]
Seat 6: TheAveiro
Seat 1: songikong891 (big blind) showed [5d 6c] and lost with two pair, Jacks and Sevens
Seat 2: aoish30 folded before Flop (didn't bet)
Seat 3: NoonTime1991 folded before Flop (didn't bet)
Seat 4: ZinePablo (button) folded before Flop (didn't bet)
Seat 5: michasia (small blind) showed [4h As] and won ($21.68) with two pair, Jacks and Sevens



PokerStars Hand #254773802883:  Hold'em No Limit ($0.50/$1.00 USD) - 2025/02/08 22:32:34 WET [2025/02/08 17:32:34 ET]
Table 'Lunaria II' 6-max Seat #5 is the button
Seat 6: TheAveiro ($10 in chips) is sitting out
Seat 1: songikong891 ($5.19 in chips) 
Seat 2: aoish30 ($128.18 in chips) 
Seat 3: NoonTime1991 ($102.50 in chips) 
Seat 4: ZinePablo ($167.99 in chips) 
Seat 5: michasia ($110.77 in chips) 
songikong891: posts small blind $0.50
aoish30: posts big blind $1
*** HOLE CARDS ***
NoonTime1991: folds 
ZinePablo: folds 
michasia: raises $1.80 to $2.80
songikong891: calls $2.30
aoish30: folds 
*** FLOP *** [8c 6d 3d]
songikong891: checks 
michasia: bets $3
songikong891: folds 
Uncalled bet ($3) returned to michasia
michasia collected $6.27 from pot
michasia: doesn't show hand 
*** SUMMARY ***
Total pot $6.60 | Rake $0.33 
Board [8c 6d 3d]
Seat 6: TheAveiro
Seat 1: songikong891 (small blind) folded on the Flop
Seat 2: aoish30 (big blind) folded before Flop
Seat 3: NoonTime1991 folded before Flop (didn't bet)
Seat 4: ZinePablo folded before Flop (didn't bet)
Seat 5: michasia (button) collected ($6.27)



PokerStars Hand #254773820366:  Hold'em No Limit ($0.50/$1.00 USD) - 2025/02/08 22:33:34 WET [2025/02/08 17:33:34 ET]
Table 'Lunaria II' 6-max Seat #1 is the button
Seat 1: songikong891 ($2.39 in chips) 
Seat 2: aoish30 ($127.18 in chips) 
Seat 3: NoonTime1991 ($102.50 in chips) 
Seat 4: ZinePablo ($167.99 in chips) 
Seat 5: michasia ($114.24 in chips) 
Seat 6: TheAveiro ($10 in chips) 
aoish30: posts small blind $0.50
NoonTime1991: posts big blind $1
TheAveiro: posts small & big blinds $1.50
*** HOLE CARDS ***
ZinePablo: folds 
michasia: folds 
TheAveiro: checks 
songikong891: folds 
aoish30: folds 
NoonTime1991: checks 
*** FLOP *** [4d Qc 7d]
NoonTime1991: checks 
TheAveiro: checks 
*** TURN *** [4d Qc 7d] [4c]
NoonTime1991: checks 
TheAveiro: checks 
*** RIVER *** [4d Qc 7d 4c] [6s]
NoonTime1991: checks 
TheAveiro: checks 
*** SHOW DOWN ***
NoonTime1991: shows [2h Jh] (a pair of Fours)
TheAveiro: shows [6c 9s] (two pair, Sixes and Fours)
TheAveiro collected $2.85 from pot
*** SUMMARY ***
Total pot $3 | Rake $0.15 
Board [4d Qc 7d 4c 6s]
Seat 1: songikong891 (button) folded before Flop (didn't bet)
Seat 2: aoish30 (small blind) folded before Flop
Seat 3: NoonTime1991 (big blind) showed [2h Jh] and lost with a pair of Fours
Seat 4: ZinePablo folded before Flop (didn't bet)
Seat 5: michasia folded before Flop (didn't bet)
Seat 6: TheAveiro showed [6c 9s] and won ($2.85) with two pair, Sixes and Fours



PokerStars Hand #254773844571:  Hold'em No Limit ($0.50/$1.00 USD) - 2025/02/08 22:34:59 WET [2025/02/08 17:34:59 ET]
Table 'Lunaria II' 6-max Seat #2 is the button
Seat 1: songikong891 ($2.39 in chips) 
Seat 2: aoish30 ($126.68 in chips) 
Seat 3: NoonTime1991 ($101.50 in chips) 
Seat 4: ZinePablo ($167.99 in chips) 
Seat 5: michasia ($114.24 in chips) 
Seat 6: TheAveiro ($11.35 in chips) 
NoonTime1991: posts small blind $0.50
ZinePablo: posts big blind $1
*** HOLE CARDS ***
michasia: folds 
TheAveiro: folds 
songikong891: calls $1
aoish30: folds 
NoonTime1991: folds 
ZinePablo: checks 
*** FLOP *** [2c 8d Kd]
ZinePablo: checks 
songikong891: checks 
*** TURN *** [2c 8d Kd] [2d]
ZinePablo: checks 
songikong891: bets $1.39 and is all-in
ZinePablo: folds 
Uncalled bet ($1.39) returned to songikong891
songikong891 collected $2.35 from pot
*** SUMMARY ***
Total pot $2.50 | Rake $0.15 
Board [2c 8d Kd 2d]
Seat 1: songikong891 collected ($2.35)
Seat 2: aoish30 (button) folded before Flop (didn't bet)
Seat 3: NoonTime1991 (small blind) folded before Flop
Seat 4: ZinePablo (big blind) folded on the Turn
Seat 5: michasia folded before Flop (didn't bet)
Seat 6: TheAveiro folded before Flop (didn't bet)



PokerStars Hand #254773858738:  Hold'em No Limit ($0.50/$1.00 USD) - 2025/02/08 22:35:48 WET [2025/02/08 17:35:48 ET]
Table 'Lunaria II' 6-max Seat #3 is the button
Seat 1: songikong891 ($3.74 in chips) 
Seat 2: aoish30 ($126.68 in chips) 
Seat 3: NoonTime1991 ($101 in chips) 
Seat 4: ZinePablo ($166.99 in chips) 
Seat 5: michasia ($114.24 in chips) 
Seat 6: TheAveiro ($11.35 in chips) 
ZinePablo: posts small blind $0.50
michasia: posts big blind $1
*** HOLE CARDS ***
TheAveiro: folds 
songikong891: folds 
aoish30: folds 
NoonTime1991: folds 
ZinePablo: raises $2 to $3
michasia: folds 
Uncalled bet ($2) returned to ZinePablo
ZinePablo collected $2 from pot
*** SUMMARY ***
Total pot $2 | Rake $0 
Seat 1: songikong891 folded before Flop (didn't bet)
Seat 2: aoish30 folded before Flop (didn't bet)
Seat 3: NoonTime1991 (button) folded before Flop (didn't bet)
Seat 4: ZinePablo (small blind) collected ($2)
Seat 5: michasia (big blind) folded before Flop
Seat 6: TheAveiro folded before Flop (didn't bet)



PokerStars Hand #254773866774:  Hold'em No Limit ($0.50/$1.00 USD) - 2025/02/08 22:36:16 WET [2025/02/08 17:36:16 ET]
Table 'Lunaria II' 6-max Seat #4 is the button
Seat 1: songikong891 ($3.74 in chips) 
Seat 2: aoish30 ($126.68 in chips) 
Seat 3: NoonTime1991 ($101 in chips) 
Seat 4: ZinePablo ($167.99 in chips) 
Seat 5: michasia ($113.24 in chips) 
Seat 6: TheAveiro ($11.35 in chips) 
michasia: posts small blind $0.50
TheAveiro: posts big blind $1
*** HOLE CARDS ***
songikong891: folds 
aoish30: folds 
NoonTime1991: folds 
ZinePablo: folds 
michasia: folds 
Uncalled bet ($0.50) returned to TheAveiro
TheAveiro collected $1 from pot
TheAveiro: doesn't show hand 
*** SUMMARY ***
Total pot $1 | Rake $0 
Seat 1: songikong891 folded before Flop (didn't bet)
Seat 2: aoish30 folded before Flop (didn't bet)
Seat 3: NoonTime1991 folded before Flop (didn't bet)
Seat 4: ZinePablo (button) folded before Flop (didn't bet)
Seat 5: michasia (small blind) folded before Flop
Seat 6: TheAveiro (big blind) collected ($1)



PokerStars Hand #254773871842:  Hold'em No Limit ($0.50/$1.00 USD) - 2025/02/08 22:36:34 WET [2025/02/08 17:36:34 ET]
Table 'Lunaria II' 6-max Seat #5 is the button
Seat 1: songikong891 ($3.74 in chips) 
Seat 2: aoish30 ($126.68 in chips) 
Seat 3: NoonTime1991 ($101 in chips) 
Seat 4: ZinePablo ($167.99 in chips) 
Seat 5: michasia ($112.74 in chips) 
Seat 6: TheAveiro ($11.85 in chips) 
TheAveiro: posts small blind $0.50
songikong891: posts big blind $1
*** HOLE CARDS ***
aoish30: folds 
NoonTime1991: folds 
ZinePablo: folds 
michasia: folds 
TheAveiro: raises $1 to $2
songikong891: calls $1
*** FLOP *** [6c 3h 2d]
TheAveiro: checks 
songikong891: checks 
*** TURN *** [6c 3h 2d] [Ah]
TheAveiro: checks 
songikong891: bets $1.74 and is all-in
TheAveiro: folds 
Uncalled bet ($1.74) returned to songikong891
songikong891 collected $3.75 from pot
*** SUMMARY ***
Total pot $4 | Rake $0.25 
Board [6c 3h 2d Ah]
Seat 1: songikong891 (big blind) collected ($3.75)
Seat 2: aoish30 folded before Flop (didn't bet)
Seat 3: NoonTime1991 folded before Flop (didn't bet)
Seat 4: ZinePablo folded before Flop (didn't bet)
Seat 5: michasia (button) folded before Flop (didn't bet)
Seat 6: TheAveiro (small blind) folded on the Turn



PokerStars Hand #254773882054:  Hold'em No Limit ($0.50/$1.00 USD) - 2025/02/08 22:37:10 WET [2025/02/08 17:37:10 ET]
Table 'Lunaria II' 6-max Seat #6 is the button
Seat 1: songikong891 ($5.49 in chips) 
Seat 2: aoish30 ($126.68 in chips) 
Seat 3: NoonTime1991 ($101 in chips) 
Seat 4: ZinePablo ($167.99 in chips) 
Seat 5: michasia ($112.74 in chips) 
Seat 6: TheAveiro ($10 in chips) 
songikong891: posts small blind $0.50
aoish30: posts big blind $1
*** HOLE CARDS ***
NoonTime1991: raises $2 to $3
ZinePablo: folds 
michasia: folds 
TheAveiro: folds 
songikong891: folds 
aoish30: calls $2
*** FLOP *** [4c Jh 7h]
aoish30: checks 
NoonTime1991: checks 
*** TURN *** [4c Jh 7h] [Td]
aoish30: bets $4.64
NoonTime1991: calls $4.64
*** RIVER *** [4c Jh 7h Td] [Ah]
aoish30: bets $18.74
NoonTime1991: folds 
Uncalled bet ($18.74) returned to aoish30
aoish30 collected $14.99 from pot
aoish30: doesn't show hand 
*** SUMMARY ***
Total pot $15.78 | Rake $0.79 
Board [4c Jh 7h Td Ah]
Seat 1: songikong891 (small blind) folded before Flop
Seat 2: aoish30 (big blind) collected ($14.99)
Seat 3: NoonTime1991 folded on the River
Seat 4: ZinePablo folded before Flop (didn't bet)
Seat 5: michasia folded before Flop (didn't bet)
Seat 6: TheAveiro (button) folded before Flop (didn't bet)



PokerStars Hand #254773913572:  Hold'em No Limit ($0.50/$1.00 USD) - 2025/02/08 22:39:01 WET [2025/02/08 17:39:01 ET]
Table 'Lunaria II' 6-max Seat #1 is the button
Seat 3: NoonTime1991 ($93.36 in chips) is sitting out
Seat 1: songikong891 ($4.99 in chips) 
Seat 2: aoish30 ($134.03 in chips) 
Seat 4: ZinePablo ($167.99 in chips) 
Seat 5: michasia ($112.74 in chips) 
Seat 6: TheAveiro ($10 in chips) 
aoish30: posts small blind $0.50
NoonTime1991: is sitting out 
ZinePablo: posts big blind $1
*** HOLE CARDS ***
michasia: raises $1.60 to $2.60
TheAveiro has timed out
TheAveiro: folds 
songikong891: folds 
aoish30: folds 
ZinePablo: raises $8.40 to $11
michasia: folds 
Uncalled bet ($8.40) returned to ZinePablo
ZinePablo collected $5.70 from pot
*** SUMMARY ***
Total pot $5.70 | Rake $0 
Seat 3: NoonTime1991
Seat 1: songikong891 (button) folded before Flop (didn't bet)
Seat 2: aoish30 (small blind) folded before Flop
Seat 4: ZinePablo (big blind) collected ($5.70)
Seat 5: michasia folded before Flop
Seat 6: TheAveiro folded before Flop (didn't bet)



PokerStars Hand #254773925667:  Hold'em No Limit ($0.50/$1.00 USD) - 2025/02/08 22:39:44 WET [2025/02/08 17:39:44 ET]
Table 'Lunaria II' 6-max Seat #2 is the button
Seat 3: NoonTime1991 ($93.36 in chips) is sitting out
Seat 1: songikong891 ($4.99 in chips) 
Seat 2: aoish30 ($133.53 in chips) 
Seat 4: ZinePablo ($171.09 in chips) 
Seat 5: michasia ($110.14 in chips) 
Seat 6: TheAveiro ($10 in chips) 
ZinePablo: posts small blind $0.50
michasia: posts big blind $1
*** HOLE CARDS ***
TheAveiro: folds 
songikong891: raises $1 to $2
aoish30: folds 
ZinePablo: folds 
michasia: folds 
Uncalled bet ($1) returned to songikong891
songikong891 collected $2.50 from pot
*** SUMMARY ***
Total pot $2.50 | Rake $0 
Seat 3: NoonTime1991
Seat 1: songikong891 collected ($2.50)
Seat 2: aoish30 (button) folded before Flop (didn't bet)
Seat 4: ZinePablo (small blind) folded before Flop
Seat 5: michasia (big blind) folded before Flop
Seat 6: TheAveiro folded before Flop (didn't bet)



PokerStars Hand #254773932613:  Hold'em No Limit ($0.50/$1.00 USD) - 2025/02/08 22:40:08 WET [2025/02/08 17:40:08 ET]
Table 'Lunaria II' 6-max Seat #4 is the button
Seat 3: NoonTime1991 ($93.36 in chips) is sitting out
Seat 1: songikong891 ($6.49 in chips) 
Seat 2: aoish30 ($133.53 in chips) 
Seat 4: ZinePablo ($170.59 in chips) 
Seat 5: michasia ($109.14 in chips) 
Seat 6: TheAveiro ($10 in chips) 
michasia: posts small blind $0.50
TheAveiro: posts big blind $1
NoonTime1991: sits out 
*** HOLE CARDS ***
songikong891: calls $1
aoish30: raises $3 to $4
ZinePablo: folds 
michasia: folds 
TheAveiro: folds 
songikong891: folds 
Uncalled bet ($3) returned to aoish30
aoish30 collected $3.50 from pot
aoish30: doesn't show hand 
*** SUMMARY ***
Total pot $3.50 | Rake $0 
Seat 3: NoonTime1991
Seat 1: songikong891 folded before Flop
Seat 2: aoish30 collected ($3.50)
Seat 4: ZinePablo (button) folded before Flop (didn't bet)
Seat 5: michasia (small blind) folded before Flop
Seat 6: TheAveiro (big blind) folded before Flop



PokerStars Hand #254773939242:  Hold'em No Limit ($0.50/$1.00 USD) - 2025/02/08 22:40:32 WET [2025/02/08 17:40:32 ET]
Table 'Lunaria II' 6-max Seat #5 is the button
Seat 3: NoonTime1991 ($93.36 in chips) is sitting out
Seat 1: songikong891 ($5.49 in chips) 
Seat 2: aoish30 ($136.03 in chips) 
Seat 4: ZinePablo ($170.59 in chips) 
Seat 5: michasia ($108.64 in chips) 
Seat 6: TheAveiro ($10 in chips) 
TheAveiro: posts small blind $0.50
songikong891: posts big blind $1
NoonTime1991: sits out 
*** HOLE CARDS ***
aoish30: folds 
ZinePablo: folds 
michasia: folds 
TheAveiro: folds 
Uncalled bet ($0.50) returned to songikong891
songikong891 collected $1 from pot
*** SUMMARY ***
Total pot $1 | Rake $0 
Seat 3: NoonTime1991
Seat 1: songikong891 (big blind) collected ($1)
Seat 2: aoish30 folded before Flop (didn't bet)
Seat 4: ZinePablo folded before Flop (didn't bet)
Seat 5: michasia (button) folded before Flop (didn't bet)
Seat 6: TheAveiro (small blind) folded before Flop



PokerStars Hand #254773943838:  Hold'em No Limit ($0.50/$1.00 USD) - 2025/02/08 22:40:48 WET [2025/02/08 17:40:48 ET]
Table 'Lunaria II' 6-max Seat #6 is the button
Seat 3: NoonTime1991 ($93.36 in chips) is sitting out
Seat 1: songikong891 ($5.99 in chips) 
Seat 2: aoish30 ($136.03 in chips) 
Seat 4: ZinePablo ($170.59 in chips) 
Seat 5: michasia ($108.64 in chips) 
Seat 6: TheAveiro ($10 in chips) 
songikong891: posts small blind $0.50
aoish30: posts big blind $1
NoonTime1991: sits out 
*** HOLE CARDS ***
ZinePablo: folds 
michasia: folds 
TheAveiro: folds 
songikong891: calls $0.50
aoish30: checks 
*** FLOP *** [3c Ah Ks]
songikong891: checks 
aoish30: checks 
*** TURN *** [3c Ah Ks] [Th]
songikong891: bets $1
aoish30: calls $1
*** RIVER *** [3c Ah Ks Th] [Jd]
songikong891: checks 
aoish30: bets $1
songikong891: folds 
Uncalled bet ($1) returned to aoish30
aoish30 collected $3.80 from pot
aoish30: doesn't show hand 
*** SUMMARY ***
Total pot $4 | Rake $0.20 
Board [3c Ah Ks Th Jd]
Seat 3: NoonTime1991
Seat 1: songikong891 (small blind) folded on the River
Seat 2: aoish30 (big blind) collected ($3.80)
Seat 4: ZinePablo folded before Flop (didn't bet)
Seat 5: michasia folded before Flop (didn't bet)
Seat 6: TheAveiro (button) folded before Flop (didn't bet)



PokerStars Hand #254773958865:  Hold'em No Limit ($0.50/$1.00 USD) - 2025/02/08 22:41:41 WET [2025/02/08 17:41:41 ET]
Table 'Lunaria II' 6-max Seat #1 is the button
Seat 1: songikong891 ($3.99 in chips) 
Seat 2: aoish30 ($137.83 in chips) 
Seat 3: NoonTime1991 ($93.36 in chips) 
Seat 4: ZinePablo ($170.59 in chips) 
Seat 5: michasia ($108.64 in chips) 
Seat 6: TheAveiro ($10 in chips) 
aoish30: posts small blind $0.50
NoonTime1991: posts big blind $1
*** HOLE CARDS ***
ZinePablo: folds 
michasia: folds 
TheAveiro: folds 
songikong891: folds 
aoish30: raises $2 to $3
NoonTime1991: folds 
Uncalled bet ($2) returned to aoish30
aoish30 collected $2 from pot
aoish30: doesn't show hand 
*** SUMMARY ***
Total pot $2 | Rake $0 
Seat 1: songikong891 (button) folded before Flop (didn't bet)
Seat 2: aoish30 (small blind) collected ($2)
Seat 3: NoonTime1991 (big blind) folded before Flop
Seat 4: ZinePablo folded before Flop (didn't bet)
Seat 5: michasia folded before Flop (didn't bet)
Seat 6: TheAveiro folded before Flop (didn't bet)



PokerStars Hand #254773965849:  Hold'em No Limit ($0.50/$1.00 USD) - 2025/02/08 22:42:06 WET [2025/02/08 17:42:06 ET]
Table 'Lunaria II' 6-max Seat #2 is the button
Seat 1: songikong891 ($3.99 in chips) 
Seat 2: aoish30 ($138.83 in chips) 
Seat 3: NoonTime1991 ($92.36 in chips) 
Seat 4: ZinePablo ($170.59 in chips) 
Seat 5: michasia ($108.64 in chips) 
Seat 6: TheAveiro ($10 in chips) 
NoonTime1991: posts small blind $0.50
ZinePablo: posts big blind $1
*** HOLE CARDS ***
michasia: folds 
TheAveiro: folds 
songikong891: folds 
aoish30: folds 
NoonTime1991: folds 
Uncalled bet ($0.50) returned to ZinePablo
ZinePablo collected $1 from pot
*** SUMMARY ***
Total pot $1 | Rake $0 
Seat 1: songikong891 folded before Flop (didn't bet)
Seat 2: aoish30 (button) folded before Flop (didn't bet)
Seat 3: NoonTime1991 (small blind) folded before Flop
Seat 4: ZinePablo (big blind) collected ($1)
Seat 5: michasia folded before Flop (didn't bet)
Seat 6: TheAveiro folded before Flop (didn't bet)



PokerStars Hand #254773968839:  Hold'em No Limit ($0.50/$1.00 USD) - 2025/02/08 22:42:17 WET [2025/02/08 17:42:17 ET]
Table 'Lunaria II' 6-max Seat #3 is the button
Seat 1: songikong891 ($3.99 in chips) 
Seat 2: aoish30 ($138.83 in chips) 
Seat 3: NoonTime1991 ($91.86 in chips) 
Seat 4: ZinePablo ($171.09 in chips) 
Seat 5: michasia ($108.64 in chips) 
Seat 6: TheAveiro ($10 in chips) 
ZinePablo: posts small blind $0.50
michasia: posts big blind $1
*** HOLE CARDS ***
TheAveiro has timed out
TheAveiro: folds 
songikong891: calls $1
aoish30: folds 
NoonTime1991: folds 
ZinePablo: folds 
michasia: raises $3 to $4
songikong891: calls $2.99 and is all-in
Uncalled bet ($0.01) returned to michasia
*** FLOP *** [9c Kd 4c]
*** TURN *** [9c Kd 4c] [5h]
*** RIVER *** [9c Kd 4c 5h] [6h]
*** SHOW DOWN ***
michasia: shows [As Qs] (high card Ace)
songikong891: shows [8d Qd] (high card King)
michasia collected $8.06 from pot
*** SUMMARY ***
Total pot $8.48 | Rake $0.42 
Board [9c Kd 4c 5h 6h]
Seat 1: songikong891 showed [8d Qd] and lost with high card King
Seat 2: aoish30 folded before Flop (didn't bet)
Seat 3: NoonTime1991 (button) folded before Flop (didn't bet)
Seat 4: ZinePablo (small blind) folded before Flop
Seat 5: michasia (big blind) showed [As Qs] and won ($8.06) with high card Ace
Seat 6: TheAveiro folded before Flop (didn't bet)



PokerStars Hand #254773983529:  Hold'em No Limit ($0.50/$1.00 USD) - 2025/02/08 22:43:09 WET [2025/02/08 17:43:09 ET]
Table 'Lunaria II' 6-max Seat #4 is the button
Seat 1: songikong891 ($0 in chips) is sitting out
Seat 2: aoish30 ($138.83 in chips) 
Seat 3: NoonTime1991 ($91.86 in chips) 
Seat 4: ZinePablo ($170.59 in chips) 
Seat 5: michasia ($112.71 in chips) 
Seat 6: TheAveiro ($10 in chips) 
michasia: posts small blind $0.50
TheAveiro: posts big blind $1
*** HOLE CARDS ***
aoish30: folds 
NoonTime1991: folds 
songikong891 leaves the table
ZinePablo: raises $1.50 to $2.50
michasia: folds 
TheAveiro: folds 
Uncalled bet ($1.50) returned to ZinePablo
ZinePablo collected $2.50 from pot
*** SUMMARY ***
Total pot $2.50 | Rake $0 
Seat 1: songikong891
Seat 2: aoish30 folded before Flop (didn't bet)
Seat 3: NoonTime1991 folded before Flop (didn't bet)
Seat 4: ZinePablo (button) collected ($2.50)
Seat 5: michasia (small blind) folded before Flop
Seat 6: TheAveiro (big blind) folded before Flop



PokerStars Hand #254773988611:  Hold'em No Limit ($0.50/$1.00 USD) - 2025/02/08 22:43:28 WET [2025/02/08 17:43:28 ET]
Table 'Lunaria II' 6-max Seat #5 is the button
Seat 2: aoish30 ($138.83 in chips) 
Seat 3: NoonTime1991 ($91.86 in chips) 
Seat 4: ZinePablo ($172.09 in chips) 
Seat 5: michasia ($112.21 in chips) 
Seat 6: TheAveiro ($10 in chips) 
TheAveiro: posts small blind $0.50
aoish30: posts big blind $1
*** HOLE CARDS ***
NoonTime1991: folds 
ZinePablo has timed out
ZinePablo: folds 
michasia: raises $1.80 to $2.80
TheAveiro: folds 
aoish30: folds 
Uncalled bet ($1.80) returned to michasia
michasia collected $2.50 from pot
michasia: doesn't show hand 
*** SUMMARY ***
Total pot $2.50 | Rake $0 
Seat 2: aoish30 (big blind) folded before Flop
Seat 3: NoonTime1991 folded before Flop (didn't bet)
Seat 4: ZinePablo folded before Flop (didn't bet)
Seat 5: michasia (button) collected ($2.50)
Seat 6: TheAveiro (small blind) folded before Flop



PokerStars Hand #254774000949:  Hold'em No Limit ($0.50/$1.00 USD) - 2025/02/08 22:44:12 WET [2025/02/08 17:44:12 ET]
Table 'Lunaria II' 6-max Seat #6 is the button
Seat 3: NoonTime1991 ($100 in chips) is sitting out
Seat 2: aoish30 ($137.83 in chips) 
Seat 4: ZinePablo ($172.09 in chips) 
Seat 5: michasia ($113.71 in chips) 
Seat 6: TheAveiro ($10 in chips) 
aoish30: posts small blind $0.50
NoonTime1991: is sitting out 
ZinePablo: posts big blind $1
*** HOLE CARDS ***
michasia: folds 
TheAveiro has timed out
TheAveiro: folds 
NoonTime1991 leaves the table
aoish30: folds 
Uncalled bet ($0.50) returned to ZinePablo
ZinePablo collected $1 from pot
*** SUMMARY ***
Total pot $1 | Rake $0 
Seat 3: NoonTime1991
Seat 2: aoish30 (small blind) folded before Flop
Seat 4: ZinePablo (big blind) collected ($1)
Seat 5: michasia folded before Flop (didn't bet)
Seat 6: TheAveiro (button) folded before Flop (didn't bet)



PokerStars Hand #254774008852:  Hold'em No Limit ($0.50/$1.00 USD) - 2025/02/08 22:44:40 WET [2025/02/08 17:44:40 ET]
Table 'Lunaria II' 6-max Seat #2 is the button
Seat 5: michasia ($113.71 in chips) is sitting out
Seat 2: aoish30 ($137.33 in chips) 
Seat 4: ZinePablo ($172.59 in chips) 
Seat 6: TheAveiro ($10 in chips) 
ZinePablo: posts small blind $0.50
TheAveiro: posts big blind $1
*** HOLE CARDS ***
aoish30: folds 
ZinePablo: folds 
Uncalled bet ($0.50) returned to TheAveiro
TheAveiro collected $1 from pot
TheAveiro: doesn't show hand 
*** SUMMARY ***
Total pot $1 | Rake $0 
Seat 5: michasia
Seat 2: aoish30 (button) folded before Flop (didn't bet)
Seat 4: ZinePablo (small blind) folded before Flop
Seat 6: TheAveiro (big blind) collected ($1)



PokerStars Hand #254774257381:  Hold'em No Limit ($0.50/$1.00 USD) - 2025/02/08 23:01:10 WET [2025/02/08 18:01:10 ET]
Table 'Lunaria II' 6-max Seat #2 is the button
Seat 1: ImaPeppaPig ($121.50 in chips) 
Seat 2: Paramede1338 ($17.49 in chips) 
Seat 3: m0nTTu ($10 in chips) 
Seat 4: XneferX ($100 in chips) 
Seat 5: nikalas22 ($103.50 in chips) 
Seat 6: aoish30 ($117.33 in chips) 
m0nTTu: posts small blind $0.50
XneferX: posts big blind $1
*** HOLE CARDS ***
nikalas22: folds 
aoish30: folds 
ImaPeppaPig: raises $1.50 to $2.50
Paramede1338: calls $2.50
m0nTTu: raises $7.50 to $10 and is all-in
XneferX: folds 
ImaPeppaPig: folds 
Paramede1338: calls $7.50
*** FLOP *** [4s 5h Ah]
*** TURN *** [4s 5h Ah] [8d]
*** RIVER *** [4s 5h Ah 8d] [Td]
*** SHOW DOWN ***
m0nTTu: shows [As Ad] (three of a kind, Aces)
Paramede1338: shows [Qh 3h] (high card Ace)
m0nTTu collected $22.32 from pot
Paramede1338 cashed out the hand for $3.60 | Cash Out Fee $0.07
*** SUMMARY ***
Total pot $23.50 | Rake $1.18 
Board [4s 5h Ah 8d Td]
Seat 1: ImaPeppaPig folded before Flop
Seat 2: Paramede1338 (button) showed [Qh 3h] and lost with high card Ace (cashed out).
Seat 3: m0nTTu (small blind) showed [As Ad] and won ($22.32) with three of a kind, Aces
Seat 4: XneferX (big blind) folded before Flop
Seat 5: nikalas22 folded before Flop (didn't bet)
Seat 6: aoish30 folded before Flop (didn't bet)



PokerStars Hand #254774270796:  Hold'em No Limit ($0.50/$1.00 USD) - 2025/02/08 23:02:00 WET [2025/02/08 18:02:00 ET]
Table 'Lunaria II' 6-max Seat #3 is the button
Seat 1: ImaPeppaPig ($119 in chips) 
Seat 2: Paramede1338 ($11.09 in chips) 
Seat 3: m0nTTu ($22.32 in chips) 
Seat 4: XneferX ($100 in chips) 
Seat 5: nikalas22 ($103.50 in chips) 
Seat 6: aoish30 ($117.33 in chips) 
XneferX: posts small blind $0.50
nikalas22: posts big blind $1
*** HOLE CARDS ***
aoish30: folds 
ImaPeppaPig: raises $1.50 to $2.50
Paramede1338: folds 
m0nTTu: folds 
XneferX: folds 
nikalas22: folds 
Uncalled bet ($1.50) returned to ImaPeppaPig
ImaPeppaPig collected $2.50 from pot
ImaPeppaPig: doesn't show hand 
*** SUMMARY ***
Total pot $2.50 | Rake $0 
Seat 1: ImaPeppaPig collected ($2.50)
Seat 2: Paramede1338 folded before Flop (didn't bet)
Seat 3: m0nTTu (button) folded before Flop (didn't bet)
Seat 4: XneferX (small blind) folded before Flop
Seat 5: nikalas22 (big blind) folded before Flop
Seat 6: aoish30 folded before Flop (didn't bet)



PokerStars Hand #254774278442:  Hold'em No Limit ($0.50/$1.00 USD) - 2025/02/08 23:02:29 WET [2025/02/08 18:02:29 ET]
Table 'Lunaria II' 6-max Seat #4 is the button
Seat 1: ImaPeppaPig ($120.50 in chips) 
Seat 2: Paramede1338 ($11.09 in chips) 
Seat 3: m0nTTu ($22.32 in chips) 
Seat 4: XneferX ($100 in chips) 
Seat 5: nikalas22 ($102.50 in chips) 
Seat 6: aoish30 ($117.33 in chips) 
nikalas22: posts small blind $0.50
aoish30: posts big blind $1
*** HOLE CARDS ***
ImaPeppaPig: folds 
Paramede1338: calls $1
m0nTTu: folds 
XneferX: raises $3 to $4
nikalas22: folds 
aoish30: raises $11 to $15
Paramede1338: folds 
XneferX: folds 
Uncalled bet ($11) returned to aoish30
aoish30 collected $9.50 from pot
aoish30: doesn't show hand 
*** SUMMARY ***
Total pot $9.50 | Rake $0 
Seat 1: ImaPeppaPig folded before Flop (didn't bet)
Seat 2: Paramede1338 folded before Flop
Seat 3: m0nTTu folded before Flop (didn't bet)
Seat 4: XneferX (button) folded before Flop
Seat 5: nikalas22 (small blind) folded before Flop
Seat 6: aoish30 (big blind) collected ($9.50)



PokerStars Hand #254774292147:  Hold'em No Limit ($0.50/$1.00 USD) - 2025/02/08 23:03:20 WET [2025/02/08 18:03:20 ET]
Table 'Lunaria II' 6-max Seat #5 is the button
Seat 1: ImaPeppaPig ($120.50 in chips) 
Seat 2: Paramede1338 ($10.09 in chips) 
Seat 3: m0nTTu ($22.32 in chips) 
Seat 4: XneferX ($100 in chips) 
Seat 5: nikalas22 ($102 in chips) 
Seat 6: aoish30 ($122.83 in chips) 
aoish30: posts small blind $0.50
ImaPeppaPig: posts big blind $1
*** HOLE CARDS ***
Paramede1338: calls $1
m0nTTu: folds 
XneferX: folds 
nikalas22: raises $3 to $4
aoish30: folds 
ImaPeppaPig: folds 
Paramede1338: raises $6.09 to $10.09 and is all-in
nikalas22: calls $6.09
*** FLOP *** [4c 5h 5d]
*** TURN *** [4c 5h 5d] [Jd]
*** RIVER *** [4c 5h 5d Jd] [6d]
*** SHOW DOWN ***
Paramede1338: shows [3s 3h] (two pair, Fives and Threes)
nikalas22: shows [As Qh] (a pair of Fives)
Paramede1338 collected $20.60 from pot
*** SUMMARY ***
Total pot $21.68 | Rake $1.08 
Board [4c 5h 5d Jd 6d]
Seat 1: ImaPeppaPig (big blind) folded before Flop
Seat 2: Paramede1338 showed [3s 3h] and won ($20.60) with two pair, Fives and Threes
Seat 3: m0nTTu folded before Flop (didn't bet)
Seat 4: XneferX folded before Flop (didn't bet)
Seat 5: nikalas22 (button) showed [As Qh] and lost with a pair of Fives
Seat 6: aoish30 (small blind) folded before Flop



PokerStars Hand #254774302566:  Hold'em No Limit ($0.50/$1.00 USD) - 2025/02/08 23:03:58 WET [2025/02/08 18:03:58 ET]
Table 'Lunaria II' 6-max Seat #6 is the button
Seat 1: ImaPeppaPig ($119.50 in chips) 
Seat 2: Paramede1338 ($20.60 in chips) 
Seat 3: m0nTTu ($22.32 in chips) 
Seat 4: XneferX ($100 in chips) 
Seat 5: nikalas22 ($100 in chips) 
Seat 6: aoish30 ($122.33 in chips) 
ImaPeppaPig: posts small blind $0.50
Paramede1338: posts big blind $1
*** HOLE CARDS ***
m0nTTu: folds 
XneferX: folds 
nikalas22: folds 
aoish30: folds 
ImaPeppaPig: folds 
Uncalled bet ($0.50) returned to Paramede1338
Paramede1338 collected $1 from pot
Paramede1338: doesn't show hand 
*** SUMMARY ***
Total pot $1 | Rake $0 
Seat 1: ImaPeppaPig (small blind) folded before Flop
Seat 2: Paramede1338 (big blind) collected ($1)
Seat 3: m0nTTu folded before Flop (didn't bet)
Seat 4: XneferX folded before Flop (didn't bet)
Seat 5: nikalas22 folded before Flop (didn't bet)
Seat 6: aoish30 (button) folded before Flop (didn't bet)



PokerStars Hand #254774307728:  Hold'em No Limit ($0.50/$1.00 USD) - 2025/02/08 23:04:17 WET [2025/02/08 18:04:17 ET]
Table 'Lunaria II' 6-max Seat #1 is the button
Seat 1: ImaPeppaPig ($119 in chips) 
Seat 2: Paramede1338 ($21.10 in chips) 
Seat 3: m0nTTu ($22.32 in chips) 
Seat 4: XneferX ($100 in chips) 
Seat 5: nikalas22 ($100 in chips) 
Seat 6: aoish30 ($122.33 in chips) 
Paramede1338: posts small blind $0.50
m0nTTu: posts big blind $1
*** HOLE CARDS ***
XneferX: folds 
nikalas22: raises $1.20 to $2.20
aoish30: folds 
ImaPeppaPig: folds 
Paramede1338: folds 
m0nTTu: calls $1.20
*** FLOP *** [Ks Kc Th]
m0nTTu: checks 
nikalas22: bets $1.40
m0nTTu: calls $1.40
*** TURN *** [Ks Kc Th] [4s]
m0nTTu: checks 
nikalas22: bets $5.49
m0nTTu: calls $5.49
*** RIVER *** [Ks Kc Th 4s] [Js]
m0nTTu: checks 
nikalas22: bets $14
m0nTTu: calls $13.23 and is all-in
Uncalled bet ($0.77) returned to nikalas22
*** SHOW DOWN ***
nikalas22: shows [9h Qh] (a straight, Nine to King)
m0nTTu: shows [9d Kd] (three of a kind, Kings)
nikalas22 collected $42.88 from pot
*** SUMMARY ***
Total pot $45.14 | Rake $2.26 
Board [Ks Kc Th 4s Js]
Seat 1: ImaPeppaPig (button) folded before Flop (didn't bet)
Seat 2: Paramede1338 (small blind) folded before Flop
Seat 3: m0nTTu (big blind) showed [9d Kd] and lost with three of a kind, Kings
Seat 4: XneferX folded before Flop (didn't bet)
Seat 5: nikalas22 showed [9h Qh] and won ($42.88) with a straight, Nine to King
Seat 6: aoish30 folded before Flop (didn't bet)



PokerStars Hand #254774329524:  Hold'em No Limit ($0.50/$1.00 USD) - 2025/02/08 23:05:36 WET [2025/02/08 18:05:36 ET]
Table 'Lunaria II' 6-max Seat #2 is the button
Seat 1: ImaPeppaPig ($119 in chips) 
Seat 2: Paramede1338 ($20.60 in chips) 
Seat 3: m0nTTu ($10 in chips) 
Seat 4: XneferX ($100 in chips) 
Seat 5: nikalas22 ($120.56 in chips) 
Seat 6: aoish30 ($122.33 in chips) 
m0nTTu: posts small blind $0.50
XneferX: posts big blind $1
*** HOLE CARDS ***
nikalas22: folds 
aoish30: folds 
ImaPeppaPig: raises $1.50 to $2.50
Paramede1338: folds 
m0nTTu: folds 
XneferX: raises $10.50 to $13
ImaPeppaPig: folds 
Uncalled bet ($10.50) returned to XneferX
XneferX collected $5.50 from pot
XneferX: doesn't show hand 
*** SUMMARY ***
Total pot $5.50 | Rake $0 
Seat 1: ImaPeppaPig folded before Flop
Seat 2: Paramede1338 (button) folded before Flop (didn't bet)
Seat 3: m0nTTu (small blind) folded before Flop
Seat 4: XneferX (big blind) collected ($5.50)
Seat 5: nikalas22 folded before Flop (didn't bet)
Seat 6: aoish30 folded before Flop (didn't bet)



PokerStars Hand #254774338912:  Hold'em No Limit ($0.50/$1.00 USD) - 2025/02/08 23:06:11 WET [2025/02/08 18:06:11 ET]
Table 'Lunaria II' 6-max Seat #3 is the button
Seat 1: ImaPeppaPig ($116.50 in chips) 
Seat 2: Paramede1338 ($20.60 in chips) 
Seat 3: m0nTTu ($10 in chips) 
Seat 4: XneferX ($103 in chips) 
Seat 5: nikalas22 ($120.56 in chips) 
Seat 6: aoish30 ($122.33 in chips) 
XneferX: posts small blind $0.50
nikalas22: posts big blind $1
*** HOLE CARDS ***
aoish30: folds 
ImaPeppaPig: folds 
Paramede1338: folds 
m0nTTu: folds 
XneferX: raises $2 to $3
nikalas22: folds 
Uncalled bet ($2) returned to XneferX
XneferX collected $2 from pot
XneferX: doesn't show hand 
*** SUMMARY ***
Total pot $2 | Rake $0 
Seat 1: ImaPeppaPig folded before Flop (didn't bet)
Seat 2: Paramede1338 folded before Flop (didn't bet)
Seat 3: m0nTTu (button) folded before Flop (didn't bet)
Seat 4: XneferX (small blind) collected ($2)
Seat 5: nikalas22 (big blind) folded before Flop
Seat 6: aoish30 folded before Flop (didn't bet)



PokerStars Hand #254774343787:  Hold'em No Limit ($0.50/$1.00 USD) - 2025/02/08 23:06:28 WET [2025/02/08 18:06:28 ET]
Table 'Lunaria II' 6-max Seat #4 is the button
Seat 1: ImaPeppaPig ($116.50 in chips) 
Seat 2: Paramede1338 ($20.60 in chips) 
Seat 3: m0nTTu ($10 in chips) 
Seat 4: XneferX ($104 in chips) 
Seat 5: nikalas22 ($119.56 in chips) 
Seat 6: aoish30 ($122.33 in chips) 
nikalas22: posts small blind $0.50
aoish30: posts big blind $1
*** HOLE CARDS ***
ImaPeppaPig: folds 
Paramede1338: folds 
m0nTTu: folds 
XneferX: folds 
nikalas22: raises $2 to $3
aoish30: calls $2
*** FLOP *** [5s Td As]
nikalas22: checks 
aoish30: checks 
*** TURN *** [5s Td As] [Ah]
nikalas22: checks 
aoish30: checks 
*** RIVER *** [5s Td As Ah] [Tc]
nikalas22: bets $8.55
aoish30: folds 
Uncalled bet ($8.55) returned to nikalas22
nikalas22 collected $5.70 from pot
nikalas22: doesn't show hand 
*** SUMMARY ***
Total pot $6 | Rake $0.30 
Board [5s Td As Ah Tc]
Seat 1: ImaPeppaPig folded before Flop (didn't bet)
Seat 2: Paramede1338 folded before Flop (didn't bet)
Seat 3: m0nTTu folded before Flop (didn't bet)
Seat 4: XneferX (button) folded before Flop (didn't bet)
Seat 5: nikalas22 (small blind) collected ($5.70)
Seat 6: aoish30 (big blind) folded on the River



PokerStars Hand #254774363339:  Hold'em No Limit ($0.50/$1.00 USD) - 2025/02/08 23:07:41 WET [2025/02/08 18:07:41 ET]
Table 'Lunaria II' 6-max Seat #5 is the button
Seat 1: ImaPeppaPig ($116.50 in chips) 
Seat 2: Paramede1338 ($20.60 in chips) 
Seat 3: m0nTTu ($10 in chips) 
Seat 4: XneferX ($104 in chips) 
Seat 5: nikalas22 ($122.26 in chips) 
Seat 6: aoish30 ($119.33 in chips) 
aoish30: posts small blind $0.50
ImaPeppaPig: posts big blind $1
*** HOLE CARDS ***
Paramede1338: folds 
m0nTTu: folds 
XneferX: folds 
nikalas22: folds 
aoish30: raises $2 to $3
ImaPeppaPig: raises $7 to $10
aoish30: calls $7
*** FLOP *** [Jc 6s 6c]
aoish30: checks 
ImaPeppaPig: bets $9.88
aoish30: folds 
Uncalled bet ($9.88) returned to ImaPeppaPig
ImaPeppaPig collected $19 from pot
ImaPeppaPig: doesn't show hand 
*** SUMMARY ***
Total pot $20 | Rake $1 
Board [Jc 6s 6c]
Seat 1: ImaPeppaPig (big blind) collected ($19)
Seat 2: Paramede1338 folded before Flop (didn't bet)
Seat 3: m0nTTu folded before Flop (didn't bet)
Seat 4: XneferX folded before Flop (didn't bet)
Seat 5: nikalas22 (button) folded before Flop (didn't bet)
Seat 6: aoish30 (small blind) folded on the Flop



PokerStars Hand #254774375130:  Hold'em No Limit ($0.50/$1.00 USD) - 2025/02/08 23:08:24 WET [2025/02/08 18:08:24 ET]
Table 'Lunaria II' 6-max Seat #6 is the button
Seat 1: ImaPeppaPig ($125.50 in chips) 
Seat 2: Paramede1338 ($20.60 in chips) 
Seat 3: m0nTTu ($10 in chips) 
Seat 4: XneferX ($104 in chips) 
Seat 5: nikalas22 ($122.26 in chips) 
Seat 6: aoish30 ($109.33 in chips) 
ImaPeppaPig: posts small blind $0.50
Paramede1338: posts big blind $1
*** HOLE CARDS ***
m0nTTu: folds 
XneferX: folds 
nikalas22: folds 
aoish30: folds 
ImaPeppaPig: raises $2 to $3
Paramede1338: folds 
Uncalled bet ($2) returned to ImaPeppaPig
ImaPeppaPig collected $2 from pot
ImaPeppaPig: doesn't show hand 
*** SUMMARY ***
Total pot $2 | Rake $0 
Seat 1: ImaPeppaPig (small blind) collected ($2)
Seat 2: Paramede1338 (big blind) folded before Flop
Seat 3: m0nTTu folded before Flop (didn't bet)
Seat 4: XneferX folded before Flop (didn't bet)
Seat 5: nikalas22 folded before Flop (didn't bet)
Seat 6: aoish30 (button) folded before Flop (didn't bet)



PokerStars Hand #254774380249:  Hold'em No Limit ($0.50/$1.00 USD) - 2025/02/08 23:08:43 WET [2025/02/08 18:08:43 ET]
Table 'Lunaria II' 6-max Seat #1 is the button
Seat 1: ImaPeppaPig ($126.50 in chips) 
Seat 2: Paramede1338 ($19.60 in chips) 
Seat 3: m0nTTu ($10 in chips) 
Seat 4: XneferX ($104 in chips) 
Seat 5: nikalas22 ($122.26 in chips) 
Seat 6: aoish30 ($109.33 in chips) 
Paramede1338: posts small blind $0.50
m0nTTu: posts big blind $1
*** HOLE CARDS ***
XneferX: folds 
nikalas22: raises $1.20 to $2.20
aoish30: folds 
ImaPeppaPig: folds 
Paramede1338: folds 
m0nTTu: folds 
Uncalled bet ($1.20) returned to nikalas22
nikalas22 collected $2.50 from pot
nikalas22: doesn't show hand 
*** SUMMARY ***
Total pot $2.50 | Rake $0 
Seat 1: ImaPeppaPig (button) folded before Flop (didn't bet)
Seat 2: Paramede1338 (small blind) folded before Flop
Seat 3: m0nTTu (big blind) folded before Flop
Seat 4: XneferX folded before Flop (didn't bet)
Seat 5: nikalas22 collected ($2.50)
Seat 6: aoish30 folded before Flop (didn't bet)



PokerStars Hand #254774387743:  Hold'em No Limit ($0.50/$1.00 USD) - 2025/02/08 23:09:11 WET [2025/02/08 18:09:11 ET]
Table 'Lunaria II' 6-max Seat #2 is the button
Seat 1: ImaPeppaPig ($126.50 in chips) 
Seat 2: Paramede1338 ($19.10 in chips) 
Seat 3: m0nTTu ($10 in chips) 
Seat 4: XneferX ($104 in chips) 
Seat 5: nikalas22 ($123.76 in chips) 
Seat 6: aoish30 ($109.33 in chips) 
m0nTTu: posts small blind $0.50
XneferX: posts big blind $1
*** HOLE CARDS ***
nikalas22: folds 
aoish30: folds 
ImaPeppaPig: folds 
Paramede1338 has timed out
Paramede1338: folds 
m0nTTu: folds 
Uncalled bet ($0.50) returned to XneferX
XneferX collected $1 from pot
XneferX: doesn't show hand 
*** SUMMARY ***
Total pot $1 | Rake $0 
Seat 1: ImaPeppaPig folded before Flop (didn't bet)
Seat 2: Paramede1338 (button) folded before Flop (didn't bet)
Seat 3: m0nTTu (small blind) folded before Flop
Seat 4: XneferX (big blind) collected ($1)
Seat 5: nikalas22 folded before Flop (didn't bet)
Seat 6: aoish30 folded before Flop (didn't bet)



PokerStars Hand #254774395707:  Hold'em No Limit ($0.50/$1.00 USD) - 2025/02/08 23:09:40 WET [2025/02/08 18:09:40 ET]
Table 'Lunaria II' 6-max Seat #3 is the button
Seat 2: Paramede1338 ($19.10 in chips) is sitting out
Seat 1: ImaPeppaPig ($126.50 in chips) 
Seat 3: m0nTTu ($10 in chips) 
Seat 4: XneferX ($104.50 in chips) 
Seat 5: nikalas22 ($123.76 in chips) 
Seat 6: aoish30 ($109.33 in chips) 
XneferX: posts small blind $0.50
nikalas22: posts big blind $1
*** HOLE CARDS ***
aoish30: folds 
ImaPeppaPig: folds 
m0nTTu: raises $1 to $2
XneferX: folds 
nikalas22: raises $9.50 to $11.50
m0nTTu: folds 
Uncalled bet ($9.50) returned to nikalas22
nikalas22 collected $4.50 from pot
nikalas22: doesn't show hand 
*** SUMMARY ***
Total pot $4.50 | Rake $0 
Seat 2: Paramede1338
Seat 1: ImaPeppaPig folded before Flop (didn't bet)
Seat 3: m0nTTu (button) folded before Flop
Seat 4: XneferX (small blind) folded before Flop
Seat 5: nikalas22 (big blind) collected ($4.50)
Seat 6: aoish30 folded before Flop (didn't bet)



PokerStars Hand #254774401871:  Hold'em No Limit ($0.50/$1.00 USD) - 2025/02/08 23:10:03 WET [2025/02/08 18:10:03 ET]
Table 'Lunaria II' 6-max Seat #4 is the button
Seat 2: Paramede1338 ($19.10 in chips) is sitting out
Seat 6: aoish30 ($109.33 in chips) is sitting out
Seat 1: ImaPeppaPig ($126.50 in chips) 
Seat 3: m0nTTu ($10 in chips) 
Seat 4: XneferX ($104 in chips) 
Seat 5: nikalas22 ($126.26 in chips) 
nikalas22: posts small blind $0.50
aoish30: is sitting out 
ImaPeppaPig: posts big blind $1
*** HOLE CARDS ***
m0nTTu: raises $9 to $10 and is all-in
XneferX: folds 
nikalas22: raises $116.26 to $126.26 and is all-in
ImaPeppaPig: folds 
Uncalled bet ($116.26) returned to nikalas22
*** FIRST FLOP *** [Qh 2h 3s]
aoish30 leaves the table
*** FIRST TURN *** [Qh 2h 3s] [7h]
*** FIRST RIVER *** [Qh 2h 3s 7h] [Ts]
*** SECOND FLOP *** [5s Tc Qd]
*** SECOND TURN *** [5s Tc Qd] [3h]
*** SECOND RIVER *** [5s Tc Qd 3h] [7d]
*** FIRST SHOW DOWN ***
nikalas22: shows [Kh Kc] (a pair of Kings)
m0nTTu: shows [Ad 8s] (high card Ace)
nikalas22 collected $10 from pot
*** SECOND SHOW DOWN ***
nikalas22: shows [Kh Kc] (a pair of Kings)
m0nTTu: shows [Ad 8s] (high card Ace)
nikalas22 collected $10 from pot
michasia joins the table at seat #6 
*** SUMMARY ***
Total pot $21 | Rake $1 
Hand was run twice
FIRST Board [Qh 2h 3s 7h Ts]
SECOND Board [5s Tc Qd 3h 7d]
Seat 2: Paramede1338
Seat 6: aoish30
Seat 1: ImaPeppaPig (big blind) folded before Flop
Seat 3: m0nTTu showed [Ad 8s] and lost with high card Ace, and lost with high card Ace
Seat 4: XneferX (button) folded before Flop (didn't bet)
Seat 5: nikalas22 (small blind) showed [Kh Kc] and won ($10) with a pair of Kings, and won ($10) with a pair of Kings



PokerStars Hand #254774408575:  Hold'em No Limit ($0.50/$1.00 USD) - 2025/02/08 23:10:28 WET [2025/02/08 18:10:28 ET]
Table 'Lunaria II' 6-max Seat #5 is the button
Seat 2: Paramede1338 ($19.10 in chips) is sitting out
Seat 3: m0nTTu ($10 in chips) is sitting out
Seat 6: michasia ($113.71 in chips) is sitting out
Seat 1: ImaPeppaPig ($125.50 in chips) 
Seat 4: XneferX ($104 in chips) 
Seat 5: nikalas22 ($136.26 in chips) 
ImaPeppaPig: posts small blind $0.50
m0nTTu: is sitting out 
XneferX: posts big blind $1
*** HOLE CARDS ***
nikalas22: folds 
m0nTTu leaves the table
ImaPeppaPig: folds 
Uncalled bet ($0.50) returned to XneferX
nikalas22 leaves the table
XneferX collected $1 from pot
XneferX: doesn't show hand 
*** SUMMARY ***
Total pot $1 | Rake $0 
Seat 2: Paramede1338
Seat 3: m0nTTu
Seat 6: michasia
Seat 1: ImaPeppaPig (small blind) folded before Flop
Seat 4: XneferX (big blind) collected ($1)
Seat 5: nikalas22 (button) folded before Flop (didn't bet)



PokerStars Hand #254774411961:  Hold'em No Limit ($0.50/$1.00 USD) - 2025/02/08 23:10:41 WET [2025/02/08 18:10:41 ET]
Table 'Lunaria II' 6-max Seat #1 is the button
Seat 2: Paramede1338 ($19.10 in chips) is sitting out
Seat 1: ImaPeppaPig ($125 in chips) 
Seat 4: XneferX ($104.50 in chips) 
Seat 6: michasia ($113.71 in chips) 
XneferX: posts small blind $0.50
michasia: posts big blind $1
*** HOLE CARDS ***
ImaPeppaPig: folds 
ImaPeppaPig leaves the table
XneferX: raises $2 to $3
michasia: calls $2
*** FLOP *** [Ah 7d 9s]
XneferX: bets $1.94
michasia: raises $8.06 to $10
XneferX: calls $8.06
*** TURN *** [Ah 7d 9s] [4h]
XneferX: checks 
michasia: checks 
*** RIVER *** [Ah 7d 9s 4h] [Kc]
XneferX: bets $19.25
michasia: folds 
Uncalled bet ($19.25) returned to XneferX
XneferX collected $25 from pot
XneferX: doesn't show hand 
*** SUMMARY ***
Total pot $26 | Rake $1 
Board [Ah 7d 9s 4h Kc]
Seat 2: Paramede1338
Seat 1: ImaPeppaPig (button) folded before Flop (didn't bet)
Seat 4: XneferX (small blind) collected ($25)
Seat 6: michasia (big blind) folded on the River



PokerStars Hand #254774430791:  Hold'em No Limit ($0.50/$1.00 USD) - 2025/02/08 23:11:51 WET [2025/02/08 18:11:51 ET]
Table 'Lunaria II' 6-max Seat #4 is the button
Seat 2: Paramede1338 ($19.10 in chips) 
Seat 4: XneferX ($116.50 in chips) 
Seat 6: michasia ($100.71 in chips) 
michasia: posts small blind $0.50
Paramede1338: posts big blind $1
*** HOLE CARDS ***
XneferX: folds 
Nikarta34 joins the table at seat #3 
michasia: raises $2 to $3
Paramede1338: calls $2
*** FLOP *** [Jc 2d Qh]
michasia: bets $3.80
Paramede1338: folds 
Uncalled bet ($3.80) returned to michasia
michasia collected $5.70 from pot
michasia: doesn't show hand 
*** SUMMARY ***
Total pot $6 | Rake $0.30 
Board [Jc 2d Qh]
Seat 2: Paramede1338 (big blind) folded on the Flop
Seat 4: XneferX (button) folded before Flop (didn't bet)
Seat 6: michasia (small blind) collected ($5.70)



PokerStars Hand #254774439874:  Hold'em No Limit ($0.50/$1.00 USD) - 2025/02/08 23:12:24 WET [2025/02/08 18:12:24 ET]
Table 'Lunaria II' 6-max Seat #6 is the button
Seat 2: Paramede1338 ($16.10 in chips) 
Seat 3: Nikarta34 ($100 in chips) 
Seat 4: XneferX ($116.50 in chips) 
Seat 6: michasia ($103.41 in chips) 
Paramede1338: posts small blind $0.50
Nikarta34: posts big blind $1
*** HOLE CARDS ***
XneferX: folds 
michasia: folds 
Paramede1338: calls $0.50
Nikarta34: checks 
*** FLOP *** [Kc Kd 5h]
Paramede1338: bets $1
Nikarta34: folds 
Uncalled bet ($1) returned to Paramede1338
Paramede1338 collected $1.90 from pot
Paramede1338: doesn't show hand 
*** SUMMARY ***
Total pot $2 | Rake $0.10 
Board [Kc Kd 5h]
Seat 2: Paramede1338 (small blind) collected ($1.90)
Seat 3: Nikarta34 (big blind) folded on the Flop
Seat 4: XneferX folded before Flop (didn't bet)
Seat 6: michasia (button) folded before Flop (didn't bet)



PokerStars Hand #254774447348:  Hold'em No Limit ($0.50/$1.00 USD) - 2025/02/08 23:12:52 WET [2025/02/08 18:12:52 ET]
Table 'Lunaria II' 6-max Seat #2 is the button
Seat 2: Paramede1338 ($17 in chips) 
Seat 3: Nikarta34 ($100 in chips) 
Seat 4: XneferX ($116.50 in chips) 
Seat 6: michasia ($103.41 in chips) 
Nikarta34: posts small blind $0.50
XneferX: posts big blind $1
*** HOLE CARDS ***
michasia: folds 
Paramede1338: calls $1
Nikarta34: folds 
XneferX: checks 
*** FLOP *** [8d Jh 2d]
XneferX: checks 
Paramede1338: bets $3
XneferX: folds 
Uncalled bet ($3) returned to Paramede1338
Paramede1338 collected $2.38 from pot
Paramede1338: doesn't show hand 
*** SUMMARY ***
Total pot $2.50 | Rake $0.12 
Board [8d Jh 2d]
Seat 2: Paramede1338 (button) collected ($2.38)
Seat 3: Nikarta34 (small blind) folded before Flop
Seat 4: XneferX (big blind) folded on the Flop
Seat 6: michasia folded before Flop (didn't bet)



PokerStars Hand #254774459173:  Hold'em No Limit ($0.50/$1.00 USD) - 2025/02/08 23:13:36 WET [2025/02/08 18:13:36 ET]
Table 'Lunaria II' 6-max Seat #3 is the button
Seat 2: Paramede1338 ($18.38 in chips) 
Seat 3: Nikarta34 ($100 in chips) 
Seat 4: XneferX ($115.50 in chips) 
Seat 6: michasia ($103.41 in chips) 
XneferX: posts small blind $0.50
michasia: posts big blind $1
*** HOLE CARDS ***
Paramede1338: calls $1
Nikarta34: folds 
XneferX: folds 
michasia: raises $2.50 to $3.50
Paramede1338: calls $2.50
*** FLOP *** [3h 4d Td]
michasia: bets $4.75
Paramede1338: raises $10.13 to $14.88 and is all-in
michasia: folds 
Uncalled bet ($10.13) returned to Paramede1338
Paramede1338 collected $16.15 from pot
Paramede1338: doesn't show hand 
*** SUMMARY ***
Total pot $17 | Rake $0.85 
Board [3h 4d Td]
Seat 2: Paramede1338 collected ($16.15)
Seat 3: Nikarta34 (button) folded before Flop (didn't bet)
Seat 4: XneferX (small blind) folded before Flop
Seat 6: michasia (big blind) folded on the Flop



PokerStars Hand #254774468624:  Hold'em No Limit ($0.50/$1.00 USD) - 2025/02/08 23:14:11 WET [2025/02/08 18:14:11 ET]
Table 'Lunaria II' 6-max Seat #4 is the button
Seat 2: Paramede1338 ($26.28 in chips) 
Seat 3: Nikarta34 ($100 in chips) 
Seat 4: XneferX ($115 in chips) 
Seat 6: michasia ($100 in chips) 
michasia: posts small blind $0.50
Paramede1338: posts big blind $1
*** HOLE CARDS ***
Nikarta34: raises $1.25 to $2.25
XneferX: folds 
michasia: folds 
Paramede1338: folds 
Uncalled bet ($1.25) returned to Nikarta34
Nikarta34 collected $2.50 from pot
Nikarta34: doesn't show hand 
*** SUMMARY ***
Total pot $2.50 | Rake $0 
Seat 2: Paramede1338 (big blind) folded before Flop
Seat 3: Nikarta34 collected ($2.50)
Seat 4: XneferX (button) folded before Flop (didn't bet)
Seat 6: michasia (small blind) folded before Flop



PokerStars Hand #254774471539:  Hold'em No Limit ($0.50/$1.00 USD) - 2025/02/08 23:14:22 WET [2025/02/08 18:14:22 ET]
Table 'Lunaria II' 6-max Seat #6 is the button
Seat 2: Paramede1338 ($25.28 in chips) 
Seat 3: Nikarta34 ($101.50 in chips) 
Seat 4: XneferX ($115 in chips) 
Seat 6: michasia ($100 in chips) 
Paramede1338: posts small blind $0.50
Nikarta34: posts big blind $1
*** HOLE CARDS ***
rossieboy222 joins the table at seat #1 
rossieboy222 is disconnected 
XneferX: raises $1.30 to $2.30
michasia: raises $4.60 to $6.90
pr0tecto joins the table at seat #5 
Paramede1338: folds 
Nikarta34: folds 
XneferX: folds 
Uncalled bet ($4.60) returned to michasia
michasia collected $6.10 from pot
michasia: doesn't show hand 
*** SUMMARY ***
Total pot $6.10 | Rake $0 
Seat 2: Paramede1338 (small blind) folded before Flop
Seat 3: Nikarta34 (big blind) folded before Flop
Seat 4: XneferX folded before Flop
Seat 6: michasia (button) collected ($6.10)



PokerStars Hand #254774478414:  Hold'em No Limit ($0.50/$1.00 USD) - 2025/02/08 23:14:47 WET [2025/02/08 18:14:47 ET]
Table 'Lunaria II' 6-max Seat #2 is the button
Seat 1: rossieboy222 ($11.35 in chips) is sitting out
Seat 5: pr0tecto ($100 in chips) is sitting out
Seat 2: Paramede1338 ($24.78 in chips) 
Seat 3: Nikarta34 ($100.50 in chips) 
Seat 4: XneferX ($112.70 in chips) 
Seat 6: michasia ($103.80 in chips) 
Nikarta34: posts small blind $0.50
XneferX: posts big blind $1
pr0tecto: sits out 
rossieboy222: sits out 
*** HOLE CARDS ***
michasia: folds 
Paramede1338: calls $1
Nikarta34: raises $3 to $4
XneferX: folds 
Paramede1338: folds 
Uncalled bet ($3) returned to Nikarta34
Nikarta34 collected $3 from pot
Nikarta34: doesn't show hand 
*** SUMMARY ***
Total pot $3 | Rake $0 
Seat 1: rossieboy222
Seat 5: pr0tecto
Seat 2: Paramede1338 (button) folded before Flop
Seat 3: Nikarta34 (small blind) collected ($3)
Seat 4: XneferX (big blind) folded before Flop
Seat 6: michasia folded before Flop (didn't bet)



PokerStars Hand #254774486627:  Hold'em No Limit ($0.50/$1.00 USD) - 2025/02/08 23:15:18 WET [2025/02/08 18:15:18 ET]
Table 'Lunaria II' 6-max Seat #3 is the button
Seat 1: rossieboy222 ($11.35 in chips) is sitting out
Seat 2: Paramede1338 ($23.78 in chips) 
Seat 3: Nikarta34 ($102.50 in chips) 
Seat 4: XneferX ($111.70 in chips) 
Seat 5: pr0tecto ($100 in chips) 
Seat 6: michasia ($103.80 in chips) 
XneferX: posts small blind $0.50
pr0tecto: posts big blind $1
rossieboy222: sits out 
*** HOLE CARDS ***
michasia: folds 
Paramede1338: folds 
Nikarta34: raises $1.50 to $2.50
XneferX: raises $9.50 to $12
pr0tecto: folds 
Nikarta34: folds 
Uncalled bet ($9.50) returned to XneferX
XneferX collected $6 from pot
XneferX: doesn't show hand 
*** SUMMARY ***
Total pot $6 | Rake $0 
Seat 1: rossieboy222
Seat 2: Paramede1338 folded before Flop (didn't bet)
Seat 3: Nikarta34 (button) folded before Flop
Seat 4: XneferX (small blind) collected ($6)
Seat 5: pr0tecto (big blind) folded before Flop
Seat 6: michasia folded before Flop (didn't bet)



PokerStars Hand #254774492342:  Hold'em No Limit ($0.50/$1.00 USD) - 2025/02/08 23:15:39 WET [2025/02/08 18:15:39 ET]
Table 'Lunaria II' 6-max Seat #4 is the button
Seat 1: rossieboy222 ($11.35 in chips) is sitting out
Seat 2: Paramede1338 ($23.78 in chips) 
Seat 3: Nikarta34 ($100 in chips) 
Seat 4: XneferX ($115.20 in chips) 
Seat 5: pr0tecto ($99 in chips) 
Seat 6: michasia ($103.80 in chips) 
pr0tecto: posts small blind $0.50
michasia: posts big blind $1
rossieboy222: sits out 
*** HOLE CARDS ***
Paramede1338: folds 
Nikarta34: folds 
XneferX: raises $1.77 to $2.77
pr0tecto: folds 
michasia: folds 
Uncalled bet ($1.77) returned to XneferX
XneferX collected $2.50 from pot
XneferX: doesn't show hand 
*** SUMMARY ***
Total pot $2.50 | Rake $0 
Seat 1: rossieboy222
Seat 2: Paramede1338 folded before Flop (didn't bet)
Seat 3: Nikarta34 folded before Flop (didn't bet)
Seat 4: XneferX (button) collected ($2.50)
Seat 5: pr0tecto (small blind) folded before Flop
Seat 6: michasia (big blind) folded before Flop



PokerStars Hand #254774497780:  Hold'em No Limit ($0.50/$1.00 USD) - 2025/02/08 23:16:00 WET [2025/02/08 18:16:00 ET]
Table 'Lunaria II' 6-max Seat #5 is the button
Seat 1: rossieboy222 ($11.35 in chips) 
Seat 2: Paramede1338 ($23.78 in chips) 
Seat 3: Nikarta34 ($100 in chips) 
Seat 4: XneferX ($116.70 in chips) 
Seat 5: pr0tecto ($100 in chips) 
Seat 6: michasia ($102.80 in chips) 
michasia: posts small blind $0.50
rossieboy222: posts big blind $1
*** HOLE CARDS ***
Paramede1338: folds 
Nikarta34: folds 
XneferX: folds 
pr0tecto: folds 
michasia: folds 
Uncalled bet ($0.50) returned to rossieboy222
rossieboy222 collected $1 from pot
*** SUMMARY ***
Total pot $1 | Rake $0 
Seat 1: rossieboy222 (big blind) collected ($1)
Seat 2: Paramede1338 folded before Flop (didn't bet)
Seat 3: Nikarta34 folded before Flop (didn't bet)
Seat 4: XneferX folded before Flop (didn't bet)
Seat 5: pr0tecto (button) folded before Flop (didn't bet)
Seat 6: michasia (small blind) folded before Flop



PokerStars Hand #254774505895:  Hold'em No Limit ($0.50/$1.00 USD) - 2025/02/08 23:16:30 WET [2025/02/08 18:16:30 ET]
Table 'Lunaria II' 6-max Seat #6 is the button
Seat 1: rossieboy222 ($11.85 in chips) 
Seat 2: Paramede1338 ($23.78 in chips) 
Seat 3: Nikarta34 ($100 in chips) 
Seat 4: XneferX ($116.70 in chips) 
Seat 5: pr0tecto ($100 in chips) 
Seat 6: michasia ($102.30 in chips) 
rossieboy222: posts small blind $0.50
Paramede1338: posts big blind $1
*** HOLE CARDS ***
Nikarta34: folds 
XneferX: folds 
pr0tecto: folds 
michasia: raises $1.80 to $2.80
rossieboy222: folds 
Paramede1338: folds 
Uncalled bet ($1.80) returned to michasia
michasia collected $2.50 from pot
michasia: doesn't show hand 
*** SUMMARY ***
Total pot $2.50 | Rake $0 
Seat 1: rossieboy222 (small blind) folded before Flop
Seat 2: Paramede1338 (big blind) folded before Flop
Seat 3: Nikarta34 folded before Flop (didn't bet)
Seat 4: XneferX folded before Flop (didn't bet)
Seat 5: pr0tecto folded before Flop (didn't bet)
Seat 6: michasia (button) collected ($2.50)



PokerStars Hand #254774511574:  Hold'em No Limit ($0.50/$1.00 USD) - 2025/02/08 23:16:52 WET [2025/02/08 18:16:52 ET]
Table 'Lunaria II' 6-max Seat #1 is the button
Seat 1: rossieboy222 ($11.35 in chips) 
Seat 2: Paramede1338 ($22.78 in chips) 
Seat 3: Nikarta34 ($100 in chips) 
Seat 4: XneferX ($116.70 in chips) 
Seat 5: pr0tecto ($100 in chips) 
Seat 6: michasia ($103.80 in chips) 
Paramede1338: posts small blind $0.50
Nikarta34: posts big blind $1
*** HOLE CARDS ***
XneferX: folds 
pr0tecto: raises $1.10 to $2.10
michasia: folds 
rossieboy222: folds 
Paramede1338: calls $1.60
Nikarta34: folds 
*** FLOP *** [Ac 9s 2s]
Paramede1338: checks 
pr0tecto: bets $1.63
Paramede1338: raises $19.05 to $20.68 and is all-in
pr0tecto: folds 
Uncalled bet ($19.05) returned to Paramede1338
Paramede1338 collected $8.04 from pot
Paramede1338: doesn't show hand 
*** SUMMARY ***
Total pot $8.46 | Rake $0.42 
Board [Ac 9s 2s]
Seat 1: rossieboy222 (button) folded before Flop (didn't bet)
Seat 2: Paramede1338 (small blind) collected ($8.04)
Seat 3: Nikarta34 (big blind) folded before Flop
Seat 4: XneferX folded before Flop (didn't bet)
Seat 5: pr0tecto folded on the Flop
Seat 6: michasia folded before Flop (didn't bet)



PokerStars Hand #254774520930:  Hold'em No Limit ($0.50/$1.00 USD) - 2025/02/08 23:17:27 WET [2025/02/08 18:17:27 ET]
Table 'Lunaria II' 6-max Seat #2 is the button
Seat 1: rossieboy222 ($11.35 in chips) 
Seat 2: Paramede1338 ($27.09 in chips) 
Seat 3: Nikarta34 ($100 in chips) 
Seat 4: XneferX ($116.70 in chips) 
Seat 5: pr0tecto ($100 in chips) 
Seat 6: michasia ($103.80 in chips) 
Nikarta34: posts small blind $0.50
XneferX: posts big blind $1
*** HOLE CARDS ***
pr0tecto: folds 
michasia: folds 
rossieboy222: folds 
Paramede1338: folds 
Nikarta34: folds 
Uncalled bet ($0.50) returned to XneferX
XneferX collected $1 from pot
XneferX: doesn't show hand 
*** SUMMARY ***
Total pot $1 | Rake $0 
Seat 1: rossieboy222 folded before Flop (didn't bet)
Seat 2: Paramede1338 (button) folded before Flop (didn't bet)
Seat 3: Nikarta34 (small blind) folded before Flop
Seat 4: XneferX (big blind) collected ($1)
Seat 5: pr0tecto folded before Flop (didn't bet)
Seat 6: michasia folded before Flop (didn't bet)



PokerStars Hand #254774524016:  Hold'em No Limit ($0.50/$1.00 USD) - 2025/02/08 23:17:38 WET [2025/02/08 18:17:38 ET]
Table 'Lunaria II' 6-max Seat #3 is the button
Seat 1: rossieboy222 ($11.35 in chips) 
Seat 2: Paramede1338 ($27.09 in chips) 
Seat 3: Nikarta34 ($100 in chips) 
Seat 4: XneferX ($117.20 in chips) 
Seat 5: pr0tecto ($100 in chips) 
Seat 6: michasia ($103.80 in chips) 
XneferX: posts small blind $0.50
pr0tecto: posts big blind $1
*** HOLE CARDS ***
michasia: folds 
rossieboy222: folds 
Paramede1338 has timed out
Paramede1338: folds 
Nikarta34: raises $1.50 to $2.50
XneferX: folds 
pr0tecto: folds 
Uncalled bet ($1.50) returned to Nikarta34
Nikarta34 collected $2.50 from pot
Nikarta34: doesn't show hand 
*** SUMMARY ***
Total pot $2.50 | Rake $0 
Seat 1: rossieboy222 folded before Flop (didn't bet)
Seat 2: Paramede1338 folded before Flop (didn't bet)
Seat 3: Nikarta34 (button) collected ($2.50)
Seat 4: XneferX (small blind) folded before Flop
Seat 5: pr0tecto (big blind) folded before Flop
Seat 6: michasia folded before Flop (didn't bet)



PokerStars Hand #254774533059:  Hold'em No Limit ($0.50/$1.00 USD) - 2025/02/08 23:18:12 WET [2025/02/08 18:18:12 ET]
Table 'Lunaria II' 6-max Seat #4 is the button
Seat 1: rossieboy222 ($11.35 in chips) 
Seat 2: Paramede1338 ($27.09 in chips) 
Seat 3: Nikarta34 ($101.50 in chips) 
Seat 4: XneferX ($116.70 in chips) 
Seat 5: pr0tecto ($99 in chips) 
Seat 6: michasia ($103.80 in chips) 
pr0tecto: posts small blind $0.50
michasia: posts big blind $1
*** HOLE CARDS ***
rossieboy222: raises $1 to $2
Paramede1338: folds 
Nikarta34: folds 
XneferX: folds 
pr0tecto: folds 
michasia: folds 
Uncalled bet ($1) returned to rossieboy222
rossieboy222 collected $2.50 from pot
*** SUMMARY ***
Total pot $2.50 | Rake $0 
Seat 1: rossieboy222 collected ($2.50)
Seat 2: Paramede1338 folded before Flop (didn't bet)
Seat 3: Nikarta34 folded before Flop (didn't bet)
Seat 4: XneferX (button) folded before Flop (didn't bet)
Seat 5: pr0tecto (small blind) folded before Flop
Seat 6: michasia (big blind) folded before Flop



PokerStars Hand #254774538210:  Hold'em No Limit ($0.50/$1.00 USD) - 2025/02/08 23:18:31 WET [2025/02/08 18:18:31 ET]
Table 'Lunaria II' 6-max Seat #5 is the button
Seat 1: rossieboy222 ($12.85 in chips) 
Seat 2: Paramede1338 ($27.09 in chips) 
Seat 3: Nikarta34 ($101.50 in chips) 
Seat 4: XneferX ($116.70 in chips) 
Seat 5: pr0tecto ($100 in chips) 
Seat 6: michasia ($102.80 in chips) 
michasia: posts small blind $0.50
rossieboy222: posts big blind $1
*** HOLE CARDS ***
Paramede1338: folds 
Nikarta34: folds 
XneferX: folds 
pr0tecto: raises $2 to $3
michasia: folds 
rossieboy222: folds 
Uncalled bet ($2) returned to pr0tecto
pr0tecto collected $2.50 from pot
pr0tecto: doesn't show hand 
*** SUMMARY ***
Total pot $2.50 | Rake $0 
Seat 1: rossieboy222 (big blind) folded before Flop
Seat 2: Paramede1338 folded before Flop (didn't bet)
Seat 3: Nikarta34 folded before Flop (didn't bet)
Seat 4: XneferX folded before Flop (didn't bet)
Seat 5: pr0tecto (button) collected ($2.50)
Seat 6: michasia (small blind) folded before Flop



PokerStars Hand #254774544399:  Hold'em No Limit ($0.50/$1.00 USD) - 2025/02/08 23:18:55 WET [2025/02/08 18:18:55 ET]
Table 'Lunaria II' 6-max Seat #6 is the button
Seat 1: rossieboy222 ($11.85 in chips) 
Seat 2: Paramede1338 ($27.09 in chips) 
Seat 3: Nikarta34 ($101.50 in chips) 
Seat 4: XneferX ($116.70 in chips) 
Seat 5: pr0tecto ($101.50 in chips) 
Seat 6: michasia ($102.30 in chips) 
rossieboy222: posts small blind $0.50
Paramede1338: posts big blind $1
*** HOLE CARDS ***
Nikarta34: folds 
XneferX: raises $1.10 to $2.10
pr0tecto: folds 
michasia: raises $4.20 to $6.30
rossieboy222: folds 
Paramede1338: folds 
XneferX: folds 
Uncalled bet ($4.20) returned to michasia
michasia collected $5.70 from pot
michasia: doesn't show hand 
*** SUMMARY ***
Total pot $5.70 | Rake $0 
Seat 1: rossieboy222 (small blind) folded before Flop
Seat 2: Paramede1338 (big blind) folded before Flop
Seat 3: Nikarta34 folded before Flop (didn't bet)
Seat 4: XneferX folded before Flop
Seat 5: pr0tecto folded before Flop (didn't bet)
Seat 6: michasia (button) collected ($5.70)



PokerStars Hand #254774552786:  Hold'em No Limit ($0.50/$1.00 USD) - 2025/02/08 23:19:26 WET [2025/02/08 18:19:26 ET]
Table 'Lunaria II' 6-max Seat #1 is the button
Seat 1: rossieboy222 ($11.35 in chips) 
Seat 2: Paramede1338 ($26.09 in chips) 
Seat 3: Nikarta34 ($101.50 in chips) 
Seat 4: XneferX ($114.60 in chips) 
Seat 5: pr0tecto ($101.50 in chips) 
Seat 6: michasia ($105.90 in chips) 
Paramede1338: posts small blind $0.50
Nikarta34: posts big blind $1
*** HOLE CARDS ***
XneferX: folds 
pr0tecto: folds 
michasia: folds 
rossieboy222: folds 
Paramede1338: folds 
Uncalled bet ($0.50) returned to Nikarta34
Nikarta34 collected $1 from pot
Nikarta34: doesn't show hand 
*** SUMMARY ***
Total pot $1 | Rake $0 
Seat 1: rossieboy222 (button) folded before Flop (didn't bet)
Seat 2: Paramede1338 (small blind) folded before Flop
Seat 3: Nikarta34 (big blind) collected ($1)
Seat 4: XneferX folded before Flop (didn't bet)
Seat 5: pr0tecto folded before Flop (didn't bet)
Seat 6: michasia folded before Flop (didn't bet)



PokerStars Hand #254774555177:  Hold'em No Limit ($0.50/$1.00 USD) - 2025/02/08 23:19:35 WET [2025/02/08 18:19:35 ET]
Table 'Lunaria II' 6-max Seat #2 is the button
Seat 1: rossieboy222 ($11.35 in chips) 
Seat 2: Paramede1338 ($25.59 in chips) 
Seat 3: Nikarta34 ($102 in chips) 
Seat 4: XneferX ($114.60 in chips) 
Seat 5: pr0tecto ($101.50 in chips) 
Seat 6: michasia ($105.90 in chips) 
Nikarta34: posts small blind $0.50
XneferX: posts big blind $1
*** HOLE CARDS ***
pr0tecto: folds 
michasia: raises $1.60 to $2.60
rossieboy222: folds 
Paramede1338: calls $2.60
Nikarta34: folds 
XneferX: raises $11.40 to $14
michasia: raises $91.90 to $105.90 and is all-in
Paramede1338: calls $22.99 and is all-in
XneferX: folds 
Uncalled bet ($80.31) returned to michasia
*** FLOP *** [6d 5s 2c]
*** TURN *** [6d 5s 2c] [4h]
*** RIVER *** [6d 5s 2c 4h] [Js]
*** SHOW DOWN ***
michasia: shows [Kd Ad] (high card Ace)
Paramede1338: shows [Ah Qs] (high card Ace - lower kicker)
michasia collected $63.18 from pot
Paramede1338 cashed out the hand for $15.13 | Cash Out Fee $0.31
*** SUMMARY ***
Total pot $65.68 | Rake $2.50 
Board [6d 5s 2c 4h Js]
Seat 1: rossieboy222 folded before Flop (didn't bet)
Seat 2: Paramede1338 (button) showed [Ah Qs] and lost with high card Ace (cashed out).
Seat 3: Nikarta34 (small blind) folded before Flop
Seat 4: XneferX (big blind) folded before Flop
Seat 5: pr0tecto folded before Flop (didn't bet)
Seat 6: michasia showed [Kd Ad] and won ($63.18) with high card Ace



PokerStars Hand #254774577980:  Hold'em No Limit ($0.50/$1.00 USD) - 2025/02/08 23:21:01 WET [2025/02/08 18:21:01 ET]
Table 'Lunaria II' 6-max Seat #3 is the button
Seat 5: pr0tecto ($101.50 in chips) is sitting out
Seat 1: rossieboy222 ($11.35 in chips) 
Seat 2: Paramede1338 ($15.13 in chips) 
Seat 3: Nikarta34 ($101.50 in chips) 
Seat 4: XneferX ($100.60 in chips) 
Seat 6: michasia ($143.49 in chips) 
XneferX: posts small blind $0.50
pr0tecto: is sitting out 
michasia: posts big blind $1
*** HOLE CARDS ***
rossieboy222: folds 
Paramede1338: folds 
Nikarta34: folds 
XneferX: folds 
Uncalled bet ($0.50) returned to michasia
michasia collected $1 from pot
michasia: doesn't show hand 
*** SUMMARY ***
Total pot $1 | Rake $0 
Seat 5: pr0tecto
Seat 1: rossieboy222 folded before Flop (didn't bet)
Seat 2: Paramede1338 folded before Flop (didn't bet)
Seat 3: Nikarta34 (button) folded before Flop (didn't bet)
Seat 4: XneferX (small blind) folded before Flop
Seat 6: michasia (big blind) collected ($1)



PokerStars Hand #254774582596:  Hold'em No Limit ($0.50/$1.00 USD) - 2025/02/08 23:21:18 WET [2025/02/08 18:21:18 ET]
Table 'Lunaria II' 6-max Seat #4 is the button
Seat 5: pr0tecto ($101.50 in chips) is sitting out
Seat 1: rossieboy222 ($11.35 in chips) 
Seat 2: Paramede1338 ($15.13 in chips) 
Seat 3: Nikarta34 ($101.50 in chips) 
Seat 4: XneferX ($100.10 in chips) 
Seat 6: michasia ($143.99 in chips) 
michasia: posts small blind $0.50
rossieboy222: posts big blind $1
*** HOLE CARDS ***
Paramede1338: folds 
Nikarta34: folds 
XneferX: raises $1.77 to $2.77
michasia: raises $9.23 to $12
rossieboy222: folds 
XneferX: folds 
Uncalled bet ($9.23) returned to michasia
michasia collected $6.54 from pot
michasia: doesn't show hand 
*** SUMMARY ***
Total pot $6.54 | Rake $0 
Seat 5: pr0tecto
Seat 1: rossieboy222 (big blind) folded before Flop
Seat 2: Paramede1338 folded before Flop (didn't bet)
Seat 3: Nikarta34 folded before Flop (didn't bet)
Seat 4: XneferX (button) folded before Flop
Seat 6: michasia (small blind) collected ($6.54)



PokerStars Hand #254774590105:  Hold'em No Limit ($0.50/$1.00 USD) - 2025/02/08 23:21:46 WET [2025/02/08 18:21:46 ET]
Table 'Lunaria II' 6-max Seat #6 is the button
Seat 5: pr0tecto ($101.50 in chips) is sitting out
Seat 1: rossieboy222 ($10.35 in chips) 
Seat 2: Paramede1338 ($15.13 in chips) 
Seat 3: Nikarta34 ($101.50 in chips) 
Seat 4: XneferX ($100 in chips) 
Seat 6: michasia ($147.76 in chips) 
rossieboy222: posts small blind $0.50
Paramede1338: posts big blind $1
pr0tecto: sits out 
*** HOLE CARDS ***
Nikarta34: raises $1.25 to $2.25
XneferX: folds 
michasia: folds 
rossieboy222: calls $1.75
Paramede1338: calls $1.25
*** FLOP *** [9h Jc 5h]
rossieboy222: checks 
Paramede1338: checks 
Nikarta34: checks 
*** TURN *** [9h Jc 5h] [2d]
rossieboy222: checks 
Paramede1338: checks 
Nikarta34: checks 
*** RIVER *** [9h Jc 5h 2d] [2c]
rossieboy222: checks 
Paramede1338: checks 
Nikarta34: checks 
*** SHOW DOWN ***
rossieboy222: shows [Ks Th] (a pair of Deuces)
Paramede1338: mucks hand 
Nikarta34: shows [As Tc] (a pair of Deuces - Ace kicker)
Nikarta34 collected $6.41 from pot
*** SUMMARY ***
Total pot $6.75 | Rake $0.34 
Board [9h Jc 5h 2d 2c]
Seat 5: pr0tecto
Seat 1: rossieboy222 (small blind) showed [Ks Th] and lost with a pair of Deuces
Seat 2: Paramede1338 (big blind) mucked
Seat 3: Nikarta34 showed [As Tc] and won ($6.41) with a pair of Deuces
Seat 4: XneferX folded before Flop (didn't bet)
Seat 6: michasia (button) folded before Flop (didn't bet)



PokerStars Hand #254774604572:  Hold'em No Limit ($0.50/$1.00 USD) - 2025/02/08 23:22:41 WET [2025/02/08 18:22:41 ET]
Table 'Lunaria II' 6-max Seat #1 is the button
Seat 5: pr0tecto ($101.50 in chips) is sitting out
Seat 1: rossieboy222 ($8.10 in chips) 
Seat 2: Paramede1338 ($12.88 in chips) 
Seat 3: Nikarta34 ($105.66 in chips) 
Seat 4: XneferX ($100 in chips) 
Seat 6: michasia ($147.76 in chips) 
Paramede1338: posts small blind $0.50
Nikarta34: posts big blind $1
pr0tecto: sits out 
*** HOLE CARDS ***
XneferX: folds 
michasia: folds 
rossieboy222: raises $7.10 to $8.10 and is all-in
Paramede1338: raises $4.78 to $12.88 and is all-in
Nikarta34: folds 
Uncalled bet ($4.78) returned to Paramede1338
*** FLOP *** [Ah 9c 4c]
*** TURN *** [Ah 9c 4c] [Kd]
*** RIVER *** [Ah 9c 4c Kd] [2h]
*** SHOW DOWN ***
Paramede1338: shows [Th Ad] (a pair of Aces)
rossieboy222: shows [Qs Qc] (a pair of Queens)
Paramede1338 collected $16.34 from pot
*** SUMMARY ***
Total pot $17.20 | Rake $0.86 
Board [Ah 9c 4c Kd 2h]
Seat 5: pr0tecto
Seat 1: rossieboy222 (button) showed [Qs Qc] and lost with a pair of Queens
Seat 2: Paramede1338 (small blind) showed [Th Ad] and won ($16.34) with a pair of Aces
Seat 3: Nikarta34 (big blind) folded before Flop
Seat 4: XneferX folded before Flop (didn't bet)
Seat 6: michasia folded before Flop (didn't bet)



PokerStars Hand #254774613499:  Hold'em No Limit ($0.50/$1.00 USD) - 2025/02/08 23:23:14 WET [2025/02/08 18:23:14 ET]
Table 'Lunaria II' 6-max Seat #2 is the button
Seat 1: rossieboy222 ($0 in chips) is sitting out
Seat 5: pr0tecto ($101.50 in chips) is sitting out
Seat 2: Paramede1338 ($21.12 in chips) 
Seat 3: Nikarta34 ($104.66 in chips) 
Seat 4: XneferX ($100 in chips) 
Seat 6: michasia ($147.76 in chips) 
Nikarta34: posts small blind $0.50
XneferX: posts big blind $1
pr0tecto: sits out 
*** HOLE CARDS ***
michasia: folds 
Paramede1338: calls $1
rossieboy222 leaves the table
Nikarta34: raises $4 to $5
J0SHB0SH joins the table at seat #1 
XneferX: folds 
Paramede1338: calls $4
*** FLOP *** [6h 9c Jd]
Nikarta34: bets $1.50
Paramede1338: raises $14.62 to $16.12 and is all-in
Nikarta34: calls $14.62
*** TURN *** [6h 9c Jd] [8d]
*** RIVER *** [6h 9c Jd 8d] [2d]
*** SHOW DOWN ***
Nikarta34: shows [9d 9s] (three of a kind, Nines)
Paramede1338: shows [Kd Td] (a flush, King high)
Paramede1338 collected $42.24 from pot
*** SUMMARY ***
Total pot $43.24 | Rake $1 
Board [6h 9c Jd 8d 2d]
Seat 1: rossieboy222
Seat 5: pr0tecto
Seat 2: Paramede1338 (button) showed [Kd Td] and won ($42.24) with a flush, King high
Seat 3: Nikarta34 (small blind) showed [9d 9s] and lost with three of a kind, Nines
Seat 4: XneferX (big blind) folded before Flop
Seat 6: michasia folded before Flop (didn't bet)



PokerStars Hand #254774625187:  Hold'em No Limit ($0.50/$1.00 USD) - 2025/02/08 23:23:58 WET [2025/02/08 18:23:58 ET]
Table 'Lunaria II' 6-max Seat #3 is the button
Seat 1: J0SHB0SH ($100 in chips) is sitting out
Seat 2: Paramede1338 ($42.24 in chips) 
Seat 3: Nikarta34 ($100 in chips) 
Seat 4: XneferX ($100 in chips) 
Seat 5: pr0tecto ($101.50 in chips) 
Seat 6: michasia ($147.76 in chips) 
XneferX: posts small blind $0.50
pr0tecto: posts big blind $1
J0SHB0SH: sits out 
*** HOLE CARDS ***
michasia: raises $1.60 to $2.60
Paramede1338: folds 
Nikarta34: folds 
XneferX: raises $8.40 to $11
pr0tecto: folds 
michasia: calls $8.40
*** FLOP *** [3s Ac 7s]
XneferX: bets $5.68
michasia: raises $11.36 to $17.04
XneferX: folds 
Uncalled bet ($11.36) returned to michasia
michasia collected $32.64 from pot
michasia: doesn't show hand 
*** SUMMARY ***
Total pot $34.36 | Rake $1.72 
Board [3s Ac 7s]
Seat 1: J0SHB0SH
Seat 2: Paramede1338 folded before Flop (didn't bet)
Seat 3: Nikarta34 (button) folded before Flop (didn't bet)
Seat 4: XneferX (small blind) folded on the Flop
Seat 5: pr0tecto (big blind) folded before Flop
Seat 6: michasia collected ($32.64)



PokerStars Hand #254774645718:  Hold'em No Limit ($0.50/$1.00 USD) - 2025/02/08 23:25:15 WET [2025/02/08 18:25:15 ET]
Table 'Lunaria II' 6-max Seat #4 is the button
Seat 1: J0SHB0SH ($100 in chips) is sitting out
Seat 2: Paramede1338 ($42.24 in chips) 
Seat 3: Nikarta34 ($100 in chips) 
Seat 4: XneferX ($100 in chips) 
Seat 5: pr0tecto ($100.50 in chips) 
Seat 6: michasia ($163.72 in chips) 
pr0tecto: posts small blind $0.50
michasia: posts big blind $1
J0SHB0SH: sits out 
*** HOLE CARDS ***
Paramede1338: calls $1
Nikarta34: raises $4 to $5
XneferX: folds 
pr0tecto: folds 
michasia: folds 
Paramede1338: folds 
Uncalled bet ($4) returned to Nikarta34
Nikarta34 collected $3.50 from pot
Nikarta34: doesn't show hand 
*** SUMMARY ***
Total pot $3.50 | Rake $0 
Seat 1: J0SHB0SH
Seat 2: Paramede1338 folded before Flop
Seat 3: Nikarta34 collected ($3.50)
Seat 4: XneferX (button) folded before Flop (didn't bet)
Seat 5: pr0tecto (small blind) folded before Flop
Seat 6: michasia (big blind) folded before Flop



PokerStars Hand #254774652737:  Hold'em No Limit ($0.50/$1.00 USD) - 2025/02/08 23:25:41 WET [2025/02/08 18:25:41 ET]
Table 'Lunaria II' 6-max Seat #5 is the button
Seat 4: XneferX ($100 in chips) is sitting out
Seat 1: J0SHB0SH ($100 in chips) 
Seat 2: Paramede1338 ($41.24 in chips) 
Seat 3: Nikarta34 ($102.50 in chips) 
Seat 5: pr0tecto ($100 in chips) 
Seat 6: michasia ($162.72 in chips) 
michasia: posts small blind $0.50
J0SHB0SH: posts big blind $1
*** HOLE CARDS ***
Paramede1338: calls $1
Nikarta34 has timed out
Nikarta34: folds 
pr0tecto: folds 
michasia: folds 
J0SHB0SH: checks 
*** FLOP *** [2d 6h 5c]
J0SHB0SH: checks 
Paramede1338: bets $4
J0SHB0SH: folds 
Uncalled bet ($4) returned to Paramede1338
Paramede1338 collected $2.38 from pot
Paramede1338: doesn't show hand 
*** SUMMARY ***
Total pot $2.50 | Rake $0.12 
Board [2d 6h 5c]
Seat 4: XneferX
Seat 1: J0SHB0SH (big blind) folded on the Flop
Seat 2: Paramede1338 collected ($2.38)
Seat 3: Nikarta34 folded before Flop (didn't bet)
Seat 5: pr0tecto (button) folded before Flop (didn't bet)
Seat 6: michasia (small blind) folded before Flop



PokerStars Hand #254774662577:  Hold'em No Limit ($0.50/$1.00 USD) - 2025/02/08 23:26:18 WET [2025/02/08 18:26:18 ET]
Table 'Lunaria II' 6-max Seat #6 is the button
Seat 4: XneferX ($100 in chips) is sitting out
Seat 1: J0SHB0SH ($100 in chips) 
Seat 2: Paramede1338 ($42.62 in chips) 
Seat 3: Nikarta34 ($102.50 in chips) 
Seat 5: pr0tecto ($100 in chips) 
Seat 6: michasia ($162.22 in chips) 
J0SHB0SH: posts small blind $0.50
Paramede1338: posts big blind $1
*** HOLE CARDS ***
Nikarta34: folds 
pr0tecto: folds 
michasia: folds 
J0SHB0SH: folds 
Uncalled bet ($0.50) returned to Paramede1338
Paramede1338 collected $1 from pot
Paramede1338: doesn't show hand 
*** SUMMARY ***
Total pot $1 | Rake $0 
Seat 4: XneferX
Seat 1: J0SHB0SH (small blind) folded before Flop
Seat 2: Paramede1338 (big blind) collected ($1)
Seat 3: Nikarta34 folded before Flop (didn't bet)
Seat 5: pr0tecto folded before Flop (didn't bet)
Seat 6: michasia (button) folded before Flop (didn't bet)



PokerStars Hand #254774666008:  Hold'em No Limit ($0.50/$1.00 USD) - 2025/02/08 23:26:31 WET [2025/02/08 18:26:31 ET]
Table 'Lunaria II' 6-max Seat #1 is the button
Seat 4: XneferX ($100 in chips) is sitting out
Seat 1: J0SHB0SH ($100 in chips) 
Seat 2: Paramede1338 ($43.12 in chips) 
Seat 3: Nikarta34 ($102.50 in chips) 
Seat 5: pr0tecto ($100 in chips) 
Seat 6: michasia ($162.22 in chips) 
Paramede1338: posts small blind $0.50
Nikarta34: posts big blind $1
*** HOLE CARDS ***
pr0tecto: folds 
michasia: folds 
J0SHB0SH: folds 
Paramede1338: folds 
Uncalled bet ($0.50) returned to Nikarta34
Nikarta34 collected $1 from pot
Nikarta34: doesn't show hand 
Paramede1338 leaves the table
*** SUMMARY ***
Total pot $1 | Rake $0 
Seat 4: XneferX
Seat 1: J0SHB0SH (button) folded before Flop (didn't bet)
Seat 2: Paramede1338 (small blind) folded before Flop
Seat 3: Nikarta34 (big blind) collected ($1)
Seat 5: pr0tecto folded before Flop (didn't bet)
Seat 6: michasia folded before Flop (didn't bet)



PokerStars Hand #254774669789:  Hold'em No Limit ($0.50/$1.00 USD) - 2025/02/08 23:26:46 WET [2025/02/08 18:26:46 ET]
Table 'Lunaria II' 6-max Seat #3 is the button
Seat 4: XneferX ($100 in chips) is sitting out
Seat 1: J0SHB0SH ($100 in chips) 
Seat 3: Nikarta34 ($103 in chips) 
Seat 5: pr0tecto ($100 in chips) 
Seat 6: michasia ($162.22 in chips) 
pr0tecto: posts small blind $0.50
michasia: posts big blind $1
*** HOLE CARDS ***
J0SHB0SH: folds 
Nikarta34: folds 
pr0tecto: folds 
Uncalled bet ($0.50) returned to michasia
ddyyjj joins the table at seat #2 
michasia collected $1 from pot
michasia: doesn't show hand 
*** SUMMARY ***
Total pot $1 | Rake $0 
Seat 4: XneferX
Seat 1: J0SHB0SH folded before Flop (didn't bet)
Seat 3: Nikarta34 (button) folded before Flop (didn't bet)
Seat 5: pr0tecto (small blind) folded before Flop
Seat 6: michasia (big blind) collected ($1)



PokerStars Hand #254774672868:  Hold'em No Limit ($0.50/$1.00 USD) - 2025/02/08 23:26:58 WET [2025/02/08 18:26:58 ET]
Table 'Lunaria II' 6-max Seat #5 is the button
Seat 2: ddyyjj ($100 in chips) is sitting out
Seat 4: XneferX ($100 in chips) is sitting out
Seat 1: J0SHB0SH ($100 in chips) 
Seat 3: Nikarta34 ($103 in chips) 
Seat 5: pr0tecto ($99.50 in chips) 
Seat 6: michasia ($162.72 in chips) 
michasia: posts small blind $0.50
J0SHB0SH: posts big blind $1
ddyyjj: sits out 
*** HOLE CARDS ***
Nikarta34: folds 
pr0tecto: folds 
michasia: folds 
Uncalled bet ($0.50) returned to J0SHB0SH
J0SHB0SH collected $1 from pot
J0SHB0SH: doesn't show hand 
*** SUMMARY ***
Total pot $1 | Rake $0 
Seat 2: ddyyjj
Seat 4: XneferX
Seat 1: J0SHB0SH (big blind) collected ($1)
Seat 3: Nikarta34 folded before Flop (didn't bet)
Seat 5: pr0tecto (button) folded before Flop (didn't bet)
Seat 6: michasia (small blind) folded before Flop



PokerStars Hand #254774675278:  Hold'em No Limit ($0.50/$1.00 USD) - 2025/02/08 23:27:07 WET [2025/02/08 18:27:07 ET]
Table 'Lunaria II' 6-max Seat #6 is the button
Seat 4: XneferX ($100 in chips) is sitting out
Seat 1: J0SHB0SH ($100.50 in chips) 
Seat 2: ddyyjj ($100 in chips) 
Seat 3: Nikarta34 ($103 in chips) 
Seat 5: pr0tecto ($99.50 in chips) 
Seat 6: michasia ($162.22 in chips) 
J0SHB0SH: posts small blind $0.50
ddyyjj: posts big blind $1
*** HOLE CARDS ***
Nikarta34: raises $1.25 to $2.25
pr0tecto: folds 
michasia: folds 
J0SHB0SH: folds 
ddyyjj: folds 
Uncalled bet ($1.25) returned to Nikarta34
Nikarta34 collected $2.50 from pot
Nikarta34: doesn't show hand 
*** SUMMARY ***
Total pot $2.50 | Rake $0 
Seat 4: XneferX
Seat 1: J0SHB0SH (small blind) folded before Flop
Seat 2: ddyyjj (big blind) folded before Flop
Seat 3: Nikarta34 collected ($2.50)
Seat 5: pr0tecto folded before Flop (didn't bet)
Seat 6: michasia (button) folded before Flop (didn't bet)



PokerStars Hand #254774679770:  Hold'em No Limit ($0.50/$1.00 USD) - 2025/02/08 23:27:24 WET [2025/02/08 18:27:24 ET]
Table 'Lunaria II' 6-max Seat #1 is the button
Seat 4: XneferX ($100 in chips) is sitting out
Seat 1: J0SHB0SH ($100 in chips) 
Seat 2: ddyyjj ($99 in chips) 
Seat 3: Nikarta34 ($104.50 in chips) 
Seat 5: pr0tecto ($99.50 in chips) 
Seat 6: michasia ($162.22 in chips) 
ddyyjj: posts small blind $0.50
Nikarta34: posts big blind $1
*** HOLE CARDS ***
pr0tecto: raises $1.10 to $2.10
michasia: folds 
J0SHB0SH: folds 
ddyyjj: folds 
Nikarta34: folds 
Uncalled bet ($1.10) returned to pr0tecto
pr0tecto collected $2.50 from pot
pr0tecto: doesn't show hand 
*** SUMMARY ***
Total pot $2.50 | Rake $0 
Seat 4: XneferX
Seat 1: J0SHB0SH (button) folded before Flop (didn't bet)
Seat 2: ddyyjj (small blind) folded before Flop
Seat 3: Nikarta34 (big blind) folded before Flop
Seat 5: pr0tecto collected ($2.50)
Seat 6: michasia folded before Flop (didn't bet)



PokerStars Hand #254774684580:  Hold'em No Limit ($0.50/$1.00 USD) - 2025/02/08 23:27:42 WET [2025/02/08 18:27:42 ET]
Table 'Lunaria II' 6-max Seat #2 is the button
Seat 4: XneferX ($100 in chips) is sitting out
Seat 1: J0SHB0SH ($100 in chips) 
Seat 2: ddyyjj ($98.50 in chips) 
Seat 3: Nikarta34 ($103.50 in chips) 
Seat 5: pr0tecto ($101 in chips) 
Seat 6: michasia ($162.22 in chips) 
Nikarta34: posts small blind $0.50
pr0tecto: posts big blind $1
*** HOLE CARDS ***
michasia: raises $1.60 to $2.60
J0SHB0SH: folds 
ddyyjj: folds 
Nikarta34: folds 
pr0tecto: folds 
Uncalled bet ($1.60) returned to michasia
michasia collected $2.50 from pot
michasia: doesn't show hand 
*** SUMMARY ***
Total pot $2.50 | Rake $0 
Seat 4: XneferX
Seat 1: J0SHB0SH folded before Flop (didn't bet)
Seat 2: ddyyjj (button) folded before Flop (didn't bet)
Seat 3: Nikarta34 (small blind) folded before Flop
Seat 5: pr0tecto (big blind) folded before Flop
Seat 6: michasia collected ($2.50)



PokerStars Hand #254774690421:  Hold'em No Limit ($0.50/$1.00 USD) - 2025/02/08 23:28:04 WET [2025/02/08 18:28:04 ET]
Table 'Lunaria II' 6-max Seat #3 is the button
Seat 4: XneferX ($100 in chips) is sitting out
Seat 6: michasia ($163.72 in chips) is sitting out
Seat 1: J0SHB0SH ($100 in chips) 
Seat 2: ddyyjj ($98.50 in chips) 
Seat 3: Nikarta34 ($103 in chips) 
Seat 5: pr0tecto ($100 in chips) 
pr0tecto: posts small blind $0.50
michasia: is sitting out 
J0SHB0SH: posts big blind $1
*** HOLE CARDS ***
michasia leaves the table
ddyyjj: folds 
Nikarta34: raises $1.50 to $2.50
pr0tecto: folds 
J0SHB0SH: folds 
Uncalled bet ($1.50) returned to Nikarta34
Nikarta34 collected $2.50 from pot
Nikarta34: doesn't show hand 
*** SUMMARY ***
Total pot $2.50 | Rake $0 
Seat 4: XneferX
Seat 6: michasia
Seat 1: J0SHB0SH (big blind) folded before Flop
Seat 2: ddyyjj folded before Flop (didn't bet)
Seat 3: Nikarta34 (button) collected ($2.50)
Seat 5: pr0tecto (small blind) folded before Flop



PokerStars Hand #254774695435:  Hold'em No Limit ($0.50/$1.00 USD) - 2025/02/08 23:28:23 WET [2025/02/08 18:28:23 ET]
Table 'Lunaria II' 6-max Seat #5 is the button
Seat 4: XneferX ($100 in chips) is sitting out
Seat 1: J0SHB0SH ($100 in chips) 
Seat 2: ddyyjj ($98.50 in chips) 
Seat 3: Nikarta34 ($104.50 in chips) 
Seat 5: pr0tecto ($99.50 in chips) 
J0SHB0SH: posts small blind $0.50
ddyyjj: posts big blind $1
*** HOLE CARDS ***
Nikarta34: folds 
pr0tecto: raises $2 to $3
J0SHB0SH: folds 
Nikarta34 leaves the table
ddyyjj: folds 
Uncalled bet ($2) returned to pr0tecto
pr0tecto collected $2.50 from pot
pr0tecto: doesn't show hand 
*** SUMMARY ***
Total pot $2.50 | Rake $0 
Seat 4: XneferX
Seat 1: J0SHB0SH (small blind) folded before Flop
Seat 2: ddyyjj (big blind) folded before Flop
Seat 3: Nikarta34 folded before Flop (didn't bet)
Seat 5: pr0tecto (button) collected ($2.50)



PokerStars Hand #254774699007:  Hold'em No Limit ($0.50/$1.00 USD) - 2025/02/08 23:28:36 WET [2025/02/08 18:28:36 ET]
Table 'Lunaria II' 6-max Seat #1 is the button
Seat 4: XneferX ($100 in chips) is sitting out
Seat 1: J0SHB0SH ($100 in chips) 
Seat 2: ddyyjj ($97.50 in chips) 
Seat 5: pr0tecto ($101 in chips) 
ddyyjj: posts small blind $0.50
pr0tecto: posts big blind $1
*** HOLE CARDS ***
J0SHB0SH: folds 
ddyyjj: raises $2 to $3
pr0tecto: calls $2
*** FLOP *** [Ks 3d 4h]
ddyyjj: bets $3.71
pr0tecto: folds 
Uncalled bet ($3.71) returned to ddyyjj
ddyyjj collected $5.70 from pot
ddyyjj: doesn't show hand 
*** SUMMARY ***
Total pot $6 | Rake $0.30 
Board [Ks 3d 4h]
Seat 4: XneferX
Seat 1: J0SHB0SH (button) folded before Flop (didn't bet)
Seat 2: ddyyjj (small blind) collected ($5.70)
Seat 5: pr0tecto (big blind) folded on the Flop



PokerStars Hand #254774706880:  Hold'em No Limit ($0.50/$1.00 USD) - 2025/02/08 23:29:06 WET [2025/02/08 18:29:06 ET]
Table 'Lunaria II' 6-max Seat #2 is the button
Seat 4: XneferX ($100 in chips) is sitting out
Seat 1: J0SHB0SH ($100 in chips) 
Seat 2: ddyyjj ($100.20 in chips) 
Seat 5: pr0tecto ($100 in chips) 
pr0tecto: posts small blind $0.50
J0SHB0SH: posts big blind $1
*** HOLE CARDS ***
ddyyjj: folds 
pr0tecto: raises $1.24 to $2.24
J0SHB0SH: folds 
Uncalled bet ($1.24) returned to pr0tecto
pr0tecto collected $2 from pot
pr0tecto: doesn't show hand 
*** SUMMARY ***
Total pot $2 | Rake $0 
Seat 4: XneferX
Seat 1: J0SHB0SH (big blind) folded before Flop
Seat 2: ddyyjj (button) folded before Flop (didn't bet)
Seat 5: pr0tecto (small blind) collected ($2)



PokerStars Hand #254774711738:  Hold'em No Limit ($0.50/$1.00 USD) - 2025/02/08 23:29:25 WET [2025/02/08 18:29:25 ET]
Table 'Lunaria II' 6-max Seat #5 is the button
Seat 4: XneferX ($100 in chips) is sitting out
Seat 1: J0SHB0SH ($100 in chips) 
Seat 2: ddyyjj ($100.20 in chips) 
Seat 5: pr0tecto ($101 in chips) 
J0SHB0SH: posts small blind $0.50
ddyyjj: posts big blind $1
XneferX: sits out 
*** HOLE CARDS ***
pr0tecto: folds 
J0SHB0SH: folds 
Uncalled bet ($0.50) returned to ddyyjj
ddyyjj collected $1 from pot
ddyyjj: doesn't show hand 
*** SUMMARY ***
Total pot $1 | Rake $0 
Seat 4: XneferX
Seat 1: J0SHB0SH (small blind) folded before Flop
Seat 2: ddyyjj (big blind) collected ($1)
Seat 5: pr0tecto (button) folded before Flop (didn't bet)



PokerStars Hand #254774713503:  Hold'em No Limit ($0.50/$1.00 USD) - 2025/02/08 23:29:31 WET [2025/02/08 18:29:31 ET]
Table 'Lunaria II' 6-max Seat #1 is the button
Seat 1: J0SHB0SH ($100 in chips) 
Seat 2: ddyyjj ($100.70 in chips) 
Seat 4: XneferX ($100 in chips) 
Seat 5: pr0tecto ($101 in chips) 
ddyyjj: posts small blind $0.50
XneferX: posts big blind $1
*** HOLE CARDS ***
pr0tecto: raises $1.20 to $2.20
J0SHB0SH: folds 
ddyyjj: folds 
XneferX: folds 
Uncalled bet ($1.20) returned to pr0tecto
pr0tecto collected $2.50 from pot
pr0tecto: doesn't show hand 
*** SUMMARY ***
Total pot $2.50 | Rake $0 
Seat 1: J0SHB0SH (button) folded before Flop (didn't bet)
Seat 2: ddyyjj (small blind) folded before Flop
Seat 4: XneferX (big blind) folded before Flop
Seat 5: pr0tecto collected ($2.50)



PokerStars Hand #254774719373:  Hold'em No Limit ($0.50/$1.00 USD) - 2025/02/08 23:29:53 WET [2025/02/08 18:29:53 ET]
Table 'Lunaria II' 6-max Seat #2 is the button
Seat 1: J0SHB0SH ($100 in chips) 
Seat 2: ddyyjj ($100.20 in chips) 
Seat 4: XneferX ($100 in chips) 
Seat 5: pr0tecto ($102.50 in chips) 
XneferX: posts small blind $0.50
pr0tecto: posts big blind $1
*** HOLE CARDS ***
J0SHB0SH: folds 
ddyyjj: raises $1.50 to $2.50
XneferX: raises $9.50 to $12
pr0tecto: folds 
ddyyjj: folds 
Uncalled bet ($9.50) returned to XneferX
XneferX collected $6 from pot
XneferX: doesn't show hand 
*** SUMMARY ***
Total pot $6 | Rake $0 
Seat 1: J0SHB0SH folded before Flop (didn't bet)
Seat 2: ddyyjj (button) folded before Flop
Seat 4: XneferX (small blind) collected ($6)
Seat 5: pr0tecto (big blind) folded before Flop



PokerStars Hand #254774726093:  Hold'em No Limit ($0.50/$1.00 USD) - 2025/02/08 23:30:18 WET [2025/02/08 18:30:18 ET]
Table 'Lunaria II' 6-max Seat #4 is the button
Seat 1: J0SHB0SH ($100 in chips) 
Seat 2: ddyyjj ($97.70 in chips) 
Seat 4: XneferX ($103.50 in chips) 
Seat 5: pr0tecto ($101.50 in chips) 
pr0tecto: posts small blind $0.50
J0SHB0SH: posts big blind $1
*** HOLE CARDS ***
ddyyjj: folds 
XneferX: folds 
pr0tecto: folds 
Uncalled bet ($0.50) returned to J0SHB0SH
J0SHB0SH collected $1 from pot
J0SHB0SH: doesn't show hand 
*** SUMMARY ***
Total pot $1 | Rake $0 
Seat 1: J0SHB0SH (big blind) collected ($1)
Seat 2: ddyyjj folded before Flop (didn't bet)
Seat 4: XneferX (button) folded before Flop (didn't bet)
Seat 5: pr0tecto (small blind) folded before Flop



PokerStars Hand #254774730556:  Hold'em No Limit ($0.50/$1.00 USD) - 2025/02/08 23:30:35 WET [2025/02/08 18:30:35 ET]
Table 'Lunaria II' 6-max Seat #5 is the button
Seat 1: J0SHB0SH ($100.50 in chips) 
Seat 2: ddyyjj ($97.70 in chips) 
Seat 4: XneferX ($103.50 in chips) 
Seat 5: pr0tecto ($101 in chips) 
J0SHB0SH: posts small blind $0.50
ddyyjj: posts big blind $1
*** HOLE CARDS ***
XneferX: folds 
pr0tecto: folds 
J0SHB0SH: raises $2 to $3
ddyyjj: folds 
Uncalled bet ($2) returned to J0SHB0SH
J0SHB0SH collected $2 from pot
J0SHB0SH: doesn't show hand 
*** SUMMARY ***
Total pot $2 | Rake $0 
Seat 1: J0SHB0SH (small blind) collected ($2)
Seat 2: ddyyjj (big blind) folded before Flop
Seat 4: XneferX folded before Flop (didn't bet)
Seat 5: pr0tecto (button) folded before Flop (didn't bet)



PokerStars Hand #254774733529:  Hold'em No Limit ($0.50/$1.00 USD) - 2025/02/08 23:30:46 WET [2025/02/08 18:30:46 ET]
Table 'Lunaria II' 6-max Seat #1 is the button
Seat 1: J0SHB0SH ($101.50 in chips) 
Seat 2: ddyyjj ($96.70 in chips) 
Seat 4: XneferX ($103.50 in chips) 
Seat 5: pr0tecto ($101 in chips) 
ddyyjj: posts small blind $0.50
XneferX: posts big blind $1
*** HOLE CARDS ***
pr0tecto: folds 
J0SHB0SH: folds 
pr0tecto leaves the table
ddyyjj: raises $2 to $3
XneferX: folds 
Uncalled bet ($2) returned to ddyyjj
ddyyjj collected $2 from pot
ddyyjj: doesn't show hand 
*** SUMMARY ***
Total pot $2 | Rake $0 
Seat 1: J0SHB0SH (button) folded before Flop (didn't bet)
Seat 2: ddyyjj (small blind) collected ($2)
Seat 4: XneferX (big blind) folded before Flop
Seat 5: pr0tecto folded before Flop (didn't bet)



PokerStars Hand #254774736767:  Hold'em No Limit ($0.50/$1.00 USD) - 2025/02/08 23:30:59 WET [2025/02/08 18:30:59 ET]
Table 'Lunaria II' 6-max Seat #2 is the button
Seat 1: J0SHB0SH ($101.50 in chips) 
Seat 2: ddyyjj ($97.70 in chips) 
Seat 4: XneferX ($102.50 in chips) 
XneferX: posts small blind $0.50
J0SHB0SH: posts big blind $1
*** HOLE CARDS ***
ddyyjj: folds 
XneferX: folds 
Uncalled bet ($0.50) returned to J0SHB0SH
J0SHB0SH collected $1 from pot
J0SHB0SH: doesn't show hand 
*** SUMMARY ***
Total pot $1 | Rake $0 
Seat 1: J0SHB0SH (big blind) collected ($1)
Seat 2: ddyyjj (button) folded before Flop (didn't bet)
Seat 4: XneferX (small blind) folded before Flop



PokerStars Hand #254774738615:  Hold'em No Limit ($0.50/$1.00 USD) - 2025/02/08 23:31:06 WET [2025/02/08 18:31:06 ET]
Table 'Lunaria II' 6-max Seat #4 is the button
Seat 1: J0SHB0SH ($102 in chips) 
Seat 2: ddyyjj ($97.70 in chips) 
Seat 4: XneferX ($102 in chips) 
J0SHB0SH: posts small blind $0.50
ddyyjj: posts big blind $1
*** HOLE CARDS ***
XneferX: raises $1.77 to $2.77
J0SHB0SH: raises $9.23 to $12
ddyyjj: raises $13 to $25
XneferX: folds 
J0SHB0SH: folds 
Uncalled bet ($13) returned to ddyyjj
ddyyjj collected $26.77 from pot
ddyyjj: doesn't show hand 
*** SUMMARY ***
Total pot $26.77 | Rake $0 
Seat 1: J0SHB0SH (small blind) folded before Flop
Seat 2: ddyyjj (big blind) collected ($26.77)
Seat 4: XneferX (button) folded before Flop



