PokerStars Hand #254775189038:  Hold'em No Limit ($0.50/$1.00 USD) - 2025/02/08 0:02:51 WET [2025/02/08 19:02:51 ET]
Table 'Chacornac II' 6-max Seat #3 is the button
Seat 1: nikalas22 ($100 in chips) 
Seat 2: Sigg1207 ($10 in chips) 
Seat 3: rao999 ($100 in chips) 
Seat 4: Manifestorr ($100 in chips) 
Manifestorr: posts small blind $0.50
nikalas22: posts big blind $1
*** HOLE CARDS ***
Sigg1207: folds 
rao999: raises $1.50 to $2.50
Manifestorr: folds 
iTrustU21 joins the table at seat #6 
nikalas22: raises $9.50 to $12
rao999: calls $9.50
*** FLOP *** [4c 5c Qh]
nikalas22: checks 
rao999: checks 
*** TURN *** [4c 5c Qh] [3d]
nikalas22: bets $17.63
rao999: folds 
Uncalled bet ($17.63) returned to nikalas22
nikalas22 collected $23.50 from pot
nikalas22: doesn't show hand 
*** SUMMARY ***
Total pot $24.50 | Rake $1 
Board [4c 5c Qh 3d]
Seat 1: nikalas22 (big blind) collected ($23.50)
Seat 2: Sigg1207 folded before Flop (didn't bet)
Seat 3: rao999 (button) folded on the Turn
Seat 4: Manifestorr (small blind) folded before Flop



PokerStars Hand #254775204275:  Hold'em No Limit ($0.50/$1.00 USD) - 2025/02/08 0:03:57 WET [2025/02/08 19:03:57 ET]
Table 'Chacornac II' 6-max Seat #4 is the button
Seat 6: iTrustU21 ($100 in chips) is sitting out
Seat 1: nikalas22 ($111.50 in chips) 
Seat 2: Sigg1207 ($100 in chips) 
Seat 3: rao999 ($100 in chips) 
Seat 4: Manifestorr ($100 in chips) 
nikalas22: posts small blind $0.50
Sigg1207: posts big blind $1
*** HOLE CARDS ***
rao999: folds 
Teonanancatl joins the table at seat #5 
Manifestorr: folds 
nikalas22: folds 
Uncalled bet ($0.50) returned to Sigg1207
Sigg1207 collected $1 from pot
Sigg1207: doesn't show hand 
*** SUMMARY ***
Total pot $1 | Rake $0 
Seat 6: iTrustU21
Seat 1: nikalas22 (small blind) folded before Flop
Seat 2: Sigg1207 (big blind) collected ($1)
Seat 3: rao999 folded before Flop (didn't bet)
Seat 4: Manifestorr (button) folded before Flop (didn't bet)



PokerStars Hand #254775207198:  Hold'em No Limit ($0.50/$1.00 USD) - 2025/02/08 0:04:09 WET [2025/02/08 19:04:09 ET]
Table 'Chacornac II' 6-max Seat #1 is the button
Seat 5: Teonanancatl ($100 in chips) is sitting out
Seat 6: iTrustU21 ($100 in chips) is sitting out
Seat 1: nikalas22 ($111 in chips) 
Seat 2: Sigg1207 ($100.50 in chips) 
Seat 3: rao999 ($100 in chips) 
Seat 4: Manifestorr ($100 in chips) 
Sigg1207: posts small blind $0.50
rao999: posts big blind $1
iTrustU21: sits out 
*** HOLE CARDS ***
Manifestorr: raises $1.20 to $2.20
nikalas22: folds 
Sigg1207: raises $1.20 to $3.40
rao999: folds 
Manifestorr: calls $1.20
*** FLOP *** [2s Ks 5h]
Sigg1207: bets $3
Manifestorr: raises $9 to $12
Sigg1207: raises $9 to $21
Manifestorr: raises $75.60 to $96.60 and is all-in
Sigg1207: calls $75.60
*** TURN *** [2s Ks 5h] [Qc]
*** RIVER *** [2s Ks 5h Qc] [9d]
*** SHOW DOWN ***
Sigg1207: shows [Kd Kh] (three of a kind, Kings)
Manifestorr: shows [2h 2d] (three of a kind, Deuces)
Sigg1207 collected $200 from pot
*** SUMMARY ***
Total pot $201 | Rake $1 
Board [2s Ks 5h Qc 9d]
Seat 5: Teonanancatl
Seat 6: iTrustU21
Seat 1: nikalas22 (button) folded before Flop (didn't bet)
Seat 2: Sigg1207 (small blind) showed [Kd Kh] and won ($200) with three of a kind, Kings
Seat 3: rao999 (big blind) folded before Flop
Seat 4: Manifestorr showed [2h 2d] and lost with three of a kind, Deuces



PokerStars Hand #254775218434:  Hold'em No Limit ($0.50/$1.00 USD) - 2025/02/08 0:04:57 WET [2025/02/08 19:04:57 ET]
Table 'Chacornac II' 6-max Seat #2 is the button
Seat 5: Teonanancatl ($100 in chips) is sitting out
Seat 6: iTrustU21 ($100 in chips) is sitting out
Seat 1: nikalas22 ($111 in chips) 
Seat 2: Sigg1207 ($200.50 in chips) 
Seat 3: rao999 ($100 in chips) 
Seat 4: Manifestorr ($100 in chips) 
rao999: posts small blind $0.50
Manifestorr: posts big blind $1
Teonanancatl: sits out 
iTrustU21: sits out 
*** HOLE CARDS ***
nikalas22: folds 
Sigg1207: folds 
rao999: folds 
Uncalled bet ($0.50) returned to Manifestorr
Manifestorr collected $1 from pot
*** SUMMARY ***
Total pot $1 | Rake $0 
Seat 5: Teonanancatl
Seat 6: iTrustU21
Seat 1: nikalas22 folded before Flop (didn't bet)
Seat 2: Sigg1207 (button) folded before Flop (didn't bet)
Seat 3: rao999 (small blind) folded before Flop
Seat 4: Manifestorr (big blind) collected ($1)



PokerStars Hand #254775221841:  Hold'em No Limit ($0.50/$1.00 USD) - 2025/02/08 0:05:11 WET [2025/02/08 19:05:11 ET]
Table 'Chacornac II' 6-max Seat #3 is the button
Seat 6: iTrustU21 ($100 in chips) is sitting out
Seat 1: nikalas22 ($111 in chips) 
Seat 2: Sigg1207 ($200.50 in chips) 
Seat 3: rao999 ($100 in chips) 
Seat 4: Manifestorr ($100.50 in chips) 
Seat 5: Teonanancatl ($100 in chips) 
Manifestorr: posts small blind $0.50
Teonanancatl: posts big blind $1
iTrustU21: sits out 
*** HOLE CARDS ***
nikalas22: raises $1.20 to $2.20
Sigg1207: folds 
rao999: folds 
Manifestorr: folds 
Teonanancatl: folds 
Uncalled bet ($1.20) returned to nikalas22
nikalas22 collected $2.50 from pot
nikalas22: doesn't show hand 
*** SUMMARY ***
Total pot $2.50 | Rake $0 
Seat 6: iTrustU21
Seat 1: nikalas22 collected ($2.50)
Seat 2: Sigg1207 folded before Flop (didn't bet)
Seat 3: rao999 (button) folded before Flop (didn't bet)
Seat 4: Manifestorr (small blind) folded before Flop
Seat 5: Teonanancatl (big blind) folded before Flop



PokerStars Hand #254775225958:  Hold'em No Limit ($0.50/$1.00 USD) - 2025/02/08 0:05:29 WET [2025/02/08 19:05:29 ET]
Table 'Chacornac II' 6-max Seat #4 is the button
Seat 1: nikalas22 ($112.50 in chips) 
Seat 2: Sigg1207 ($200.50 in chips) 
Seat 3: rao999 ($100 in chips) 
Seat 4: Manifestorr ($100 in chips) 
Seat 5: Teonanancatl ($100 in chips) 
Seat 6: iTrustU21 ($100 in chips) 
Teonanancatl: posts small blind $0.50
iTrustU21: posts big blind $1
*** HOLE CARDS ***
nikalas22: folds 
Sigg1207: calls $1
nikalas22 leaves the table
rao999: folds 
Manifestorr: raises $3 to $4
Teonanancatl: folds 
iTrustU21: folds 
Sigg1207: calls $3
*** FLOP *** [5h Kh 6d]
Sigg1207: checks 
Manifestorr: bets $4.51
Sigg1207: folds 
Uncalled bet ($4.51) returned to Manifestorr
Manifestorr collected $9.02 from pot
*** SUMMARY ***
Total pot $9.50 | Rake $0.48 
Board [5h Kh 6d]
Seat 1: nikalas22 folded before Flop (didn't bet)
Seat 2: Sigg1207 folded on the Flop
Seat 3: rao999 folded before Flop (didn't bet)
Seat 4: Manifestorr (button) collected ($9.02)
Seat 5: Teonanancatl (small blind) folded before Flop
Seat 6: iTrustU21 (big blind) folded before Flop



PokerStars Hand #254775232561:  Hold'em No Limit ($0.50/$1.00 USD) - 2025/02/08 0:05:57 WET [2025/02/08 19:05:57 ET]
Table 'Chacornac II' 6-max Seat #5 is the button
Seat 2: Sigg1207 ($196.50 in chips) 
Seat 3: rao999 ($100 in chips) 
Seat 4: Manifestorr ($105.02 in chips) 
Seat 5: Teonanancatl ($100 in chips) 
Seat 6: iTrustU21 ($99 in chips) 
iTrustU21: posts small blind $0.50
Sigg1207: posts big blind $1
*** HOLE CARDS ***
rao999: folds 
Manifestorr: raises $1.20 to $2.20
Teonanancatl: folds 
iTrustU21: folds 
Sigg1207: folds 
Uncalled bet ($1.20) returned to Manifestorr
Manifestorr collected $2.50 from pot
*** SUMMARY ***
Total pot $2.50 | Rake $0 
Seat 2: Sigg1207 (big blind) folded before Flop
Seat 3: rao999 folded before Flop (didn't bet)
Seat 4: Manifestorr collected ($2.50)
Seat 5: Teonanancatl (button) folded before Flop (didn't bet)
Seat 6: iTrustU21 (small blind) folded before Flop



PokerStars Hand #254775235699:  Hold'em No Limit ($0.50/$1.00 USD) - 2025/02/08 0:06:10 WET [2025/02/08 19:06:10 ET]
Table 'Chacornac II' 6-max Seat #6 is the button
Seat 2: Sigg1207 ($195.50 in chips) 
Seat 3: rao999 ($100 in chips) 
Seat 4: Manifestorr ($106.52 in chips) 
Seat 5: Teonanancatl ($100 in chips) 
Seat 6: iTrustU21 ($98.50 in chips) 
Sigg1207: posts small blind $0.50
rao999: posts big blind $1
*** HOLE CARDS ***
Manifestorr: folds 
Teonanancatl: folds 
iTrustU21: raises $1.50 to $2.50
Sigg1207: folds 
rao999: folds 
Uncalled bet ($1.50) returned to iTrustU21
iTrustU21 collected $2.50 from pot
iTrustU21: doesn't show hand 
*** SUMMARY ***
Total pot $2.50 | Rake $0 
Seat 2: Sigg1207 (small blind) folded before Flop
Seat 3: rao999 (big blind) folded before Flop
Seat 4: Manifestorr folded before Flop (didn't bet)
Seat 5: Teonanancatl folded before Flop (didn't bet)
Seat 6: iTrustU21 (button) collected ($2.50)



PokerStars Hand #254775239711:  Hold'em No Limit ($0.50/$1.00 USD) - 2025/02/08 0:06:27 WET [2025/02/08 19:06:27 ET]
Table 'Chacornac II' 6-max Seat #2 is the button
Seat 2: Sigg1207 ($195 in chips) 
Seat 3: rao999 ($100 in chips) 
Seat 4: Manifestorr ($106.52 in chips) 
Seat 5: Teonanancatl ($100 in chips) 
Seat 6: iTrustU21 ($100 in chips) 
rao999: posts small blind $0.50
Manifestorr: posts big blind $1
*** HOLE CARDS ***
Teonanancatl: folds 
iTrustU21: folds 
Sigg1207: raises $1 to $2
rao999: folds 
Manifestorr: calls $1
*** FLOP *** [Jh Ah 8h]
Xenicide joins the table at seat #1 
Manifestorr: checks 
Sigg1207: bets $1
Manifestorr: raises $3 to $4
Sigg1207: raises $3 to $7
Manifestorr: folds 
Uncalled bet ($3) returned to Sigg1207
Sigg1207 collected $11.88 from pot
Sigg1207: doesn't show hand 
*** SUMMARY ***
Total pot $12.50 | Rake $0.62 
Board [Jh Ah 8h]
Seat 2: Sigg1207 (button) collected ($11.88)
Seat 3: rao999 (small blind) folded before Flop
Seat 4: Manifestorr (big blind) folded on the Flop
Seat 5: Teonanancatl folded before Flop (didn't bet)
Seat 6: iTrustU21 folded before Flop (didn't bet)



PokerStars Hand #254775247961:  Hold'em No Limit ($0.50/$1.00 USD) - 2025/02/08 0:07:04 WET [2025/02/08 19:07:04 ET]
Table 'Chacornac II' 6-max Seat #3 is the button
Seat 1: Xenicide ($100 in chips) is sitting out
Seat 2: Sigg1207 ($200.88 in chips) 
Seat 3: rao999 ($100 in chips) 
Seat 4: Manifestorr ($100.52 in chips) 
Seat 5: Teonanancatl ($100 in chips) 
Seat 6: iTrustU21 ($100 in chips) 
Manifestorr: posts small blind $0.50
Teonanancatl: posts big blind $1
Xenicide: sits out 
*** HOLE CARDS ***
iTrustU21: folds 
Sigg1207: raises $1 to $2
rao999: calls $2
Manifestorr: folds 
Teonanancatl: folds 
*** FLOP *** [Qs Qc Td]
Sigg1207: bets $3
rao999: calls $3
*** TURN *** [Qs Qc Td] [9h]
Sigg1207: bets $3
rao999: calls $3
*** RIVER *** [Qs Qc Td 9h] [5s]
Sigg1207: bets $3
rao999: calls $3
*** SHOW DOWN ***
Sigg1207: shows [Kd Ah] (a pair of Queens)
rao999: shows [Tc 8c] (two pair, Queens and Tens)
rao999 collected $22.32 from pot
*** SUMMARY ***
Total pot $23.50 | Rake $1.18 
Board [Qs Qc Td 9h 5s]
Seat 1: Xenicide
Seat 2: Sigg1207 showed [Kd Ah] and lost with a pair of Queens
Seat 3: rao999 (button) showed [Tc 8c] and won ($22.32) with two pair, Queens and Tens
Seat 4: Manifestorr (small blind) folded before Flop
Seat 5: Teonanancatl (big blind) folded before Flop
Seat 6: iTrustU21 folded before Flop (didn't bet)



PokerStars Hand #254775361377:  Hold'em No Limit ($0.50/$1.00 USD) - 2025/02/08 0:15:25 WET [2025/02/08 19:15:25 ET]
Table 'Chacornac II' 6-max Seat #1 is the button
Seat 6: XneferX ($100 in chips) is sitting out
Seat 1: Xenicide ($101.50 in chips) 
Seat 2: Sigg1207 ($173.66 in chips) 
Seat 3: rao999 ($118.82 in chips) 
Seat 4: Manifestorr ($108 in chips) 
Seat 5: Teonanancatl ($114.88 in chips) 
Sigg1207: posts small blind $0.50
rao999: posts big blind $1
XneferX: sits out 
*** HOLE CARDS ***
Manifestorr: folds 
Teonanancatl: folds 
Xenicide: folds 
Sigg1207: folds 
Uncalled bet ($0.50) returned to rao999
rao999 collected $1 from pot
rao999: doesn't show hand 
*** SUMMARY ***
Total pot $1 | Rake $0 
Seat 6: XneferX
Seat 1: Xenicide (button) folded before Flop (didn't bet)
Seat 2: Sigg1207 (small blind) folded before Flop
Seat 3: rao999 (big blind) collected ($1)
Seat 4: Manifestorr folded before Flop (didn't bet)
Seat 5: Teonanancatl folded before Flop (didn't bet)



PokerStars Hand #254775363237:  Hold'em No Limit ($0.50/$1.00 USD) - 2025/02/08 0:15:34 WET [2025/02/08 19:15:34 ET]
Table 'Chacornac II' 6-max Seat #2 is the button
Seat 6: XneferX ($100 in chips) is sitting out
Seat 1: Xenicide ($101.50 in chips) 
Seat 2: Sigg1207 ($173.16 in chips) 
Seat 3: rao999 ($119.32 in chips) 
Seat 4: Manifestorr ($108 in chips) 
Seat 5: Teonanancatl ($114.88 in chips) 
rao999: posts small blind $0.50
Manifestorr: posts big blind $1
XneferX: sits out 
*** HOLE CARDS ***
Teonanancatl: folds 
Xenicide: raises $1 to $2
Sigg1207: raises $1 to $3
rao999: folds 
Manifestorr: folds 
Xenicide: calls $1
*** FLOP *** [Qd 2d 2s]
Xenicide: checks 
Sigg1207: bets $3
Xenicide: folds 
Uncalled bet ($3) returned to Sigg1207
Sigg1207 collected $7.12 from pot
Sigg1207: doesn't show hand 
*** SUMMARY ***
Total pot $7.50 | Rake $0.38 
Board [Qd 2d 2s]
Seat 6: XneferX
Seat 1: Xenicide folded on the Flop
Seat 2: Sigg1207 (button) collected ($7.12)
Seat 3: rao999 (small blind) folded before Flop
Seat 4: Manifestorr (big blind) folded before Flop
Seat 5: Teonanancatl folded before Flop (didn't bet)



PokerStars Hand #254775377313:  Hold'em No Limit ($0.50/$1.00 USD) - 2025/02/08 0:16:38 WET [2025/02/08 19:16:38 ET]
Table 'Chacornac II' 6-max Seat #3 is the button
Seat 6: XneferX ($100 in chips) is sitting out
Seat 1: Xenicide ($100 in chips) 
Seat 2: Sigg1207 ($177.28 in chips) 
Seat 3: rao999 ($118.82 in chips) 
Seat 4: Manifestorr ($107 in chips) 
Seat 5: Teonanancatl ($114.88 in chips) 
Manifestorr: posts small blind $0.50
Teonanancatl: posts big blind $1
XneferX: sits out 
*** HOLE CARDS ***
Xenicide: folds 
Sigg1207: folds 
rao999: raises $1.50 to $2.50
Manifestorr: folds 
Teonanancatl: calls $1.50
*** FLOP *** [As Ac 4c]
Teonanancatl: checks 
rao999: checks 
*** TURN *** [As Ac 4c] [4h]
Teonanancatl: bets $3.48
rao999: calls $3.48
*** RIVER *** [As Ac 4c 4h] [Ks]
Teonanancatl: bets $10.88
rao999: calls $10.88
*** SHOW DOWN ***
Teonanancatl: shows [6d 4d] (a full house, Fours full of Aces)
rao999: mucks hand 
Teonanancatl collected $32.51 from pot
*** SUMMARY ***
Total pot $34.22 | Rake $1.71 
Board [As Ac 4c 4h Ks]
Seat 6: XneferX
Seat 1: Xenicide folded before Flop (didn't bet)
Seat 2: Sigg1207 folded before Flop (didn't bet)
Seat 3: rao999 (button) mucked
Seat 4: Manifestorr (small blind) folded before Flop
Seat 5: Teonanancatl (big blind) showed [6d 4d] and won ($32.51) with a full house, Fours full of Aces



PokerStars Hand #254775386200:  Hold'em No Limit ($0.50/$1.00 USD) - 2025/02/08 0:17:18 WET [2025/02/08 19:17:18 ET]
Table 'Chacornac II' 6-max Seat #4 is the button
Seat 1: Xenicide ($100 in chips) 
Seat 2: Sigg1207 ($177.28 in chips) 
Seat 3: rao999 ($101.96 in chips) 
Seat 4: Manifestorr ($106.50 in chips) 
Seat 5: Teonanancatl ($130.53 in chips) 
Seat 6: XneferX ($100 in chips) 
Teonanancatl: posts small blind $0.50
XneferX: posts big blind $1
*** HOLE CARDS ***
Xenicide: folds 
Sigg1207: raises $1 to $2
rao999: folds 
Manifestorr: folds 
Teonanancatl: folds 
XneferX: folds 
Uncalled bet ($1) returned to Sigg1207
Sigg1207 collected $2.50 from pot
Sigg1207: doesn't show hand 
*** SUMMARY ***
Total pot $2.50 | Rake $0 
Seat 1: Xenicide folded before Flop (didn't bet)
Seat 2: Sigg1207 collected ($2.50)
Seat 3: rao999 folded before Flop (didn't bet)
Seat 4: Manifestorr (button) folded before Flop (didn't bet)
Seat 5: Teonanancatl (small blind) folded before Flop
Seat 6: XneferX (big blind) folded before Flop



PokerStars Hand #254775391831:  Hold'em No Limit ($0.50/$1.00 USD) - 2025/02/08 0:17:43 WET [2025/02/08 19:17:43 ET]
Table 'Chacornac II' 6-max Seat #5 is the button
Seat 1: Xenicide ($100 in chips) 
Seat 2: Sigg1207 ($178.78 in chips) 
Seat 3: rao999 ($101.96 in chips) 
Seat 4: Manifestorr ($106.50 in chips) 
Seat 5: Teonanancatl ($130.03 in chips) 
Seat 6: XneferX ($100 in chips) 
XneferX: posts small blind $0.50
Xenicide: posts big blind $1
*** HOLE CARDS ***
Sigg1207: raises $1 to $2
rao999: folds 
Manifestorr: raises $4.50 to $6.50
Teonanancatl: folds 
XneferX: folds 
Xenicide: folds 
Sigg1207: calls $4.50
*** FLOP *** [Qs 4h 7c]
Sigg1207: bets $4
Manifestorr: raises $8 to $12
Sigg1207: folds 
Uncalled bet ($8) returned to Manifestorr
Manifestorr collected $21.38 from pot
*** SUMMARY ***
Total pot $22.50 | Rake $1.12 
Board [Qs 4h 7c]
Seat 1: Xenicide (big blind) folded before Flop
Seat 2: Sigg1207 folded on the Flop
Seat 3: rao999 folded before Flop (didn't bet)
Seat 4: Manifestorr collected ($21.38)
Seat 5: Teonanancatl (button) folded before Flop (didn't bet)
Seat 6: XneferX (small blind) folded before Flop



PokerStars Hand #254775398399:  Hold'em No Limit ($0.50/$1.00 USD) - 2025/02/08 0:18:13 WET [2025/02/08 19:18:13 ET]
Table 'Chacornac II' 6-max Seat #6 is the button
Seat 1: Xenicide ($100 in chips) 
Seat 2: Sigg1207 ($168.28 in chips) 
Seat 3: rao999 ($101.96 in chips) 
Seat 4: Manifestorr ($117.38 in chips) 
Seat 5: Teonanancatl ($130.03 in chips) 
Seat 6: XneferX ($100 in chips) 
Xenicide: posts small blind $0.50
Sigg1207: posts big blind $1
*** HOLE CARDS ***
rao999: folds 
Manifestorr: folds 
Teonanancatl: raises $2.50 to $3.50
XneferX: folds 
Xenicide: folds 
Sigg1207: folds 
Uncalled bet ($2.50) returned to Teonanancatl
Teonanancatl collected $2.50 from pot
Teonanancatl: doesn't show hand 
*** SUMMARY ***
Total pot $2.50 | Rake $0 
Seat 1: Xenicide (small blind) folded before Flop
Seat 2: Sigg1207 (big blind) folded before Flop
Seat 3: rao999 folded before Flop (didn't bet)
Seat 4: Manifestorr folded before Flop (didn't bet)
Seat 5: Teonanancatl collected ($2.50)
Seat 6: XneferX (button) folded before Flop (didn't bet)



PokerStars Hand #254775402595:  Hold'em No Limit ($0.50/$1.00 USD) - 2025/02/08 0:18:33 WET [2025/02/08 19:18:33 ET]
Table 'Chacornac II' 6-max Seat #1 is the button
Seat 1: Xenicide ($100 in chips) 
Seat 2: Sigg1207 ($167.28 in chips) 
Seat 3: rao999 ($101.96 in chips) 
Seat 4: Manifestorr ($117.38 in chips) 
Seat 5: Teonanancatl ($131.53 in chips) 
Seat 6: XneferX ($100 in chips) 
Sigg1207: posts small blind $0.50
rao999: posts big blind $1
*** HOLE CARDS ***
Manifestorr: folds 
Teonanancatl: folds 
XneferX: raises $1.30 to $2.30
Xenicide: calls $2.30
Sigg1207: calls $1.80
rao999: calls $1.30
*** FLOP *** [2s 2h Ks]
Sigg1207: checks 
rao999: checks 
XneferX: checks 
Xenicide: checks 
*** TURN *** [2s 2h Ks] [Jd]
Sigg1207: checks 
rao999: checks 
XneferX: checks 
Xenicide: checks 
*** RIVER *** [2s 2h Ks Jd] [2d]
Sigg1207: bets $3
rao999: folds 
XneferX: calls $3
Xenicide: folds 
*** SHOW DOWN ***
Sigg1207: shows [Jc 9h] (a full house, Deuces full of Jacks)
XneferX: mucks hand 
Sigg1207 collected $14.44 from pot
*** SUMMARY ***
Total pot $15.20 | Rake $0.76 
Board [2s 2h Ks Jd 2d]
Seat 1: Xenicide (button) folded on the River
Seat 2: Sigg1207 (small blind) showed [Jc 9h] and won ($14.44) with a full house, Deuces full of Jacks
Seat 3: rao999 (big blind) folded on the River
Seat 4: Manifestorr folded before Flop (didn't bet)
Seat 5: Teonanancatl folded before Flop (didn't bet)
Seat 6: XneferX mucked



PokerStars Hand #254775421594:  Hold'em No Limit ($0.50/$1.00 USD) - 2025/02/08 0:19:59 WET [2025/02/08 19:19:59 ET]
Table 'Chacornac II' 6-max Seat #2 is the button
Seat 1: Xenicide ($100 in chips) 
Seat 2: Sigg1207 ($176.42 in chips) 
Seat 3: rao999 ($100 in chips) 
Seat 4: Manifestorr ($117.38 in chips) 
Seat 5: Teonanancatl ($131.53 in chips) 
Seat 6: XneferX ($100 in chips) 
rao999: posts small blind $0.50
Manifestorr: posts big blind $1
*** HOLE CARDS ***
Teonanancatl: folds 
XneferX: folds 
Xenicide: folds 
Sigg1207: folds 
rao999: raises $2 to $3
Manifestorr: calls $2
*** FLOP *** [Qs 9d Js]
rao999: bets $1.88
Manifestorr: calls $1.88
*** TURN *** [Qs 9d Js] [Qc]
rao999: checks 
Manifestorr: bets $12.51
rao999: folds 
Uncalled bet ($12.51) returned to Manifestorr
Manifestorr collected $9.27 from pot
*** SUMMARY ***
Total pot $9.76 | Rake $0.49 
Board [Qs 9d Js Qc]
Seat 1: Xenicide folded before Flop (didn't bet)
Seat 2: Sigg1207 (button) folded before Flop (didn't bet)
Seat 3: rao999 (small blind) folded on the Turn
Seat 4: Manifestorr (big blind) collected ($9.27)
Seat 5: Teonanancatl folded before Flop (didn't bet)
Seat 6: XneferX folded before Flop (didn't bet)



PokerStars Hand #254775429267:  Hold'em No Limit ($0.50/$1.00 USD) - 2025/02/08 0:20:34 WET [2025/02/08 19:20:34 ET]
Table 'Chacornac II' 6-max Seat #3 is the button
Seat 1: Xenicide ($100 in chips) 
Seat 2: Sigg1207 ($176.42 in chips) 
Seat 3: rao999 ($100 in chips) 
Seat 4: Manifestorr ($121.77 in chips) 
Seat 5: Teonanancatl ($131.53 in chips) 
Seat 6: XneferX ($100 in chips) 
Manifestorr: posts small blind $0.50
Teonanancatl: posts big blind $1
*** HOLE CARDS ***
XneferX: folds 
Xenicide: folds 
Sigg1207: folds 
rao999: raises $1.50 to $2.50
Manifestorr: folds 
Teonanancatl: folds 
Uncalled bet ($1.50) returned to rao999
rao999 collected $2.50 from pot
rao999: doesn't show hand 
*** SUMMARY ***
Total pot $2.50 | Rake $0 
Seat 1: Xenicide folded before Flop (didn't bet)
Seat 2: Sigg1207 folded before Flop (didn't bet)
Seat 3: rao999 (button) collected ($2.50)
Seat 4: Manifestorr (small blind) folded before Flop
Seat 5: Teonanancatl (big blind) folded before Flop
Seat 6: XneferX folded before Flop (didn't bet)



PokerStars Hand #254775434738:  Hold'em No Limit ($0.50/$1.00 USD) - 2025/02/08 0:20:59 WET [2025/02/08 19:20:59 ET]
Table 'Chacornac II' 6-max Seat #4 is the button
Seat 1: Xenicide ($100 in chips) 
Seat 2: Sigg1207 ($176.42 in chips) 
Seat 3: rao999 ($101.50 in chips) 
Seat 4: Manifestorr ($121.27 in chips) 
Seat 5: Teonanancatl ($130.53 in chips) 
Seat 6: XneferX ($100 in chips) 
Teonanancatl: posts small blind $0.50
XneferX: posts big blind $1
*** HOLE CARDS ***
Xenicide: folds 
Sigg1207: folds 
rao999: folds 
Manifestorr: raises $1.20 to $2.20
Teonanancatl: folds 
XneferX: raises $10.80 to $13
Manifestorr: folds 
Uncalled bet ($10.80) returned to XneferX
XneferX collected $4.90 from pot
XneferX: doesn't show hand 
*** SUMMARY ***
Total pot $4.90 | Rake $0 
Seat 1: Xenicide folded before Flop (didn't bet)
Seat 2: Sigg1207 folded before Flop (didn't bet)
Seat 3: rao999 folded before Flop (didn't bet)
Seat 4: Manifestorr (button) folded before Flop
Seat 5: Teonanancatl (small blind) folded before Flop
Seat 6: XneferX (big blind) collected ($4.90)



PokerStars Hand #254775440102:  Hold'em No Limit ($0.50/$1.00 USD) - 2025/02/08 0:21:24 WET [2025/02/08 19:21:24 ET]
Table 'Chacornac II' 6-max Seat #5 is the button
Seat 1: Xenicide ($100 in chips) 
Seat 2: Sigg1207 ($176.42 in chips) 
Seat 3: rao999 ($101.50 in chips) 
Seat 4: Manifestorr ($119.07 in chips) 
Seat 5: Teonanancatl ($130.03 in chips) 
Seat 6: XneferX ($102.70 in chips) 
XneferX: posts small blind $0.50
Xenicide: posts big blind $1
*** HOLE CARDS ***
Sigg1207: folds 
rao999: folds 
Manifestorr: folds 
Teonanancatl: raises $1.50 to $2.50
XneferX: folds 
Xenicide: raises $7.50 to $10
Teonanancatl: folds 
Uncalled bet ($7.50) returned to Xenicide
Xenicide collected $5.50 from pot
*** SUMMARY ***
Total pot $5.50 | Rake $0 
Seat 1: Xenicide (big blind) collected ($5.50)
Seat 2: Sigg1207 folded before Flop (didn't bet)
Seat 3: rao999 folded before Flop (didn't bet)
Seat 4: Manifestorr folded before Flop (didn't bet)
Seat 5: Teonanancatl (button) folded before Flop
Seat 6: XneferX (small blind) folded before Flop



PokerStars Hand #254775449252:  Hold'em No Limit ($0.50/$1.00 USD) - 2025/02/08 0:22:06 WET [2025/02/08 19:22:06 ET]
Table 'Chacornac II' 6-max Seat #6 is the button
Seat 1: Xenicide ($103 in chips) 
Seat 2: Sigg1207 ($176.42 in chips) 
Seat 3: rao999 ($101.50 in chips) 
Seat 4: Manifestorr ($119.07 in chips) 
Seat 5: Teonanancatl ($127.53 in chips) 
Seat 6: XneferX ($102.20 in chips) 
Xenicide: posts small blind $0.50
Sigg1207: posts big blind $1
*** HOLE CARDS ***
rao999: folds 
Manifestorr: folds 
Teonanancatl: folds 
XneferX: raises $1.77 to $2.77
Xenicide: folds 
Sigg1207: raises $1.77 to $4.54
XneferX: calls $1.77
*** FLOP *** [Js Qs 4c]
Sigg1207: bets $1
XneferX: raises $3 to $4
Sigg1207: folds 
Uncalled bet ($3) returned to XneferX
XneferX collected $11 from pot
XneferX: doesn't show hand 
*** SUMMARY ***
Total pot $11.58 | Rake $0.58 
Board [Js Qs 4c]
Seat 1: Xenicide (small blind) folded before Flop
Seat 2: Sigg1207 (big blind) folded on the Flop
Seat 3: rao999 folded before Flop (didn't bet)
Seat 4: Manifestorr folded before Flop (didn't bet)
Seat 5: Teonanancatl folded before Flop (didn't bet)
Seat 6: XneferX (button) collected ($11)



PokerStars Hand #254775459783:  Hold'em No Limit ($0.50/$1.00 USD) - 2025/02/08 0:22:54 WET [2025/02/08 19:22:54 ET]
Table 'Chacornac II' 6-max Seat #1 is the button
Seat 1: Xenicide ($102.50 in chips) 
Seat 2: Sigg1207 ($170.88 in chips) 
Seat 3: rao999 ($101.50 in chips) 
Seat 4: Manifestorr ($119.07 in chips) 
Seat 5: Teonanancatl ($127.53 in chips) 
Seat 6: XneferX ($107.66 in chips) 
Sigg1207: posts small blind $0.50
rao999: posts big blind $1
*** HOLE CARDS ***
Manifestorr: raises $1.20 to $2.20
Teonanancatl: folds 
XneferX: folds 
Xenicide: calls $2.20
Sigg1207: folds 
rao999: folds 
*** FLOP *** [7d 8c 5c]
Manifestorr: checks 
Xenicide: bets $1.40
Manifestorr: calls $1.40
*** TURN *** [7d 8c 5c] [Qh]
Manifestorr: checks 
Xenicide: checks 
*** RIVER *** [7d 8c 5c Qh] [Qs]
Manifestorr: bets $12
Xenicide: folds 
Uncalled bet ($12) returned to Manifestorr
Manifestorr collected $8.26 from pot
*** SUMMARY ***
Total pot $8.70 | Rake $0.44 
Board [7d 8c 5c Qh Qs]
Seat 1: Xenicide (button) folded on the River
Seat 2: Sigg1207 (small blind) folded before Flop
Seat 3: rao999 (big blind) folded before Flop
Seat 4: Manifestorr collected ($8.26)
Seat 5: Teonanancatl folded before Flop (didn't bet)
Seat 6: XneferX folded before Flop (didn't bet)



PokerStars Hand #254775475396:  Hold'em No Limit ($0.50/$1.00 USD) - 2025/02/08 0:24:05 WET [2025/02/08 19:24:05 ET]
Table 'Chacornac II' 6-max Seat #2 is the button
Seat 1: Xenicide ($100 in chips) 
Seat 2: Sigg1207 ($170.38 in chips) 
Seat 3: rao999 ($100.50 in chips) 
Seat 4: Manifestorr ($123.73 in chips) 
Seat 5: Teonanancatl ($127.53 in chips) 
Seat 6: XneferX ($107.66 in chips) 
rao999: posts small blind $0.50
Manifestorr: posts big blind $1
*** HOLE CARDS ***
Teonanancatl: folds 
XneferX: folds 
Xenicide: folds 
Sigg1207: calls $1
rao999: folds 
Manifestorr: raises $4 to $5
Sigg1207: calls $4
*** FLOP *** [Ac 4h 2s]
Manifestorr: bets $4.99
Sigg1207: folds 
Uncalled bet ($4.99) returned to Manifestorr
Manifestorr collected $9.98 from pot
*** SUMMARY ***
Total pot $10.50 | Rake $0.52 
Board [Ac 4h 2s]
Seat 1: Xenicide folded before Flop (didn't bet)
Seat 2: Sigg1207 (button) folded on the Flop
Seat 3: rao999 (small blind) folded before Flop
Seat 4: Manifestorr (big blind) collected ($9.98)
Seat 5: Teonanancatl folded before Flop (didn't bet)
Seat 6: XneferX folded before Flop (didn't bet)



PokerStars Hand #254775480934:  Hold'em No Limit ($0.50/$1.00 USD) - 2025/02/08 0:24:31 WET [2025/02/08 19:24:31 ET]
Table 'Chacornac II' 6-max Seat #3 is the button
Seat 1: Xenicide ($100 in chips) 
Seat 2: Sigg1207 ($165.38 in chips) 
Seat 3: rao999 ($100 in chips) 
Seat 4: Manifestorr ($128.71 in chips) 
Seat 5: Teonanancatl ($127.53 in chips) 
Seat 6: XneferX ($107.66 in chips) 
Manifestorr: posts small blind $0.50
Teonanancatl: posts big blind $1
*** HOLE CARDS ***
XneferX: folds 
Xenicide: folds 
Sigg1207: raises $1 to $2
rao999: folds 
Manifestorr: folds 
Teonanancatl: calls $1
*** FLOP *** [6d 7c Ac]
Teonanancatl: checks 
Sigg1207: bets $1
Teonanancatl: calls $1
*** TURN *** [6d 7c Ac] [As]
Teonanancatl: checks 
Sigg1207: checks 
*** RIVER *** [6d 7c Ac As] [8d]
Teonanancatl: checks 
Sigg1207: bets $6
Teonanancatl: folds 
Uncalled bet ($6) returned to Sigg1207
Sigg1207 collected $6.18 from pot
Sigg1207: doesn't show hand 
*** SUMMARY ***
Total pot $6.50 | Rake $0.32 
Board [6d 7c Ac As 8d]
Seat 1: Xenicide folded before Flop (didn't bet)
Seat 2: Sigg1207 collected ($6.18)
Seat 3: rao999 (button) folded before Flop (didn't bet)
Seat 4: Manifestorr (small blind) folded before Flop
Seat 5: Teonanancatl (big blind) folded on the River
Seat 6: XneferX folded before Flop (didn't bet)



PokerStars Hand #254775497504:  Hold'em No Limit ($0.50/$1.00 USD) - 2025/02/08 0:25:47 WET [2025/02/08 19:25:47 ET]
Table 'Chacornac II' 6-max Seat #4 is the button
Seat 1: Xenicide ($100 in chips) 
Seat 2: Sigg1207 ($168.56 in chips) 
Seat 3: rao999 ($100 in chips) 
Seat 4: Manifestorr ($128.21 in chips) 
Seat 5: Teonanancatl ($124.53 in chips) 
Seat 6: XneferX ($107.66 in chips) 
Teonanancatl: posts small blind $0.50
XneferX: posts big blind $1
*** HOLE CARDS ***
Xenicide: folds 
Sigg1207: folds 
rao999: folds 
Manifestorr: raises $1.20 to $2.20
Teonanancatl: folds 
XneferX: raises $10.80 to $13
Manifestorr: folds 
Uncalled bet ($10.80) returned to XneferX
XneferX collected $4.90 from pot
XneferX: doesn't show hand 
*** SUMMARY ***
Total pot $4.90 | Rake $0 
Seat 1: Xenicide folded before Flop (didn't bet)
Seat 2: Sigg1207 folded before Flop (didn't bet)
Seat 3: rao999 folded before Flop (didn't bet)
Seat 4: Manifestorr (button) folded before Flop
Seat 5: Teonanancatl (small blind) folded before Flop
Seat 6: XneferX (big blind) collected ($4.90)



PokerStars Hand #254775507849:  Hold'em No Limit ($0.50/$1.00 USD) - 2025/02/08 0:26:35 WET [2025/02/08 19:26:35 ET]
Table 'Chacornac II' 6-max Seat #5 is the button
Seat 1: Xenicide ($100 in chips) 
Seat 2: Sigg1207 ($168.56 in chips) 
Seat 3: rao999 ($100 in chips) 
Seat 4: Manifestorr ($126.01 in chips) 
Seat 5: Teonanancatl ($124.03 in chips) 
Seat 6: XneferX ($110.36 in chips) 
XneferX: posts small blind $0.50
Xenicide: posts big blind $1
*** HOLE CARDS ***
Sigg1207: folds 
rao999: folds 
Manifestorr: folds 
Teonanancatl: folds 
XneferX: folds 
Uncalled bet ($0.50) returned to Xenicide
Xenicide collected $1 from pot
*** SUMMARY ***
Total pot $1 | Rake $0 
Seat 1: Xenicide (big blind) collected ($1)
Seat 2: Sigg1207 folded before Flop (didn't bet)
Seat 3: rao999 folded before Flop (didn't bet)
Seat 4: Manifestorr folded before Flop (didn't bet)
Seat 5: Teonanancatl (button) folded before Flop (didn't bet)
Seat 6: XneferX (small blind) folded before Flop



PokerStars Hand #254775511543:  Hold'em No Limit ($0.50/$1.00 USD) - 2025/02/08 0:26:52 WET [2025/02/08 19:26:52 ET]
Table 'Chacornac II' 6-max Seat #6 is the button
Seat 1: Xenicide ($100.50 in chips) 
Seat 2: Sigg1207 ($168.56 in chips) 
Seat 3: rao999 ($100 in chips) 
Seat 4: Manifestorr ($126.01 in chips) 
Seat 5: Teonanancatl ($124.03 in chips) 
Seat 6: XneferX ($109.86 in chips) 
Xenicide: posts small blind $0.50
Sigg1207: posts big blind $1
*** HOLE CARDS ***
rao999: folds 
Manifestorr: folds 
Teonanancatl: raises $2.50 to $3.50
XneferX: folds 
Xenicide: folds 
Sigg1207: calls $2.50
*** FLOP *** [Qs Tc 6s]
Sigg1207: bets $1
Teonanancatl: raises $3.50 to $4.50
Sigg1207: calls $3.50
*** TURN *** [Qs Tc 6s] [Ks]
Sigg1207: checks 
Teonanancatl: bets $9.50
Sigg1207: folds 
Uncalled bet ($9.50) returned to Teonanancatl
Teonanancatl collected $15.68 from pot
Teonanancatl: doesn't show hand 
*** SUMMARY ***
Total pot $16.50 | Rake $0.82 
Board [Qs Tc 6s Ks]
Seat 1: Xenicide (small blind) folded before Flop
Seat 2: Sigg1207 (big blind) folded on the Turn
Seat 3: rao999 folded before Flop (didn't bet)
Seat 4: Manifestorr folded before Flop (didn't bet)
Seat 5: Teonanancatl collected ($15.68)
Seat 6: XneferX (button) folded before Flop (didn't bet)



PokerStars Hand #254775520419:  Hold'em No Limit ($0.50/$1.00 USD) - 2025/02/08 0:27:34 WET [2025/02/08 19:27:34 ET]
Table 'Chacornac II' 6-max Seat #1 is the button
Seat 1: Xenicide ($100 in chips) 
Seat 2: Sigg1207 ($160.56 in chips) 
Seat 3: rao999 ($100 in chips) 
Seat 4: Manifestorr ($126.01 in chips) 
Seat 5: Teonanancatl ($131.71 in chips) 
Seat 6: XneferX ($109.86 in chips) 
Sigg1207: posts small blind $0.50
rao999: posts big blind $1
*** HOLE CARDS ***
Manifestorr: folds 
Teonanancatl: raises $2.50 to $3.50
XneferX: folds 
Xenicide: folds 
Sigg1207: folds 
rao999: folds 
Uncalled bet ($2.50) returned to Teonanancatl
Teonanancatl collected $2.50 from pot
Teonanancatl: doesn't show hand 
*** SUMMARY ***
Total pot $2.50 | Rake $0 
Seat 1: Xenicide (button) folded before Flop (didn't bet)
Seat 2: Sigg1207 (small blind) folded before Flop
Seat 3: rao999 (big blind) folded before Flop
Seat 4: Manifestorr folded before Flop (didn't bet)
Seat 5: Teonanancatl collected ($2.50)
Seat 6: XneferX folded before Flop (didn't bet)



PokerStars Hand #254775525110:  Hold'em No Limit ($0.50/$1.00 USD) - 2025/02/08 0:27:56 WET [2025/02/08 19:27:56 ET]
Table 'Chacornac II' 6-max Seat #2 is the button
Seat 1: Xenicide ($100 in chips) 
Seat 2: Sigg1207 ($160.06 in chips) 
Seat 3: rao999 ($100 in chips) 
Seat 4: Manifestorr ($126.01 in chips) 
Seat 5: Teonanancatl ($133.21 in chips) 
Seat 6: XneferX ($109.86 in chips) 
rao999: posts small blind $0.50
Manifestorr: posts big blind $1
*** HOLE CARDS ***
Teonanancatl: raises $2.50 to $3.50
XneferX: folds 
Xenicide: folds 
Sigg1207: raises $2.50 to $6
rao999: folds 
Manifestorr: folds 
Teonanancatl: calls $2.50
*** FLOP *** [Js 3h 4d]
Teonanancatl: checks 
Sigg1207: bets $3
Teonanancatl: calls $3
*** TURN *** [Js 3h 4d] [9c]
Teonanancatl: checks 
Sigg1207: bets $3
Teonanancatl: calls $3
*** RIVER *** [Js 3h 4d 9c] [5c]
Teonanancatl: checks 
Sigg1207: checks 
*** SHOW DOWN ***
Teonanancatl: shows [Ks 9s] (a pair of Nines)
Sigg1207: mucks hand 
Teonanancatl collected $24.22 from pot
*** SUMMARY ***
Total pot $25.50 | Rake $1.28 
Board [Js 3h 4d 9c 5c]
Seat 1: Xenicide folded before Flop (didn't bet)
Seat 2: Sigg1207 (button) mucked
Seat 3: rao999 (small blind) folded before Flop
Seat 4: Manifestorr (big blind) folded before Flop
Seat 5: Teonanancatl showed [Ks 9s] and won ($24.22) with a pair of Nines
Seat 6: XneferX folded before Flop (didn't bet)



PokerStars Hand #254775532437:  Hold'em No Limit ($0.50/$1.00 USD) - 2025/02/08 0:28:31 WET [2025/02/08 19:28:31 ET]
Table 'Chacornac II' 6-max Seat #3 is the button
Seat 1: Xenicide ($100 in chips) 
Seat 2: Sigg1207 ($148.06 in chips) 
Seat 3: rao999 ($100 in chips) 
Seat 4: Manifestorr ($125.01 in chips) 
Seat 5: Teonanancatl ($145.43 in chips) 
Seat 6: XneferX ($109.86 in chips) 
Manifestorr: posts small blind $0.50
Teonanancatl: posts big blind $1
*** HOLE CARDS ***
XneferX: folds 
Xenicide: folds 
Sigg1207: folds 
rao999: folds 
Manifestorr: raises $2 to $3
Teonanancatl: calls $2
*** FLOP *** [Qs 9c 8h]
Manifestorr: checks 
Teonanancatl: bets $1.90
Manifestorr: calls $1.90
*** TURN *** [Qs 9c 8h] [Tc]
Manifestorr: checks 
Teonanancatl: bets $6
Manifestorr: raises $12 to $18
Teonanancatl: folds 
Uncalled bet ($12) returned to Manifestorr
Manifestorr collected $20.71 from pot
*** SUMMARY ***
Total pot $21.80 | Rake $1.09 
Board [Qs 9c 8h Tc]
Seat 1: Xenicide folded before Flop (didn't bet)
Seat 2: Sigg1207 folded before Flop (didn't bet)
Seat 3: rao999 (button) folded before Flop (didn't bet)
Seat 4: Manifestorr (small blind) collected ($20.71)
Seat 5: Teonanancatl (big blind) folded on the Turn
Seat 6: XneferX folded before Flop (didn't bet)



PokerStars Hand #254775546080:  Hold'em No Limit ($0.50/$1.00 USD) - 2025/02/08 0:29:36 WET [2025/02/08 19:29:36 ET]
Table 'Chacornac II' 6-max Seat #4 is the button
Seat 1: Xenicide ($100 in chips) 
Seat 2: Sigg1207 ($148.06 in chips) 
Seat 3: rao999 ($100 in chips) 
Seat 4: Manifestorr ($134.82 in chips) 
Seat 5: Teonanancatl ($134.53 in chips) 
Seat 6: XneferX ($109.86 in chips) 
Teonanancatl: posts small blind $0.50
XneferX: posts big blind $1
*** HOLE CARDS ***
Xenicide: folds 
Sigg1207: folds 
rao999: raises $1.50 to $2.50
Manifestorr: folds 
Teonanancatl: folds 
XneferX: raises $10.50 to $13
rao999: raises $87 to $100 and is all-in
XneferX: folds 
Uncalled bet ($87) returned to rao999
rao999 collected $26.50 from pot
rao999: doesn't show hand 
*** SUMMARY ***
Total pot $26.50 | Rake $0 
Seat 1: Xenicide folded before Flop (didn't bet)
Seat 2: Sigg1207 folded before Flop (didn't bet)
Seat 3: rao999 collected ($26.50)
Seat 4: Manifestorr (button) folded before Flop (didn't bet)
Seat 5: Teonanancatl (small blind) folded before Flop
Seat 6: XneferX (big blind) folded before Flop



PokerStars Hand #254775553042:  Hold'em No Limit ($0.50/$1.00 USD) - 2025/02/08 0:30:08 WET [2025/02/08 19:30:08 ET]
Table 'Chacornac II' 6-max Seat #5 is the button
Seat 1: Xenicide ($100 in chips) 
Seat 2: Sigg1207 ($148.06 in chips) 
Seat 3: rao999 ($113.50 in chips) 
Seat 4: Manifestorr ($134.82 in chips) 
Seat 5: Teonanancatl ($134.03 in chips) 
Seat 6: XneferX ($100 in chips) 
XneferX: posts small blind $0.50
Xenicide: posts big blind $1
*** HOLE CARDS ***
Sigg1207: folds 
rao999: folds 
Manifestorr: folds 
Teonanancatl: raises $1.50 to $2.50
XneferX: folds 
Xenicide: calls $1.50
*** FLOP *** [8d 9d Qh]
Xenicide: checks 
Teonanancatl: checks 
*** TURN *** [8d 9d Qh] [Th]
Xenicide: bets $6.52
Teonanancatl: raises $13.04 to $19.56
Xenicide: folds 
Uncalled bet ($13.04) returned to Teonanancatl
Teonanancatl collected $17.61 from pot
*** SUMMARY ***
Total pot $18.54 | Rake $0.93 
Board [8d 9d Qh Th]
Seat 1: Xenicide (big blind) folded on the Turn
Seat 2: Sigg1207 folded before Flop (didn't bet)
Seat 3: rao999 folded before Flop (didn't bet)
Seat 4: Manifestorr folded before Flop (didn't bet)
Seat 5: Teonanancatl (button) collected ($17.61)
Seat 6: XneferX (small blind) folded before Flop



PokerStars Hand #254775570928:  Hold'em No Limit ($0.50/$1.00 USD) - 2025/02/08 0:31:33 WET [2025/02/08 19:31:33 ET]
Table 'Chacornac II' 6-max Seat #6 is the button
Seat 1: Xenicide ($100 in chips) 
Seat 2: Sigg1207 ($148.06 in chips) 
Seat 3: rao999 ($113.50 in chips) 
Seat 4: Manifestorr ($134.82 in chips) 
Seat 5: Teonanancatl ($142.62 in chips) 
Seat 6: XneferX ($100 in chips) 
Xenicide: posts small blind $0.50
Sigg1207: posts big blind $1
*** HOLE CARDS ***
rao999: folds 
Manifestorr: raises $1.20 to $2.20
Teonanancatl: folds 
XneferX: raises $4.80 to $7
Xenicide: folds 
Sigg1207: folds 
Manifestorr: folds 
Uncalled bet ($4.80) returned to XneferX
XneferX collected $5.90 from pot
XneferX: doesn't show hand 
*** SUMMARY ***
Total pot $5.90 | Rake $0 
Seat 1: Xenicide (small blind) folded before Flop
Seat 2: Sigg1207 (big blind) folded before Flop
Seat 3: rao999 folded before Flop (didn't bet)
Seat 4: Manifestorr folded before Flop
Seat 5: Teonanancatl folded before Flop (didn't bet)
Seat 6: XneferX (button) collected ($5.90)



PokerStars Hand #254775577223:  Hold'em No Limit ($0.50/$1.00 USD) - 2025/02/08 0:32:04 WET [2025/02/08 19:32:04 ET]
Table 'Chacornac II' 6-max Seat #1 is the button
Seat 1: Xenicide ($100 in chips) 
Seat 2: Sigg1207 ($147.06 in chips) 
Seat 3: rao999 ($113.50 in chips) 
Seat 4: Manifestorr ($132.62 in chips) 
Seat 5: Teonanancatl ($142.62 in chips) 
Seat 6: XneferX ($103.70 in chips) 
Sigg1207: posts small blind $0.50
rao999: posts big blind $1
*** HOLE CARDS ***
Manifestorr: folds 
Teonanancatl: folds 
XneferX: folds 
Xenicide: folds 
Sigg1207: calls $0.50
rao999: checks 
*** FLOP *** [6h 2c Qh]
Sigg1207: checks 
rao999: checks 
*** TURN *** [6h 2c Qh] [Th]
Sigg1207: checks 
rao999: bets $1.25
Sigg1207: raises $1.25 to $2.50
rao999: calls $1.25
*** RIVER *** [6h 2c Qh Th] [3h]
Sigg1207: bets $1
rao999: calls $1
*** SHOW DOWN ***
Sigg1207: shows [Jh 4h] (a flush, Queen high)
rao999: mucks hand 
Sigg1207 collected $8.55 from pot
*** SUMMARY ***
Total pot $9 | Rake $0.45 
Board [6h 2c Qh Th 3h]
Seat 1: Xenicide (button) folded before Flop (didn't bet)
Seat 2: Sigg1207 (small blind) showed [Jh 4h] and won ($8.55) with a flush, Queen high
Seat 3: rao999 (big blind) mucked
Seat 4: Manifestorr folded before Flop (didn't bet)
Seat 5: Teonanancatl folded before Flop (didn't bet)
Seat 6: XneferX folded before Flop (didn't bet)



PokerStars Hand #254775591183:  Hold'em No Limit ($0.50/$1.00 USD) - 2025/02/08 0:33:09 WET [2025/02/08 19:33:09 ET]
Table 'Chacornac II' 6-max Seat #2 is the button
Seat 1: Xenicide ($100 in chips) 
Seat 2: Sigg1207 ($151.11 in chips) 
Seat 3: rao999 ($109 in chips) 
Seat 4: Manifestorr ($132.62 in chips) 
Seat 5: Teonanancatl ($142.62 in chips) 
Seat 6: XneferX ($103.70 in chips) 
rao999: posts small blind $0.50
Manifestorr: posts big blind $1
*** HOLE CARDS ***
Teonanancatl: folds 
XneferX: folds 
Xenicide: folds 
Sigg1207: folds 
rao999: folds 
Uncalled bet ($0.50) returned to Manifestorr
Manifestorr collected $1 from pot
*** SUMMARY ***
Total pot $1 | Rake $0 
Seat 1: Xenicide folded before Flop (didn't bet)
Seat 2: Sigg1207 (button) folded before Flop (didn't bet)
Seat 3: rao999 (small blind) folded before Flop
Seat 4: Manifestorr (big blind) collected ($1)
Seat 5: Teonanancatl folded before Flop (didn't bet)
Seat 6: XneferX folded before Flop (didn't bet)



PokerStars Hand #254775593420:  Hold'em No Limit ($0.50/$1.00 USD) - 2025/02/08 0:33:20 WET [2025/02/08 19:33:20 ET]
Table 'Chacornac II' 6-max Seat #3 is the button
Seat 1: Xenicide ($100 in chips) 
Seat 2: Sigg1207 ($151.11 in chips) 
Seat 3: rao999 ($108.50 in chips) 
Seat 4: Manifestorr ($133.12 in chips) 
Seat 5: Teonanancatl ($142.62 in chips) 
Seat 6: XneferX ($103.70 in chips) 
Manifestorr: posts small blind $0.50
Teonanancatl: posts big blind $1
*** HOLE CARDS ***
XneferX: folds 
Xenicide: folds 
Sigg1207: folds 
rao999: folds 
Manifestorr: folds 
Uncalled bet ($0.50) returned to Teonanancatl
Teonanancatl collected $1 from pot
Teonanancatl: doesn't show hand 
*** SUMMARY ***
Total pot $1 | Rake $0 
Seat 1: Xenicide folded before Flop (didn't bet)
Seat 2: Sigg1207 folded before Flop (didn't bet)
Seat 3: rao999 (button) folded before Flop (didn't bet)
Seat 4: Manifestorr (small blind) folded before Flop
Seat 5: Teonanancatl (big blind) collected ($1)
Seat 6: XneferX folded before Flop (didn't bet)



PokerStars Hand #254775597322:  Hold'em No Limit ($0.50/$1.00 USD) - 2025/02/08 0:33:38 WET [2025/02/08 19:33:38 ET]
Table 'Chacornac II' 6-max Seat #4 is the button
Seat 1: Xenicide ($100 in chips) 
Seat 2: Sigg1207 ($151.11 in chips) 
Seat 3: rao999 ($108.50 in chips) 
Seat 4: Manifestorr ($132.62 in chips) 
Seat 5: Teonanancatl ($143.12 in chips) 
Seat 6: XneferX ($103.70 in chips) 
Teonanancatl: posts small blind $0.50
XneferX: posts big blind $1
*** HOLE CARDS ***
Xenicide: folds 
Sigg1207: folds 
rao999: raises $1.50 to $2.50
Manifestorr: folds 
Teonanancatl: folds 
XneferX: folds 
Uncalled bet ($1.50) returned to rao999
rao999 collected $2.50 from pot
rao999: doesn't show hand 
*** SUMMARY ***
Total pot $2.50 | Rake $0 
Seat 1: Xenicide folded before Flop (didn't bet)
Seat 2: Sigg1207 folded before Flop (didn't bet)
Seat 3: rao999 collected ($2.50)
Seat 4: Manifestorr (button) folded before Flop (didn't bet)
Seat 5: Teonanancatl (small blind) folded before Flop
Seat 6: XneferX (big blind) folded before Flop



PokerStars Hand #254775602724:  Hold'em No Limit ($0.50/$1.00 USD) - 2025/02/08 0:34:04 WET [2025/02/08 19:34:04 ET]
Table 'Chacornac II' 6-max Seat #5 is the button
Seat 1: Xenicide ($100 in chips) 
Seat 2: Sigg1207 ($151.11 in chips) 
Seat 3: rao999 ($110 in chips) 
Seat 4: Manifestorr ($132.62 in chips) 
Seat 5: Teonanancatl ($142.62 in chips) 
Seat 6: XneferX ($102.70 in chips) 
XneferX: posts small blind $0.50
Xenicide: posts big blind $1
*** HOLE CARDS ***
Sigg1207: folds 
rao999: raises $1.50 to $2.50
Manifestorr: folds 
Teonanancatl: folds 
XneferX: folds 
Xenicide: folds 
Uncalled bet ($1.50) returned to rao999
rao999 collected $2.50 from pot
rao999: doesn't show hand 
*** SUMMARY ***
Total pot $2.50 | Rake $0 
Seat 1: Xenicide (big blind) folded before Flop
Seat 2: Sigg1207 folded before Flop (didn't bet)
Seat 3: rao999 collected ($2.50)
Seat 4: Manifestorr folded before Flop (didn't bet)
Seat 5: Teonanancatl (button) folded before Flop (didn't bet)
Seat 6: XneferX (small blind) folded before Flop



PokerStars Hand #254775607495:  Hold'em No Limit ($0.50/$1.00 USD) - 2025/02/08 0:34:27 WET [2025/02/08 19:34:27 ET]
Table 'Chacornac II' 6-max Seat #6 is the button
Seat 1: Xenicide ($100 in chips) 
Seat 2: Sigg1207 ($151.11 in chips) 
Seat 3: rao999 ($111.50 in chips) 
Seat 4: Manifestorr ($132.62 in chips) 
Seat 5: Teonanancatl ($142.62 in chips) 
Seat 6: XneferX ($102.20 in chips) 
Xenicide: posts small blind $0.50
Sigg1207: posts big blind $1
*** HOLE CARDS ***
rao999: folds 
Manifestorr: folds 
Teonanancatl: folds 
XneferX: folds 
Xenicide: raises $2.50 to $3.50
Sigg1207: folds 
Uncalled bet ($2.50) returned to Xenicide
Xenicide collected $2 from pot
*** SUMMARY ***
Total pot $2 | Rake $0 
Seat 1: Xenicide (small blind) collected ($2)
Seat 2: Sigg1207 (big blind) folded before Flop
Seat 3: rao999 folded before Flop (didn't bet)
Seat 4: Manifestorr folded before Flop (didn't bet)
Seat 5: Teonanancatl folded before Flop (didn't bet)
Seat 6: XneferX (button) folded before Flop (didn't bet)



PokerStars Hand #254775614187:  Hold'em No Limit ($0.50/$1.00 USD) - 2025/02/08 0:34:58 WET [2025/02/08 19:34:58 ET]
Table 'Chacornac II' 6-max Seat #1 is the button
Seat 1: Xenicide ($101 in chips) 
Seat 2: Sigg1207 ($150.11 in chips) 
Seat 3: rao999 ($111.50 in chips) 
Seat 4: Manifestorr ($132.62 in chips) 
Seat 5: Teonanancatl ($142.62 in chips) 
Seat 6: XneferX ($102.20 in chips) 
Sigg1207: posts small blind $0.50
rao999: posts big blind $1
*** HOLE CARDS ***
Manifestorr: folds 
Teonanancatl: raises $2.50 to $3.50
XneferX: folds 
Xenicide: folds 
Sigg1207: folds 
rao999: folds 
Uncalled bet ($2.50) returned to Teonanancatl
Teonanancatl collected $2.50 from pot
Teonanancatl: doesn't show hand 
*** SUMMARY ***
Total pot $2.50 | Rake $0 
Seat 1: Xenicide (button) folded before Flop (didn't bet)
Seat 2: Sigg1207 (small blind) folded before Flop
Seat 3: rao999 (big blind) folded before Flop
Seat 4: Manifestorr folded before Flop (didn't bet)
Seat 5: Teonanancatl collected ($2.50)
Seat 6: XneferX folded before Flop (didn't bet)



PokerStars Hand #254775618084:  Hold'em No Limit ($0.50/$1.00 USD) - 2025/02/08 0:35:16 WET [2025/02/08 19:35:16 ET]
Table 'Chacornac II' 6-max Seat #2 is the button
Seat 1: Xenicide ($101 in chips) 
Seat 2: Sigg1207 ($149.61 in chips) 
Seat 3: rao999 ($110.50 in chips) 
Seat 4: Manifestorr ($132.62 in chips) 
Seat 5: Teonanancatl ($144.12 in chips) 
Seat 6: XneferX ($102.20 in chips) 
rao999: posts small blind $0.50
Manifestorr: posts big blind $1
*** HOLE CARDS ***
Teonanancatl: raises $2 to $3
XneferX: folds 
Xenicide: folds 
Sigg1207: calls $3
rao999: folds 
Manifestorr: folds 
*** FLOP *** [Kh 3h 5d]
Teonanancatl: bets $7.12
Sigg1207: folds 
Uncalled bet ($7.12) returned to Teonanancatl
Teonanancatl collected $7.12 from pot
Teonanancatl: doesn't show hand 
*** SUMMARY ***
Total pot $7.50 | Rake $0.38 
Board [Kh 3h 5d]
Seat 1: Xenicide folded before Flop (didn't bet)
Seat 2: Sigg1207 (button) folded on the Flop
Seat 3: rao999 (small blind) folded before Flop
Seat 4: Manifestorr (big blind) folded before Flop
Seat 5: Teonanancatl collected ($7.12)
Seat 6: XneferX folded before Flop (didn't bet)



PokerStars Hand #254775624944:  Hold'em No Limit ($0.50/$1.00 USD) - 2025/02/08 0:35:49 WET [2025/02/08 19:35:49 ET]
Table 'Chacornac II' 6-max Seat #3 is the button
Seat 1: Xenicide ($101 in chips) 
Seat 2: Sigg1207 ($146.61 in chips) 
Seat 3: rao999 ($110 in chips) 
Seat 4: Manifestorr ($131.62 in chips) 
Seat 5: Teonanancatl ($148.24 in chips) 
Seat 6: XneferX ($102.20 in chips) 
Manifestorr: posts small blind $0.50
Teonanancatl: posts big blind $1
*** HOLE CARDS ***
XneferX: folds 
Xenicide: raises $1 to $2
Sigg1207: folds 
rao999: calls $2
Manifestorr: raises $11 to $13
Teonanancatl: folds 
Xenicide: folds 
rao999: calls $11
*** FLOP *** [6s 9c Qc]
Manifestorr: bets $9.59
rao999: calls $9.59
*** TURN *** [6s 9c Qc] [Th]
Manifestorr: checks 
rao999: checks 
*** RIVER *** [6s 9c Qc Th] [Ks]
Manifestorr: checks 
rao999: checks 
*** SHOW DOWN ***
Manifestorr: shows [Ac As] (a pair of Aces)
rao999: mucks hand 
Manifestorr collected $45.77 from pot
*** SUMMARY ***
Total pot $48.18 | Rake $2.41 
Board [6s 9c Qc Th Ks]
Seat 1: Xenicide folded before Flop
Seat 2: Sigg1207 folded before Flop (didn't bet)
Seat 3: rao999 (button) mucked
Seat 4: Manifestorr (small blind) showed [Ac As] and won ($45.77) with a pair of Aces
Seat 5: Teonanancatl (big blind) folded before Flop
Seat 6: XneferX folded before Flop (didn't bet)



PokerStars Hand #254775640684:  Hold'em No Limit ($0.50/$1.00 USD) - 2025/02/08 0:37:05 WET [2025/02/08 19:37:05 ET]
Table 'Chacornac II' 6-max Seat #4 is the button
Seat 1: Xenicide ($100 in chips) 
Seat 2: Sigg1207 ($146.61 in chips) 
Seat 3: rao999 ($100 in chips) 
Seat 4: Manifestorr ($154.80 in chips) 
Seat 5: Teonanancatl ($147.24 in chips) 
Seat 6: XneferX ($102.20 in chips) 
Teonanancatl: posts small blind $0.50
XneferX: posts big blind $1
*** HOLE CARDS ***
Xenicide: folds 
Sigg1207: folds 
rao999: folds 
Manifestorr: raises $1.20 to $2.20
Teonanancatl: folds 
XneferX: calls $1.20
*** FLOP *** [9h Qs Js]
XneferX: checks 
Manifestorr: bets $6.29
XneferX: folds 
Uncalled bet ($6.29) returned to Manifestorr
Manifestorr collected $4.66 from pot
*** SUMMARY ***
Total pot $4.90 | Rake $0.24 
Board [9h Qs Js]
Seat 1: Xenicide folded before Flop (didn't bet)
Seat 2: Sigg1207 folded before Flop (didn't bet)
Seat 3: rao999 folded before Flop (didn't bet)
Seat 4: Manifestorr (button) collected ($4.66)
Seat 5: Teonanancatl (small blind) folded before Flop
Seat 6: XneferX (big blind) folded on the Flop



PokerStars Hand #254776257482:  Hold'em No Limit ($0.50/$1.00 USD) - 2025/02/08 0:46:45 WET [2025/02/08 19:46:45 ET]
Table 'Chacornac II' 6-max Seat #6 is the button
Seat 1: Xenicide ($100 in chips) 
Seat 2: Sigg1207 ($140.03 in chips) 
Seat 3: rao999 ($104.50 in chips) 
Seat 4: Manifestorr ($117.09 in chips) 
Seat 5: Teonanancatl ($195.39 in chips) 
Seat 6: XneferX ($104.45 in chips) 
Xenicide: posts small blind $0.50
Sigg1207: posts big blind $1
*** HOLE CARDS ***
rao999: folds 
Manifestorr: folds 
Teonanancatl: raises $2 to $3
XneferX: folds 
Xenicide: raises $7.50 to $10.50
Sigg1207: folds 
Teonanancatl: folds 
Uncalled bet ($7.50) returned to Xenicide
Xenicide collected $7 from pot
*** SUMMARY ***
Total pot $7 | Rake $0 
Seat 1: Xenicide (small blind) collected ($7)
Seat 2: Sigg1207 (big blind) folded before Flop
Seat 3: rao999 folded before Flop (didn't bet)
Seat 4: Manifestorr folded before Flop (didn't bet)
Seat 5: Teonanancatl folded before Flop
Seat 6: XneferX (button) folded before Flop (didn't bet)



PokerStars Hand #254776268171:  Hold'em No Limit ($0.50/$1.00 USD) - 2025/02/08 0:47:39 WET [2025/02/08 19:47:39 ET]
Table 'Chacornac II' 6-max Seat #1 is the button
Seat 1: Xenicide ($104 in chips) 
Seat 2: Sigg1207 ($139.03 in chips) 
Seat 3: rao999 ($104.50 in chips) 
Seat 4: Manifestorr ($117.09 in chips) 
Seat 5: Teonanancatl ($192.39 in chips) 
Seat 6: XneferX ($104.45 in chips) 
Sigg1207: posts small blind $0.50
rao999: posts big blind $1
*** HOLE CARDS ***
Manifestorr: folds 
Teonanancatl: folds 
XneferX: folds 
Xenicide: raises $1.25 to $2.25
Sigg1207: calls $1.75
rao999: calls $1.25
*** FLOP *** [2h Tc 7h]
Sigg1207: checks 
rao999: checks 
Xenicide: checks 
*** TURN *** [2h Tc 7h] [5c]
Sigg1207: checks 
rao999: checks 
Xenicide: checks 
*** RIVER *** [2h Tc 7h 5c] [8d]
Sigg1207: bets $5
rao999: folds 
Xenicide: folds 
Uncalled bet ($5) returned to Sigg1207
Sigg1207 collected $6.41 from pot
Sigg1207: doesn't show hand 
*** SUMMARY ***
Total pot $6.75 | Rake $0.34 
Board [2h Tc 7h 5c 8d]
Seat 1: Xenicide (button) folded on the River
Seat 2: Sigg1207 (small blind) collected ($6.41)
Seat 3: rao999 (big blind) folded on the River
Seat 4: Manifestorr folded before Flop (didn't bet)
Seat 5: Teonanancatl folded before Flop (didn't bet)
Seat 6: XneferX folded before Flop (didn't bet)



PokerStars Hand #254776283851:  Hold'em No Limit ($0.50/$1.00 USD) - 2025/02/08 0:48:59 WET [2025/02/08 19:48:59 ET]
Table 'Chacornac II' 6-max Seat #2 is the button
Seat 1: Xenicide ($101.75 in chips) 
Seat 2: Sigg1207 ($143.19 in chips) 
Seat 3: rao999 ($102.25 in chips) 
Seat 4: Manifestorr ($117.09 in chips) 
Seat 5: Teonanancatl ($192.39 in chips) 
Seat 6: XneferX ($104.45 in chips) 
rao999: posts small blind $0.50
Manifestorr: posts big blind $1
*** HOLE CARDS ***
Teonanancatl: raises $2 to $3
XneferX: folds 
Xenicide: folds 
Sigg1207: folds 
rao999: folds 
Manifestorr: folds 
Uncalled bet ($2) returned to Teonanancatl
Teonanancatl collected $2.50 from pot
Teonanancatl: doesn't show hand 
*** SUMMARY ***
Total pot $2.50 | Rake $0 
Seat 1: Xenicide folded before Flop (didn't bet)
Seat 2: Sigg1207 (button) folded before Flop (didn't bet)
Seat 3: rao999 (small blind) folded before Flop
Seat 4: Manifestorr (big blind) folded before Flop
Seat 5: Teonanancatl collected ($2.50)
Seat 6: XneferX folded before Flop (didn't bet)



PokerStars Hand #254776290356:  Hold'em No Limit ($0.50/$1.00 USD) - 2025/02/08 0:49:32 WET [2025/02/08 19:49:32 ET]
Table 'Chacornac II' 6-max Seat #3 is the button
Seat 1: Xenicide ($101.75 in chips) 
Seat 2: Sigg1207 ($143.19 in chips) 
Seat 3: rao999 ($101.75 in chips) 
Seat 4: Manifestorr ($116.09 in chips) 
Seat 5: Teonanancatl ($193.89 in chips) 
Seat 6: XneferX ($104.45 in chips) 
Manifestorr: posts small blind $0.50
Teonanancatl: posts big blind $1
*** HOLE CARDS ***
XneferX: raises $1.10 to $2.10
Xenicide: folds 
Sigg1207: folds 
rao999: folds 
Manifestorr: raises $8.90 to $11
Teonanancatl: folds 
XneferX: calls $8.90
*** FLOP *** [Ac Qh 6c]
Manifestorr: bets $7.21
XneferX: folds 
Uncalled bet ($7.21) returned to Manifestorr
Manifestorr collected $21.85 from pot
*** SUMMARY ***
Total pot $23 | Rake $1.15 
Board [Ac Qh 6c]
Seat 1: Xenicide folded before Flop (didn't bet)
Seat 2: Sigg1207 folded before Flop (didn't bet)
Seat 3: rao999 (button) folded before Flop (didn't bet)
Seat 4: Manifestorr (small blind) collected ($21.85)
Seat 5: Teonanancatl (big blind) folded before Flop
Seat 6: XneferX folded on the Flop



PokerStars Hand #254776300717:  Hold'em No Limit ($0.50/$1.00 USD) - 2025/02/08 0:50:25 WET [2025/02/08 19:50:25 ET]
Table 'Chacornac II' 6-max Seat #4 is the button
Seat 1: Xenicide ($101.75 in chips) 
Seat 2: Sigg1207 ($143.19 in chips) 
Seat 3: rao999 ($101.75 in chips) 
Seat 4: Manifestorr ($126.94 in chips) 
Seat 5: Teonanancatl ($192.89 in chips) 
Seat 6: XneferX ($100 in chips) 
Teonanancatl: posts small blind $0.50
XneferX: posts big blind $1
*** HOLE CARDS ***
Xenicide: raises $1 to $2
Sigg1207: folds 
rao999: folds 
Manifestorr: folds 
Teonanancatl: folds 
XneferX: folds 
Uncalled bet ($1) returned to Xenicide
Xenicide collected $2.50 from pot
*** SUMMARY ***
Total pot $2.50 | Rake $0 
Seat 1: Xenicide collected ($2.50)
Seat 2: Sigg1207 folded before Flop (didn't bet)
Seat 3: rao999 folded before Flop (didn't bet)
Seat 4: Manifestorr (button) folded before Flop (didn't bet)
Seat 5: Teonanancatl (small blind) folded before Flop
Seat 6: XneferX (big blind) folded before Flop



PokerStars Hand #254776304483:  Hold'em No Limit ($0.50/$1.00 USD) - 2025/02/08 0:50:44 WET [2025/02/08 19:50:44 ET]
Table 'Chacornac II' 6-max Seat #5 is the button
Seat 1: Xenicide ($103.25 in chips) 
Seat 2: Sigg1207 ($143.19 in chips) 
Seat 3: rao999 ($101.75 in chips) 
Seat 4: Manifestorr ($126.94 in chips) 
Seat 5: Teonanancatl ($192.39 in chips) 
Seat 6: XneferX ($100 in chips) 
XneferX: posts small blind $0.50
Xenicide: posts big blind $1
*** HOLE CARDS ***
Sigg1207: folds 
rao999: folds 
Manifestorr: raises $1.20 to $2.20
Teonanancatl: folds 
XneferX: folds 
Xenicide: folds 
Uncalled bet ($1.20) returned to Manifestorr
Manifestorr collected $2.50 from pot
*** SUMMARY ***
Total pot $2.50 | Rake $0 
Seat 1: Xenicide (big blind) folded before Flop
Seat 2: Sigg1207 folded before Flop (didn't bet)
Seat 3: rao999 folded before Flop (didn't bet)
Seat 4: Manifestorr collected ($2.50)
Seat 5: Teonanancatl (button) folded before Flop (didn't bet)
Seat 6: XneferX (small blind) folded before Flop



PokerStars Hand #254776310051:  Hold'em No Limit ($0.50/$1.00 USD) - 2025/02/08 0:51:13 WET [2025/02/08 19:51:13 ET]
Table 'Chacornac II' 6-max Seat #6 is the button
Seat 1: Xenicide ($102.25 in chips) 
Seat 2: Sigg1207 ($143.19 in chips) 
Seat 3: rao999 ($101.75 in chips) 
Seat 4: Manifestorr ($128.44 in chips) 
Seat 5: Teonanancatl ($192.39 in chips) 
Seat 6: XneferX ($100 in chips) 
Xenicide: posts small blind $0.50
Sigg1207: posts big blind $1
*** HOLE CARDS ***
rao999: raises $1.50 to $2.50
Manifestorr: folds 
Teonanancatl: folds 
XneferX: folds 
Xenicide: folds 
Sigg1207: calls $1.50
*** FLOP *** [Qs Kc 3s]
Sigg1207: checks 
rao999: bets $1.72
Sigg1207: calls $1.72
*** TURN *** [Qs Kc 3s] [7d]
Sigg1207: checks 
rao999: bets $6.37
Sigg1207: calls $6.37
*** RIVER *** [Qs Kc 3s 7d] [Qh]
Sigg1207: checks 
rao999: checks 
*** SHOW DOWN ***
Sigg1207: shows [9c Ts] (a pair of Queens)
rao999: shows [Kh 7h] (two pair, Kings and Queens)
rao999 collected $20.60 from pot
*** SUMMARY ***
Total pot $21.68 | Rake $1.08 
Board [Qs Kc 3s 7d Qh]
Seat 1: Xenicide (small blind) folded before Flop
Seat 2: Sigg1207 (big blind) showed [9c Ts] and lost with a pair of Queens
Seat 3: rao999 showed [Kh 7h] and won ($20.60) with two pair, Kings and Queens
Seat 4: Manifestorr folded before Flop (didn't bet)
Seat 5: Teonanancatl folded before Flop (didn't bet)
Seat 6: XneferX (button) folded before Flop (didn't bet)



PokerStars Hand #254776316569:  Hold'em No Limit ($0.50/$1.00 USD) - 2025/02/08 0:51:46 WET [2025/02/08 19:51:46 ET]
Table 'Chacornac II' 6-max Seat #1 is the button
Seat 1: Xenicide ($101.75 in chips) 
Seat 2: Sigg1207 ($132.60 in chips) 
Seat 3: rao999 ($111.76 in chips) 
Seat 4: Manifestorr ($128.44 in chips) 
Seat 5: Teonanancatl ($192.39 in chips) 
Seat 6: XneferX ($100 in chips) 
Sigg1207: posts small blind $0.50
rao999: posts big blind $1
*** HOLE CARDS ***
Manifestorr: folds 
Teonanancatl: folds 
XneferX: folds 
Xenicide: folds 
Sigg1207: folds 
Uncalled bet ($0.50) returned to rao999
rao999 collected $1 from pot
rao999: doesn't show hand 
*** SUMMARY ***
Total pot $1 | Rake $0 
Seat 1: Xenicide (button) folded before Flop (didn't bet)
Seat 2: Sigg1207 (small blind) folded before Flop
Seat 3: rao999 (big blind) collected ($1)
Seat 4: Manifestorr folded before Flop (didn't bet)
Seat 5: Teonanancatl folded before Flop (didn't bet)
Seat 6: XneferX folded before Flop (didn't bet)



PokerStars Hand #254776319247:  Hold'em No Limit ($0.50/$1.00 USD) - 2025/02/08 0:52:01 WET [2025/02/08 19:52:01 ET]
Table 'Chacornac II' 6-max Seat #2 is the button
Seat 1: Xenicide ($101.75 in chips) 
Seat 2: Sigg1207 ($132.10 in chips) 
Seat 3: rao999 ($112.26 in chips) 
Seat 4: Manifestorr ($128.44 in chips) 
Seat 5: Teonanancatl ($192.39 in chips) 
Seat 6: XneferX ($100 in chips) 
rao999: posts small blind $0.50
Manifestorr: posts big blind $1
*** HOLE CARDS ***
Teonanancatl: folds 
XneferX: folds 
Xenicide: folds 
Sigg1207: folds 
rao999: folds 
Uncalled bet ($0.50) returned to Manifestorr
Manifestorr collected $1 from pot
*** SUMMARY ***
Total pot $1 | Rake $0 
Seat 1: Xenicide folded before Flop (didn't bet)
Seat 2: Sigg1207 (button) folded before Flop (didn't bet)
Seat 3: rao999 (small blind) folded before Flop
Seat 4: Manifestorr (big blind) collected ($1)
Seat 5: Teonanancatl folded before Flop (didn't bet)
Seat 6: XneferX folded before Flop (didn't bet)



PokerStars Hand #254776322981:  Hold'em No Limit ($0.50/$1.00 USD) - 2025/02/08 0:52:20 WET [2025/02/08 19:52:20 ET]
Table 'Chacornac II' 6-max Seat #3 is the button
Seat 5: Teonanancatl ($192.39 in chips) is sitting out
Seat 1: Xenicide ($101.75 in chips) 
Seat 2: Sigg1207 ($132.10 in chips) 
Seat 3: rao999 ($111.76 in chips) 
Seat 4: Manifestorr ($128.94 in chips) 
Seat 6: XneferX ($100 in chips) 
Manifestorr: posts small blind $0.50
Teonanancatl: is sitting out 
Teonanancatl leaves the table
XneferX: posts big blind $1
*** HOLE CARDS ***
Xenicide: raises $1 to $2
Sigg1207: folds 
rao999: folds 
Manifestorr: folds 
CEPTT joins the table at seat #5 
XneferX: folds 
Uncalled bet ($1) returned to Xenicide
Xenicide collected $2.50 from pot
*** SUMMARY ***
Total pot $2.50 | Rake $0 
Seat 5: Teonanancatl
Seat 1: Xenicide collected ($2.50)
Seat 2: Sigg1207 folded before Flop (didn't bet)
Seat 3: rao999 (button) folded before Flop (didn't bet)
Seat 4: Manifestorr (small blind) folded before Flop
Seat 6: XneferX (big blind) folded before Flop



PokerStars Hand #254776327704:  Hold'em No Limit ($0.50/$1.00 USD) - 2025/02/08 0:52:44 WET [2025/02/08 19:52:44 ET]
Table 'Chacornac II' 6-max Seat #4 is the button
Seat 5: CEPTT ($100 in chips) is sitting out
Seat 1: Xenicide ($103.25 in chips) 
Seat 2: Sigg1207 ($132.10 in chips) 
Seat 3: rao999 ($111.76 in chips) 
Seat 4: Manifestorr ($128.44 in chips) 
Seat 6: XneferX ($100 in chips) 
XneferX: posts small blind $0.50
Xenicide: posts big blind $1
*** HOLE CARDS ***
Sigg1207: calls $1
rao999: folds 
Manifestorr: folds 
XneferX: folds 
Xenicide: checks 
*** FLOP *** [5d Ks Jd]
Xenicide: checks 
Sigg1207: checks 
*** TURN *** [5d Ks Jd] [8d]
Xenicide: checks 
Sigg1207: checks 
*** RIVER *** [5d Ks Jd 8d] [9h]
Xenicide: checks 
Sigg1207: checks 
*** SHOW DOWN ***
Xenicide: shows [As 4d] (high card Ace)
Sigg1207: shows [Qh 9c] (a pair of Nines)
Sigg1207 collected $2.38 from pot
*** SUMMARY ***
Total pot $2.50 | Rake $0.12 
Board [5d Ks Jd 8d 9h]
Seat 5: CEPTT
Seat 1: Xenicide (big blind) showed [As 4d] and lost with high card Ace
Seat 2: Sigg1207 showed [Qh 9c] and won ($2.38) with a pair of Nines
Seat 3: rao999 folded before Flop (didn't bet)
Seat 4: Manifestorr (button) folded before Flop (didn't bet)
Seat 6: XneferX (small blind) folded before Flop



PokerStars Hand #254776332905:  Hold'em No Limit ($0.50/$1.00 USD) - 2025/02/08 0:53:11 WET [2025/02/08 19:53:11 ET]
Table 'Chacornac II' 6-max Seat #6 is the button
Seat 5: CEPTT ($100 in chips) is sitting out
Seat 1: Xenicide ($102.25 in chips) 
Seat 2: Sigg1207 ($133.48 in chips) 
Seat 3: rao999 ($111.76 in chips) 
Seat 4: Manifestorr ($128.44 in chips) 
Seat 6: XneferX ($100 in chips) 
Xenicide: posts small blind $0.50
Sigg1207: posts big blind $1
CEPTT: sits out 
*** HOLE CARDS ***
rao999: folds 
Manifestorr: raises $1.20 to $2.20
XneferX: raises $4.80 to $7
Xenicide: folds 
Sigg1207: folds 
Manifestorr: raises $16 to $23
XneferX: calls $16
*** FLOP *** [Js 4s Ts]
Manifestorr: checks 
XneferX: checks 
*** TURN *** [Js 4s Ts] [8d]
Manifestorr: bets $15.39
XneferX: folds 
Uncalled bet ($15.39) returned to Manifestorr
Manifestorr collected $45.12 from pot
*** SUMMARY ***
Total pot $47.50 | Rake $2.38 
Board [Js 4s Ts 8d]
Seat 5: CEPTT
Seat 1: Xenicide (small blind) folded before Flop
Seat 2: Sigg1207 (big blind) folded before Flop
Seat 3: rao999 folded before Flop (didn't bet)
Seat 4: Manifestorr collected ($45.12)
Seat 6: XneferX (button) folded on the Turn



PokerStars Hand #254776349849:  Hold'em No Limit ($0.50/$1.00 USD) - 2025/02/08 0:54:41 WET [2025/02/08 19:54:41 ET]
Table 'Chacornac II' 6-max Seat #1 is the button
Seat 5: CEPTT ($100 in chips) is sitting out
Seat 1: Xenicide ($101.75 in chips) 
Seat 2: Sigg1207 ($132.48 in chips) 
Seat 3: rao999 ($111.76 in chips) 
Seat 4: Manifestorr ($150.56 in chips) 
Seat 6: XneferX ($100 in chips) 
Sigg1207: posts small blind $0.50
rao999: posts big blind $1
CEPTT: sits out 
*** HOLE CARDS ***
Manifestorr: folds 
XneferX: raises $1.30 to $2.30
Xenicide: folds 
Sigg1207: raises $1.30 to $3.60
rao999: folds 
XneferX: calls $1.30
*** FLOP *** [7s 7d Ad]
Sigg1207: bets $5
XneferX: folds 
Uncalled bet ($5) returned to Sigg1207
Sigg1207 collected $7.79 from pot
Sigg1207: doesn't show hand 
*** SUMMARY ***
Total pot $8.20 | Rake $0.41 
Board [7s 7d Ad]
Seat 5: CEPTT
Seat 1: Xenicide (button) folded before Flop (didn't bet)
Seat 2: Sigg1207 (small blind) collected ($7.79)
Seat 3: rao999 (big blind) folded before Flop
Seat 4: Manifestorr folded before Flop (didn't bet)
Seat 6: XneferX folded on the Flop



PokerStars Hand #254776357500:  Hold'em No Limit ($0.50/$1.00 USD) - 2025/02/08 0:55:27 WET [2025/02/08 19:55:27 ET]
Table 'Chacornac II' 6-max Seat #2 is the button
Seat 5: CEPTT ($100 in chips) is sitting out
Seat 1: Xenicide ($101.75 in chips) 
Seat 2: Sigg1207 ($136.67 in chips) 
Seat 3: rao999 ($110.76 in chips) 
Seat 4: Manifestorr ($150.56 in chips) 
Seat 6: XneferX ($100 in chips) 
rao999: posts small blind $0.50
Manifestorr: posts big blind $1
CEPTT: sits out 
*** HOLE CARDS ***
XneferX: folds 
Xenicide: folds 
Sigg1207: folds 
rao999: folds 
Uncalled bet ($0.50) returned to Manifestorr
Manifestorr collected $1 from pot
*** SUMMARY ***
Total pot $1 | Rake $0 
Seat 5: CEPTT
Seat 1: Xenicide folded before Flop (didn't bet)
Seat 2: Sigg1207 (button) folded before Flop (didn't bet)
Seat 3: rao999 (small blind) folded before Flop
Seat 4: Manifestorr (big blind) collected ($1)
Seat 6: XneferX folded before Flop (didn't bet)



PokerStars Hand #254776359759:  Hold'em No Limit ($0.50/$1.00 USD) - 2025/02/08 0:55:42 WET [2025/02/08 19:55:42 ET]
Table 'Chacornac II' 6-max Seat #3 is the button
Seat 1: Xenicide ($101.75 in chips) 
Seat 2: Sigg1207 ($136.67 in chips) 
Seat 3: rao999 ($110.26 in chips) 
Seat 4: Manifestorr ($151.06 in chips) 
Seat 5: CEPTT ($100 in chips) 
Seat 6: XneferX ($100 in chips) 
Manifestorr: posts small blind $0.50
CEPTT: posts big blind $1
*** HOLE CARDS ***
XneferX: folds 
Xenicide: folds 
Sigg1207: folds 
rao999: folds 
Manifestorr: folds 
Uncalled bet ($0.50) returned to CEPTT
CEPTT collected $1 from pot
CEPTT: doesn't show hand 
*** SUMMARY ***
Total pot $1 | Rake $0 
Seat 1: Xenicide folded before Flop (didn't bet)
Seat 2: Sigg1207 folded before Flop (didn't bet)
Seat 3: rao999 (button) folded before Flop (didn't bet)
Seat 4: Manifestorr (small blind) folded before Flop
Seat 5: CEPTT (big blind) collected ($1)
Seat 6: XneferX folded before Flop (didn't bet)



PokerStars Hand #254776364006:  Hold'em No Limit ($0.50/$1.00 USD) - 2025/02/08 0:56:10 WET [2025/02/08 19:56:10 ET]
Table 'Chacornac II' 6-max Seat #4 is the button
Seat 1: Xenicide ($101.75 in chips) 
Seat 2: Sigg1207 ($136.67 in chips) 
Seat 3: rao999 ($110.26 in chips) 
Seat 4: Manifestorr ($150.56 in chips) 
Seat 5: CEPTT ($100.50 in chips) 
Seat 6: XneferX ($100 in chips) 
CEPTT: posts small blind $0.50
XneferX: posts big blind $1
*** HOLE CARDS ***
Xenicide: folds 
Sigg1207: folds 
rao999: folds 
Manifestorr: raises $1.20 to $2.20
CEPTT: folds 
XneferX: folds 
Uncalled bet ($1.20) returned to Manifestorr
Manifestorr collected $2.50 from pot
*** SUMMARY ***
Total pot $2.50 | Rake $0 
Seat 1: Xenicide folded before Flop (didn't bet)
Seat 2: Sigg1207 folded before Flop (didn't bet)
Seat 3: rao999 folded before Flop (didn't bet)
Seat 4: Manifestorr (button) collected ($2.50)
Seat 5: CEPTT (small blind) folded before Flop
Seat 6: XneferX (big blind) folded before Flop



PokerStars Hand #254776368040:  Hold'em No Limit ($0.50/$1.00 USD) - 2025/02/08 0:56:36 WET [2025/02/08 19:56:36 ET]
Table 'Chacornac II' 6-max Seat #5 is the button
Seat 1: Xenicide ($101.75 in chips) 
Seat 2: Sigg1207 ($136.67 in chips) 
Seat 3: rao999 ($110.26 in chips) 
Seat 4: Manifestorr ($152.06 in chips) 
Seat 5: CEPTT ($100 in chips) 
Seat 6: XneferX ($100 in chips) 
XneferX: posts small blind $0.50
Xenicide: posts big blind $1
*** HOLE CARDS ***
Sigg1207: folds 
rao999: folds 
Manifestorr: folds 
CEPTT: folds 
XneferX: folds 
Uncalled bet ($0.50) returned to Xenicide
Xenicide collected $1 from pot
*** SUMMARY ***
Total pot $1 | Rake $0 
Seat 1: Xenicide (big blind) collected ($1)
Seat 2: Sigg1207 folded before Flop (didn't bet)
Seat 3: rao999 folded before Flop (didn't bet)
Seat 4: Manifestorr folded before Flop (didn't bet)
Seat 5: CEPTT (button) folded before Flop (didn't bet)
Seat 6: XneferX (small blind) folded before Flop



PokerStars Hand #254776370423:  Hold'em No Limit ($0.50/$1.00 USD) - 2025/02/08 0:56:52 WET [2025/02/08 19:56:52 ET]
Table 'Chacornac II' 6-max Seat #6 is the button
Seat 1: Xenicide ($102.25 in chips) 
Seat 2: Sigg1207 ($136.67 in chips) 
Seat 3: rao999 ($110.26 in chips) 
Seat 4: Manifestorr ($152.06 in chips) 
Seat 5: CEPTT ($100 in chips) 
Seat 6: XneferX ($100 in chips) 
Xenicide: posts small blind $0.50
Sigg1207: posts big blind $1
*** HOLE CARDS ***
rao999: folds 
Manifestorr: folds 
CEPTT: folds 
XneferX: raises $1.77 to $2.77
Xenicide: folds 
Sigg1207: calls $1.77
*** FLOP *** [9d Jh Js]
Sigg1207: bets $3
XneferX: folds 
Uncalled bet ($3) returned to Sigg1207
Sigg1207 collected $5.74 from pot
Sigg1207: doesn't show hand 
*** SUMMARY ***
Total pot $6.04 | Rake $0.30 
Board [9d Jh Js]
Seat 1: Xenicide (small blind) folded before Flop
Seat 2: Sigg1207 (big blind) collected ($5.74)
Seat 3: rao999 folded before Flop (didn't bet)
Seat 4: Manifestorr folded before Flop (didn't bet)
Seat 5: CEPTT folded before Flop (didn't bet)
Seat 6: XneferX (button) folded on the Flop



PokerStars Hand #254776376682:  Hold'em No Limit ($0.50/$1.00 USD) - 2025/02/08 0:57:33 WET [2025/02/08 19:57:33 ET]
Table 'Chacornac II' 6-max Seat #1 is the button
Seat 1: Xenicide ($101.75 in chips) 
Seat 2: Sigg1207 ($139.64 in chips) 
Seat 3: rao999 ($110.26 in chips) 
Seat 4: Manifestorr ($152.06 in chips) 
Seat 5: CEPTT ($100 in chips) 
Seat 6: XneferX ($100 in chips) 
Sigg1207: posts small blind $0.50
rao999: posts big blind $1
*** HOLE CARDS ***
Manifestorr: folds 
CEPTT: folds 
XneferX: raises $1.30 to $2.30
Xenicide: folds 
Sigg1207: calls $1.80
rao999: folds 
*** FLOP *** [6h Jc 9h]
Sigg1207: bets $1
XneferX: folds 
Uncalled bet ($1) returned to Sigg1207
Sigg1207 collected $5.32 from pot
Sigg1207: doesn't show hand 
*** SUMMARY ***
Total pot $5.60 | Rake $0.28 
Board [6h Jc 9h]
Seat 1: Xenicide (button) folded before Flop (didn't bet)
Seat 2: Sigg1207 (small blind) collected ($5.32)
Seat 3: rao999 (big blind) folded before Flop
Seat 4: Manifestorr folded before Flop (didn't bet)
Seat 5: CEPTT folded before Flop (didn't bet)
Seat 6: XneferX folded on the Flop



PokerStars Hand #254776383300:  Hold'em No Limit ($0.50/$1.00 USD) - 2025/02/08 0:58:16 WET [2025/02/08 19:58:16 ET]
Table 'Chacornac II' 6-max Seat #2 is the button
Seat 1: Xenicide ($101.75 in chips) 
Seat 2: Sigg1207 ($142.66 in chips) 
Seat 3: rao999 ($109.26 in chips) 
Seat 4: Manifestorr ($152.06 in chips) 
Seat 5: CEPTT ($100 in chips) 
Seat 6: XneferX ($100 in chips) 
rao999: posts small blind $0.50
Manifestorr: posts big blind $1
*** HOLE CARDS ***
CEPTT: raises $1.25 to $2.25
XneferX: folds 
Xenicide: raises $4.25 to $6.50
Sigg1207: calls $6.50
rao999: folds 
Manifestorr: folds 
CEPTT: calls $4.25
*** FLOP *** [Ks 7c 8s]
CEPTT: checks 
Xenicide: checks 
Sigg1207: bets $6
CEPTT: calls $6
Xenicide: folds 
*** TURN *** [Ks 7c 8s] [9c]
CEPTT: checks 
Sigg1207: checks 
*** RIVER *** [Ks 7c 8s 9c] [7h]
CEPTT: checks 
Sigg1207: checks 
*** SHOW DOWN ***
CEPTT: shows [Tc Ts] (two pair, Tens and Sevens)
Sigg1207: mucks hand 
CEPTT collected $31.35 from pot
*** SUMMARY ***
Total pot $33 | Rake $1.65 
Board [Ks 7c 8s 9c 7h]
Seat 1: Xenicide folded on the Flop
Seat 2: Sigg1207 (button) mucked
Seat 3: rao999 (small blind) folded before Flop
Seat 4: Manifestorr (big blind) folded before Flop
Seat 5: CEPTT showed [Tc Ts] and won ($31.35) with two pair, Tens and Sevens
Seat 6: XneferX folded before Flop (didn't bet)



PokerStars Hand #254776399655:  Hold'em No Limit ($0.50/$1.00 USD) - 2025/02/08 1:00:03 WET [2025/02/08 20:00:03 ET]
Table 'Chacornac II' 6-max Seat #3 is the button
Seat 4: Manifestorr ($151.06 in chips) is sitting out
Seat 1: Xenicide ($100 in chips) 
Seat 2: Sigg1207 ($130.16 in chips) 
Seat 3: rao999 ($108.76 in chips) 
Seat 5: CEPTT ($118.85 in chips) 
Seat 6: XneferX ($100 in chips) 
CEPTT: posts small blind $0.50
XneferX: posts big blind $1
*** HOLE CARDS ***
Xenicide: folds 
Sigg1207: folds 
rao999: folds 
CEPTT: raises $2 to $3
XneferX: folds 
Uncalled bet ($2) returned to CEPTT
CEPTT collected $2 from pot
CEPTT: doesn't show hand 
*** SUMMARY ***
Total pot $2 | Rake $0 
Seat 4: Manifestorr
Seat 1: Xenicide folded before Flop (didn't bet)
Seat 2: Sigg1207 folded before Flop (didn't bet)
Seat 3: rao999 (button) folded before Flop (didn't bet)
Seat 5: CEPTT (small blind) collected ($2)
Seat 6: XneferX (big blind) folded before Flop



PokerStars Hand #254776405254:  Hold'em No Limit ($0.50/$1.00 USD) - 2025/02/08 1:00:37 WET [2025/02/08 20:00:37 ET]
Table 'Chacornac II' 6-max Seat #5 is the button
Seat 4: Manifestorr ($151.06 in chips) is sitting out
Seat 1: Xenicide ($100 in chips) 
Seat 2: Sigg1207 ($130.16 in chips) 
Seat 3: rao999 ($108.76 in chips) 
Seat 5: CEPTT ($119.85 in chips) 
Seat 6: XneferX ($100 in chips) 
XneferX: posts small blind $0.50
Xenicide: posts big blind $1
*** HOLE CARDS ***
Sigg1207: folds 
rao999: folds 
CEPTT: folds 
XneferX: raises $2 to $3
Xenicide: folds 
Uncalled bet ($2) returned to XneferX
XneferX collected $2 from pot
XneferX: doesn't show hand 
*** SUMMARY ***
Total pot $2 | Rake $0 
Seat 4: Manifestorr
Seat 1: Xenicide (big blind) folded before Flop
Seat 2: Sigg1207 folded before Flop (didn't bet)
Seat 3: rao999 folded before Flop (didn't bet)
Seat 5: CEPTT (button) folded before Flop (didn't bet)
Seat 6: XneferX (small blind) collected ($2)



PokerStars Hand #254776409126:  Hold'em No Limit ($0.50/$1.00 USD) - 2025/02/08 1:00:59 WET [2025/02/08 20:00:59 ET]
Table 'Chacornac II' 6-max Seat #6 is the button
Seat 4: Manifestorr ($151.06 in chips) is sitting out
Seat 1: Xenicide ($100 in chips) 
Seat 2: Sigg1207 ($130.16 in chips) 
Seat 3: rao999 ($108.76 in chips) 
Seat 5: CEPTT ($119.85 in chips) 
Seat 6: XneferX ($101 in chips) 
Xenicide: posts small blind $0.50
Sigg1207: posts big blind $1
Manifestorr: sits out 
*** HOLE CARDS ***
rao999: folds 
CEPTT: folds 
XneferX: folds 
Xenicide: raises $2.50 to $3.50
Sigg1207: calls $2.50
*** FLOP *** [7h Ah Qh]
Xenicide: checks 
Sigg1207: checks 
*** TURN *** [7h Ah Qh] [6h]
Xenicide: bets $8.31
Sigg1207: calls $8.31
*** RIVER *** [7h Ah Qh 6h] [Tc]
Xenicide: checks 
Sigg1207: checks 
*** SHOW DOWN ***
Xenicide: shows [Ks 8d] (high card Ace)
Sigg1207: shows [4c 5h] (a flush, Ace high)
Sigg1207 collected $22.44 from pot
*** SUMMARY ***
Total pot $23.62 | Rake $1.18 
Board [7h Ah Qh 6h Tc]
Seat 4: Manifestorr
Seat 1: Xenicide (small blind) showed [Ks 8d] and lost with high card Ace
Seat 2: Sigg1207 (big blind) showed [4c 5h] and won ($22.44) with a flush, Ace high
Seat 3: rao999 folded before Flop (didn't bet)
Seat 5: CEPTT folded before Flop (didn't bet)
Seat 6: XneferX (button) folded before Flop (didn't bet)



PokerStars Hand #254776418290:  Hold'em No Limit ($0.50/$1.00 USD) - 2025/02/08 1:01:48 WET [2025/02/08 20:01:48 ET]
Table 'Chacornac II' 6-max Seat #1 is the button
Seat 4: Manifestorr ($151.06 in chips) is sitting out
Seat 1: Xenicide ($100 in chips) 
Seat 2: Sigg1207 ($140.79 in chips) 
Seat 3: rao999 ($108.76 in chips) 
Seat 5: CEPTT ($119.85 in chips) 
Seat 6: XneferX ($101 in chips) 
Sigg1207: posts small blind $0.50
rao999: posts big blind $1
Manifestorr: sits out 
*** HOLE CARDS ***
CEPTT: raises $1.25 to $2.25
XneferX: folds 
Xenicide: folds 
Sigg1207: folds 
rao999: calls $1.25
*** FLOP *** [2h Qs Qh]
rao999: checks 
CEPTT: bets $1.43
rao999: folds 
Uncalled bet ($1.43) returned to CEPTT
CEPTT collected $4.75 from pot
CEPTT: doesn't show hand 
*** SUMMARY ***
Total pot $5 | Rake $0.25 
Board [2h Qs Qh]
Seat 4: Manifestorr
Seat 1: Xenicide (button) folded before Flop (didn't bet)
Seat 2: Sigg1207 (small blind) folded before Flop
Seat 3: rao999 (big blind) folded on the Flop
Seat 5: CEPTT collected ($4.75)
Seat 6: XneferX folded before Flop (didn't bet)



PokerStars Hand #254776426929:  Hold'em No Limit ($0.50/$1.00 USD) - 2025/02/08 1:02:35 WET [2025/02/08 20:02:35 ET]
Table 'Chacornac II' 6-max Seat #2 is the button
Seat 1: Xenicide ($100 in chips) 
Seat 2: Sigg1207 ($140.29 in chips) 
Seat 3: rao999 ($106.51 in chips) 
Seat 4: Manifestorr ($151.06 in chips) 
Seat 5: CEPTT ($122.35 in chips) 
Seat 6: XneferX ($101 in chips) 
rao999: posts small blind $0.50
Manifestorr: posts big blind $1
*** HOLE CARDS ***
CEPTT: raises $1.25 to $2.25
XneferX: folds 
Xenicide: folds 
Sigg1207: folds 
rao999: folds 
Manifestorr: folds 
Uncalled bet ($1.25) returned to CEPTT
CEPTT collected $2.50 from pot
CEPTT: doesn't show hand 
*** SUMMARY ***
Total pot $2.50 | Rake $0 
Seat 1: Xenicide folded before Flop (didn't bet)
Seat 2: Sigg1207 (button) folded before Flop (didn't bet)
Seat 3: rao999 (small blind) folded before Flop
Seat 4: Manifestorr (big blind) folded before Flop
Seat 5: CEPTT collected ($2.50)
Seat 6: XneferX folded before Flop (didn't bet)



PokerStars Hand #254776432743:  Hold'em No Limit ($0.50/$1.00 USD) - 2025/02/08 1:03:05 WET [2025/02/08 20:03:05 ET]
Table 'Chacornac II' 6-max Seat #3 is the button
Seat 1: Xenicide ($100 in chips) 
Seat 2: Sigg1207 ($140.29 in chips) 
Seat 3: rao999 ($106.01 in chips) 
Seat 4: Manifestorr ($150.06 in chips) 
Seat 5: CEPTT ($123.85 in chips) 
Seat 6: XneferX ($101 in chips) 
Manifestorr: posts small blind $0.50
CEPTT: posts big blind $1
*** HOLE CARDS ***
XneferX: folds 
Xenicide: raises $1 to $2
Sigg1207: folds 
rao999: folds 
Manifestorr: calls $1.50
CEPTT: folds 
*** FLOP *** [9c Jc Ad]
Manifestorr: checks 
Xenicide: bets $1.19
Manifestorr: folds 
Uncalled bet ($1.19) returned to Xenicide
Xenicide collected $4.75 from pot
*** SUMMARY ***
Total pot $5 | Rake $0.25 
Board [9c Jc Ad]
Seat 1: Xenicide collected ($4.75)
Seat 2: Sigg1207 folded before Flop (didn't bet)
Seat 3: rao999 (button) folded before Flop (didn't bet)
Seat 4: Manifestorr (small blind) folded on the Flop
Seat 5: CEPTT (big blind) folded before Flop
Seat 6: XneferX folded before Flop (didn't bet)



PokerStars Hand #254776442086:  Hold'em No Limit ($0.50/$1.00 USD) - 2025/02/08 1:03:55 WET [2025/02/08 20:03:55 ET]
Table 'Chacornac II' 6-max Seat #4 is the button
Seat 1: Xenicide ($102.75 in chips) 
Seat 2: Sigg1207 ($140.29 in chips) 
Seat 3: rao999 ($106.01 in chips) 
Seat 4: Manifestorr ($148.06 in chips) 
Seat 5: CEPTT ($122.85 in chips) 
Seat 6: XneferX ($101 in chips) 
CEPTT: posts small blind $0.50
XneferX: posts big blind $1
*** HOLE CARDS ***
Xenicide: folds 
Sigg1207: folds 
rao999: folds 
Manifestorr: raises $1.20 to $2.20
CEPTT has timed out
CEPTT: folds 
XneferX: folds 
Uncalled bet ($1.20) returned to Manifestorr
Manifestorr collected $2.50 from pot
*** SUMMARY ***
Total pot $2.50 | Rake $0 
Seat 1: Xenicide folded before Flop (didn't bet)
Seat 2: Sigg1207 folded before Flop (didn't bet)
Seat 3: rao999 folded before Flop (didn't bet)
Seat 4: Manifestorr (button) collected ($2.50)
Seat 5: CEPTT (small blind) folded before Flop
Seat 6: XneferX (big blind) folded before Flop



PokerStars Hand #254776453715:  Hold'em No Limit ($0.50/$1.00 USD) - 2025/02/08 1:04:56 WET [2025/02/08 20:04:56 ET]
Table 'Chacornac II' 6-max Seat #5 is the button
Seat 1: Xenicide ($102.75 in chips) 
Seat 2: Sigg1207 ($140.29 in chips) 
Seat 3: rao999 ($106.01 in chips) 
Seat 4: Manifestorr ($149.56 in chips) 
Seat 5: CEPTT ($122.35 in chips) 
Seat 6: XneferX ($100 in chips) 
XneferX: posts small blind $0.50
Xenicide: posts big blind $1
*** HOLE CARDS ***
Sigg1207: folds 
rao999: raises $1.50 to $2.50
Manifestorr: folds 
CEPTT: folds 
XneferX: raises $9.50 to $12
Xenicide: folds 
rao999: calls $9.50
*** FLOP *** [4h Ts Ad]
XneferX: bets $8.08
rao999: calls $8.08
*** TURN *** [4h Ts Ad] [6d]
XneferX: bets $13.29
rao999: raises $72.64 to $85.93 and is all-in
XneferX: folds 
Uncalled bet ($72.64) returned to rao999
rao999 collected $65.24 from pot
rao999: doesn't show hand 
*** SUMMARY ***
Total pot $67.74 | Rake $2.50 
Board [4h Ts Ad 6d]
Seat 1: Xenicide (big blind) folded before Flop
Seat 2: Sigg1207 folded before Flop (didn't bet)
Seat 3: rao999 collected ($65.24)
Seat 4: Manifestorr folded before Flop (didn't bet)
Seat 5: CEPTT (button) folded before Flop (didn't bet)
Seat 6: XneferX (small blind) folded on the Turn



PokerStars Hand #254776482169:  Hold'em No Limit ($0.50/$1.00 USD) - 2025/02/08 1:07:30 WET [2025/02/08 20:07:30 ET]
Table 'Chacornac II' 6-max Seat #6 is the button
Seat 1: Xenicide ($101.75 in chips) 
Seat 2: Sigg1207 ($140.29 in chips) 
Seat 3: rao999 ($137.88 in chips) 
Seat 4: Manifestorr ($149.56 in chips) 
Seat 5: CEPTT ($122.35 in chips) 
Seat 6: XneferX ($100 in chips) 
Xenicide: posts small blind $0.50
Sigg1207: posts big blind $1
*** HOLE CARDS ***
rao999: folds 
Manifestorr: folds 
CEPTT: folds 
XneferX: folds 
Xenicide: folds 
Uncalled bet ($0.50) returned to Sigg1207
Sigg1207 collected $1 from pot
Sigg1207: doesn't show hand 
*** SUMMARY ***
Total pot $1 | Rake $0 
Seat 1: Xenicide (small blind) folded before Flop
Seat 2: Sigg1207 (big blind) collected ($1)
Seat 3: rao999 folded before Flop (didn't bet)
Seat 4: Manifestorr folded before Flop (didn't bet)
Seat 5: CEPTT folded before Flop (didn't bet)
Seat 6: XneferX (button) folded before Flop (didn't bet)



PokerStars Hand #254776484478:  Hold'em No Limit ($0.50/$1.00 USD) - 2025/02/08 1:07:43 WET [2025/02/08 20:07:43 ET]
Table 'Chacornac II' 6-max Seat #1 is the button
Seat 1: Xenicide ($101.25 in chips) 
Seat 2: Sigg1207 ($140.79 in chips) 
Seat 3: rao999 ($137.88 in chips) 
Seat 4: Manifestorr ($149.56 in chips) 
Seat 5: CEPTT ($122.35 in chips) 
Seat 6: XneferX ($100 in chips) 
Sigg1207: posts small blind $0.50
rao999: posts big blind $1
*** HOLE CARDS ***
Manifestorr: folds 
CEPTT: raises $1.25 to $2.25
XneferX: folds 
Xenicide: folds 
Sigg1207: folds 
rao999: folds 
Uncalled bet ($1.25) returned to CEPTT
Sigg1207 leaves the table
CEPTT collected $2.50 from pot
CEPTT: doesn't show hand 
*** SUMMARY ***
Total pot $2.50 | Rake $0 
Seat 1: Xenicide (button) folded before Flop (didn't bet)
Seat 2: Sigg1207 (small blind) folded before Flop
Seat 3: rao999 (big blind) folded before Flop
Seat 4: Manifestorr folded before Flop (didn't bet)
Seat 5: CEPTT collected ($2.50)
Seat 6: XneferX folded before Flop (didn't bet)



PokerStars Hand #254776488492:  Hold'em No Limit ($0.50/$1.00 USD) - 2025/02/08 1:08:05 WET [2025/02/08 20:08:05 ET]
Table 'Chacornac II' 6-max Seat #3 is the button
Seat 1: Xenicide ($101.25 in chips) 
Seat 3: rao999 ($136.88 in chips) 
Seat 4: Manifestorr ($149.56 in chips) 
Seat 5: CEPTT ($123.85 in chips) 
Seat 6: XneferX ($100 in chips) 
Manifestorr: posts small blind $0.50
CEPTT: posts big blind $1
*** HOLE CARDS ***
XneferX: folds 
Xenicide: folds 
XneferX leaves the table
rao999: raises $1.50 to $2.50
Manifestorr: folds 
CEPTT: folds 
Uncalled bet ($1.50) returned to rao999
rao999 collected $2.50 from pot
rao999: doesn't show hand 
*** SUMMARY ***
Total pot $2.50 | Rake $0 
Seat 1: Xenicide folded before Flop (didn't bet)
Seat 3: rao999 (button) collected ($2.50)
Seat 4: Manifestorr (small blind) folded before Flop
Seat 5: CEPTT (big blind) folded before Flop
Seat 6: XneferX folded before Flop (didn't bet)



PokerStars Hand #254776491692:  Hold'em No Limit ($0.50/$1.00 USD) - 2025/02/08 1:08:23 WET [2025/02/08 20:08:23 ET]
Table 'Chacornac II' 6-max Seat #4 is the button
Seat 5: CEPTT ($122.85 in chips) is sitting out
Seat 1: Xenicide ($101.25 in chips) 
Seat 3: rao999 ($138.38 in chips) 
Seat 4: Manifestorr ($149.06 in chips) 
Xenicide: posts small blind $0.50
rao999: posts big blind $1
*** HOLE CARDS ***
CEPTT leaves the table
Manifestorr: raises $1.20 to $2.20
Xenicide: raises $7.30 to $9.50
rao999: folds 
Manifestorr: folds 
Uncalled bet ($7.30) returned to Xenicide
Xenicide collected $5.40 from pot
*** SUMMARY ***
Total pot $5.40 | Rake $0 
Seat 5: CEPTT
Seat 1: Xenicide (small blind) collected ($5.40)
Seat 3: rao999 (big blind) folded before Flop
Seat 4: Manifestorr (button) folded before Flop



PokerStars Hand #254776520134:  Hold'em No Limit ($0.50/$1.00 USD) - 2025/02/08 1:10:56 WET [2025/02/08 20:10:56 ET]
Table 'Chacornac II' 6-max Seat #6 is the button
Seat 3: rao999 ($137.38 in chips) is sitting out
Seat 5: nikalas22 ($112.50 in chips) is sitting out
Seat 1: Manifestorr ($146.86 in chips) 
Seat 4: Paramede1338 ($10 in chips) 
Seat 6: m0nTTu ($10 in chips) 
Manifestorr: posts small blind $0.50
rao999: is sitting out 
Paramede1338: posts big blind $1
*** HOLE CARDS ***
XneferX joins the table at seat #2 
m0nTTu: folds 
Manifestorr: folds 
Uncalled bet ($0.50) returned to Paramede1338
Paramede1338 collected $1 from pot
Paramede1338: doesn't show hand 
*** SUMMARY ***
Total pot $1 | Rake $0 
Seat 3: rao999
Seat 5: nikalas22
Seat 1: Manifestorr (small blind) folded before Flop
Seat 4: Paramede1338 (big blind) collected ($1)
Seat 6: m0nTTu (button) folded before Flop (didn't bet)



PokerStars Hand #254776522721:  Hold'em No Limit ($0.50/$1.00 USD) - 2025/02/08 1:11:10 WET [2025/02/08 20:11:10 ET]
Table 'Chacornac II' 6-max Seat #1 is the button
Seat 2: XneferX ($100 in chips) is sitting out
Seat 3: rao999 ($137.38 in chips) is sitting out
Seat 1: Manifestorr ($146.36 in chips) 
Seat 4: Paramede1338 ($10.50 in chips) 
Seat 5: nikalas22 ($112.50 in chips) 
Seat 6: m0nTTu ($10 in chips) 
Paramede1338: posts small blind $0.50
nikalas22: posts big blind $1
*** HOLE CARDS ***
m0nTTu: folds 
Manifestorr: folds 
Paramede1338: calls $0.50
nikalas22: checks 
*** FLOP *** [5h 7d 6d]
Paramede1338: bets $1
nikalas22: raises $4.50 to $5.50
Paramede1338: folds 
Uncalled bet ($4.50) returned to nikalas22
nikalas22 collected $3.80 from pot
nikalas22: doesn't show hand 
*** SUMMARY ***
Total pot $4 | Rake $0.20 
Board [5h 7d 6d]
Seat 2: XneferX
Seat 3: rao999
Seat 1: Manifestorr (button) folded before Flop (didn't bet)
Seat 4: Paramede1338 (small blind) folded on the Flop
Seat 5: nikalas22 (big blind) collected ($3.80)
Seat 6: m0nTTu folded before Flop (didn't bet)



PokerStars Hand #254776529005:  Hold'em No Limit ($0.50/$1.00 USD) - 2025/02/08 1:11:44 WET [2025/02/08 20:11:44 ET]
Table 'Chacornac II' 6-max Seat #4 is the button
Seat 2: XneferX ($100 in chips) is sitting out
Seat 3: rao999 ($137.38 in chips) is sitting out
Seat 1: Manifestorr ($146.36 in chips) 
Seat 4: Paramede1338 ($8.50 in chips) 
Seat 5: nikalas22 ($114.30 in chips) 
Seat 6: m0nTTu ($10 in chips) 
nikalas22: posts small blind $0.50
m0nTTu: posts big blind $1
XneferX: sits out 
*** HOLE CARDS ***
Manifestorr: folds 
Paramede1338: folds 
nikalas22: folds 
Uncalled bet ($0.50) returned to m0nTTu
m0nTTu collected $1 from pot
m0nTTu: doesn't show hand 
*** SUMMARY ***
Total pot $1 | Rake $0 
Seat 2: XneferX
Seat 3: rao999
Seat 1: Manifestorr folded before Flop (didn't bet)
Seat 4: Paramede1338 (button) folded before Flop (didn't bet)
Seat 5: nikalas22 (small blind) folded before Flop
Seat 6: m0nTTu (big blind) collected ($1)



PokerStars Hand #254776531611:  Hold'em No Limit ($0.50/$1.00 USD) - 2025/02/08 1:11:57 WET [2025/02/08 20:11:57 ET]
Table 'Chacornac II' 6-max Seat #5 is the button
Seat 2: XneferX ($100 in chips) is sitting out
Seat 3: rao999 ($137.38 in chips) is sitting out
Seat 1: Manifestorr ($146.36 in chips) 
Seat 4: Paramede1338 ($8.50 in chips) 
Seat 5: nikalas22 ($113.80 in chips) 
Seat 6: m0nTTu ($10.50 in chips) 
m0nTTu: posts small blind $0.50
Manifestorr: posts big blind $1
XneferX: sits out 
*** HOLE CARDS ***
Paramede1338: raises $7.50 to $8.50 and is all-in
nikalas22: folds 
m0nTTu: folds 
Manifestorr: calls $7.50
*** FLOP *** [6h 3d 8d]
*** TURN *** [6h 3d 8d] [5d]
*** RIVER *** [6h 3d 8d 5d] [2h]
*** SHOW DOWN ***
Manifestorr: shows [Qd Qh] (a pair of Queens)
Paramede1338: shows [Ad 6c] (a pair of Sixes)
Manifestorr collected $16.62 from pot
*** SUMMARY ***
Total pot $17.50 | Rake $0.88 
Board [6h 3d 8d 5d 2h]
Seat 2: XneferX
Seat 3: rao999
Seat 1: Manifestorr (big blind) showed [Qd Qh] and won ($16.62) with a pair of Queens
Seat 4: Paramede1338 showed [Ad 6c] and lost with a pair of Sixes
Seat 5: nikalas22 (button) folded before Flop (didn't bet)
Seat 6: m0nTTu (small blind) folded before Flop



PokerStars Hand #254776538995:  Hold'em No Limit ($0.50/$1.00 USD) - 2025/02/08 1:12:38 WET [2025/02/08 20:12:38 ET]
Table 'Chacornac II' 6-max Seat #6 is the button
Seat 3: rao999 ($137.38 in chips) is sitting out
Seat 4: Paramede1338 ($0 in chips) is sitting out
Seat 1: Manifestorr ($154.48 in chips) 
Seat 2: XneferX ($100 in chips) 
Seat 5: nikalas22 ($113.80 in chips) 
Seat 6: m0nTTu ($10 in chips) 
Manifestorr: posts small blind $0.50
XneferX: posts big blind $1
*** HOLE CARDS ***
nikalas22: folds 
m0nTTu: folds 
Manifestorr: raises $2 to $3
XneferX: calls $2
*** FLOP *** [Ah Qc Jc]
Manifestorr: bets $1.88
XneferX: calls $1.88
*** TURN *** [Ah Qc Jc] [Kh]
Manifestorr: checks 
XneferX: checks 
*** RIVER *** [Ah Qc Jc Kh] [5c]
Manifestorr: checks 
XneferX: checks 
*** SHOW DOWN ***
Manifestorr: shows [9h Kc] (a pair of Kings)
XneferX: shows [Ac 7h] (a pair of Aces)
XneferX collected $9.27 from pot
*** SUMMARY ***
Total pot $9.76 | Rake $0.49 
Board [Ah Qc Jc Kh 5c]
Seat 3: rao999
Seat 4: Paramede1338
Seat 1: Manifestorr (small blind) showed [9h Kc] and lost with a pair of Kings
Seat 2: XneferX (big blind) showed [Ac 7h] and won ($9.27) with a pair of Aces
Seat 5: nikalas22 folded before Flop (didn't bet)
Seat 6: m0nTTu (button) folded before Flop (didn't bet)



PokerStars Hand #254776551800:  Hold'em No Limit ($0.50/$1.00 USD) - 2025/02/08 1:13:47 WET [2025/02/08 20:13:47 ET]
Table 'Chacornac II' 6-max Seat #1 is the button
Seat 3: rao999 ($137.38 in chips) is sitting out
Seat 1: Manifestorr ($149.60 in chips) 
Seat 2: XneferX ($104.39 in chips) 
Seat 4: Paramede1338 ($40 in chips) 
Seat 5: nikalas22 ($113.80 in chips) 
Seat 6: m0nTTu ($10 in chips) 
XneferX: posts small blind $0.50
Paramede1338: posts big blind $1
*** HOLE CARDS ***
nikalas22: folds 
m0nTTu: raises $9 to $10 and is all-in
Manifestorr: folds 
XneferX: folds 
Paramede1338: folds 
Uncalled bet ($9) returned to m0nTTu
m0nTTu collected $2.50 from pot
m0nTTu: doesn't show hand 
*** SUMMARY ***
Total pot $2.50 | Rake $0 
Seat 3: rao999
Seat 1: Manifestorr (button) folded before Flop (didn't bet)
Seat 2: XneferX (small blind) folded before Flop
Seat 4: Paramede1338 (big blind) folded before Flop
Seat 5: nikalas22 folded before Flop (didn't bet)
Seat 6: m0nTTu collected ($2.50)



PokerStars Hand #254776556618:  Hold'em No Limit ($0.50/$1.00 USD) - 2025/02/08 1:14:13 WET [2025/02/08 20:14:13 ET]
Table 'Chacornac II' 6-max Seat #2 is the button
Seat 3: rao999 ($137.38 in chips) is sitting out
Seat 1: Manifestorr ($149.60 in chips) 
Seat 2: XneferX ($103.89 in chips) 
Seat 4: Paramede1338 ($39 in chips) 
Seat 5: nikalas22 ($113.80 in chips) 
Seat 6: m0nTTu ($11.50 in chips) 
Paramede1338: posts small blind $0.50
nikalas22: posts big blind $1
*** HOLE CARDS ***
m0nTTu: folds 
Manifestorr: folds 
XneferX: raises $1.77 to $2.77
Paramede1338: folds 
nikalas22: calls $1.77
*** FLOP *** [Jc 8c 9s]
nikalas22: checks 
XneferX: bets $4.42
nikalas22: folds 
Uncalled bet ($4.42) returned to XneferX
XneferX collected $5.74 from pot
XneferX: doesn't show hand 
*** SUMMARY ***
Total pot $6.04 | Rake $0.30 
Board [Jc 8c 9s]
Seat 3: rao999
Seat 1: Manifestorr folded before Flop (didn't bet)
Seat 2: XneferX (button) collected ($5.74)
Seat 4: Paramede1338 (small blind) folded before Flop
Seat 5: nikalas22 (big blind) folded on the Flop
Seat 6: m0nTTu folded before Flop (didn't bet)



PokerStars Hand #254776562818:  Hold'em No Limit ($0.50/$1.00 USD) - 2025/02/08 1:14:47 WET [2025/02/08 20:14:47 ET]
Table 'Chacornac II' 6-max Seat #4 is the button
Seat 3: rao999 ($137.38 in chips) is sitting out
Seat 1: Manifestorr ($149.60 in chips) 
Seat 2: XneferX ($106.86 in chips) 
Seat 4: Paramede1338 ($38.50 in chips) 
Seat 5: nikalas22 ($111.03 in chips) 
Seat 6: m0nTTu ($11.50 in chips) 
nikalas22: posts small blind $0.50
m0nTTu: posts big blind $1
*** HOLE CARDS ***
Manifestorr: raises $1.20 to $2.20
XneferX: folds 
Paramede1338: calls $2.20
nikalas22: folds 
m0nTTu: folds 
*** FLOP *** [9c 8h 5d]
Manifestorr: checks 
Paramede1338: checks 
*** TURN *** [9c 8h 5d] [8s]
Manifestorr: checks 
Paramede1338: checks 
*** RIVER *** [9c 8h 5d 8s] [As]
Manifestorr: checks 
Paramede1338: bets $3
Manifestorr: folds 
Uncalled bet ($3) returned to Paramede1338
Paramede1338 collected $5.60 from pot
Paramede1338: doesn't show hand 
*** SUMMARY ***
Total pot $5.90 | Rake $0.30 
Board [9c 8h 5d 8s As]
Seat 3: rao999
Seat 1: Manifestorr folded on the River
Seat 2: XneferX folded before Flop (didn't bet)
Seat 4: Paramede1338 (button) collected ($5.60)
Seat 5: nikalas22 (small blind) folded before Flop
Seat 6: m0nTTu (big blind) folded before Flop



PokerStars Hand #254776571103:  Hold'em No Limit ($0.50/$1.00 USD) - 2025/02/08 1:15:32 WET [2025/02/08 20:15:32 ET]
Table 'Chacornac II' 6-max Seat #5 is the button
Seat 3: rao999 ($137.38 in chips) is sitting out
Seat 1: Manifestorr ($147.40 in chips) 
Seat 2: XneferX ($106.86 in chips) 
Seat 4: Paramede1338 ($41.90 in chips) 
Seat 5: nikalas22 ($110.53 in chips) 
Seat 6: m0nTTu ($10.50 in chips) 
m0nTTu: posts small blind $0.50
Manifestorr: posts big blind $1
rao999: sits out 
*** HOLE CARDS ***
XneferX: raises $1.10 to $2.10
Paramede1338: folds 
nikalas22: folds 
m0nTTu: folds 
Manifestorr: calls $1.10
*** FLOP *** [4s Kc Jd]
Manifestorr: checks 
XneferX: checks 
*** TURN *** [4s Kc Jd] [Ac]
Manifestorr: checks 
XneferX: bets $3.43
Manifestorr: calls $3.43
*** RIVER *** [4s Kc Jd Ac] [9h]
Manifestorr: checks 
XneferX: bets $8.45
Manifestorr: folds 
Uncalled bet ($8.45) returned to XneferX
XneferX collected $10.98 from pot
XneferX: doesn't show hand 
*** SUMMARY ***
Total pot $11.56 | Rake $0.58 
Board [4s Kc Jd Ac 9h]
Seat 3: rao999
Seat 1: Manifestorr (big blind) folded on the River
Seat 2: XneferX collected ($10.98)
Seat 4: Paramede1338 folded before Flop (didn't bet)
Seat 5: nikalas22 (button) folded before Flop (didn't bet)
Seat 6: m0nTTu (small blind) folded before Flop



PokerStars Hand #254776583262:  Hold'em No Limit ($0.50/$1.00 USD) - 2025/02/08 1:16:38 WET [2025/02/08 20:16:38 ET]
Table 'Chacornac II' 6-max Seat #6 is the button
Seat 3: rao999 ($137.38 in chips) is sitting out
Seat 1: Manifestorr ($141.87 in chips) 
Seat 2: XneferX ($112.31 in chips) 
Seat 4: Paramede1338 ($41.90 in chips) 
Seat 5: nikalas22 ($110.53 in chips) 
Seat 6: m0nTTu ($10 in chips) 
Manifestorr: posts small blind $0.50
XneferX: posts big blind $1
rao999: sits out 
*** HOLE CARDS ***
Paramede1338: calls $1
nikalas22: raises $3 to $4
m0nTTu: folds 
Manifestorr: folds 
XneferX: folds 
Paramede1338: calls $3
*** FLOP *** [7s Qd Qh]
Paramede1338: checks 
nikalas22: bets $2.71
Paramede1338: raises $35.19 to $37.90 and is all-in
nikalas22: folds 
Uncalled bet ($35.19) returned to Paramede1338
Paramede1338 collected $14.17 from pot
Paramede1338: doesn't show hand 
*** SUMMARY ***
Total pot $14.92 | Rake $0.75 
Board [7s Qd Qh]
Seat 3: rao999
Seat 1: Manifestorr (small blind) folded before Flop
Seat 2: XneferX (big blind) folded before Flop
Seat 4: Paramede1338 collected ($14.17)
Seat 5: nikalas22 folded on the Flop
Seat 6: m0nTTu (button) folded before Flop (didn't bet)



PokerStars Hand #254776590280:  Hold'em No Limit ($0.50/$1.00 USD) - 2025/02/08 1:17:17 WET [2025/02/08 20:17:17 ET]
Table 'Chacornac II' 6-max Seat #1 is the button
Seat 1: Manifestorr ($141.37 in chips) 
Seat 2: XneferX ($111.31 in chips) 
Seat 3: rao999 ($137.38 in chips) 
Seat 4: Paramede1338 ($49.36 in chips) 
Seat 5: nikalas22 ($103.82 in chips) 
Seat 6: m0nTTu ($10 in chips) 
XneferX: posts small blind $0.50
rao999: posts big blind $1
*** HOLE CARDS ***
Paramede1338: calls $1
nikalas22: folds 
m0nTTu: folds 
Manifestorr: calls $1
XneferX: folds 
rao999: checks 
*** FLOP *** [Jc 3h 7d]
rao999: checks 
Paramede1338: bets $2
Manifestorr: folds 
rao999: folds 
Uncalled bet ($2) returned to Paramede1338
Paramede1338 collected $3.32 from pot
Paramede1338: doesn't show hand 
*** SUMMARY ***
Total pot $3.50 | Rake $0.18 
Board [Jc 3h 7d]
Seat 1: Manifestorr (button) folded on the Flop
Seat 2: XneferX (small blind) folded before Flop
Seat 3: rao999 (big blind) folded on the Flop
Seat 4: Paramede1338 collected ($3.32)
Seat 5: nikalas22 folded before Flop (didn't bet)
Seat 6: m0nTTu folded before Flop (didn't bet)



PokerStars Hand #254776596882:  Hold'em No Limit ($0.50/$1.00 USD) - 2025/02/08 1:17:53 WET [2025/02/08 20:17:53 ET]
Table 'Chacornac II' 6-max Seat #2 is the button
Seat 1: Manifestorr ($140.37 in chips) 
Seat 2: XneferX ($110.81 in chips) 
Seat 3: rao999 ($136.38 in chips) 
Seat 4: Paramede1338 ($51.68 in chips) 
Seat 5: nikalas22 ($103.82 in chips) 
Seat 6: m0nTTu ($10 in chips) 
rao999: posts small blind $0.50
Paramede1338: posts big blind $1
*** HOLE CARDS ***
nikalas22: folds 
m0nTTu: folds 
Manifestorr: folds 
XneferX: folds 
rao999: raises $2 to $3
Paramede1338: calls $2
*** FLOP *** [5d 4s 4c]
rao999: bets $1.88
Paramede1338: calls $1.88
*** TURN *** [5d 4s 4c] [Qs]
rao999: bets $3.06
Paramede1338: raises $9.94 to $13
rao999: folds 
Uncalled bet ($9.94) returned to Paramede1338
Paramede1338 collected $15.09 from pot
Paramede1338: doesn't show hand 
*** SUMMARY ***
Total pot $15.88 | Rake $0.79 
Board [5d 4s 4c Qs]
Seat 1: Manifestorr folded before Flop (didn't bet)
Seat 2: XneferX (button) folded before Flop (didn't bet)
Seat 3: rao999 (small blind) folded on the Turn
Seat 4: Paramede1338 (big blind) collected ($15.09)
Seat 5: nikalas22 folded before Flop (didn't bet)
Seat 6: m0nTTu folded before Flop (didn't bet)



PokerStars Hand #254776606698:  Hold'em No Limit ($0.50/$1.00 USD) - 2025/02/08 1:18:47 WET [2025/02/08 20:18:47 ET]
Table 'Chacornac II' 6-max Seat #3 is the button
Seat 1: Manifestorr ($140.37 in chips) 
Seat 2: XneferX ($110.81 in chips) 
Seat 3: rao999 ($128.44 in chips) 
Seat 4: Paramede1338 ($58.83 in chips) 
Seat 5: nikalas22 ($103.82 in chips) 
Seat 6: m0nTTu ($10 in chips) 
Paramede1338: posts small blind $0.50
nikalas22: posts big blind $1
*** HOLE CARDS ***
m0nTTu: folds 
Manifestorr: folds 
XneferX: raises $1.30 to $2.30
rao999: calls $2.30
Paramede1338: calls $1.80
nikalas22: folds 
*** FLOP *** [Ac Js 5s]
Paramede1338: checks 
XneferX: bets $2.55
rao999: folds 
Paramede1338: calls $2.55
*** TURN *** [Ac Js 5s] [Kc]
Paramede1338: checks 
XneferX: bets $6.30
Paramede1338: calls $6.30
*** RIVER *** [Ac Js 5s Kc] [9c]
Paramede1338: checks 
XneferX: checks 
*** SHOW DOWN ***
Paramede1338: shows [Qs 4s] (high card Ace)
XneferX: shows [As 3s] (a pair of Aces)
XneferX collected $24.32 from pot
*** SUMMARY ***
Total pot $25.60 | Rake $1.28 
Board [Ac Js 5s Kc 9c]
Seat 1: Manifestorr folded before Flop (didn't bet)
Seat 2: XneferX showed [As 3s] and won ($24.32) with a pair of Aces
Seat 3: rao999 (button) folded on the Flop
Seat 4: Paramede1338 (small blind) showed [Qs 4s] and lost with high card Ace
Seat 5: nikalas22 (big blind) folded before Flop
Seat 6: m0nTTu folded before Flop (didn't bet)



PokerStars Hand #254776623301:  Hold'em No Limit ($0.50/$1.00 USD) - 2025/02/08 1:20:18 WET [2025/02/08 20:20:18 ET]
Table 'Chacornac II' 6-max Seat #4 is the button
Seat 6: m0nTTu ($10 in chips) is sitting out
Seat 1: Manifestorr ($140.37 in chips) 
Seat 2: XneferX ($123.98 in chips) 
Seat 3: rao999 ($126.14 in chips) 
Seat 4: Paramede1338 ($47.68 in chips) 
Seat 5: nikalas22 ($102.82 in chips) 
nikalas22: posts small blind $0.50
m0nTTu: is sitting out 
Manifestorr: posts big blind $1
*** HOLE CARDS ***
XneferX: folds 
rao999: raises $1.50 to $2.50
m0nTTu leaves the table
Paramede1338: folds 
nikalas22: folds 
skars07 joins the table at seat #6 
Manifestorr: folds 
Uncalled bet ($1.50) returned to rao999
rao999 collected $2.50 from pot
rao999: doesn't show hand 
*** SUMMARY ***
Total pot $2.50 | Rake $0 
Seat 6: m0nTTu
Seat 1: Manifestorr (big blind) folded before Flop
Seat 2: XneferX folded before Flop (didn't bet)
Seat 3: rao999 collected ($2.50)
Seat 4: Paramede1338 (button) folded before Flop (didn't bet)
Seat 5: nikalas22 (small blind) folded before Flop



PokerStars Hand #254776625739:  Hold'em No Limit ($0.50/$1.00 USD) - 2025/02/08 1:20:31 WET [2025/02/08 20:20:31 ET]
Table 'Chacornac II' 6-max Seat #5 is the button
Seat 6: skars07 ($100 in chips) is sitting out
Seat 1: Manifestorr ($139.37 in chips) 
Seat 2: XneferX ($123.98 in chips) 
Seat 3: rao999 ($127.64 in chips) 
Seat 4: Paramede1338 ($47.68 in chips) 
Seat 5: nikalas22 ($102.32 in chips) 
Manifestorr: posts small blind $0.50
XneferX: posts big blind $1
*** HOLE CARDS ***
rao999: raises $1.50 to $2.50
Paramede1338: folds 
nikalas22: folds 
Manifestorr: folds 
XneferX: folds 
Uncalled bet ($1.50) returned to rao999
rao999 collected $2.50 from pot
rao999: doesn't show hand 
*** SUMMARY ***
Total pot $2.50 | Rake $0 
Seat 6: skars07
Seat 1: Manifestorr (small blind) folded before Flop
Seat 2: XneferX (big blind) folded before Flop
Seat 3: rao999 collected ($2.50)
Seat 4: Paramede1338 folded before Flop (didn't bet)
Seat 5: nikalas22 (button) folded before Flop (didn't bet)



PokerStars Hand #254776629627:  Hold'em No Limit ($0.50/$1.00 USD) - 2025/02/08 1:20:53 WET [2025/02/08 20:20:53 ET]
Table 'Chacornac II' 6-max Seat #1 is the button
Seat 6: skars07 ($100 in chips) is sitting out
Seat 1: Manifestorr ($138.87 in chips) 
Seat 2: XneferX ($122.98 in chips) 
Seat 3: rao999 ($129.14 in chips) 
Seat 4: Paramede1338 ($47.68 in chips) 
Seat 5: nikalas22 ($102.32 in chips) 
XneferX: posts small blind $0.50
rao999: posts big blind $1
skars07: sits out 
*** HOLE CARDS ***
Paramede1338: calls $1
nikalas22: folds 
Manifestorr: folds 
XneferX: folds 
rao999: checks 
*** FLOP *** [3d Td 8c]
rao999: checks 
Paramede1338: bets $3
rao999: calls $3
*** TURN *** [3d Td 8c] [Ac]
rao999: checks 
Paramede1338: bets $5
rao999: calls $5
*** RIVER *** [3d Td 8c Ac] [9c]
rao999: checks 
Paramede1338: bets $8
rao999: calls $8
*** SHOW DOWN ***
Paramede1338: shows [9s 9h] (three of a kind, Nines)
rao999: mucks hand 
Paramede1338 collected $32.78 from pot
*** SUMMARY ***
Total pot $34.50 | Rake $1.72 
Board [3d Td 8c Ac 9c]
Seat 6: skars07
Seat 1: Manifestorr (button) folded before Flop (didn't bet)
Seat 2: XneferX (small blind) folded before Flop
Seat 3: rao999 (big blind) mucked
Seat 4: Paramede1338 showed [9s 9h] and won ($32.78) with three of a kind, Nines
Seat 5: nikalas22 folded before Flop (didn't bet)



PokerStars Hand #254776637870:  Hold'em No Limit ($0.50/$1.00 USD) - 2025/02/08 1:21:38 WET [2025/02/08 20:21:38 ET]
Table 'Chacornac II' 6-max Seat #2 is the button
Seat 6: skars07 ($100 in chips) is sitting out
Seat 1: Manifestorr ($138.87 in chips) 
Seat 2: XneferX ($122.48 in chips) 
Seat 3: rao999 ($112.14 in chips) 
Seat 4: Paramede1338 ($63.46 in chips) 
Seat 5: nikalas22 ($102.32 in chips) 
rao999: posts small blind $0.50
Paramede1338: posts big blind $1
skars07: sits out 
*** HOLE CARDS ***
nikalas22: folds 
Manifestorr: folds 
XneferX: folds 
rao999: calls $0.50
Paramede1338: checks 
*** FLOP *** [Jc Kh Ac]
rao999: checks 
Paramede1338: bets $3
rao999: folds 
Uncalled bet ($3) returned to Paramede1338
Paramede1338 collected $1.90 from pot
Paramede1338: doesn't show hand 
*** SUMMARY ***
Total pot $2 | Rake $0.10 
Board [Jc Kh Ac]
Seat 6: skars07
Seat 1: Manifestorr folded before Flop (didn't bet)
Seat 2: XneferX (button) folded before Flop (didn't bet)
Seat 3: rao999 (small blind) folded on the Flop
Seat 4: Paramede1338 (big blind) collected ($1.90)
Seat 5: nikalas22 folded before Flop (didn't bet)



PokerStars Hand #254776644102:  Hold'em No Limit ($0.50/$1.00 USD) - 2025/02/08 1:22:13 WET [2025/02/08 20:22:13 ET]
Table 'Chacornac II' 6-max Seat #3 is the button
Seat 6: skars07 ($100 in chips) is sitting out
Seat 1: Manifestorr ($138.87 in chips) 
Seat 2: XneferX ($122.48 in chips) 
Seat 3: rao999 ($111.14 in chips) 
Seat 4: Paramede1338 ($64.36 in chips) 
Seat 5: nikalas22 ($102.32 in chips) 
Paramede1338: posts small blind $0.50
nikalas22: posts big blind $1
skars07: sits out 
*** HOLE CARDS ***
Manifestorr: folds 
XneferX: folds 
rao999: raises $1.50 to $2.50
Paramede1338: calls $2
nikalas22: folds 
*** FLOP *** [9c 9d 5h]
Paramede1338: checks 
rao999: checks 
*** TURN *** [9c 9d 5h] [4h]
Paramede1338: bets $2
rao999: calls $2
*** RIVER *** [9c 9d 5h 4h] [4d]
Paramede1338: bets $1
rao999: raises $6.50 to $7.50
Paramede1338: folds 
Uncalled bet ($6.50) returned to rao999
rao999 collected $11.40 from pot
rao999: doesn't show hand 
*** SUMMARY ***
Total pot $12 | Rake $0.60 
Board [9c 9d 5h 4h 4d]
Seat 6: skars07
Seat 1: Manifestorr folded before Flop (didn't bet)
Seat 2: XneferX folded before Flop (didn't bet)
Seat 3: rao999 (button) collected ($11.40)
Seat 4: Paramede1338 (small blind) folded on the River
Seat 5: nikalas22 (big blind) folded before Flop



PokerStars Hand #254776652866:  Hold'em No Limit ($0.50/$1.00 USD) - 2025/02/08 1:23:01 WET [2025/02/08 20:23:01 ET]
Table 'Chacornac II' 6-max Seat #4 is the button
Seat 1: Manifestorr ($138.87 in chips) 
Seat 2: XneferX ($122.48 in chips) 
Seat 3: rao999 ($117.04 in chips) 
Seat 4: Paramede1338 ($58.86 in chips) 
Seat 5: nikalas22 ($101.32 in chips) 
Seat 6: skars07 ($100 in chips) 
nikalas22: posts small blind $0.50
skars07: posts big blind $1
*** HOLE CARDS ***
Manifestorr: folds 
XneferX: raises $1.10 to $2.10
rao999: folds 
Paramede1338: folds 
nikalas22: folds 
skars07: raises $9.90 to $12
XneferX: folds 
Uncalled bet ($9.90) returned to skars07
skars07 collected $4.70 from pot
skars07: doesn't show hand 
*** SUMMARY ***
Total pot $4.70 | Rake $0 
Seat 1: Manifestorr folded before Flop (didn't bet)
Seat 2: XneferX folded before Flop
Seat 3: rao999 folded before Flop (didn't bet)
Seat 4: Paramede1338 (button) folded before Flop (didn't bet)
Seat 5: nikalas22 (small blind) folded before Flop
Seat 6: skars07 (big blind) collected ($4.70)



PokerStars Hand #254776663742:  Hold'em No Limit ($0.50/$1.00 USD) - 2025/02/08 1:24:01 WET [2025/02/08 20:24:01 ET]
Table 'Chacornac II' 6-max Seat #5 is the button
Seat 1: Manifestorr ($138.87 in chips) 
Seat 2: XneferX ($120.38 in chips) 
Seat 3: rao999 ($117.04 in chips) 
Seat 4: Paramede1338 ($58.86 in chips) 
Seat 5: nikalas22 ($100.82 in chips) 
Seat 6: skars07 ($102.60 in chips) 
skars07: posts small blind $0.50
Manifestorr: posts big blind $1
*** HOLE CARDS ***
XneferX: folds 
rao999: folds 
Paramede1338: calls $1
nikalas22: folds 
skars07: folds 
Manifestorr: checks 
*** FLOP *** [7h Kd 4c]
Manifestorr: checks 
Paramede1338: bets $4
Manifestorr: folds 
Uncalled bet ($4) returned to Paramede1338
Paramede1338 collected $2.38 from pot
Paramede1338: doesn't show hand 
*** SUMMARY ***
Total pot $2.50 | Rake $0.12 
Board [7h Kd 4c]
Seat 1: Manifestorr (big blind) folded on the Flop
Seat 2: XneferX folded before Flop (didn't bet)
Seat 3: rao999 folded before Flop (didn't bet)
Seat 4: Paramede1338 collected ($2.38)
Seat 5: nikalas22 (button) folded before Flop (didn't bet)
Seat 6: skars07 (small blind) folded before Flop



PokerStars Hand #254776669350:  Hold'em No Limit ($0.50/$1.00 USD) - 2025/02/08 1:24:32 WET [2025/02/08 20:24:32 ET]
Table 'Chacornac II' 6-max Seat #6 is the button
Seat 1: Manifestorr ($137.87 in chips) 
Seat 2: XneferX ($120.38 in chips) 
Seat 3: rao999 ($117.04 in chips) 
Seat 4: Paramede1338 ($60.24 in chips) 
Seat 5: nikalas22 ($100.82 in chips) 
Seat 6: skars07 ($102.10 in chips) 
Manifestorr: posts small blind $0.50
XneferX: posts big blind $1
*** HOLE CARDS ***
rao999: raises $1.50 to $2.50
Paramede1338: folds 
nikalas22: folds 
skars07: folds 
Manifestorr: folds 
XneferX: folds 
Uncalled bet ($1.50) returned to rao999
rao999 collected $2.50 from pot
rao999: doesn't show hand 
*** SUMMARY ***
Total pot $2.50 | Rake $0 
Seat 1: Manifestorr (small blind) folded before Flop
Seat 2: XneferX (big blind) folded before Flop
Seat 3: rao999 collected ($2.50)
Seat 4: Paramede1338 folded before Flop (didn't bet)
Seat 5: nikalas22 folded before Flop (didn't bet)
Seat 6: skars07 (button) folded before Flop (didn't bet)



PokerStars Hand #254776672347:  Hold'em No Limit ($0.50/$1.00 USD) - 2025/02/08 1:24:48 WET [2025/02/08 20:24:48 ET]
Table 'Chacornac II' 6-max Seat #1 is the button
Seat 1: Manifestorr ($137.37 in chips) 
Seat 2: XneferX ($119.38 in chips) 
Seat 3: rao999 ($118.54 in chips) 
Seat 4: Paramede1338 ($60.24 in chips) 
Seat 5: nikalas22 ($100.82 in chips) 
Seat 6: skars07 ($102.10 in chips) 
XneferX: posts small blind $0.50
rao999: posts big blind $1
*** HOLE CARDS ***
Paramede1338: folds 
nikalas22: folds 
skars07: folds 
Manifestorr: raises $1.20 to $2.20
XneferX: folds 
rao999: folds 
Uncalled bet ($1.20) returned to Manifestorr
Manifestorr collected $2.50 from pot
*** SUMMARY ***
Total pot $2.50 | Rake $0 
Seat 1: Manifestorr (button) collected ($2.50)
Seat 2: XneferX (small blind) folded before Flop
Seat 3: rao999 (big blind) folded before Flop
Seat 4: Paramede1338 folded before Flop (didn't bet)
Seat 5: nikalas22 folded before Flop (didn't bet)
Seat 6: skars07 folded before Flop (didn't bet)



PokerStars Hand #254776676312:  Hold'em No Limit ($0.50/$1.00 USD) - 2025/02/08 1:25:09 WET [2025/02/08 20:25:09 ET]
Table 'Chacornac II' 6-max Seat #2 is the button
Seat 1: Manifestorr ($138.87 in chips) 
Seat 2: XneferX ($118.88 in chips) 
Seat 3: rao999 ($117.54 in chips) 
Seat 4: Paramede1338 ($60.24 in chips) 
Seat 5: nikalas22 ($100.82 in chips) 
Seat 6: skars07 ($102.10 in chips) 
rao999: posts small blind $0.50
Paramede1338: posts big blind $1
*** HOLE CARDS ***
nikalas22: folds 
skars07: folds 
Manifestorr: folds 
XneferX: raises $1.77 to $2.77
rao999: folds 
Paramede1338: folds 
Uncalled bet ($1.77) returned to XneferX
XneferX collected $2.50 from pot
XneferX: doesn't show hand 
*** SUMMARY ***
Total pot $2.50 | Rake $0 
Seat 1: Manifestorr folded before Flop (didn't bet)
Seat 2: XneferX (button) collected ($2.50)
Seat 3: rao999 (small blind) folded before Flop
Seat 4: Paramede1338 (big blind) folded before Flop
Seat 5: nikalas22 folded before Flop (didn't bet)
Seat 6: skars07 folded before Flop (didn't bet)



PokerStars Hand #254776680835:  Hold'em No Limit ($0.50/$1.00 USD) - 2025/02/08 1:25:34 WET [2025/02/08 20:25:34 ET]
Table 'Chacornac II' 6-max Seat #3 is the button
Seat 1: Manifestorr ($138.87 in chips) 
Seat 2: XneferX ($120.38 in chips) 
Seat 3: rao999 ($117.04 in chips) 
Seat 4: Paramede1338 ($59.24 in chips) 
Seat 5: nikalas22 ($100.82 in chips) 
Seat 6: skars07 ($102.10 in chips) 
Paramede1338: posts small blind $0.50
nikalas22: posts big blind $1
*** HOLE CARDS ***
skars07: folds 
Manifestorr: folds 
XneferX: raises $1.30 to $2.30
rao999: folds 
Paramede1338: calls $1.80
nikalas22: folds 
*** FLOP *** [2c Th Ts]
Paramede1338: bets $1
XneferX: raises $3 to $4
Paramede1338: calls $3
*** TURN *** [2c Th Ts] [8s]
Paramede1338: checks 
XneferX: checks 
*** RIVER *** [2c Th Ts 8s] [6c]
Paramede1338: bets $6
XneferX: folds 
Uncalled bet ($6) returned to Paramede1338
Paramede1338 collected $12.92 from pot
Paramede1338: doesn't show hand 
*** SUMMARY ***
Total pot $13.60 | Rake $0.68 
Board [2c Th Ts 8s 6c]
Seat 1: Manifestorr folded before Flop (didn't bet)
Seat 2: XneferX folded on the River
Seat 3: rao999 (button) folded before Flop (didn't bet)
Seat 4: Paramede1338 (small blind) collected ($12.92)
Seat 5: nikalas22 (big blind) folded before Flop
Seat 6: skars07 folded before Flop (didn't bet)



PokerStars Hand #254776691677:  Hold'em No Limit ($0.50/$1.00 USD) - 2025/02/08 1:26:33 WET [2025/02/08 20:26:33 ET]
Table 'Chacornac II' 6-max Seat #4 is the button
Seat 1: Manifestorr ($138.87 in chips) 
Seat 2: XneferX ($114.08 in chips) 
Seat 3: rao999 ($117.04 in chips) 
Seat 4: Paramede1338 ($65.86 in chips) 
Seat 5: nikalas22 ($100 in chips) 
Seat 6: skars07 ($102.10 in chips) 
nikalas22: posts small blind $0.50
skars07: posts big blind $1
*** HOLE CARDS ***
Manifestorr: folds 
XneferX: folds 
rao999: folds 
Paramede1338: raises $5 to $6
nikalas22: folds 
skars07: folds 
Uncalled bet ($5) returned to Paramede1338
Paramede1338 collected $2.50 from pot
Paramede1338: doesn't show hand 
*** SUMMARY ***
Total pot $2.50 | Rake $0 
Seat 1: Manifestorr folded before Flop (didn't bet)
Seat 2: XneferX folded before Flop (didn't bet)
Seat 3: rao999 folded before Flop (didn't bet)
Seat 4: Paramede1338 (button) collected ($2.50)
Seat 5: nikalas22 (small blind) folded before Flop
Seat 6: skars07 (big blind) folded before Flop



PokerStars Hand #254776696267:  Hold'em No Limit ($0.50/$1.00 USD) - 2025/02/08 1:26:58 WET [2025/02/08 20:26:58 ET]
Table 'Chacornac II' 6-max Seat #5 is the button
Seat 1: Manifestorr ($138.87 in chips) 
Seat 2: XneferX ($114.08 in chips) 
Seat 3: rao999 ($117.04 in chips) 
Seat 4: Paramede1338 ($67.36 in chips) 
Seat 5: nikalas22 ($100 in chips) 
Seat 6: skars07 ($101.10 in chips) 
skars07: posts small blind $0.50
Manifestorr: posts big blind $1
*** HOLE CARDS ***
XneferX: folds 
rao999: folds 
Paramede1338: folds 
nikalas22: folds 
skars07: raises $2 to $3
Manifestorr: folds 
Uncalled bet ($2) returned to skars07
skars07 collected $2 from pot
skars07: doesn't show hand 
*** SUMMARY ***
Total pot $2 | Rake $0 
Seat 1: Manifestorr (big blind) folded before Flop
Seat 2: XneferX folded before Flop (didn't bet)
Seat 3: rao999 folded before Flop (didn't bet)
Seat 4: Paramede1338 folded before Flop (didn't bet)
Seat 5: nikalas22 (button) folded before Flop (didn't bet)
Seat 6: skars07 (small blind) collected ($2)



PokerStars Hand #254776699502:  Hold'em No Limit ($0.50/$1.00 USD) - 2025/02/08 1:27:15 WET [2025/02/08 20:27:15 ET]
Table 'Chacornac II' 6-max Seat #6 is the button
Seat 1: Manifestorr ($137.87 in chips) 
Seat 2: XneferX ($114.08 in chips) 
Seat 3: rao999 ($117.04 in chips) 
Seat 4: Paramede1338 ($67.36 in chips) 
Seat 5: nikalas22 ($100 in chips) 
Seat 6: skars07 ($102.10 in chips) 
Manifestorr: posts small blind $0.50
XneferX: posts big blind $1
*** HOLE CARDS ***
rao999: raises $1.50 to $2.50
Paramede1338: folds 
nikalas22: folds 
skars07: folds 
Manifestorr: folds 
XneferX: calls $1.50
*** FLOP *** [5s 8s Ad]
XneferX: checks 
rao999: bets $1.72
XneferX: folds 
Uncalled bet ($1.72) returned to rao999
rao999 collected $5.22 from pot
rao999: doesn't show hand 
*** SUMMARY ***
Total pot $5.50 | Rake $0.28 
Board [5s 8s Ad]
Seat 1: Manifestorr (small blind) folded before Flop
Seat 2: XneferX (big blind) folded on the Flop
Seat 3: rao999 collected ($5.22)
Seat 4: Paramede1338 folded before Flop (didn't bet)
Seat 5: nikalas22 folded before Flop (didn't bet)
Seat 6: skars07 (button) folded before Flop (didn't bet)



PokerStars Hand #254776704692:  Hold'em No Limit ($0.50/$1.00 USD) - 2025/02/08 1:27:44 WET [2025/02/08 20:27:44 ET]
Table 'Chacornac II' 6-max Seat #1 is the button
Seat 1: Manifestorr ($137.37 in chips) 
Seat 2: XneferX ($111.58 in chips) 
Seat 3: rao999 ($119.76 in chips) 
Seat 4: Paramede1338 ($67.36 in chips) 
Seat 5: nikalas22 ($100 in chips) 
Seat 6: skars07 ($102.10 in chips) 
XneferX: posts small blind $0.50
rao999: posts big blind $1
*** HOLE CARDS ***
Paramede1338: folds 
nikalas22: raises $1.20 to $2.20
skars07: folds 
Manifestorr: folds 
XneferX: folds 
rao999: calls $1.20
*** FLOP *** [Ac 9d 2d]
rao999: checks 
nikalas22: checks 
*** TURN *** [Ac 9d 2d] [7d]
rao999: checks 
nikalas22: bets $3.50
rao999: folds 
Uncalled bet ($3.50) returned to nikalas22
nikalas22 collected $4.66 from pot
nikalas22: doesn't show hand 
*** SUMMARY ***
Total pot $4.90 | Rake $0.24 
Board [Ac 9d 2d 7d]
Seat 1: Manifestorr (button) folded before Flop (didn't bet)
Seat 2: XneferX (small blind) folded before Flop
Seat 3: rao999 (big blind) folded on the Turn
Seat 4: Paramede1338 folded before Flop (didn't bet)
Seat 5: nikalas22 collected ($4.66)
Seat 6: skars07 folded before Flop (didn't bet)



PokerStars Hand #254776712246:  Hold'em No Limit ($0.50/$1.00 USD) - 2025/02/08 1:28:25 WET [2025/02/08 20:28:25 ET]
Table 'Chacornac II' 6-max Seat #2 is the button
Seat 1: Manifestorr ($137.37 in chips) 
Seat 2: XneferX ($111.08 in chips) 
Seat 3: rao999 ($117.56 in chips) 
Seat 4: Paramede1338 ($67.36 in chips) 
Seat 5: nikalas22 ($102.46 in chips) 
Seat 6: skars07 ($102.10 in chips) 
rao999: posts small blind $0.50
Paramede1338: posts big blind $1
*** HOLE CARDS ***
nikalas22: folds 
skars07: raises $1.50 to $2.50
Manifestorr: folds 
XneferX: folds 
rao999: calls $2
Paramede1338: calls $1.50
*** FLOP *** [9h 2c 4h]
rao999: checks 
Paramede1338: checks 
skars07: bets $3.56
rao999: folds 
Paramede1338: calls $3.56
*** TURN *** [9h 2c 4h] [8c]
Paramede1338: checks 
skars07: bets $10.42
Paramede1338: calls $10.42
*** RIVER *** [9h 2c 4h 8c] [9s]
Paramede1338: checks 
skars07: checks 
*** SHOW DOWN ***
Paramede1338: shows [7h 5h] (a pair of Nines)
skars07: shows [Jh Kh] (a pair of Nines - King kicker)
skars07 collected $33.69 from pot
*** SUMMARY ***
Total pot $35.46 | Rake $1.77 
Board [9h 2c 4h 8c 9s]
Seat 1: Manifestorr folded before Flop (didn't bet)
Seat 2: XneferX (button) folded before Flop (didn't bet)
Seat 3: rao999 (small blind) folded on the Flop
Seat 4: Paramede1338 (big blind) showed [7h 5h] and lost with a pair of Nines
Seat 5: nikalas22 folded before Flop (didn't bet)
Seat 6: skars07 showed [Jh Kh] and won ($33.69) with a pair of Nines



PokerStars Hand #254776728379:  Hold'em No Limit ($0.50/$1.00 USD) - 2025/02/08 1:29:53 WET [2025/02/08 20:29:53 ET]
Table 'Chacornac II' 6-max Seat #3 is the button
Seat 1: Manifestorr ($137.37 in chips) 
Seat 2: XneferX ($111.08 in chips) 
Seat 3: rao999 ($115.06 in chips) 
Seat 4: Paramede1338 ($50.88 in chips) 
Seat 5: nikalas22 ($102.46 in chips) 
Seat 6: skars07 ($119.31 in chips) 
Paramede1338: posts small blind $0.50
nikalas22: posts big blind $1
*** HOLE CARDS ***
skars07: folds 
Manifestorr: raises $1.20 to $2.20
XneferX: folds 
rao999: folds 
Paramede1338: calls $1.70
nikalas22: folds 
*** FLOP *** [4c 2d Ah]
Paramede1338: bets $6
Manifestorr: folds 
Uncalled bet ($6) returned to Paramede1338
Paramede1338 collected $5.13 from pot
Paramede1338: doesn't show hand 
*** SUMMARY ***
Total pot $5.40 | Rake $0.27 
Board [4c 2d Ah]
Seat 1: Manifestorr folded on the Flop
Seat 2: XneferX folded before Flop (didn't bet)
Seat 3: rao999 (button) folded before Flop (didn't bet)
Seat 4: Paramede1338 (small blind) collected ($5.13)
Seat 5: nikalas22 (big blind) folded before Flop
Seat 6: skars07 folded before Flop (didn't bet)



PokerStars Hand #254776736097:  Hold'em No Limit ($0.50/$1.00 USD) - 2025/02/08 1:30:34 WET [2025/02/08 20:30:34 ET]
Table 'Chacornac II' 6-max Seat #4 is the button
Seat 1: Manifestorr ($135.17 in chips) 
Seat 2: XneferX ($111.08 in chips) 
Seat 3: rao999 ($115.06 in chips) 
Seat 4: Paramede1338 ($53.81 in chips) 
Seat 5: nikalas22 ($101.46 in chips) 
Seat 6: skars07 ($119.31 in chips) 
nikalas22: posts small blind $0.50
skars07: posts big blind $1
*** HOLE CARDS ***
Manifestorr: folds 
XneferX: folds 
rao999: folds 
Paramede1338: calls $1
nikalas22: folds 
skars07: checks 
*** FLOP *** [Tc Qd 9d]
skars07: checks 
Paramede1338: checks 
*** TURN *** [Tc Qd 9d] [6d]
skars07: checks 
Paramede1338: checks 
*** RIVER *** [Tc Qd 9d 6d] [Ts]
skars07: checks 
Paramede1338: bets $2
skars07: folds 
Uncalled bet ($2) returned to Paramede1338
Paramede1338 collected $2.38 from pot
Paramede1338: doesn't show hand 
*** SUMMARY ***
Total pot $2.50 | Rake $0.12 
Board [Tc Qd 9d 6d Ts]
Seat 1: Manifestorr folded before Flop (didn't bet)
Seat 2: XneferX folded before Flop (didn't bet)
Seat 3: rao999 folded before Flop (didn't bet)
Seat 4: Paramede1338 (button) collected ($2.38)
Seat 5: nikalas22 (small blind) folded before Flop
Seat 6: skars07 (big blind) folded on the River



PokerStars Hand #254776743281:  Hold'em No Limit ($0.50/$1.00 USD) - 2025/02/08 1:31:13 WET [2025/02/08 20:31:13 ET]
Table 'Chacornac II' 6-max Seat #5 is the button
Seat 1: Manifestorr ($135.17 in chips) 
Seat 2: XneferX ($111.08 in chips) 
Seat 3: rao999 ($115.06 in chips) 
Seat 4: Paramede1338 ($55.19 in chips) 
Seat 5: nikalas22 ($100.96 in chips) 
Seat 6: skars07 ($118.31 in chips) 
skars07: posts small blind $0.50
Manifestorr: posts big blind $1
*** HOLE CARDS ***
XneferX: raises $1.10 to $2.10
rao999: folds 
Paramede1338: folds 
nikalas22: folds 
skars07: folds 
Manifestorr: folds 
Uncalled bet ($1.10) returned to XneferX
XneferX collected $2.50 from pot
XneferX: doesn't show hand 
*** SUMMARY ***
Total pot $2.50 | Rake $0 
Seat 1: Manifestorr (big blind) folded before Flop
Seat 2: XneferX collected ($2.50)
Seat 3: rao999 folded before Flop (didn't bet)
Seat 4: Paramede1338 folded before Flop (didn't bet)
Seat 5: nikalas22 (button) folded before Flop (didn't bet)
Seat 6: skars07 (small blind) folded before Flop



PokerStars Hand #254776748269:  Hold'em No Limit ($0.50/$1.00 USD) - 2025/02/08 1:31:40 WET [2025/02/08 20:31:40 ET]
Table 'Chacornac II' 6-max Seat #6 is the button
Seat 1: Manifestorr ($134.17 in chips) 
Seat 2: XneferX ($112.58 in chips) 
Seat 3: rao999 ($115.06 in chips) 
Seat 4: Paramede1338 ($55.19 in chips) 
Seat 5: nikalas22 ($100.96 in chips) 
Seat 6: skars07 ($117.81 in chips) 
Manifestorr: posts small blind $0.50
XneferX: posts big blind $1
*** HOLE CARDS ***
rao999: folds 
Paramede1338: folds 
nikalas22: raises $1.20 to $2.20
skars07: folds 
Manifestorr: folds 
XneferX: folds 
Uncalled bet ($1.20) returned to nikalas22
nikalas22 collected $2.50 from pot
nikalas22: doesn't show hand 
*** SUMMARY ***
Total pot $2.50 | Rake $0 
Seat 1: Manifestorr (small blind) folded before Flop
Seat 2: XneferX (big blind) folded before Flop
Seat 3: rao999 folded before Flop (didn't bet)
Seat 4: Paramede1338 folded before Flop (didn't bet)
Seat 5: nikalas22 collected ($2.50)
Seat 6: skars07 (button) folded before Flop (didn't bet)



PokerStars Hand #254776752033:  Hold'em No Limit ($0.50/$1.00 USD) - 2025/02/08 1:32:00 WET [2025/02/08 20:32:00 ET]
Table 'Chacornac II' 6-max Seat #1 is the button
Seat 1: Manifestorr ($133.67 in chips) 
Seat 2: XneferX ($111.58 in chips) 
Seat 3: rao999 ($115.06 in chips) 
Seat 4: Paramede1338 ($55.19 in chips) 
Seat 5: nikalas22 ($102.46 in chips) 
Seat 6: skars07 ($117.81 in chips) 
XneferX: posts small blind $0.50
rao999: posts big blind $1
*** HOLE CARDS ***
Paramede1338: calls $1
nikalas22: raises $3 to $4
skars07: folds 
Manifestorr: folds 
XneferX: folds 
rao999: folds 
Paramede1338: calls $3
*** FLOP *** [7s Kd Th]
Paramede1338: bets $1
nikalas22: raises $5.51 to $6.51
Paramede1338: folds 
Uncalled bet ($5.51) returned to nikalas22
nikalas22 collected $10.92 from pot
nikalas22: doesn't show hand 
*** SUMMARY ***
Total pot $11.50 | Rake $0.58 
Board [7s Kd Th]
Seat 1: Manifestorr (button) folded before Flop (didn't bet)
Seat 2: XneferX (small blind) folded before Flop
Seat 3: rao999 (big blind) folded before Flop
Seat 4: Paramede1338 folded on the Flop
Seat 5: nikalas22 collected ($10.92)
Seat 6: skars07 folded before Flop (didn't bet)



PokerStars Hand #254776764976:  Hold'em No Limit ($0.50/$1.00 USD) - 2025/02/08 1:33:10 WET [2025/02/08 20:33:10 ET]
Table 'Chacornac II' 6-max Seat #2 is the button
Seat 1: Manifestorr ($133.67 in chips) 
Seat 2: XneferX ($111.08 in chips) 
Seat 3: rao999 ($114.06 in chips) 
Seat 4: Paramede1338 ($50.19 in chips) 
Seat 5: nikalas22 ($108.38 in chips) 
Seat 6: skars07 ($117.81 in chips) 
rao999: posts small blind $0.50
Paramede1338: posts big blind $1
*** HOLE CARDS ***
nikalas22: folds 
skars07: folds 
Manifestorr: folds 
XneferX: folds 
rao999: raises $2 to $3
Paramede1338: folds 
Uncalled bet ($2) returned to rao999
rao999 collected $2 from pot
rao999: doesn't show hand 
*** SUMMARY ***
Total pot $2 | Rake $0 
Seat 1: Manifestorr folded before Flop (didn't bet)
Seat 2: XneferX (button) folded before Flop (didn't bet)
Seat 3: rao999 (small blind) collected ($2)
Seat 4: Paramede1338 (big blind) folded before Flop
Seat 5: nikalas22 folded before Flop (didn't bet)
Seat 6: skars07 folded before Flop (didn't bet)



PokerStars Hand #254776768930:  Hold'em No Limit ($0.50/$1.00 USD) - 2025/02/08 1:33:32 WET [2025/02/08 20:33:32 ET]
Table 'Chacornac II' 6-max Seat #3 is the button
Seat 1: Manifestorr ($133.67 in chips) 
Seat 2: XneferX ($111.08 in chips) 
Seat 3: rao999 ($115.06 in chips) 
Seat 4: Paramede1338 ($49.19 in chips) 
Seat 5: nikalas22 ($108.38 in chips) 
Seat 6: skars07 ($117.81 in chips) 
Paramede1338: posts small blind $0.50
nikalas22: posts big blind $1
*** HOLE CARDS ***
skars07: folds 
Manifestorr: folds 
XneferX: folds 
rao999: folds 
Paramede1338: calls $0.50
nikalas22: checks 
*** FLOP *** [2c As 3c]
Paramede1338: bets $3
nikalas22: calls $3
*** TURN *** [2c As 3c] [Jh]
Paramede1338: bets $16
nikalas22: folds 
Uncalled bet ($16) returned to Paramede1338
Paramede1338 collected $7.60 from pot
Paramede1338: doesn't show hand 
*** SUMMARY ***
Total pot $8 | Rake $0.40 
Board [2c As 3c Jh]
Seat 1: Manifestorr folded before Flop (didn't bet)
Seat 2: XneferX folded before Flop (didn't bet)
Seat 3: rao999 (button) folded before Flop (didn't bet)
Seat 4: Paramede1338 (small blind) collected ($7.60)
Seat 5: nikalas22 (big blind) folded on the Turn
Seat 6: skars07 folded before Flop (didn't bet)



PokerStars Hand #254776776628:  Hold'em No Limit ($0.50/$1.00 USD) - 2025/02/08 1:34:14 WET [2025/02/08 20:34:14 ET]
Table 'Chacornac II' 6-max Seat #4 is the button
Seat 1: Manifestorr ($133.67 in chips) 
Seat 2: XneferX ($111.08 in chips) 
Seat 3: rao999 ($115.06 in chips) 
Seat 4: Paramede1338 ($52.79 in chips) 
Seat 5: nikalas22 ($104.38 in chips) 
Seat 6: skars07 ($117.81 in chips) 
nikalas22: posts small blind $0.50
skars07: posts big blind $1
*** HOLE CARDS ***
Manifestorr: folds 
XneferX: folds 
rao999: folds 
Paramede1338: calls $1
nikalas22: folds 
skars07: checks 
*** FLOP *** [Td 9c 4h]
skars07: checks 
Paramede1338: bets $2
skars07: folds 
Uncalled bet ($2) returned to Paramede1338
Paramede1338 collected $2.38 from pot
Paramede1338: doesn't show hand 
*** SUMMARY ***
Total pot $2.50 | Rake $0.12 
Board [Td 9c 4h]
Seat 1: Manifestorr folded before Flop (didn't bet)
Seat 2: XneferX folded before Flop (didn't bet)
Seat 3: rao999 folded before Flop (didn't bet)
Seat 4: Paramede1338 (button) collected ($2.38)
Seat 5: nikalas22 (small blind) folded before Flop
Seat 6: skars07 (big blind) folded on the Flop



PokerStars Hand #254776783658:  Hold'em No Limit ($0.50/$1.00 USD) - 2025/02/08 1:34:52 WET [2025/02/08 20:34:52 ET]
Table 'Chacornac II' 6-max Seat #5 is the button
Seat 1: Manifestorr ($133.67 in chips) 
Seat 2: XneferX ($111.08 in chips) 
Seat 3: rao999 ($115.06 in chips) 
Seat 4: Paramede1338 ($54.17 in chips) 
Seat 5: nikalas22 ($103.88 in chips) 
Seat 6: skars07 ($116.81 in chips) 
skars07: posts small blind $0.50
Manifestorr: posts big blind $1
*** HOLE CARDS ***
XneferX: folds 
rao999: folds 
Paramede1338: folds 
nikalas22: raises $1.20 to $2.20
skars07: folds 
Manifestorr: folds 
Uncalled bet ($1.20) returned to nikalas22
nikalas22 collected $2.50 from pot
nikalas22: doesn't show hand 
*** SUMMARY ***
Total pot $2.50 | Rake $0 
Seat 1: Manifestorr (big blind) folded before Flop
Seat 2: XneferX folded before Flop (didn't bet)
Seat 3: rao999 folded before Flop (didn't bet)
Seat 4: Paramede1338 folded before Flop (didn't bet)
Seat 5: nikalas22 (button) collected ($2.50)
Seat 6: skars07 (small blind) folded before Flop



PokerStars Hand #254776786682:  Hold'em No Limit ($0.50/$1.00 USD) - 2025/02/08 1:35:09 WET [2025/02/08 20:35:09 ET]
Table 'Chacornac II' 6-max Seat #6 is the button
Seat 1: Manifestorr ($132.67 in chips) 
Seat 2: XneferX ($111.08 in chips) 
Seat 3: rao999 ($115.06 in chips) 
Seat 4: Paramede1338 ($54.17 in chips) 
Seat 5: nikalas22 ($105.38 in chips) 
Seat 6: skars07 ($116.31 in chips) 
Manifestorr: posts small blind $0.50
XneferX: posts big blind $1
*** HOLE CARDS ***
rao999: folds 
Paramede1338: folds 
nikalas22: raises $1.20 to $2.20
skars07: folds 
Manifestorr: folds 
XneferX: folds 
Uncalled bet ($1.20) returned to nikalas22
nikalas22 collected $2.50 from pot
nikalas22: doesn't show hand 
*** SUMMARY ***
Total pot $2.50 | Rake $0 
Seat 1: Manifestorr (small blind) folded before Flop
Seat 2: XneferX (big blind) folded before Flop
Seat 3: rao999 folded before Flop (didn't bet)
Seat 4: Paramede1338 folded before Flop (didn't bet)
Seat 5: nikalas22 collected ($2.50)
Seat 6: skars07 (button) folded before Flop (didn't bet)



PokerStars Hand #254776790619:  Hold'em No Limit ($0.50/$1.00 USD) - 2025/02/08 1:35:30 WET [2025/02/08 20:35:30 ET]
Table 'Chacornac II' 6-max Seat #1 is the button
Seat 1: Manifestorr ($132.17 in chips) 
Seat 2: XneferX ($110.08 in chips) 
Seat 3: rao999 ($115.06 in chips) 
Seat 4: Paramede1338 ($54.17 in chips) 
Seat 5: nikalas22 ($106.88 in chips) 
Seat 6: skars07 ($116.31 in chips) 
XneferX: posts small blind $0.50
rao999: posts big blind $1
*** HOLE CARDS ***
Paramede1338: folds 
nikalas22: raises $1.20 to $2.20
skars07: folds 
Manifestorr: folds 
XneferX: folds 
rao999: raises $9.80 to $12
nikalas22: folds 
Uncalled bet ($9.80) returned to rao999
rao999 collected $4.90 from pot
rao999: doesn't show hand 
*** SUMMARY ***
Total pot $4.90 | Rake $0 
Seat 1: Manifestorr (button) folded before Flop (didn't bet)
Seat 2: XneferX (small blind) folded before Flop
Seat 3: rao999 (big blind) collected ($4.90)
Seat 4: Paramede1338 folded before Flop (didn't bet)
Seat 5: nikalas22 folded before Flop
Seat 6: skars07 folded before Flop (didn't bet)



PokerStars Hand #254776795866:  Hold'em No Limit ($0.50/$1.00 USD) - 2025/02/08 1:35:59 WET [2025/02/08 20:35:59 ET]
Table 'Chacornac II' 6-max Seat #2 is the button
Seat 1: Manifestorr ($132.17 in chips) 
Seat 2: XneferX ($109.58 in chips) 
Seat 3: rao999 ($117.76 in chips) 
Seat 4: Paramede1338 ($54.17 in chips) 
Seat 5: nikalas22 ($104.68 in chips) 
Seat 6: skars07 ($116.31 in chips) 
rao999: posts small blind $0.50
Paramede1338: posts big blind $1
*** HOLE CARDS ***
nikalas22: raises $1.20 to $2.20
skars07: folds 
Manifestorr: folds 
XneferX: folds 
rao999: folds 
Paramede1338: calls $1.20
*** FLOP *** [8c 6c 7c]
Paramede1338: checks 
nikalas22: checks 
*** TURN *** [8c 6c 7c] [Kc]
Paramede1338: bets $9
nikalas22: folds 
Uncalled bet ($9) returned to Paramede1338
Paramede1338 collected $4.66 from pot
Paramede1338: doesn't show hand 
*** SUMMARY ***
Total pot $4.90 | Rake $0.24 
Board [8c 6c 7c Kc]
Seat 1: Manifestorr folded before Flop (didn't bet)
Seat 2: XneferX (button) folded before Flop (didn't bet)
Seat 3: rao999 (small blind) folded before Flop
Seat 4: Paramede1338 (big blind) collected ($4.66)
Seat 5: nikalas22 folded on the Turn
Seat 6: skars07 folded before Flop (didn't bet)



PokerStars Hand #254776802474:  Hold'em No Limit ($0.50/$1.00 USD) - 2025/02/08 1:36:35 WET [2025/02/08 20:36:35 ET]
Table 'Chacornac II' 6-max Seat #3 is the button
Seat 1: Manifestorr ($132.17 in chips) 
Seat 2: XneferX ($109.58 in chips) 
Seat 3: rao999 ($117.26 in chips) 
Seat 4: Paramede1338 ($56.63 in chips) 
Seat 5: nikalas22 ($102.48 in chips) 
Seat 6: skars07 ($116.31 in chips) 
Paramede1338: posts small blind $0.50
nikalas22: posts big blind $1
*** HOLE CARDS ***
skars07: folds 
Manifestorr: folds 
XneferX: folds 
rao999: raises $1.50 to $2.50
Paramede1338: folds 
nikalas22: calls $1.50
*** FLOP *** [Ac 4d 3d]
nikalas22: checks 
rao999: bets $1.72
nikalas22: calls $1.72
*** TURN *** [Ac 4d 3d] [Ad]
nikalas22: checks 
rao999: checks 
*** RIVER *** [Ac 4d 3d Ad] [Jc]
nikalas22: bets $6.37
rao999: folds 
Uncalled bet ($6.37) returned to nikalas22
nikalas22 collected $8.49 from pot
nikalas22: doesn't show hand 
*** SUMMARY ***
Total pot $8.94 | Rake $0.45 
Board [Ac 4d 3d Ad Jc]
Seat 1: Manifestorr folded before Flop (didn't bet)
Seat 2: XneferX folded before Flop (didn't bet)
Seat 3: rao999 (button) folded on the River
Seat 4: Paramede1338 (small blind) folded before Flop
Seat 5: nikalas22 (big blind) collected ($8.49)
Seat 6: skars07 folded before Flop (didn't bet)



PokerStars Hand #254776812247:  Hold'em No Limit ($0.50/$1.00 USD) - 2025/02/08 1:37:29 WET [2025/02/08 20:37:29 ET]
Table 'Chacornac II' 6-max Seat #4 is the button
Seat 1: Manifestorr ($132.17 in chips) 
Seat 2: XneferX ($109.58 in chips) 
Seat 3: rao999 ($113.04 in chips) 
Seat 4: Paramede1338 ($56.13 in chips) 
Seat 5: nikalas22 ($106.75 in chips) 
Seat 6: skars07 ($116.31 in chips) 
nikalas22: posts small blind $0.50
skars07: posts big blind $1
*** HOLE CARDS ***
Manifestorr: raises $1.20 to $2.20
XneferX: folds 
rao999: folds 
Paramede1338: folds 
nikalas22: folds 
skars07: folds 
Uncalled bet ($1.20) returned to Manifestorr
Manifestorr collected $2.50 from pot
*** SUMMARY ***
Total pot $2.50 | Rake $0 
Seat 1: Manifestorr collected ($2.50)
Seat 2: XneferX folded before Flop (didn't bet)
Seat 3: rao999 folded before Flop (didn't bet)
Seat 4: Paramede1338 (button) folded before Flop (didn't bet)
Seat 5: nikalas22 (small blind) folded before Flop
Seat 6: skars07 (big blind) folded before Flop



PokerStars Hand #254776858473:  Hold'em No Limit ($0.50/$1.00 USD) - 2025/02/08 1:41:45 WET [2025/02/08 20:41:45 ET]
Table 'Chacornac II' 6-max Seat #1 is the button
Seat 1: Manifestorr ($119.62 in chips) 
Seat 2: XneferX ($111.08 in chips) 
Seat 3: Christianzt1 ($100 in chips) 
Seat 4: Paramede1338 ($75.22 in chips) 
Seat 5: nikalas22 ($101.50 in chips) 
Seat 6: skars07 ($115.51 in chips) 
XneferX: posts small blind $0.50
Christianzt1: posts big blind $1
*** HOLE CARDS ***
Paramede1338: raises $3 to $4
nikalas22: folds 
skars07: folds 
Manifestorr: folds 
XneferX: folds 
Christianzt1: folds 
Uncalled bet ($3) returned to Paramede1338
Paramede1338 collected $2.50 from pot
Paramede1338: doesn't show hand 
*** SUMMARY ***
Total pot $2.50 | Rake $0 
Seat 1: Manifestorr (button) folded before Flop (didn't bet)
Seat 2: XneferX (small blind) folded before Flop
Seat 3: Christianzt1 (big blind) folded before Flop
Seat 4: Paramede1338 collected ($2.50)
Seat 5: nikalas22 folded before Flop (didn't bet)
Seat 6: skars07 folded before Flop (didn't bet)



PokerStars Hand #254776864199:  Hold'em No Limit ($0.50/$1.00 USD) - 2025/02/08 1:42:17 WET [2025/02/08 20:42:17 ET]
Table 'Chacornac II' 6-max Seat #2 is the button
Seat 1: Manifestorr ($119.62 in chips) 
Seat 2: XneferX ($110.58 in chips) 
Seat 3: Christianzt1 ($100 in chips) 
Seat 4: Paramede1338 ($76.72 in chips) 
Seat 5: nikalas22 ($101.50 in chips) 
Seat 6: skars07 ($115.51 in chips) 
Christianzt1: posts small blind $0.50
Paramede1338: posts big blind $1
*** HOLE CARDS ***
nikalas22: raises $1.20 to $2.20
skars07: folds 
Manifestorr: folds 
XneferX: folds 
Christianzt1: folds 
Paramede1338: calls $1.20
*** FLOP *** [7c As Kh]
Paramede1338: checks 
nikalas22: checks 
*** TURN *** [7c As Kh] [7s]
Paramede1338: bets $2
nikalas22: calls $2
*** RIVER *** [7c As Kh 7s] [3s]
Paramede1338: bets $2
nikalas22: calls $2
*** SHOW DOWN ***
Paramede1338: shows [6h 6c] (two pair, Sevens and Sixes)
nikalas22: shows [Kc Js] (two pair, Kings and Sevens)
nikalas22 collected $12.26 from pot
*** SUMMARY ***
Total pot $12.90 | Rake $0.64 
Board [7c As Kh 7s 3s]
Seat 1: Manifestorr folded before Flop (didn't bet)
Seat 2: XneferX (button) folded before Flop (didn't bet)
Seat 3: Christianzt1 (small blind) folded before Flop
Seat 4: Paramede1338 (big blind) showed [6h 6c] and lost with two pair, Sevens and Sixes
Seat 5: nikalas22 showed [Kc Js] and won ($12.26) with two pair, Kings and Sevens
Seat 6: skars07 folded before Flop (didn't bet)



PokerStars Hand #254776872688:  Hold'em No Limit ($0.50/$1.00 USD) - 2025/02/08 1:43:04 WET [2025/02/08 20:43:04 ET]
Table 'Chacornac II' 6-max Seat #3 is the button
Seat 1: Manifestorr ($119.62 in chips) 
Seat 2: XneferX ($110.58 in chips) 
Seat 3: Christianzt1 ($100 in chips) 
Seat 4: Paramede1338 ($70.52 in chips) 
Seat 5: nikalas22 ($107.56 in chips) 
Seat 6: skars07 ($115.51 in chips) 
Paramede1338: posts small blind $0.50
nikalas22: posts big blind $1
*** HOLE CARDS ***
skars07: raises $1.50 to $2.50
Manifestorr: folds 
XneferX: folds 
Christianzt1: calls $2.50
Paramede1338: calls $2
nikalas22: folds 
*** FLOP *** [5c Ac 8c]
Paramede1338: checks 
skars07: checks 
Christianzt1: checks 
*** TURN *** [5c Ac 8c] [Ts]
Paramede1338: bets $4
skars07: folds 
Christianzt1: folds 
Uncalled bet ($4) returned to Paramede1338
Paramede1338 collected $8.08 from pot
Paramede1338: doesn't show hand 
*** SUMMARY ***
Total pot $8.50 | Rake $0.42 
Board [5c Ac 8c Ts]
Seat 1: Manifestorr folded before Flop (didn't bet)
Seat 2: XneferX folded before Flop (didn't bet)
Seat 3: Christianzt1 (button) folded on the Turn
Seat 4: Paramede1338 (small blind) collected ($8.08)
Seat 5: nikalas22 (big blind) folded before Flop
Seat 6: skars07 folded on the Turn



PokerStars Hand #254776884291:  Hold'em No Limit ($0.50/$1.00 USD) - 2025/02/08 1:44:09 WET [2025/02/08 20:44:09 ET]
Table 'Chacornac II' 6-max Seat #4 is the button
Seat 1: Manifestorr ($119.62 in chips) 
Seat 2: XneferX ($110.58 in chips) 
Seat 3: Christianzt1 ($100 in chips) 
Seat 4: Paramede1338 ($76.10 in chips) 
Seat 5: nikalas22 ($106.56 in chips) 
Seat 6: skars07 ($113.01 in chips) 
nikalas22: posts small blind $0.50
skars07: posts big blind $1
*** HOLE CARDS ***
Manifestorr: folds 
XneferX: folds 
Christianzt1: folds 
Paramede1338: calls $1
nikalas22: folds 
skars07: checks 
*** FLOP *** [Ah Qs 6h]
skars07: checks 
Paramede1338: bets $3
skars07: folds 
Uncalled bet ($3) returned to Paramede1338
Paramede1338 collected $2.38 from pot
Paramede1338: doesn't show hand 
*** SUMMARY ***
Total pot $2.50 | Rake $0.12 
Board [Ah Qs 6h]
Seat 1: Manifestorr folded before Flop (didn't bet)
Seat 2: XneferX folded before Flop (didn't bet)
Seat 3: Christianzt1 folded before Flop (didn't bet)
Seat 4: Paramede1338 (button) collected ($2.38)
Seat 5: nikalas22 (small blind) folded before Flop
Seat 6: skars07 (big blind) folded on the Flop



PokerStars Hand #254776891431:  Hold'em No Limit ($0.50/$1.00 USD) - 2025/02/08 1:44:49 WET [2025/02/08 20:44:49 ET]
Table 'Chacornac II' 6-max Seat #5 is the button
Seat 1: Manifestorr ($119.62 in chips) is sitting out
Seat 2: XneferX ($110.58 in chips) 
Seat 3: Christianzt1 ($100 in chips) 
Seat 4: Paramede1338 ($77.48 in chips) 
Seat 5: nikalas22 ($106.06 in chips) 
Seat 6: skars07 ($112.01 in chips) 
skars07: posts small blind $0.50
Manifestorr: is sitting out 
XneferX: posts big blind $1
*** HOLE CARDS ***
Christianzt1: raises $1.50 to $2.50
Paramede1338: folds 
nikalas22: folds 
skars07: folds 
Manifestorr leaves the table
XneferX: calls $1.50
*** FLOP *** [5c Jc 8s]
XneferX: checks 
CEPTT joins the table at seat #1 
Christianzt1: bets $2.09
XneferX: raises $4.79 to $6.88
Christianzt1: calls $4.79
*** TURN *** [5c Jc 8s] [Jd]
XneferX: bets $9.33
Christianzt1: raises $9.33 to $18.66
XneferX: folds 
Uncalled bet ($9.33) returned to Christianzt1
Christianzt1 collected $36.02 from pot
*** SUMMARY ***
Total pot $37.92 | Rake $1.90 
Board [5c Jc 8s Jd]
Seat 1: Manifestorr
Seat 2: XneferX (big blind) folded on the Turn
Seat 3: Christianzt1 collected ($36.02)
Seat 4: Paramede1338 folded before Flop (didn't bet)
Seat 5: nikalas22 (button) folded before Flop (didn't bet)
Seat 6: skars07 (small blind) folded before Flop



PokerStars Hand #254776905894:  Hold'em No Limit ($0.50/$1.00 USD) - 2025/02/08 1:46:10 WET [2025/02/08 20:46:10 ET]
Table 'Chacornac II' 6-max Seat #6 is the button
Seat 1: CEPTT ($122.85 in chips) is sitting out
Seat 2: XneferX ($100 in chips) 
Seat 3: Christianzt1 ($117.31 in chips) 
Seat 4: Paramede1338 ($77.48 in chips) 
Seat 5: nikalas22 ($106.06 in chips) 
Seat 6: skars07 ($111.51 in chips) 
XneferX: posts small blind $0.50
Christianzt1: posts big blind $1
*** HOLE CARDS ***
Paramede1338: calls $1
nikalas22: raises $3 to $4
skars07: folds 
XneferX: folds 
Christianzt1: folds 
Paramede1338: calls $3
*** FLOP *** [Qc Qs 6d]
Paramede1338: checks 
nikalas22: bets $2.71
Paramede1338: calls $2.71
*** TURN *** [Qc Qs 6d] [7h]
Paramede1338: checks 
nikalas22: checks 
*** RIVER *** [Qc Qs 6d 7h] [Qh]
Paramede1338: bets $2
nikalas22: calls $2
*** SHOW DOWN ***
Paramede1338: shows [Js Ts] (three of a kind, Queens)
nikalas22: shows [Ac Kd] (three of a kind, Queens - Ace kicker)
nikalas22 collected $17.97 from pot
*** SUMMARY ***
Total pot $18.92 | Rake $0.95 
Board [Qc Qs 6d 7h Qh]
Seat 1: CEPTT
Seat 2: XneferX (small blind) folded before Flop
Seat 3: Christianzt1 (big blind) folded before Flop
Seat 4: Paramede1338 showed [Js Ts] and lost with three of a kind, Queens
Seat 5: nikalas22 showed [Ac Kd] and won ($17.97) with three of a kind, Queens
Seat 6: skars07 (button) folded before Flop (didn't bet)



PokerStars Hand #254776914915:  Hold'em No Limit ($0.50/$1.00 USD) - 2025/02/08 1:47:01 WET [2025/02/08 20:47:01 ET]
Table 'Chacornac II' 6-max Seat #2 is the button
Seat 1: CEPTT ($122.85 in chips) is sitting out
Seat 2: XneferX ($100 in chips) 
Seat 3: Christianzt1 ($116.31 in chips) 
Seat 4: Paramede1338 ($68.77 in chips) 
Seat 5: nikalas22 ($115.32 in chips) 
Seat 6: skars07 ($111.51 in chips) 
Christianzt1: posts small blind $0.50
Paramede1338: posts big blind $1
CEPTT: sits out 
*** HOLE CARDS ***
nikalas22: folds 
skars07: folds 
nikalas22 leaves the table
XneferX: raises $1.77 to $2.77
Christianzt1: folds 
Paramede1338: calls $1.77
*** FLOP *** [4h Jh 2d]
Paramede1338: bets $4
XneferX: folds 
Uncalled bet ($4) returned to Paramede1338
Paramede1338 collected $5.74 from pot
Paramede1338: doesn't show hand 
socito joins the table at seat #5 
*** SUMMARY ***
Total pot $6.04 | Rake $0.30 
Board [4h Jh 2d]
Seat 1: CEPTT
Seat 2: XneferX (button) folded on the Flop
Seat 3: Christianzt1 (small blind) folded before Flop
Seat 4: Paramede1338 (big blind) collected ($5.74)
Seat 5: nikalas22 folded before Flop (didn't bet)
Seat 6: skars07 folded before Flop (didn't bet)



PokerStars Hand #254776921544:  Hold'em No Limit ($0.50/$1.00 USD) - 2025/02/08 1:47:38 WET [2025/02/08 20:47:38 ET]
Table 'Chacornac II' 6-max Seat #3 is the button
Seat 1: CEPTT ($122.85 in chips) is sitting out
Seat 2: XneferX ($100 in chips) 
Seat 3: Christianzt1 ($115.81 in chips) 
Seat 4: Paramede1338 ($71.74 in chips) 
Seat 5: socito ($100 in chips) 
Seat 6: skars07 ($111.51 in chips) 
Paramede1338: posts small blind $0.50
socito: posts big blind $1
CEPTT: sits out 
*** HOLE CARDS ***
skars07: raises $1.50 to $2.50
XneferX: calls $2.50
Christianzt1: calls $2.50
Paramede1338: folds 
socito: folds 
*** FLOP *** [As 6c 9c]
skars07: checks 
XneferX: checks 
Christianzt1: bets $2.82
skars07: calls $2.82
XneferX: folds 
*** TURN *** [As 6c 9c] [Td]
skars07: checks 
Christianzt1: bets $5.56
skars07: raises $15.29 to $20.85
Christianzt1: calls $15.29
*** RIVER *** [As 6c 9c Td] [Kh]
skars07: checks 
Christianzt1: bets $89.64 and is all-in
skars07: calls $85.34 and is all-in
Uncalled bet ($4.30) returned to Christianzt1
*** SHOW DOWN ***
Christianzt1: shows [9s 9h] (three of a kind, Nines)
skars07: shows [9d Ad] (two pair, Aces and Nines)
Christianzt1 collected $224.52 from pot
*** SUMMARY ***
Total pot $227.02 | Rake $2.50 
Board [As 6c 9c Td Kh]
Seat 1: CEPTT
Seat 2: XneferX folded on the Flop
Seat 3: Christianzt1 (button) showed [9s 9h] and won ($224.52) with three of a kind, Nines
Seat 4: Paramede1338 (small blind) folded before Flop
Seat 5: socito (big blind) folded before Flop
Seat 6: skars07 showed [9d Ad] and lost with two pair, Aces and Nines



PokerStars Hand #254776953445:  Hold'em No Limit ($0.50/$1.00 USD) - 2025/02/08 1:50:41 WET [2025/02/08 20:50:41 ET]
Table 'Chacornac II' 6-max Seat #4 is the button
Seat 1: CEPTT ($122.85 in chips) is sitting out
Seat 2: XneferX ($100 in chips) 
Seat 3: Christianzt1 ($228.82 in chips) 
Seat 4: Paramede1338 ($71.24 in chips) 
Seat 5: socito ($100 in chips) 
Seat 6: skars07 ($100 in chips) 
socito: posts small blind $0.50
skars07: posts big blind $1
CEPTT: sits out 
*** HOLE CARDS ***
XneferX: folds 
Christianzt1: raises $1.30 to $2.30
Paramede1338: folds 
Paramede1338 leaves the table
socito: folds 
skars07: folds 
Uncalled bet ($1.30) returned to Christianzt1
Christianzt1 collected $2.50 from pot
*** SUMMARY ***
Total pot $2.50 | Rake $0 
Seat 1: CEPTT
Seat 2: XneferX folded before Flop (didn't bet)
Seat 3: Christianzt1 collected ($2.50)
Seat 4: Paramede1338 (button) folded before Flop (didn't bet)
Seat 5: socito (small blind) folded before Flop
Seat 6: skars07 (big blind) folded before Flop



PokerStars Hand #254776958492:  Hold'em No Limit ($0.50/$1.00 USD) - 2025/02/08 1:51:10 WET [2025/02/08 20:51:10 ET]
Table 'Chacornac II' 6-max Seat #5 is the button
Seat 1: CEPTT ($122.85 in chips) 
Seat 2: XneferX ($100 in chips) 
Seat 3: Christianzt1 ($230.32 in chips) 
Seat 5: socito ($100 in chips) 
Seat 6: skars07 ($100 in chips) 
skars07: posts small blind $0.50
CEPTT: posts big blind $1
*** HOLE CARDS ***
XneferX: folds 
Christianzt1: raises $1.30 to $2.30
XneferX leaves the table
socito: folds 
skars07: folds 
CEPTT: folds 
Uncalled bet ($1.30) returned to Christianzt1
Christianzt1 collected $2.50 from pot
*** SUMMARY ***
Total pot $2.50 | Rake $0 
Seat 1: CEPTT (big blind) folded before Flop
Seat 2: XneferX folded before Flop (didn't bet)
Seat 3: Christianzt1 collected ($2.50)
Seat 5: socito (button) folded before Flop (didn't bet)
Seat 6: skars07 (small blind) folded before Flop



PokerStars Hand #254776964056:  Hold'em No Limit ($0.50/$1.00 USD) - 2025/02/08 1:51:42 WET [2025/02/08 20:51:42 ET]
Table 'Chacornac II' 6-max Seat #6 is the button
Seat 1: CEPTT ($121.85 in chips) 
Seat 3: Christianzt1 ($231.82 in chips) 
Seat 5: socito ($100 in chips) 
Seat 6: skars07 ($100 in chips) 
CEPTT: posts small blind $0.50
Christianzt1: posts big blind $1
*** HOLE CARDS ***
socito: raises $1.50 to $2.50
skars07: folds 
CEPTT: raises $9.50 to $12
Christianzt1: folds 
socito: folds 
Uncalled bet ($9.50) returned to CEPTT
CEPTT collected $6 from pot
CEPTT: doesn't show hand 
*** SUMMARY ***
Total pot $6 | Rake $0 
Seat 1: CEPTT (small blind) collected ($6)
Seat 3: Christianzt1 (big blind) folded before Flop
Seat 5: socito folded before Flop
Seat 6: skars07 (button) folded before Flop (didn't bet)



PokerStars Hand #254776968208:  Hold'em No Limit ($0.50/$1.00 USD) - 2025/02/08 1:52:06 WET [2025/02/08 20:52:06 ET]
Table 'Chacornac II' 6-max Seat #3 is the button
Seat 5: socito ($100 in chips) is sitting out
Seat 6: skars07 ($100 in chips) is sitting out
Seat 1: CEPTT ($125.35 in chips) 
Seat 3: Christianzt1 ($230.82 in chips) 
Christianzt1: posts small blind $0.50
G.Andrei95 joins the table at seat #4 
socito: is sitting out 
skars07: is sitting out 
CEPTT: posts big blind $1
*** HOLE CARDS ***
skars07 leaves the table
Christianzt1: raises $2 to $3
CEPTT: folds 
Uncalled bet ($2) returned to Christianzt1
Christianzt1 collected $2 from pot
*** SUMMARY ***
Total pot $2 | Rake $0 
Seat 5: socito
Seat 6: skars07
Seat 1: CEPTT (big blind) folded before Flop
Seat 3: Christianzt1 (button) (small blind) collected ($2)



PokerStars Hand #254776973060:  Hold'em No Limit ($0.50/$1.00 USD) - 2025/02/08 1:52:34 WET [2025/02/08 20:52:34 ET]
Table 'Chacornac II' 6-max Seat #1 is the button
Seat 5: socito ($100 in chips) is sitting out
Seat 1: CEPTT ($124.35 in chips) 
Seat 3: Christianzt1 ($231.82 in chips) 
Seat 4: G.Andrei95 ($100 in chips) 
Christianzt1: posts small blind $0.50
G.Andrei95: posts big blind $1
*** HOLE CARDS ***
CEPTT: folds 
Christianzt1: raises $2 to $3
G.Andrei95: folds 
Uncalled bet ($2) returned to Christianzt1
Christianzt1 collected $2 from pot
*** SUMMARY ***
Total pot $2 | Rake $0 
Seat 5: socito
Seat 1: CEPTT (button) folded before Flop (didn't bet)
Seat 3: Christianzt1 (small blind) collected ($2)
Seat 4: G.Andrei95 (big blind) folded before Flop



PokerStars Hand #254776975924:  Hold'em No Limit ($0.50/$1.00 USD) - 2025/02/08 1:52:51 WET [2025/02/08 20:52:51 ET]
Table 'Chacornac II' 6-max Seat #3 is the button
Seat 5: socito ($100 in chips) is sitting out
Seat 1: CEPTT ($124.35 in chips) 
Seat 3: Christianzt1 ($232.82 in chips) 
Seat 4: G.Andrei95 ($100 in chips) 
G.Andrei95: posts small blind $0.50
CEPTT: posts big blind $1
*** HOLE CARDS ***
Christianzt1: raises $1.50 to $2.50
socito leaves the table
G.Andrei95: folds 
CEPTT: folds 
Uncalled bet ($1.50) returned to Christianzt1
Christianzt1 collected $2.50 from pot
CEPTT leaves the table
*** SUMMARY ***
Total pot $2.50 | Rake $0 
Seat 5: socito
Seat 1: CEPTT (big blind) folded before Flop
Seat 3: Christianzt1 (button) collected ($2.50)
Seat 4: G.Andrei95 (small blind) folded before Flop



PokerStars Hand #254777197154:  Hold'em No Limit ($0.50/$1.00 USD) - 2025/02/08 2:16:01 WET [2025/02/08 21:16:01 ET]
Table 'Chacornac II' 6-max Seat #5 is the button
Seat 1: avlee1 ($100 in chips) 
Seat 2: CEPTT ($123.35 in chips) 
Seat 5: LastinFirstout ($43 in chips) 
Seat 6: G.Andrei95 ($100 in chips) 
G.Andrei95: posts small blind $0.50
avlee1: posts big blind $1
*** HOLE CARDS ***
CEPTT: folds 
LastinFirstout: calls $1
Supermegopro joins the table at seat #3 
G.Andrei95: calls $0.50
avlee1: checks 
*** FLOP *** [Jh Th 9d]
G.Andrei95: bets $1
avlee1: folds 
LastinFirstout: calls $1
*** TURN *** [Jh Th 9d] [Qh]
G.Andrei95: checks 
LastinFirstout: bets $4.75
G.Andrei95: calls $4.75
*** RIVER *** [Jh Th 9d Qh] [As]
pr0tecto joins the table at seat #4 
G.Andrei95: checks 
LastinFirstout: bets $6.89
G.Andrei95: calls $6.89
*** SHOW DOWN ***
LastinFirstout: shows [Kd 3d] (a straight, Ten to Ace)
G.Andrei95: mucks hand 
LastinFirstout collected $27.28 from pot
*** SUMMARY ***
Total pot $28.28 | Rake $1 
Board [Jh Th 9d Qh As]
Seat 1: avlee1 (big blind) folded on the Flop
Seat 2: CEPTT folded before Flop (didn't bet)
Seat 5: LastinFirstout (button) showed [Kd 3d] and won ($27.28) with a straight, Ten to Ace
Seat 6: G.Andrei95 (small blind) mucked



PokerStars Hand #254777208434:  Hold'em No Limit ($0.50/$1.00 USD) - 2025/02/08 2:17:11 WET [2025/02/08 21:17:11 ET]
Table 'Chacornac II' 6-max Seat #6 is the button
Seat 3: Supermegopro ($100 in chips) is sitting out
Seat 4: pr0tecto ($100 in chips) is sitting out
Seat 1: avlee1 ($100 in chips) 
Seat 2: CEPTT ($123.35 in chips) 
Seat 5: LastinFirstout ($56.64 in chips) 
Seat 6: G.Andrei95 ($100 in chips) 
avlee1: posts small blind $0.50
CEPTT: posts big blind $1
Supermegopro: sits out 
pr0tecto: sits out 
*** HOLE CARDS ***
LastinFirstout: calls $1
G.Andrei95: raises $3 to $4
avlee1: raises $10 to $14
CEPTT: folds 
LastinFirstout: folds 
G.Andrei95: folds 
Uncalled bet ($10) returned to avlee1
avlee1 collected $10 from pot
avlee1: doesn't show hand 
*** SUMMARY ***
Total pot $10 | Rake $0 
Seat 3: Supermegopro
Seat 4: pr0tecto
Seat 1: avlee1 (small blind) collected ($10)
Seat 2: CEPTT (big blind) folded before Flop
Seat 5: LastinFirstout folded before Flop
Seat 6: G.Andrei95 (button) folded before Flop



PokerStars Hand #254777213189:  Hold'em No Limit ($0.50/$1.00 USD) - 2025/02/08 2:17:40 WET [2025/02/08 21:17:40 ET]
Table 'Chacornac II' 6-max Seat #1 is the button
Seat 4: pr0tecto ($100 in chips) is sitting out
Seat 1: avlee1 ($106 in chips) 
Seat 2: CEPTT ($122.35 in chips) 
Seat 3: Supermegopro ($100 in chips) 
Seat 5: LastinFirstout ($55.64 in chips) 
Seat 6: G.Andrei95 ($100 in chips) 
CEPTT: posts small blind $0.50
Supermegopro: posts big blind $1
pr0tecto: sits out 
*** HOLE CARDS ***
LastinFirstout: folds 
G.Andrei95: raises $1.50 to $2.50
avlee1: folds 
CEPTT: folds 
Supermegopro: folds 
Uncalled bet ($1.50) returned to G.Andrei95
G.Andrei95 collected $2.50 from pot
G.Andrei95: doesn't show hand 
*** SUMMARY ***
Total pot $2.50 | Rake $0 
Seat 4: pr0tecto
Seat 1: avlee1 (button) folded before Flop (didn't bet)
Seat 2: CEPTT (small blind) folded before Flop
Seat 3: Supermegopro (big blind) folded before Flop
Seat 5: LastinFirstout folded before Flop (didn't bet)
Seat 6: G.Andrei95 collected ($2.50)



PokerStars Hand #254777215133:  Hold'em No Limit ($0.50/$1.00 USD) - 2025/02/08 2:17:53 WET [2025/02/08 21:17:53 ET]
Table 'Chacornac II' 6-max Seat #2 is the button
Seat 1: avlee1 ($106 in chips) 
Seat 2: CEPTT ($121.85 in chips) 
Seat 3: Supermegopro ($100 in chips) 
Seat 4: pr0tecto ($100 in chips) 
Seat 5: LastinFirstout ($55.64 in chips) 
Seat 6: G.Andrei95 ($101.50 in chips) 
Supermegopro: posts small blind $0.50
pr0tecto: posts big blind $1
*** HOLE CARDS ***
LastinFirstout: folds 
G.Andrei95: folds 
avlee1: raises $1.50 to $2.50
CEPTT: folds 
Supermegopro: folds 
pr0tecto: folds 
Uncalled bet ($1.50) returned to avlee1
avlee1 collected $2.50 from pot
avlee1: doesn't show hand 
*** SUMMARY ***
Total pot $2.50 | Rake $0 
Seat 1: avlee1 collected ($2.50)
Seat 2: CEPTT (button) folded before Flop (didn't bet)
Seat 3: Supermegopro (small blind) folded before Flop
Seat 4: pr0tecto (big blind) folded before Flop
Seat 5: LastinFirstout folded before Flop (didn't bet)
Seat 6: G.Andrei95 folded before Flop (didn't bet)



PokerStars Hand #254777218671:  Hold'em No Limit ($0.50/$1.00 USD) - 2025/02/08 2:18:15 WET [2025/02/08 21:18:15 ET]
Table 'Chacornac II' 6-max Seat #3 is the button
Seat 1: avlee1 ($107.50 in chips) 
Seat 2: CEPTT ($121.85 in chips) 
Seat 3: Supermegopro ($100 in chips) 
Seat 4: pr0tecto ($99 in chips) 
Seat 5: LastinFirstout ($55.64 in chips) 
Seat 6: G.Andrei95 ($101.50 in chips) 
pr0tecto: posts small blind $0.50
LastinFirstout: posts big blind $1
*** HOLE CARDS ***
G.Andrei95: folds 
avlee1: folds 
CEPTT: folds 
Supermegopro: folds 
pr0tecto: raises $1.24 to $2.24
LastinFirstout: calls $1.24
*** FLOP *** [9d Kd 5s]
pr0tecto: bets $1.41
LastinFirstout: calls $1.41
*** TURN *** [9d Kd 5s] [7c]
pr0tecto: checks 
LastinFirstout: checks 
*** RIVER *** [9d Kd 5s 7c] [Js]
pr0tecto: checks 
LastinFirstout: bets $6.94
pr0tecto: folds 
Uncalled bet ($6.94) returned to LastinFirstout
LastinFirstout collected $6.94 from pot
*** SUMMARY ***
Total pot $7.30 | Rake $0.36 
Board [9d Kd 5s 7c Js]
Seat 1: avlee1 folded before Flop (didn't bet)
Seat 2: CEPTT folded before Flop (didn't bet)
Seat 3: Supermegopro (button) folded before Flop (didn't bet)
Seat 4: pr0tecto (small blind) folded on the River
Seat 5: LastinFirstout (big blind) collected ($6.94)
Seat 6: G.Andrei95 folded before Flop (didn't bet)



PokerStars Hand #254777227075:  Hold'em No Limit ($0.50/$1.00 USD) - 2025/02/08 2:19:07 WET [2025/02/08 21:19:07 ET]
Table 'Chacornac II' 6-max Seat #4 is the button
Seat 1: avlee1 ($107.50 in chips) 
Seat 2: CEPTT ($121.85 in chips) 
Seat 3: Supermegopro ($100 in chips) 
Seat 4: pr0tecto ($100 in chips) 
Seat 5: LastinFirstout ($58.93 in chips) 
Seat 6: G.Andrei95 ($101.50 in chips) 
LastinFirstout: posts small blind $0.50
G.Andrei95: posts big blind $1
*** HOLE CARDS ***
avlee1: folds 
CEPTT: raises $1.25 to $2.25
Supermegopro: folds 
pr0tecto: folds 
LastinFirstout: calls $1.75
G.Andrei95: folds 
*** FLOP *** [3d 9c 5h]
LastinFirstout: checks 
CEPTT: bets $1.57
LastinFirstout: calls $1.57
*** TURN *** [3d 9c 5h] [Jc]
LastinFirstout: checks 
CEPTT: checks 
*** RIVER *** [3d 9c 5h Jc] [6c]
LastinFirstout: bets $4.11
CEPTT: calls $4.11
*** SHOW DOWN ***
LastinFirstout: shows [Ts Js] (a pair of Jacks)
CEPTT: mucks hand 
LastinFirstout collected $16.02 from pot
*** SUMMARY ***
Total pot $16.86 | Rake $0.84 
Board [3d 9c 5h Jc 6c]
Seat 1: avlee1 folded before Flop (didn't bet)
Seat 2: CEPTT mucked
Seat 3: Supermegopro folded before Flop (didn't bet)
Seat 4: pr0tecto (button) folded before Flop (didn't bet)
Seat 5: LastinFirstout (small blind) showed [Ts Js] and won ($16.02) with a pair of Jacks
Seat 6: G.Andrei95 (big blind) folded before Flop



PokerStars Hand #254777233374:  Hold'em No Limit ($0.50/$1.00 USD) - 2025/02/08 2:19:45 WET [2025/02/08 21:19:45 ET]
Table 'Chacornac II' 6-max Seat #5 is the button
Seat 1: avlee1 ($107.50 in chips) 
Seat 2: CEPTT ($113.92 in chips) 
Seat 3: Supermegopro ($100 in chips) 
Seat 4: pr0tecto ($100 in chips) 
Seat 5: LastinFirstout ($67.02 in chips) 
Seat 6: G.Andrei95 ($100.50 in chips) 
G.Andrei95: posts small blind $0.50
avlee1: posts big blind $1
*** HOLE CARDS ***
CEPTT: folds 
Supermegopro: raises $2 to $3
pr0tecto: folds 
LastinFirstout: folds 
G.Andrei95: folds 
avlee1: calls $2
*** FLOP *** [Qs 4d 8s]
avlee1: checks 
Supermegopro: checks 
*** TURN *** [Qs 4d 8s] [Jd]
avlee1: bets $12.36
Supermegopro: folds 
Uncalled bet ($12.36) returned to avlee1
avlee1 collected $6.18 from pot
avlee1: doesn't show hand 
*** SUMMARY ***
Total pot $6.50 | Rake $0.32 
Board [Qs 4d 8s Jd]
Seat 1: avlee1 (big blind) collected ($6.18)
Seat 2: CEPTT folded before Flop (didn't bet)
Seat 3: Supermegopro folded on the Turn
Seat 4: pr0tecto folded before Flop (didn't bet)
Seat 5: LastinFirstout (button) folded before Flop (didn't bet)
Seat 6: G.Andrei95 (small blind) folded before Flop



PokerStars Hand #254777241974:  Hold'em No Limit ($0.50/$1.00 USD) - 2025/02/08 2:20:39 WET [2025/02/08 21:20:39 ET]
Table 'Chacornac II' 6-max Seat #6 is the button
Seat 1: avlee1 ($110.68 in chips) 
Seat 2: CEPTT ($113.92 in chips) 
Seat 3: Supermegopro ($100 in chips) 
Seat 4: pr0tecto ($100 in chips) 
Seat 5: LastinFirstout ($67.02 in chips) 
Seat 6: G.Andrei95 ($100 in chips) 
avlee1: posts small blind $0.50
CEPTT: posts big blind $1
*** HOLE CARDS ***
Supermegopro: folds 
pr0tecto: raises $1.10 to $2.10
LastinFirstout: folds 
G.Andrei95: folds 
avlee1: folds 
CEPTT: calls $1.10
*** FLOP *** [Th Ac 3d]
CEPTT: checks 
pr0tecto: bets $1.47
CEPTT: folds 
Uncalled bet ($1.47) returned to pr0tecto
pr0tecto collected $4.46 from pot
pr0tecto: doesn't show hand 
*** SUMMARY ***
Total pot $4.70 | Rake $0.24 
Board [Th Ac 3d]
Seat 1: avlee1 (small blind) folded before Flop
Seat 2: CEPTT (big blind) folded on the Flop
Seat 3: Supermegopro folded before Flop (didn't bet)
Seat 4: pr0tecto collected ($4.46)
Seat 5: LastinFirstout folded before Flop (didn't bet)
Seat 6: G.Andrei95 (button) folded before Flop (didn't bet)



PokerStars Hand #254777245777:  Hold'em No Limit ($0.50/$1.00 USD) - 2025/02/08 2:21:02 WET [2025/02/08 21:21:02 ET]
Table 'Chacornac II' 6-max Seat #1 is the button
Seat 3: Supermegopro ($100 in chips) is sitting out
Seat 1: avlee1 ($110.18 in chips) 
Seat 2: CEPTT ($111.82 in chips) 
Seat 4: pr0tecto ($102.36 in chips) 
Seat 5: LastinFirstout ($67.02 in chips) 
Seat 6: G.Andrei95 ($100 in chips) 
CEPTT: posts small blind $0.50
pr0tecto: posts big blind $1
*** HOLE CARDS ***
LastinFirstout: folds 
G.Andrei95: folds 
avlee1: folds 
CEPTT: raises $2 to $3
pr0tecto: calls $2
*** FLOP *** [Qs 8h Kh]
CEPTT: bets $1.71
pr0tecto: calls $1.71
*** TURN *** [Qs 8h Kh] [Js]
CEPTT: bets $2.69
pr0tecto: calls $2.69
*** RIVER *** [Qs 8h Kh Js] [3d]
CEPTT: checks 
pr0tecto: checks 
*** SHOW DOWN ***
CEPTT: shows [Qd Jd] (two pair, Queens and Jacks)
pr0tecto: mucks hand 
CEPTT collected $14.06 from pot
*** SUMMARY ***
Total pot $14.80 | Rake $0.74 
Board [Qs 8h Kh Js 3d]
Seat 3: Supermegopro
Seat 1: avlee1 (button) folded before Flop (didn't bet)
Seat 2: CEPTT (small blind) showed [Qd Jd] and won ($14.06) with two pair, Queens and Jacks
Seat 4: pr0tecto (big blind) mucked
Seat 5: LastinFirstout folded before Flop (didn't bet)
Seat 6: G.Andrei95 folded before Flop (didn't bet)



PokerStars Hand #254777255731:  Hold'em No Limit ($0.50/$1.00 USD) - 2025/02/08 2:22:04 WET [2025/02/08 21:22:04 ET]
Table 'Chacornac II' 6-max Seat #2 is the button
Seat 3: Supermegopro ($100 in chips) is sitting out
Seat 1: avlee1 ($110.18 in chips) 
Seat 2: CEPTT ($118.48 in chips) 
Seat 4: pr0tecto ($100 in chips) 
Seat 5: LastinFirstout ($67.02 in chips) 
Seat 6: G.Andrei95 ($100 in chips) 
pr0tecto: posts small blind $0.50
LastinFirstout: posts big blind $1
*** HOLE CARDS ***
G.Andrei95: folds 
avlee1: folds 
CEPTT: raises $1.85 to $2.85
pr0tecto: folds 
LastinFirstout: raises $6.20 to $9.05
CEPTT: folds 
Uncalled bet ($6.20) returned to LastinFirstout
LastinFirstout collected $6.20 from pot
*** SUMMARY ***
Total pot $6.20 | Rake $0 
Seat 3: Supermegopro
Seat 1: avlee1 folded before Flop (didn't bet)
Seat 2: CEPTT (button) folded before Flop
Seat 4: pr0tecto (small blind) folded before Flop
Seat 5: LastinFirstout (big blind) collected ($6.20)
Seat 6: G.Andrei95 folded before Flop (didn't bet)



PokerStars Hand #254777298971:  Hold'em No Limit ($0.50/$1.00 USD) - 2025/02/08 2:26:39 WET [2025/02/08 21:26:39 ET]
Table 'Chacornac II' 6-max Seat #5 is the button
Seat 3: Supermegopro ($100 in chips) is sitting out
Seat 4: Drevevagen17 ($100 in chips) is sitting out
Seat 1: avlee1 ($121.05 in chips) 
Seat 2: CEPTT ($111.28 in chips) 
Seat 5: LastinFirstout ($56.46 in chips) 
Seat 6: G.Andrei95 ($112.20 in chips) 
G.Andrei95: posts small blind $0.50
avlee1: posts big blind $1
Drevevagen17: sits out 
*** HOLE CARDS ***
CEPTT: folds 
LastinFirstout: raises $2 to $3
G.Andrei95: folds 
avlee1: calls $2
*** FLOP *** [5c Ad 6h]
avlee1: checks 
LastinFirstout: bets $6.18
avlee1: folds 
Uncalled bet ($6.18) returned to LastinFirstout
LastinFirstout collected $6.18 from pot
LastinFirstout: shows [As]
*** SUMMARY ***
Total pot $6.50 | Rake $0.32 
Board [5c Ad 6h]
Seat 3: Supermegopro
Seat 4: Drevevagen17
Seat 1: avlee1 (big blind) folded on the Flop
Seat 2: CEPTT folded before Flop (didn't bet)
Seat 5: LastinFirstout (button) collected ($6.18)
Seat 6: G.Andrei95 (small blind) folded before Flop



PokerStars Hand #254777302086:  Hold'em No Limit ($0.50/$1.00 USD) - 2025/02/08 2:26:59 WET [2025/02/08 21:26:59 ET]
Table 'Chacornac II' 6-max Seat #6 is the button
Seat 3: Supermegopro ($100 in chips) is sitting out
Seat 4: Drevevagen17 ($100 in chips) is sitting out
Seat 1: avlee1 ($118.05 in chips) 
Seat 2: CEPTT ($111.28 in chips) 
Seat 5: LastinFirstout ($59.64 in chips) 
Seat 6: G.Andrei95 ($111.70 in chips) 
avlee1: posts small blind $0.50
CEPTT: posts big blind $1
Drevevagen17: sits out 
*** HOLE CARDS ***
LastinFirstout: calls $1
G.Andrei95: folds 
avlee1: raises $5 to $6
CEPTT: folds 
LastinFirstout: calls $5
*** FLOP *** [4h Jh 9d]
avlee1: bets $3.46
LastinFirstout: calls $3.46
*** TURN *** [4h Jh 9d] [Qd]
avlee1: checks 
LastinFirstout: checks 
*** RIVER *** [4h Jh 9d Qd] [Ts]
avlee1: bets $6.24
LastinFirstout: folds 
Uncalled bet ($6.24) returned to avlee1
avlee1 collected $18.92 from pot
avlee1: doesn't show hand 
*** SUMMARY ***
Total pot $19.92 | Rake $1 
Board [4h Jh 9d Qd Ts]
Seat 3: Supermegopro
Seat 4: Drevevagen17
Seat 1: avlee1 (small blind) collected ($18.92)
Seat 2: CEPTT (big blind) folded before Flop
Seat 5: LastinFirstout folded on the River
Seat 6: G.Andrei95 (button) folded before Flop (didn't bet)



PokerStars Hand #254777307150:  Hold'em No Limit ($0.50/$1.00 USD) - 2025/02/08 2:27:31 WET [2025/02/08 21:27:31 ET]
Table 'Chacornac II' 6-max Seat #1 is the button
Seat 3: Supermegopro ($100 in chips) is sitting out
Seat 1: avlee1 ($127.51 in chips) 
Seat 2: CEPTT ($110.28 in chips) 
Seat 4: Drevevagen17 ($100 in chips) 
Seat 5: LastinFirstout ($50.18 in chips) 
Seat 6: G.Andrei95 ($111.70 in chips) 
CEPTT: posts small blind $0.50
Drevevagen17: posts big blind $1
*** HOLE CARDS ***
LastinFirstout: calls $1
G.Andrei95: folds 
avlee1: raises $5 to $6
CEPTT: calls $5.50
Drevevagen17: folds 
LastinFirstout: folds 
*** FLOP *** [8d Jd 7h]
CEPTT: checks 
avlee1: checks 
*** TURN *** [8d Jd 7h] [4s]
CEPTT: checks 
avlee1: checks 
*** RIVER *** [8d Jd 7h 4s] [Js]
CEPTT: checks 
avlee1: checks 
*** SHOW DOWN ***
CEPTT: shows [5d 4d] (two pair, Jacks and Fours)
avlee1: shows [7c Ah] (two pair, Jacks and Sevens)
avlee1 collected $13.30 from pot
*** SUMMARY ***
Total pot $14 | Rake $0.70 
Board [8d Jd 7h 4s Js]
Seat 3: Supermegopro
Seat 1: avlee1 (button) showed [7c Ah] and won ($13.30) with two pair, Jacks and Sevens
Seat 2: CEPTT (small blind) showed [5d 4d] and lost with two pair, Jacks and Fours
Seat 4: Drevevagen17 (big blind) folded before Flop
Seat 5: LastinFirstout folded before Flop
Seat 6: G.Andrei95 folded before Flop (didn't bet)



PokerStars Hand #254777320069:  Hold'em No Limit ($0.50/$1.00 USD) - 2025/02/08 2:28:53 WET [2025/02/08 21:28:53 ET]
Table 'Chacornac II' 6-max Seat #2 is the button
Seat 3: Supermegopro ($100 in chips) is sitting out
Seat 1: avlee1 ($134.81 in chips) 
Seat 2: CEPTT ($104.28 in chips) 
Seat 4: Drevevagen17 ($99 in chips) 
Seat 5: LastinFirstout ($49.18 in chips) 
Seat 6: G.Andrei95 ($111.70 in chips) 
Drevevagen17: posts small blind $0.50
LastinFirstout: posts big blind $1
*** HOLE CARDS ***
G.Andrei95: folds 
avlee1: raises $1.50 to $2.50
CEPTT: folds 
Drevevagen17: raises $7.50 to $10
LastinFirstout: folds 
avlee1: folds 
Uncalled bet ($7.50) returned to Drevevagen17
Drevevagen17 collected $6 from pot
*** SUMMARY ***
Total pot $6 | Rake $0 
Seat 3: Supermegopro
Seat 1: avlee1 folded before Flop
Seat 2: CEPTT (button) folded before Flop (didn't bet)
Seat 4: Drevevagen17 (small blind) collected ($6)
Seat 5: LastinFirstout (big blind) folded before Flop
Seat 6: G.Andrei95 folded before Flop (didn't bet)



PokerStars Hand #254777325263:  Hold'em No Limit ($0.50/$1.00 USD) - 2025/02/08 2:29:27 WET [2025/02/08 21:29:27 ET]
Table 'Chacornac II' 6-max Seat #4 is the button
Seat 3: Supermegopro ($100 in chips) is sitting out
Seat 1: avlee1 ($132.31 in chips) 
Seat 2: CEPTT ($104.28 in chips) 
Seat 4: Drevevagen17 ($102.50 in chips) 
Seat 5: LastinFirstout ($48.18 in chips) 
Seat 6: G.Andrei95 ($111.70 in chips) 
LastinFirstout: posts small blind $0.50
G.Andrei95: posts big blind $1
Supermegopro: sits out 
*** HOLE CARDS ***
avlee1: folds 
CEPTT: folds 
Drevevagen17: folds 
LastinFirstout: calls $0.50
G.Andrei95: checks 
*** FLOP *** [5d 6h 7s]
LastinFirstout: checks 
G.Andrei95: checks 
*** TURN *** [5d 6h 7s] [Th]
LastinFirstout: checks 
G.Andrei95: checks 
*** RIVER *** [5d 6h 7s Th] [Kd]
LastinFirstout: bets $1.90
G.Andrei95: raises $1.90 to $3.80
LastinFirstout: calls $1.90
*** SHOW DOWN ***
G.Andrei95: shows [8c Jc] (high card King)
LastinFirstout: shows [9s Kh] (a pair of Kings)
LastinFirstout collected $9.12 from pot
*** SUMMARY ***
Total pot $9.60 | Rake $0.48 
Board [5d 6h 7s Th Kd]
Seat 3: Supermegopro
Seat 1: avlee1 folded before Flop (didn't bet)
Seat 2: CEPTT folded before Flop (didn't bet)
Seat 4: Drevevagen17 (button) folded before Flop (didn't bet)
Seat 5: LastinFirstout (small blind) showed [9s Kh] and won ($9.12) with a pair of Kings
Seat 6: G.Andrei95 (big blind) showed [8c Jc] and lost with high card King



PokerStars Hand #254777332889:  Hold'em No Limit ($0.50/$1.00 USD) - 2025/02/08 2:30:16 WET [2025/02/08 21:30:16 ET]
Table 'Chacornac II' 6-max Seat #5 is the button
Seat 3: Supermegopro ($100 in chips) is sitting out
Seat 1: avlee1 ($132.31 in chips) 
Seat 2: CEPTT ($104.28 in chips) 
Seat 4: Drevevagen17 ($102.50 in chips) 
Seat 5: LastinFirstout ($52.50 in chips) 
Seat 6: G.Andrei95 ($106.90 in chips) 
G.Andrei95: posts small blind $0.50
avlee1: posts big blind $1
Supermegopro: sits out 
*** HOLE CARDS ***
CEPTT: raises $1.25 to $2.25
Drevevagen17: folds 
LastinFirstout: raises $6 to $8.25
G.Andrei95: folds 
avlee1: folds 
CEPTT: calls $6
*** FLOP *** [5c 9s 5s]
CEPTT: checks 
LastinFirstout: bets $44.25 and is all-in
CEPTT: folds 
Uncalled bet ($44.25) returned to LastinFirstout
LastinFirstout collected $17.10 from pot
*** SUMMARY ***
Total pot $18 | Rake $0.90 
Board [5c 9s 5s]
Seat 3: Supermegopro
Seat 1: avlee1 (big blind) folded before Flop
Seat 2: CEPTT folded on the Flop
Seat 4: Drevevagen17 folded before Flop (didn't bet)
Seat 5: LastinFirstout (button) collected ($17.10)
Seat 6: G.Andrei95 (small blind) folded before Flop



PokerStars Hand #254777339908:  Hold'em No Limit ($0.50/$1.00 USD) - 2025/02/08 2:31:01 WET [2025/02/08 21:31:01 ET]
Table 'Chacornac II' 6-max Seat #6 is the button
Seat 2: CEPTT ($100 in chips) is sitting out
Seat 1: avlee1 ($131.31 in chips) 
Seat 3: Supermegopro ($100 in chips) 
Seat 4: Drevevagen17 ($102.50 in chips) 
Seat 5: LastinFirstout ($61.35 in chips) 
Seat 6: G.Andrei95 ($106.40 in chips) 
avlee1: posts small blind $0.50
CEPTT: is sitting out 
Supermegopro: posts big blind $1
*** HOLE CARDS ***
Drevevagen17: raises $2 to $3
CEPTT leaves the table
LastinFirstout: folds 
G.Andrei95: folds 
avlee1: folds 
Supermegopro: calls $2
*** FLOP *** [9c 7d Th]
Supermegopro: checks 
Drevevagen17: checks 
*** TURN *** [9c 7d Th] [Ac]
Supermegopro: checks 
Drevevagen17: checks 
*** RIVER *** [9c 7d Th Ac] [Kh]
Supermegopro: bets $1
LuckyShikari joins the table at seat #2 
Drevevagen17: folds 
Uncalled bet ($1) returned to Supermegopro
Supermegopro collected $6.18 from pot
Supermegopro: doesn't show hand 
*** SUMMARY ***
Total pot $6.50 | Rake $0.32 
Board [9c 7d Th Ac Kh]
Seat 2: CEPTT
Seat 1: avlee1 (small blind) folded before Flop
Seat 3: Supermegopro (big blind) collected ($6.18)
Seat 4: Drevevagen17 folded on the River
Seat 5: LastinFirstout folded before Flop (didn't bet)
Seat 6: G.Andrei95 (button) folded before Flop (didn't bet)



PokerStars Hand #254777347267:  Hold'em No Limit ($0.50/$1.00 USD) - 2025/02/08 2:31:48 WET [2025/02/08 21:31:48 ET]
Table 'Chacornac II' 6-max Seat #1 is the button
Seat 2: LuckyShikari ($100 in chips) is sitting out
Seat 1: avlee1 ($130.81 in chips) 
Seat 3: Supermegopro ($103.18 in chips) 
Seat 4: Drevevagen17 ($99.50 in chips) 
Seat 5: LastinFirstout ($61.35 in chips) 
Seat 6: G.Andrei95 ($106.40 in chips) 
Supermegopro: posts small blind $0.50
Drevevagen17: posts big blind $1
*** HOLE CARDS ***
LastinFirstout: folds 
G.Andrei95: folds 
avlee1: folds 
Supermegopro: raises $1.50 to $2.50
Drevevagen17: folds 
Uncalled bet ($1.50) returned to Supermegopro
Supermegopro collected $2 from pot
Supermegopro: doesn't show hand 
*** SUMMARY ***
Total pot $2 | Rake $0 
Seat 2: LuckyShikari
Seat 1: avlee1 (button) folded before Flop (didn't bet)
Seat 3: Supermegopro (small blind) collected ($2)
Seat 4: Drevevagen17 (big blind) folded before Flop
Seat 5: LastinFirstout folded before Flop (didn't bet)
Seat 6: G.Andrei95 folded before Flop (didn't bet)



PokerStars Hand #254777350066:  Hold'em No Limit ($0.50/$1.00 USD) - 2025/02/08 2:32:06 WET [2025/02/08 21:32:06 ET]
Table 'Chacornac II' 6-max Seat #3 is the button
Seat 2: LuckyShikari ($100 in chips) is sitting out
Seat 1: avlee1 ($130.81 in chips) 
Seat 3: Supermegopro ($104.18 in chips) 
Seat 4: Drevevagen17 ($98.50 in chips) 
Seat 5: LastinFirstout ($61.35 in chips) 
Seat 6: G.Andrei95 ($106.40 in chips) 
Drevevagen17: posts small blind $0.50
LastinFirstout: posts big blind $1
LuckyShikari: sits out 
*** HOLE CARDS ***
G.Andrei95: folds 
avlee1: folds 
Supermegopro: folds 
Drevevagen17: raises $2 to $3
LastinFirstout: calls $2
*** FLOP *** [7d 5h As]
Drevevagen17: bets $1.75
LastinFirstout: folds 
Uncalled bet ($1.75) returned to Drevevagen17
Drevevagen17 collected $5.70 from pot
*** SUMMARY ***
Total pot $6 | Rake $0.30 
Board [7d 5h As]
Seat 2: LuckyShikari
Seat 1: avlee1 folded before Flop (didn't bet)
Seat 3: Supermegopro (button) folded before Flop (didn't bet)
Seat 4: Drevevagen17 (small blind) collected ($5.70)
Seat 5: LastinFirstout (big blind) folded on the Flop
Seat 6: G.Andrei95 folded before Flop (didn't bet)



PokerStars Hand #254777354679:  Hold'em No Limit ($0.50/$1.00 USD) - 2025/02/08 2:32:36 WET [2025/02/08 21:32:36 ET]
Table 'Chacornac II' 6-max Seat #4 is the button
Seat 2: LuckyShikari ($100 in chips) is sitting out
Seat 1: avlee1 ($130.81 in chips) 
Seat 3: Supermegopro ($104.18 in chips) 
Seat 4: Drevevagen17 ($101.20 in chips) 
Seat 5: LastinFirstout ($58.35 in chips) 
Seat 6: G.Andrei95 ($106.40 in chips) 
LastinFirstout: posts small blind $0.50
G.Andrei95: posts big blind $1
LuckyShikari: sits out 
*** HOLE CARDS ***
avlee1: folds 
avlee1 leaves the table
Supermegopro: folds 
Drevevagen17: raises $1.50 to $2.50
LastinFirstout: folds 
vezis3 joins the table at seat #1 
G.Andrei95: folds 
Uncalled bet ($1.50) returned to Drevevagen17
Drevevagen17 collected $2.50 from pot
*** SUMMARY ***
Total pot $2.50 | Rake $0 
Seat 2: LuckyShikari
Seat 1: avlee1 folded before Flop (didn't bet)
Seat 3: Supermegopro folded before Flop (didn't bet)
Seat 4: Drevevagen17 (button) collected ($2.50)
Seat 5: LastinFirstout (small blind) folded before Flop
Seat 6: G.Andrei95 (big blind) folded before Flop



PokerStars Hand #254777360230:  Hold'em No Limit ($0.50/$1.00 USD) - 2025/02/08 2:33:12 WET [2025/02/08 21:33:12 ET]
Table 'Chacornac II' 6-max Seat #5 is the button
Seat 2: LuckyShikari ($100 in chips) is sitting out
Seat 1: vezis3 ($100 in chips) 
Seat 3: Supermegopro ($104.18 in chips) 
Seat 4: Drevevagen17 ($102.70 in chips) 
Seat 5: LastinFirstout ($57.85 in chips) 
Seat 6: G.Andrei95 ($105.40 in chips) 
G.Andrei95: posts small blind $0.50
vezis3: posts big blind $1
LuckyShikari: sits out 
*** HOLE CARDS ***
Supermegopro: folds 
Drevevagen17: folds 
LastinFirstout: folds 
G.Andrei95: raises $2 to $3
vezis3: folds 
Uncalled bet ($2) returned to G.Andrei95
G.Andrei95 collected $2 from pot
G.Andrei95: doesn't show hand 
*** SUMMARY ***
Total pot $2 | Rake $0 
Seat 2: LuckyShikari
Seat 1: vezis3 (big blind) folded before Flop
Seat 3: Supermegopro folded before Flop (didn't bet)
Seat 4: Drevevagen17 folded before Flop (didn't bet)
Seat 5: LastinFirstout (button) folded before Flop (didn't bet)
Seat 6: G.Andrei95 (small blind) collected ($2)



PokerStars Hand #254777363726:  Hold'em No Limit ($0.50/$1.00 USD) - 2025/02/08 2:33:35 WET [2025/02/08 21:33:35 ET]
Table 'Chacornac II' 6-max Seat #6 is the button
Seat 1: vezis3 ($100 in chips) 
Seat 2: LuckyShikari ($100 in chips) 
Seat 3: Supermegopro ($104.18 in chips) 
Seat 4: Drevevagen17 ($102.70 in chips) 
Seat 5: LastinFirstout ($57.85 in chips) 
Seat 6: G.Andrei95 ($106.40 in chips) 
vezis3: posts small blind $0.50
LuckyShikari: posts big blind $1
*** HOLE CARDS ***
Supermegopro: folds 
Drevevagen17: folds 
LastinFirstout: folds 
G.Andrei95: folds 
vezis3: folds 
Uncalled bet ($0.50) returned to LuckyShikari
LuckyShikari collected $1 from pot
LuckyShikari: doesn't show hand 
*** SUMMARY ***
Total pot $1 | Rake $0 
Seat 1: vezis3 (small blind) folded before Flop
Seat 2: LuckyShikari (big blind) collected ($1)
Seat 3: Supermegopro folded before Flop (didn't bet)
Seat 4: Drevevagen17 folded before Flop (didn't bet)
Seat 5: LastinFirstout folded before Flop (didn't bet)
Seat 6: G.Andrei95 (button) folded before Flop (didn't bet)



PokerStars Hand #254777365815:  Hold'em No Limit ($0.50/$1.00 USD) - 2025/02/08 2:33:49 WET [2025/02/08 21:33:49 ET]
Table 'Chacornac II' 6-max Seat #1 is the button
Seat 1: vezis3 ($100 in chips) 
Seat 2: LuckyShikari ($100.50 in chips) 
Seat 3: Supermegopro ($104.18 in chips) 
Seat 4: Drevevagen17 ($102.70 in chips) 
Seat 5: LastinFirstout ($57.85 in chips) 
Seat 6: G.Andrei95 ($106.40 in chips) 
LuckyShikari: posts small blind $0.50
Supermegopro: posts big blind $1
*** HOLE CARDS ***
Drevevagen17: folds 
LastinFirstout: folds 
G.Andrei95: folds 
vezis3: folds 
LuckyShikari: raises $2.50 to $3.50
Supermegopro: folds 
Uncalled bet ($2.50) returned to LuckyShikari
LuckyShikari collected $2 from pot
LuckyShikari: doesn't show hand 
*** SUMMARY ***
Total pot $2 | Rake $0 
Seat 1: vezis3 (button) folded before Flop (didn't bet)
Seat 2: LuckyShikari (small blind) collected ($2)
Seat 3: Supermegopro (big blind) folded before Flop
Seat 4: Drevevagen17 folded before Flop (didn't bet)
Seat 5: LastinFirstout folded before Flop (didn't bet)
Seat 6: G.Andrei95 folded before Flop (didn't bet)



PokerStars Hand #254777369305:  Hold'em No Limit ($0.50/$1.00 USD) - 2025/02/08 2:34:12 WET [2025/02/08 21:34:12 ET]
Table 'Chacornac II' 6-max Seat #2 is the button
Seat 1: vezis3 ($100 in chips) 
Seat 2: LuckyShikari ($101.50 in chips) 
Seat 3: Supermegopro ($103.18 in chips) 
Seat 4: Drevevagen17 ($102.70 in chips) 
Seat 5: LastinFirstout ($57.85 in chips) 
Seat 6: G.Andrei95 ($106.40 in chips) 
Supermegopro: posts small blind $0.50
Drevevagen17: posts big blind $1
*** HOLE CARDS ***
LastinFirstout: calls $1
G.Andrei95: raises $3 to $4
vezis3: folds 
LuckyShikari: folds 
Supermegopro: folds 
Drevevagen17: folds 
LastinFirstout: calls $3
*** FLOP *** [4s 3d As]
LastinFirstout: checks 
G.Andrei95: checks 
*** TURN *** [4s 3d As] [Qs]
LastinFirstout: checks 
G.Andrei95: checks 
*** RIVER *** [4s 3d As Qs] [2s]
LastinFirstout: checks 
G.Andrei95: checks 
*** SHOW DOWN ***
LastinFirstout: shows [Qh Kc] (a pair of Queens)
G.Andrei95: mucks hand 
LastinFirstout collected $9.02 from pot
*** SUMMARY ***
Total pot $9.50 | Rake $0.48 
Board [4s 3d As Qs 2s]
Seat 1: vezis3 folded before Flop (didn't bet)
Seat 2: LuckyShikari (button) folded before Flop (didn't bet)
Seat 3: Supermegopro (small blind) folded before Flop
Seat 4: Drevevagen17 (big blind) folded before Flop
Seat 5: LastinFirstout showed [Qh Kc] and won ($9.02) with a pair of Queens
Seat 6: G.Andrei95 mucked



PokerStars Hand #254777378228:  Hold'em No Limit ($0.50/$1.00 USD) - 2025/02/08 2:35:09 WET [2025/02/08 21:35:09 ET]
Table 'Chacornac II' 6-max Seat #3 is the button
Seat 1: vezis3 ($100 in chips) 
Seat 2: LuckyShikari ($101.50 in chips) 
Seat 3: Supermegopro ($102.68 in chips) 
Seat 4: Drevevagen17 ($101.70 in chips) 
Seat 5: LastinFirstout ($62.87 in chips) 
Seat 6: G.Andrei95 ($102.40 in chips) 
Drevevagen17: posts small blind $0.50
LastinFirstout: posts big blind $1
*** HOLE CARDS ***
G.Andrei95: folds 
vezis3: folds 
LuckyShikari: raises $2.50 to $3.50
Supermegopro: folds 
Drevevagen17: folds 
LastinFirstout: calls $2.50
*** FLOP *** [7s Td 2c]
LastinFirstout: checks 
LuckyShikari: bets $5.50
LastinFirstout: folds 
Uncalled bet ($5.50) returned to LuckyShikari
LuckyShikari collected $7.12 from pot
LuckyShikari: doesn't show hand 
*** SUMMARY ***
Total pot $7.50 | Rake $0.38 
Board [7s Td 2c]
Seat 1: vezis3 folded before Flop (didn't bet)
Seat 2: LuckyShikari collected ($7.12)
Seat 3: Supermegopro (button) folded before Flop (didn't bet)
Seat 4: Drevevagen17 (small blind) folded before Flop
Seat 5: LastinFirstout (big blind) folded on the Flop
Seat 6: G.Andrei95 folded before Flop (didn't bet)



PokerStars Hand #254777382021:  Hold'em No Limit ($0.50/$1.00 USD) - 2025/02/08 2:35:33 WET [2025/02/08 21:35:33 ET]
Table 'Chacornac II' 6-max Seat #4 is the button
Seat 1: vezis3 ($100 in chips) 
Seat 2: LuckyShikari ($105.12 in chips) 
Seat 3: Supermegopro ($102.68 in chips) 
Seat 4: Drevevagen17 ($101.20 in chips) 
Seat 5: LastinFirstout ($59.37 in chips) 
Seat 6: G.Andrei95 ($102.40 in chips) 
LastinFirstout: posts small blind $0.50
G.Andrei95: posts big blind $1
*** HOLE CARDS ***
vezis3: folds 
LuckyShikari: raises $1 to $2
Supermegopro: folds 
Drevevagen17: calls $2
LastinFirstout: calls $1.50
G.Andrei95: folds 
*** FLOP *** [3h 4d 7d]
LastinFirstout: checks 
LuckyShikari: checks 
Drevevagen17: checks 
*** TURN *** [3h 4d 7d] [Qc]
LastinFirstout: bets $3.33
LuckyShikari: calls $3.33
Drevevagen17: folds 
*** RIVER *** [3h 4d 7d Qc] [5s]
LastinFirstout: bets $13
LuckyShikari: calls $13
*** SHOW DOWN ***
LastinFirstout: shows [3c 5d] (two pair, Fives and Threes)
LuckyShikari: mucks hand 
LastinFirstout collected $37.68 from pot
*** SUMMARY ***
Total pot $39.66 | Rake $1.98 
Board [3h 4d 7d Qc 5s]
Seat 1: vezis3 folded before Flop (didn't bet)
Seat 2: LuckyShikari mucked
Seat 3: Supermegopro folded before Flop (didn't bet)
Seat 4: Drevevagen17 (button) folded on the Turn
Seat 5: LastinFirstout (small blind) showed [3c 5d] and won ($37.68) with two pair, Fives and Threes
Seat 6: G.Andrei95 (big blind) folded before Flop



PokerStars Hand #254777389572:  Hold'em No Limit ($0.50/$1.00 USD) - 2025/02/08 2:36:22 WET [2025/02/08 21:36:22 ET]
Table 'Chacornac II' 6-max Seat #5 is the button
Seat 1: vezis3 ($100 in chips) 
Seat 2: LuckyShikari ($100 in chips) 
Seat 3: Supermegopro ($102.68 in chips) 
Seat 4: Drevevagen17 ($99.20 in chips) 
Seat 5: LastinFirstout ($78.72 in chips) 
Seat 6: G.Andrei95 ($101.40 in chips) 
G.Andrei95: posts small blind $0.50
vezis3: posts big blind $1
*** HOLE CARDS ***
LuckyShikari: folds 
Supermegopro: raises $2 to $3
Drevevagen17: folds 
LastinFirstout: folds 
G.Andrei95: folds 
vezis3: folds 
Uncalled bet ($2) returned to Supermegopro
Supermegopro collected $2.50 from pot
Supermegopro: doesn't show hand 
*** SUMMARY ***
Total pot $2.50 | Rake $0 
Seat 1: vezis3 (big blind) folded before Flop
Seat 2: LuckyShikari folded before Flop (didn't bet)
Seat 3: Supermegopro collected ($2.50)
Seat 4: Drevevagen17 folded before Flop (didn't bet)
Seat 5: LastinFirstout (button) folded before Flop (didn't bet)
Seat 6: G.Andrei95 (small blind) folded before Flop



PokerStars Hand #254777393796:  Hold'em No Limit ($0.50/$1.00 USD) - 2025/02/08 2:36:50 WET [2025/02/08 21:36:50 ET]
Table 'Chacornac II' 6-max Seat #6 is the button
Seat 1: vezis3 ($100 in chips) 
Seat 2: LuckyShikari ($100 in chips) 
Seat 3: Supermegopro ($104.18 in chips) 
Seat 4: Drevevagen17 ($99.20 in chips) 
Seat 5: LastinFirstout ($78.72 in chips) 
Seat 6: G.Andrei95 ($100.90 in chips) 
vezis3: posts small blind $0.50
LuckyShikari: posts big blind $1
*** HOLE CARDS ***
Supermegopro: folds 
Drevevagen17: folds 
LastinFirstout: folds 
G.Andrei95: raises $1.50 to $2.50
vezis3: folds 
LuckyShikari: calls $1.50
*** FLOP *** [Kd 7d Jc]
LuckyShikari: checks 
G.Andrei95: bets $3.71
LuckyShikari: raises $7.29 to $11
G.Andrei95: folds 
Uncalled bet ($7.29) returned to LuckyShikari
LuckyShikari collected $12.27 from pot
LuckyShikari: doesn't show hand 
*** SUMMARY ***
Total pot $12.92 | Rake $0.65 
Board [Kd 7d Jc]
Seat 1: vezis3 (small blind) folded before Flop
Seat 2: LuckyShikari (big blind) collected ($12.27)
Seat 3: Supermegopro folded before Flop (didn't bet)
Seat 4: Drevevagen17 folded before Flop (didn't bet)
Seat 5: LastinFirstout folded before Flop (didn't bet)
Seat 6: G.Andrei95 (button) folded on the Flop



PokerStars Hand #254777400769:  Hold'em No Limit ($0.50/$1.00 USD) - 2025/02/08 2:37:35 WET [2025/02/08 21:37:35 ET]
Table 'Chacornac II' 6-max Seat #1 is the button
Seat 1: vezis3 ($100 in chips) 
Seat 2: LuckyShikari ($106.06 in chips) 
Seat 3: Supermegopro ($104.18 in chips) 
Seat 4: Drevevagen17 ($99.20 in chips) 
Seat 5: LastinFirstout ($78.72 in chips) 
Seat 6: G.Andrei95 ($100 in chips) 
LuckyShikari: posts small blind $0.50
Supermegopro: posts big blind $1
*** HOLE CARDS ***
Drevevagen17: folds 
LastinFirstout: folds 
G.Andrei95: folds 
vezis3: raises $1.40 to $2.40
LuckyShikari: folds 
Supermegopro: calls $1.40
*** FLOP *** [Jh Th Qh]
Supermegopro: checks 
vezis3: bets $1.66
Supermegopro: calls $1.66
*** TURN *** [Jh Th Qh] [9s]
Supermegopro: checks 
vezis3: checks 
*** RIVER *** [Jh Th Qh 9s] [6c]
Supermegopro: bets $5.46
vezis3: calls $5.46
*** SHOW DOWN ***
Supermegopro: shows [Kc 9c] (a straight, Nine to King)
vezis3: mucks hand 
Supermegopro collected $18.56 from pot
*** SUMMARY ***
Total pot $19.54 | Rake $0.98 
Board [Jh Th Qh 9s 6c]
Seat 1: vezis3 (button) mucked
Seat 2: LuckyShikari (small blind) folded before Flop
Seat 3: Supermegopro (big blind) showed [Kc 9c] and won ($18.56) with a straight, Nine to King
Seat 4: Drevevagen17 folded before Flop (didn't bet)
Seat 5: LastinFirstout folded before Flop (didn't bet)
Seat 6: G.Andrei95 folded before Flop (didn't bet)



PokerStars Hand #254777405782:  Hold'em No Limit ($0.50/$1.00 USD) - 2025/02/08 2:38:07 WET [2025/02/08 21:38:07 ET]
Table 'Chacornac II' 6-max Seat #2 is the button
Seat 1: vezis3 ($100 in chips) 
Seat 2: LuckyShikari ($105.56 in chips) 
Seat 3: Supermegopro ($113.22 in chips) 
Seat 4: Drevevagen17 ($99.20 in chips) 
Seat 5: LastinFirstout ($78.72 in chips) 
Seat 6: G.Andrei95 ($100 in chips) 
Supermegopro: posts small blind $0.50
Drevevagen17: posts big blind $1
*** HOLE CARDS ***
LastinFirstout: folds 
G.Andrei95: raises $1.50 to $2.50
vezis3: folds 
LuckyShikari: folds 
Supermegopro: folds 
Drevevagen17: folds 
Uncalled bet ($1.50) returned to G.Andrei95
G.Andrei95 collected $2.50 from pot
G.Andrei95: doesn't show hand 
*** SUMMARY ***
Total pot $2.50 | Rake $0 
Seat 1: vezis3 folded before Flop (didn't bet)
Seat 2: LuckyShikari (button) folded before Flop (didn't bet)
Seat 3: Supermegopro (small blind) folded before Flop
Seat 4: Drevevagen17 (big blind) folded before Flop
Seat 5: LastinFirstout folded before Flop (didn't bet)
Seat 6: G.Andrei95 collected ($2.50)



PokerStars Hand #254777408764:  Hold'em No Limit ($0.50/$1.00 USD) - 2025/02/08 2:38:25 WET [2025/02/08 21:38:25 ET]
Table 'Chacornac II' 6-max Seat #3 is the button
Seat 5: LastinFirstout ($78.72 in chips) is sitting out
Seat 1: vezis3 ($100 in chips) 
Seat 2: LuckyShikari ($105.56 in chips) 
Seat 3: Supermegopro ($112.72 in chips) 
Seat 4: Drevevagen17 ($98.20 in chips) 
Seat 6: G.Andrei95 ($101.50 in chips) 
Drevevagen17: posts small blind $0.50
G.Andrei95: posts big blind $1
*** HOLE CARDS ***
LastinFirstout leaves the table
vezis3: folds 
hugeome joins the table at seat #5 
hugeome is disconnected 
LuckyShikari: folds 
Supermegopro: raises $1.50 to $2.50
Drevevagen17: calls $2
G.Andrei95: folds 
*** FLOP *** [Jh 3h 5h]
Drevevagen17: checks 
Supermegopro: bets $1.88
Drevevagen17: folds 
Uncalled bet ($1.88) returned to Supermegopro
Supermegopro collected $5.70 from pot
Supermegopro: doesn't show hand 
*** SUMMARY ***
Total pot $6 | Rake $0.30 
Board [Jh 3h 5h]
Seat 5: LastinFirstout
Seat 1: vezis3 folded before Flop (didn't bet)
Seat 2: LuckyShikari folded before Flop (didn't bet)
Seat 3: Supermegopro (button) collected ($5.70)
Seat 4: Drevevagen17 (small blind) folded on the Flop
Seat 6: G.Andrei95 (big blind) folded before Flop



PokerStars Hand #254777415468:  Hold'em No Limit ($0.50/$1.00 USD) - 2025/02/08 2:39:09 WET [2025/02/08 21:39:09 ET]
Table 'Chacornac II' 6-max Seat #4 is the button
Seat 5: hugeome ($84.83 in chips) is sitting out
Seat 1: vezis3 ($100 in chips) 
Seat 2: LuckyShikari ($105.56 in chips) 
Seat 3: Supermegopro ($115.92 in chips) 
Seat 4: Drevevagen17 ($95.70 in chips) 
Seat 6: G.Andrei95 ($100.50 in chips) 
G.Andrei95: posts small blind $0.50
vezis3: posts big blind $1
*** HOLE CARDS ***
LuckyShikari: folds 
Supermegopro: folds 
Drevevagen17: folds 
G.Andrei95: raises $2 to $3
vezis3: folds 
Uncalled bet ($2) returned to G.Andrei95
G.Andrei95 collected $2 from pot
G.Andrei95: doesn't show hand 
*** SUMMARY ***
Total pot $2 | Rake $0 
Seat 5: hugeome
Seat 1: vezis3 (big blind) folded before Flop
Seat 2: LuckyShikari folded before Flop (didn't bet)
Seat 3: Supermegopro folded before Flop (didn't bet)
Seat 4: Drevevagen17 (button) folded before Flop (didn't bet)
Seat 6: G.Andrei95 (small blind) collected ($2)



PokerStars Hand #254777418318:  Hold'em No Limit ($0.50/$1.00 USD) - 2025/02/08 2:39:27 WET [2025/02/08 21:39:27 ET]
Table 'Chacornac II' 6-max Seat #6 is the button
Seat 2: LuckyShikari ($105.56 in chips) is sitting out
Seat 5: hugeome ($84.83 in chips) is sitting out
Seat 1: vezis3 ($100 in chips) 
Seat 3: Supermegopro ($115.92 in chips) 
Seat 4: Drevevagen17 ($95.70 in chips) 
Seat 6: G.Andrei95 ($101.50 in chips) 
vezis3: posts small blind $0.50
LuckyShikari: is sitting out 
Supermegopro: posts big blind $1
hugeome: sits out 
*** HOLE CARDS ***
LuckyShikari leaves the table
Drevevagen17: folds 
G.Andrei95: raises $1.50 to $2.50
vezis3: folds 
Supermegopro: folds 
Uncalled bet ($1.50) returned to G.Andrei95
G.Andrei95 collected $2.50 from pot
G.Andrei95: doesn't show hand 
*** SUMMARY ***
Total pot $2.50 | Rake $0 
Seat 2: LuckyShikari
Seat 5: hugeome
Seat 1: vezis3 (small blind) folded before Flop
Seat 3: Supermegopro (big blind) folded before Flop
Seat 4: Drevevagen17 folded before Flop (didn't bet)
Seat 6: G.Andrei95 (button) collected ($2.50)



PokerStars Hand #254777420932:  Hold'em No Limit ($0.50/$1.00 USD) - 2025/02/08 2:39:44 WET [2025/02/08 21:39:44 ET]
Table 'Chacornac II' 6-max Seat #1 is the button
Seat 4: Drevevagen17 ($95.70 in chips) is sitting out
Seat 1: vezis3 ($100 in chips) 
Seat 3: Supermegopro ($114.92 in chips) 
Seat 5: hugeome ($84.83 in chips) 
Seat 6: G.Andrei95 ($103 in chips) 
Supermegopro: posts small blind $0.50
hugeome: posts big blind $1
*** HOLE CARDS ***
G.Andrei95: folds 
KeR888 joins the table at seat #2 
vezis3: raises $1.40 to $2.40
Supermegopro: folds 
hugeome: folds 
Uncalled bet ($1.40) returned to vezis3
vezis3 collected $2.50 from pot
vezis3: doesn't show hand 
*** SUMMARY ***
Total pot $2.50 | Rake $0 
Seat 4: Drevevagen17
Seat 1: vezis3 (button) collected ($2.50)
Seat 3: Supermegopro (small blind) folded before Flop
Seat 5: hugeome (big blind) folded before Flop
Seat 6: G.Andrei95 folded before Flop (didn't bet)



PokerStars Hand #254777423134:  Hold'em No Limit ($0.50/$1.00 USD) - 2025/02/08 2:39:58 WET [2025/02/08 21:39:58 ET]
Table 'Chacornac II' 6-max Seat #3 is the button
Seat 2: KeR888 ($100 in chips) is sitting out
Seat 4: Drevevagen17 ($95.70 in chips) is sitting out
Seat 6: G.Andrei95 ($103 in chips) is sitting out
Seat 1: vezis3 ($101.50 in chips) 
Seat 3: Supermegopro ($114.42 in chips) 
Seat 5: hugeome ($83.83 in chips) 
hugeome: posts small blind $0.50
G.Andrei95: is sitting out 
vezis3: posts big blind $1
KeR888: sits out 
*** HOLE CARDS ***
Supermegopro: raises $1.50 to $2.50
G.Andrei95 leaves the table
Drevevagen17 leaves the table
hugeome: folds 
vezis3: folds 
Uncalled bet ($1.50) returned to Supermegopro
Supermegopro collected $2.50 from pot
Supermegopro: doesn't show hand 
*** SUMMARY ***
Total pot $2.50 | Rake $0 
Seat 2: KeR888
Seat 4: Drevevagen17
Seat 6: G.Andrei95
Seat 1: vezis3 (big blind) folded before Flop
Seat 3: Supermegopro (button) collected ($2.50)
Seat 5: hugeome (small blind) folded before Flop



PokerStars Hand #254777425681:  Hold'em No Limit ($0.50/$1.00 USD) - 2025/02/08 2:40:14 WET [2025/02/08 21:40:14 ET]
Table 'Chacornac II' 6-max Seat #5 is the button
Seat 1: vezis3 ($100.50 in chips) 
Seat 2: KeR888 ($100 in chips) 
Seat 3: Supermegopro ($115.92 in chips) 
Seat 5: hugeome ($83.33 in chips) 
vezis3: posts small blind $0.50
KeR888: posts big blind $1
*** HOLE CARDS ***
Supermegopro: raises $1.50 to $2.50
hugeome: calls $2.50
vezis3: folds 
KeR888: folds 
*** FLOP *** [Qd 2c 8d]
Supermegopro: bets $3
hugeome: calls $3
*** TURN *** [Qd 2c 8d] [Ks]
Supermegopro: bets $10.10
hugeome: folds 
Uncalled bet ($10.10) returned to Supermegopro
Supermegopro collected $11.88 from pot
Supermegopro: doesn't show hand 
*** SUMMARY ***
Total pot $12.50 | Rake $0.62 
Board [Qd 2c 8d Ks]
Seat 1: vezis3 (small blind) folded before Flop
Seat 2: KeR888 (big blind) folded before Flop
Seat 3: Supermegopro collected ($11.88)
Seat 5: hugeome (button) folded on the Turn



PokerStars Hand #254777429926:  Hold'em No Limit ($0.50/$1.00 USD) - 2025/02/08 2:40:41 WET [2025/02/08 21:40:41 ET]
Table 'Chacornac II' 6-max Seat #1 is the button
Seat 3: Supermegopro ($122.30 in chips) is sitting out
Seat 1: vezis3 ($100 in chips) 
Seat 2: KeR888 ($100 in chips) 
Seat 5: hugeome ($77.83 in chips) 
KeR888: posts small blind $0.50
Supermegopro: is sitting out 
hugeome: posts big blind $1
*** HOLE CARDS ***
vezis3: folds 
Supermegopro leaves the table
KeR888: raises $2 to $3
hugeome: folds 
Uncalled bet ($2) returned to KeR888
KeR888 collected $2 from pot
KeR888: doesn't show hand 
*** SUMMARY ***
Total pot $2 | Rake $0 
Seat 3: Supermegopro
Seat 1: vezis3 (button) folded before Flop (didn't bet)
Seat 2: KeR888 (small blind) collected ($2)
Seat 5: hugeome (big blind) folded before Flop



PokerStars Hand #254777431322:  Hold'em No Limit ($0.50/$1.00 USD) - 2025/02/08 2:40:50 WET [2025/02/08 21:40:50 ET]
Table 'Chacornac II' 6-max Seat #2 is the button
Seat 1: vezis3 ($100 in chips) 
Seat 2: KeR888 ($101 in chips) 
Seat 5: hugeome ($76.83 in chips) 
hugeome: posts small blind $0.50
vezis3: posts big blind $1
*** HOLE CARDS ***
KeR888: raises $1.50 to $2.50
hugeome: folds 
vezis3: folds 
Uncalled bet ($1.50) returned to KeR888
KeR888 collected $2.50 from pot
KeR888: doesn't show hand 
*** SUMMARY ***
Total pot $2.50 | Rake $0 
Seat 1: vezis3 (big blind) folded before Flop
Seat 2: KeR888 (button) collected ($2.50)
Seat 5: hugeome (small blind) folded before Flop



PokerStars Hand #254777433594:  Hold'em No Limit ($0.50/$1.00 USD) - 2025/02/08 2:41:04 WET [2025/02/08 21:41:04 ET]
Table 'Chacornac II' 6-max Seat #1 is the button
Seat 2: KeR888 ($102.50 in chips) is sitting out
Seat 1: vezis3 ($100 in chips) 
Seat 5: hugeome ($76.33 in chips) 
vezis3: posts small blind $0.50
KeR888: is sitting out 
hugeome: posts big blind $1
*** HOLE CARDS ***
vezis3: folds 
Uncalled bet ($0.50) returned to hugeome
KeR888 leaves the table
hugeome collected $1 from pot
hugeome: doesn't show hand 
*** SUMMARY ***
Total pot $1 | Rake $0 
Seat 2: KeR888
Seat 1: vezis3 (button) (small blind) folded before Flop
Seat 5: hugeome (big blind) collected ($1)



PokerStars Hand #254777469410:  Hold'em No Limit ($0.50/$1.00 USD) - 2025/02/08 2:44:58 WET [2025/02/08 21:44:58 ET]
Table 'Chacornac II' 6-max Seat #3 is the button
Seat 3: Rysiff ($100 in chips) 
Seat 5: hugeome ($100 in chips) 
Rysiff: posts small blind $0.50
hugeome: posts big blind $1
*** HOLE CARDS ***
Rysiff: raises $1.50 to $2.50
hugeome: calls $1.50
*** FLOP *** [4d 9h Jd]
hugeome: checks 
Rysiff: bets $7
hugeome: calls $7
*** TURN *** [4d 9h Jd] [8d]
hugeome: checks 
Rysiff: bets $14.44
hugeome: calls $14.44
*** RIVER *** [4d 9h Jd 8d] [Qs]
hugeome: checks 
Rysiff: checks 
*** SHOW DOWN ***
hugeome: shows [Jc Ts] (a straight, Eight to Queen)
Rysiff: mucks hand 
hugeome collected $46.88 from pot
*** SUMMARY ***
Total pot $47.88 | Rake $1 
Board [4d 9h Jd 8d Qs]
Seat 3: Rysiff (button) (small blind) mucked
Seat 5: hugeome (big blind) showed [Jc Ts] and won ($46.88) with a straight, Eight to Queen



