PokerStars Hand #254245297281:  Hold'em No Limit ($0.50/$1.00 USD) - 2025/01/07 14:36:56 WET [2025/01/07 9:36:56 ET]
Table 'Bellerophon II' 6-max Seat #3 is the button
Seat 6: BGS013 ($100 in chips) is sitting out
Seat 1: easy_sarcasm ($144.90 in chips) 
Seat 2: EasyGamerrr ($100 in chips) 
Seat 3: Palacios777 ($100 in chips) 
Seat 4: Mouthink ($4 in chips) 
Seat 5: Twistenko ($100 in chips) 
Mouthink: posts small blind $0.50
Twistenko: posts big blind $1
BGS013: sits out 
*** HOLE CARDS ***
easy_sarcasm: folds 
EasyGamerrr: raises $1.50 to $2.50
Palacios777: raises $5 to $7.50
Mouthink: calls $3.50 and is all-in
Twistenko: folds 
EasyGamerrr: folds 
Uncalled bet ($3.50) returned to Palacios777
*** FLOP *** [9s 2c 9d]
*** TURN *** [9s 2c 9d] [3h]
*** RIVER *** [9s 2c 9d 3h] [Kc]
*** SHOW DOWN ***
Mouthink: shows [3c 8c] (two pair, Nines and Threes)
Palacios777: shows [Ks Ad] (two pair, Kings and Nines)
Palacios777 collected $10.92 from pot
*** SUMMARY ***
Total pot $11.50 | Rake $0.58 
Board [9s 2c 9d 3h Kc]
Seat 6: BGS013
Seat 1: easy_sarcasm folded before Flop (didn't bet)
Seat 2: EasyGamerrr folded before Flop
Seat 3: Palacios777 (button) showed [Ks Ad] and won ($10.92) with two pair, Kings and Nines
Seat 4: Mouthink (small blind) showed [3c 8c] and lost with two pair, Nines and Threes
Seat 5: Twistenko (big blind) folded before Flop



PokerStars Hand #254245303320:  Hold'em No Limit ($0.50/$1.00 USD) - 2025/01/07 14:37:27 WET [2025/01/07 9:37:27 ET]
Table 'Bellerophon II' 6-max Seat #5 is the button
Seat 4: Mouthink ($0 in chips) is sitting out
Seat 6: BGS013 ($100 in chips) is sitting out
Seat 1: easy_sarcasm ($144.90 in chips) 
Seat 2: EasyGamerrr ($100 in chips) 
Seat 3: Palacios777 ($106.92 in chips) 
Seat 5: Twistenko ($100 in chips) 
easy_sarcasm: posts small blind $0.50
EasyGamerrr: posts big blind $1
*** HOLE CARDS ***
Palacios777: folds 
Twistenko: folds 
easy_sarcasm: raises $2 to $3
Mouthink leaves the table
EasyGamerrr: raises $6 to $9
easy_sarcasm: folds 
Uncalled bet ($6) returned to EasyGamerrr
EasyGamerrr collected $6 from pot
EasyGamerrr: doesn't show hand 
*** SUMMARY ***
Total pot $6 | Rake $0 
Seat 4: Mouthink
Seat 6: BGS013
Seat 1: easy_sarcasm (small blind) folded before Flop
Seat 2: EasyGamerrr (big blind) collected ($6)
Seat 3: Palacios777 folded before Flop (didn't bet)
Seat 5: Twistenko (button) folded before Flop (didn't bet)



PokerStars Hand #254245309217:  Hold'em No Limit ($0.50/$1.00 USD) - 2025/01/07 14:37:58 WET [2025/01/07 9:37:58 ET]
Table 'Bellerophon II' 6-max Seat #1 is the button
Seat 2: EasyGamerrr ($103 in chips) is sitting out
Seat 6: BGS013 ($100 in chips) is sitting out
Seat 1: easy_sarcasm ($141.90 in chips) 
Seat 3: Palacios777 ($106.92 in chips) 
Seat 5: Twistenko ($100 in chips) 
Palacios777: posts small blind $0.50
Twistenko: posts big blind $1
BGS013: sits out 
*** HOLE CARDS ***
EasyGamerrr leaves the table
easy_sarcasm: folds 
Palacios777: folds 
Uncalled bet ($0.50) returned to Twistenko
Twistenko collected $1 from pot
Twistenko: doesn't show hand 
*** SUMMARY ***
Total pot $1 | Rake $0 
Seat 2: EasyGamerrr
Seat 6: BGS013
Seat 1: easy_sarcasm (button) folded before Flop (didn't bet)
Seat 3: Palacios777 (small blind) folded before Flop
Seat 5: Twistenko (big blind) collected ($1)



PokerStars Hand #254245311002:  Hold'em No Limit ($0.50/$1.00 USD) - 2025/01/07 14:38:08 WET [2025/01/07 9:38:08 ET]
Table 'Bellerophon II' 6-max Seat #3 is the button
Seat 1: easy_sarcasm ($141.90 in chips) 
Seat 3: Palacios777 ($106.42 in chips) 
Seat 5: Twistenko ($100.50 in chips) 
Seat 6: BGS013 ($100 in chips) 
Twistenko: posts small blind $0.50
BGS013: posts big blind $1
*** HOLE CARDS ***
easy_sarcasm: raises $2 to $3
Palacios777: folds 
Felete1981 joins the table at seat #2 
Twistenko: folds 
BGS013: folds 
Uncalled bet ($2) returned to easy_sarcasm
Felete1981 is disconnected 
easy_sarcasm collected $2.50 from pot
*** SUMMARY ***
Total pot $2.50 | Rake $0 
Seat 1: easy_sarcasm collected ($2.50)
Seat 3: Palacios777 (button) folded before Flop (didn't bet)
Seat 5: Twistenko (small blind) folded before Flop
Seat 6: BGS013 (big blind) folded before Flop



PokerStars Hand #254245315109:  Hold'em No Limit ($0.50/$1.00 USD) - 2025/01/07 14:38:29 WET [2025/01/07 9:38:29 ET]
Table 'Bellerophon II' 6-max Seat #5 is the button
Seat 1: easy_sarcasm ($143.40 in chips) is sitting out
Seat 2: Felete1981 ($10 in chips) 
Seat 3: Palacios777 ($106.42 in chips) 
Seat 5: Twistenko ($100 in chips) 
Seat 6: BGS013 ($100 in chips) 
BGS013: posts small blind $0.50
easy_sarcasm: is sitting out 
Felete1981: posts big blind $1
*** HOLE CARDS ***
Palacios777: folds 
easy_sarcasm leaves the table
Twistenko: raises $2 to $3
BGS013: raises $9 to $12
Felete1981: folds 
Twistenko: folds 
Uncalled bet ($9) returned to BGS013
BGS013 collected $7 from pot
BGS013: doesn't show hand 
*** SUMMARY ***
Total pot $7 | Rake $0 
Seat 1: easy_sarcasm
Seat 2: Felete1981 (big blind) folded before Flop
Seat 3: Palacios777 folded before Flop (didn't bet)
Seat 5: Twistenko (button) folded before Flop
Seat 6: BGS013 (small blind) collected ($7)



PokerStars Hand #254245319690:  Hold'em No Limit ($0.50/$1.00 USD) - 2025/01/07 14:38:54 WET [2025/01/07 9:38:54 ET]
Table 'Bellerophon II' 6-max Seat #2 is the button
Seat 3: Palacios777 ($106.42 in chips) is sitting out
Seat 5: Twistenko ($100 in chips) is sitting out
Seat 2: Felete1981 ($9 in chips) 
Seat 6: BGS013 ($104 in chips) 
Felete1981: posts small blind $0.50
Palacios777: is sitting out 
BGS013: posts big blind $1
*** HOLE CARDS ***
Twistenko leaves the table
Felete1981: folds 
Uncalled bet ($0.50) returned to BGS013
BGS013 collected $1 from pot
BGS013: doesn't show hand 
*** SUMMARY ***
Total pot $1 | Rake $0 
Seat 3: Palacios777
Seat 5: Twistenko
Seat 2: Felete1981 (button) (small blind) folded before Flop
Seat 6: BGS013 (big blind) collected ($1)



PokerStars Hand #254245321584:  Hold'em No Limit ($0.50/$1.00 USD) - 2025/01/07 14:39:03 WET [2025/01/07 9:39:03 ET]
Table 'Bellerophon II' 6-max Seat #6 is the button
Seat 3: Palacios777 ($106.42 in chips) is sitting out
Seat 2: Felete1981 ($8.50 in chips) 
Seat 6: BGS013 ($104.50 in chips) 
BGS013: posts small blind $0.50
Felete1981: posts big blind $1
*** HOLE CARDS ***
Paco1661 joins the table at seat #1 
Paco1661 is disconnected 
BGS013: raises $10 to $11
Rysiff joins the table at seat #5 
Felete1981: folds 
Uncalled bet ($10) returned to BGS013
BGS013 collected $2 from pot
BGS013: doesn't show hand 
*** SUMMARY ***
Total pot $2 | Rake $0 
Seat 3: Palacios777
Seat 2: Felete1981 (big blind) folded before Flop
Seat 6: BGS013 (button) (small blind) collected ($2)



PokerStars Hand #254245324013:  Hold'em No Limit ($0.50/$1.00 USD) - 2025/01/07 14:39:16 WET [2025/01/07 9:39:16 ET]
Table 'Bellerophon II' 6-max Seat #2 is the button
Seat 3: Palacios777 ($106.42 in chips) is sitting out
Seat 5: Rysiff ($100 in chips) is sitting out
Seat 1: Paco1661 ($69.87 in chips) 
Seat 2: Felete1981 ($7.50 in chips) 
Seat 6: BGS013 ($105.50 in chips) 
BGS013: posts small blind $0.50
Paco1661: posts big blind $1
*** HOLE CARDS ***
Felete1981: raises $1.10 to $2.10
BGS013: folds 
Paco1661: calls $1.10
*** FLOP *** [Ah 5c 4s]
Paco1661: checks 
Felete1981: checks 
*** TURN *** [Ah 5c 4s] [3s]
Paco1661: checks 
Felete1981: checks 
*** RIVER *** [Ah 5c 4s 3s] [9c]
Paco1661: checks 
Felete1981: checks 
*** SHOW DOWN ***
Paco1661: shows [6d 5h] (a pair of Fives)
Felete1981: shows [Kh 9h] (a pair of Nines)
Felete1981 collected $4.46 from pot
*** SUMMARY ***
Total pot $4.70 | Rake $0.24 
Board [Ah 5c 4s 3s 9c]
Seat 3: Palacios777
Seat 5: Rysiff
Seat 1: Paco1661 (big blind) showed [6d 5h] and lost with a pair of Fives
Seat 2: Felete1981 (button) showed [Kh 9h] and won ($4.46) with a pair of Nines
Seat 6: BGS013 (small blind) folded before Flop



PokerStars Hand #254245329460:  Hold'em No Limit ($0.50/$1.00 USD) - 2025/01/07 14:39:45 WET [2025/01/07 9:39:45 ET]
Table 'Bellerophon II' 6-max Seat #6 is the button
Seat 3: Palacios777 ($106.42 in chips) is sitting out
Seat 5: Rysiff ($100 in chips) is sitting out
Seat 1: Paco1661 ($67.77 in chips) 
Seat 2: Felete1981 ($9.86 in chips) 
Seat 6: BGS013 ($105 in chips) 
Paco1661: posts small blind $0.50
Felete1981: posts big blind $1
Palacios777: sits out 
Rysiff: sits out 
*** HOLE CARDS ***
BGS013: raises $1.50 to $2.50
Paco1661: folds 
Felete1981: folds 
Uncalled bet ($1.50) returned to BGS013
BGS013 collected $2.50 from pot
BGS013: doesn't show hand 
*** SUMMARY ***
Total pot $2.50 | Rake $0 
Seat 3: Palacios777
Seat 5: Rysiff
Seat 1: Paco1661 (small blind) folded before Flop
Seat 2: Felete1981 (big blind) folded before Flop
Seat 6: BGS013 (button) collected ($2.50)



PokerStars Hand #254245331547:  Hold'em No Limit ($0.50/$1.00 USD) - 2025/01/07 14:39:56 WET [2025/01/07 9:39:56 ET]
Table 'Bellerophon II' 6-max Seat #1 is the button
Seat 5: Rysiff ($100 in chips) is sitting out
Seat 1: Paco1661 ($67.27 in chips) 
Seat 2: Felete1981 ($8.86 in chips) 
Seat 3: Palacios777 ($106.42 in chips) 
Seat 6: BGS013 ($106.50 in chips) 
Felete1981: posts small blind $0.50
Palacios777: posts big blind $1
Rysiff: sits out 
*** HOLE CARDS ***
BGS013: folds 
Paco1661: folds 
Felete1981: folds 
Uncalled bet ($0.50) returned to Palacios777
Palacios777 collected $1 from pot
Palacios777: doesn't show hand 
*** SUMMARY ***
Total pot $1 | Rake $0 
Seat 5: Rysiff
Seat 1: Paco1661 (button) folded before Flop (didn't bet)
Seat 2: Felete1981 (small blind) folded before Flop
Seat 3: Palacios777 (big blind) collected ($1)
Seat 6: BGS013 folded before Flop (didn't bet)



PokerStars Hand #254245333245:  Hold'em No Limit ($0.50/$1.00 USD) - 2025/01/07 14:40:05 WET [2025/01/07 9:40:05 ET]
Table 'Bellerophon II' 6-max Seat #2 is the button
Seat 1: Paco1661 ($67.27 in chips) 
Seat 2: Felete1981 ($8.36 in chips) 
Seat 3: Palacios777 ($106.92 in chips) 
Seat 5: Rysiff ($100 in chips) 
Seat 6: BGS013 ($106.50 in chips) 
Palacios777: posts small blind $0.50
Rysiff: posts big blind $1
*** HOLE CARDS ***
BGS013: folds 
Paco1661: calls $1
Felete1981: folds 
Palacios777: folds 
Rysiff: checks 
*** FLOP *** [Kh Kc Ac]
Rysiff: checks 
Paco1661: checks 
*** TURN *** [Kh Kc Ac] [Jh]
Rysiff: checks 
Paco1661: bets $1
Rysiff: folds 
Uncalled bet ($1) returned to Paco1661
Paco1661 collected $2.35 from pot
*** SUMMARY ***
Total pot $2.50 | Rake $0.15 
Board [Kh Kc Ac Jh]
Seat 1: Paco1661 collected ($2.35)
Seat 2: Felete1981 (button) folded before Flop (didn't bet)
Seat 3: Palacios777 (small blind) folded before Flop
Seat 5: Rysiff (big blind) folded on the Turn
Seat 6: BGS013 folded before Flop (didn't bet)



PokerStars Hand #254245341929:  Hold'em No Limit ($0.50/$1.00 USD) - 2025/01/07 14:40:50 WET [2025/01/07 9:40:50 ET]
Table 'Bellerophon II' 6-max Seat #3 is the button
Seat 1: Paco1661 ($68.62 in chips) 
Seat 2: Felete1981 ($8.36 in chips) 
Seat 3: Palacios777 ($106.42 in chips) 
Seat 5: Rysiff ($100 in chips) 
Seat 6: BGS013 ($106.50 in chips) 
Rysiff: posts small blind $0.50
BGS013: posts big blind $1
*** HOLE CARDS ***
Paco1661: calls $1
Felete1981: folds 
Palacios777: raises $3.50 to $4.50
Rysiff: raises $11.50 to $16
BGS013: folds 
Paco1661: folds 
Palacios777: folds 
Uncalled bet ($11.50) returned to Rysiff
Rysiff collected $11 from pot
Rysiff: doesn't show hand 
*** SUMMARY ***
Total pot $11 | Rake $0 
Seat 1: Paco1661 folded before Flop
Seat 2: Felete1981 folded before Flop (didn't bet)
Seat 3: Palacios777 (button) folded before Flop
Seat 5: Rysiff (small blind) collected ($11)
Seat 6: BGS013 (big blind) folded before Flop



PokerStars Hand #254245346585:  Hold'em No Limit ($0.50/$1.00 USD) - 2025/01/07 14:41:15 WET [2025/01/07 9:41:15 ET]
Table 'Bellerophon II' 6-max Seat #5 is the button
Seat 1: Paco1661 ($67.62 in chips) 
Seat 2: Felete1981 ($8.36 in chips) 
Seat 3: Palacios777 ($101.92 in chips) 
Seat 5: Rysiff ($106.50 in chips) 
Seat 6: BGS013 ($105.50 in chips) 
BGS013: posts small blind $0.50
Paco1661: posts big blind $1
*** HOLE CARDS ***
Felete1981: folds 
Palacios777: raises $1.50 to $2.50
Rysiff: raises $4.50 to $7
BGS013: folds 
Paco1661: folds 
easy_sarcasm joins the table at seat #4 
Palacios777: raises $13 to $20
Rysiff: folds 
Uncalled bet ($13) returned to Palacios777
Palacios777 collected $15.50 from pot
Palacios777: doesn't show hand 
*** SUMMARY ***
Total pot $15.50 | Rake $0 
Seat 1: Paco1661 (big blind) folded before Flop
Seat 2: Felete1981 folded before Flop (didn't bet)
Seat 3: Palacios777 collected ($15.50)
Seat 5: Rysiff (button) folded before Flop
Seat 6: BGS013 (small blind) folded before Flop



PokerStars Hand #254245352431:  Hold'em No Limit ($0.50/$1.00 USD) - 2025/01/07 14:41:45 WET [2025/01/07 9:41:45 ET]
Table 'Bellerophon II' 6-max Seat #6 is the button
Seat 4: easy_sarcasm ($143.40 in chips) is sitting out
Seat 1: Paco1661 ($66.62 in chips) 
Seat 2: Felete1981 ($8.36 in chips) 
Seat 3: Palacios777 ($110.42 in chips) 
Seat 5: Rysiff ($100 in chips) 
Seat 6: BGS013 ($105 in chips) 
Paco1661: posts small blind $0.50
Felete1981: posts big blind $1
easy_sarcasm: sits out 
*** HOLE CARDS ***
Palacios777: folds 
Rysiff has timed out
Rysiff: folds 
BGS013: folds 
Paco1661: calls $0.50
Felete1981: checks 
*** FLOP *** [7s 5d Kd]
Paco1661: checks 
Felete1981: bets $1
Paco1661: calls $1
*** TURN *** [7s 5d Kd] [4d]
Paco1661: checks 
Felete1981: bets $2
Paco1661: calls $2
*** RIVER *** [7s 5d Kd 4d] [6s]
Paco1661: checks 
Felete1981: checks 
*** SHOW DOWN ***
Paco1661: shows [Jc Qd] (high card King)
Felete1981: shows [Kh Js] (a pair of Kings)
Felete1981 collected $7.60 from pot
*** SUMMARY ***
Total pot $8 | Rake $0.40 
Board [7s 5d Kd 4d 6s]
Seat 4: easy_sarcasm
Seat 1: Paco1661 (small blind) showed [Jc Qd] and lost with high card King
Seat 2: Felete1981 (big blind) showed [Kh Js] and won ($7.60) with a pair of Kings
Seat 3: Palacios777 folded before Flop (didn't bet)
Seat 5: Rysiff folded before Flop (didn't bet)
Seat 6: BGS013 (button) folded before Flop (didn't bet)



PokerStars Hand #254245361040:  Hold'em No Limit ($0.50/$1.00 USD) - 2025/01/07 14:42:31 WET [2025/01/07 9:42:31 ET]
Table 'Bellerophon II' 6-max Seat #1 is the button
Seat 4: easy_sarcasm ($143.40 in chips) is sitting out
Seat 1: Paco1661 ($62.62 in chips) 
Seat 2: Felete1981 ($11.96 in chips) 
Seat 3: Palacios777 ($110.42 in chips) 
Seat 5: Rysiff ($100 in chips) 
Seat 6: BGS013 ($105 in chips) 
Felete1981: posts small blind $0.50
Palacios777: posts big blind $1
easy_sarcasm: sits out 
*** HOLE CARDS ***
Rysiff: folds 
BGS013: folds 
Paco1661: calls $1
Felete1981: calls $0.50
Palacios777: checks 
*** FLOP *** [2d 6h Qh]
Felete1981: checks 
Palacios777: checks 
Paco1661: checks 
*** TURN *** [2d 6h Qh] [4d]
Felete1981: checks 
Palacios777: checks 
Paco1661: checks 
*** RIVER *** [2d 6h Qh 4d] [Qc]
Felete1981: checks 
Palacios777: bets $2.14
Paco1661: calls $2.14
Felete1981: folds 
*** SHOW DOWN ***
Palacios777: shows [6s Kc] (two pair, Queens and Sixes)
Paco1661: mucks hand 
Palacios777 collected $6.92 from pot
*** SUMMARY ***
Total pot $7.28 | Rake $0.36 
Board [2d 6h Qh 4d Qc]
Seat 4: easy_sarcasm
Seat 1: Paco1661 (button) mucked
Seat 2: Felete1981 (small blind) folded on the River
Seat 3: Palacios777 (big blind) showed [6s Kc] and won ($6.92) with two pair, Queens and Sixes
Seat 5: Rysiff folded before Flop (didn't bet)
Seat 6: BGS013 folded before Flop (didn't bet)



PokerStars Hand #254245374765:  Hold'em No Limit ($0.50/$1.00 USD) - 2025/01/07 14:43:44 WET [2025/01/07 9:43:44 ET]
Table 'Bellerophon II' 6-max Seat #2 is the button
Seat 1: Paco1661 ($59.48 in chips) 
Seat 2: Felete1981 ($10.96 in chips) 
Seat 3: Palacios777 ($114.20 in chips) 
Seat 4: easy_sarcasm ($143.40 in chips) 
Seat 5: Rysiff ($100 in chips) 
Seat 6: BGS013 ($105 in chips) 
Palacios777: posts small blind $0.50
easy_sarcasm: posts big blind $1
*** HOLE CARDS ***
Rysiff has timed out
Rysiff: folds 
BGS013: folds 
Paco1661: folds 
Felete1981: folds 
Palacios777: raises $1.50 to $2.50
easy_sarcasm: calls $1.50
*** FLOP *** [As Js 7d]
Palacios777: checks 
easy_sarcasm: checks 
*** TURN *** [As Js 7d] [Qh]
Palacios777: bets $3.56
easy_sarcasm: folds 
Uncalled bet ($3.56) returned to Palacios777
Palacios777 collected $4.75 from pot
Palacios777: doesn't show hand 
*** SUMMARY ***
Total pot $5 | Rake $0.25 
Board [As Js 7d Qh]
Seat 1: Paco1661 folded before Flop (didn't bet)
Seat 2: Felete1981 (button) folded before Flop (didn't bet)
Seat 3: Palacios777 (small blind) collected ($4.75)
Seat 4: easy_sarcasm (big blind) folded on the Turn
Seat 5: Rysiff folded before Flop (didn't bet)
Seat 6: BGS013 folded before Flop (didn't bet)



PokerStars Hand #254245388028:  Hold'em No Limit ($0.50/$1.00 USD) - 2025/01/07 14:44:55 WET [2025/01/07 9:44:55 ET]
Table 'Bellerophon II' 6-max Seat #3 is the button
Seat 5: Rysiff ($100 in chips) is sitting out
Seat 1: Paco1661 ($59.48 in chips) 
Seat 2: Felete1981 ($10.96 in chips) 
Seat 3: Palacios777 ($116.45 in chips) 
Seat 4: easy_sarcasm ($140.90 in chips) 
Seat 6: BGS013 ($105 in chips) 
easy_sarcasm: posts small blind $0.50
BGS013: posts big blind $1
*** HOLE CARDS ***
Paco1661: calls $1
Felete1981: folds 
Palacios777: folds 
easy_sarcasm: folds 
BGS013: checks 
*** FLOP *** [Ac 7s 2s]
BGS013: checks 
Paco1661: checks 
*** TURN *** [Ac 7s 2s] [8h]
BGS013: bets $1.31
Paco1661: calls $1.31
*** RIVER *** [Ac 7s 2s 8h] [Ah]
BGS013: bets $3.79
Paco1661: calls $3.79
*** SHOW DOWN ***
BGS013: shows [9c 3s] (a pair of Aces)
Paco1661: shows [Jh Js] (two pair, Aces and Jacks)
Paco1661 collected $11.90 from pot
*** SUMMARY ***
Total pot $12.70 | Rake $0.80 
Board [Ac 7s 2s 8h Ah]
Seat 5: Rysiff
Seat 1: Paco1661 showed [Jh Js] and won ($11.90) with two pair, Aces and Jacks
Seat 2: Felete1981 folded before Flop (didn't bet)
Seat 3: Palacios777 (button) folded before Flop (didn't bet)
Seat 4: easy_sarcasm (small blind) folded before Flop
Seat 6: BGS013 (big blind) showed [9c 3s] and lost with a pair of Aces



PokerStars Hand #254245391659:  Hold'em No Limit ($0.50/$1.00 USD) - 2025/01/07 14:45:14 WET [2025/01/07 9:45:14 ET]
Table 'Bellerophon II' 6-max Seat #4 is the button
Seat 5: Rysiff ($100 in chips) is sitting out
Seat 1: Paco1661 ($65.28 in chips) 
Seat 2: Felete1981 ($10.96 in chips) 
Seat 3: Palacios777 ($116.45 in chips) 
Seat 4: easy_sarcasm ($140.40 in chips) 
Seat 6: BGS013 ($100 in chips) 
BGS013: posts small blind $0.50
Paco1661: posts big blind $1
*** HOLE CARDS ***
Felete1981: folds 
Palacios777: raises $1.50 to $2.50
easy_sarcasm: folds 
BGS013: folds 
Paco1661: calls $1.50
*** FLOP *** [Kc 7h 7c]
Paco1661: checks 
Palacios777: checks 
*** TURN *** [Kc 7h 7c] [6d]
Paco1661: checks 
Palacios777: bets $2.87
Paco1661: folds 
Uncalled bet ($2.87) returned to Palacios777
Palacios777 collected $5.22 from pot
Palacios777: doesn't show hand 
*** SUMMARY ***
Total pot $5.50 | Rake $0.28 
Board [Kc 7h 7c 6d]
Seat 5: Rysiff
Seat 1: Paco1661 (big blind) folded on the Turn
Seat 2: Felete1981 folded before Flop (didn't bet)
Seat 3: Palacios777 collected ($5.22)
Seat 4: easy_sarcasm (button) folded before Flop (didn't bet)
Seat 6: BGS013 (small blind) folded before Flop



PokerStars Hand #254245397564:  Hold'em No Limit ($0.50/$1.00 USD) - 2025/01/07 14:45:45 WET [2025/01/07 9:45:45 ET]
Table 'Bellerophon II' 6-max Seat #6 is the button
Seat 5: Rysiff ($100 in chips) is sitting out
Seat 1: Paco1661 ($62.78 in chips) 
Seat 2: Felete1981 ($10.96 in chips) 
Seat 3: Palacios777 ($119.17 in chips) 
Seat 4: easy_sarcasm ($140.40 in chips) 
Seat 6: BGS013 ($100 in chips) 
Paco1661: posts small blind $0.50
Felete1981: posts big blind $1
*** HOLE CARDS ***
Palacios777: folds 
easy_sarcasm: raises $2 to $3
BGS013: folds 
Paco1661: folds 
Felete1981: folds 
Uncalled bet ($2) returned to easy_sarcasm
easy_sarcasm collected $2.50 from pot
*** SUMMARY ***
Total pot $2.50 | Rake $0 
Seat 5: Rysiff
Seat 1: Paco1661 (small blind) folded before Flop
Seat 2: Felete1981 (big blind) folded before Flop
Seat 3: Palacios777 folded before Flop (didn't bet)
Seat 4: easy_sarcasm collected ($2.50)
Seat 6: BGS013 (button) folded before Flop (didn't bet)



PokerStars Hand #254245401502:  Hold'em No Limit ($0.50/$1.00 USD) - 2025/01/07 14:46:06 WET [2025/01/07 9:46:06 ET]
Table 'Bellerophon II' 6-max Seat #1 is the button
Seat 5: Rysiff ($100 in chips) is sitting out
Seat 1: Paco1661 ($62.28 in chips) 
Seat 2: Felete1981 ($9.96 in chips) 
Seat 3: Palacios777 ($119.17 in chips) 
Seat 4: easy_sarcasm ($141.90 in chips) 
Seat 6: BGS013 ($100 in chips) 
Felete1981: posts small blind $0.50
Palacios777: posts big blind $1
*** HOLE CARDS ***
easy_sarcasm: folds 
BGS013: raises $1.50 to $2.50
Paco1661: calls $2.50
Felete1981: folds 
Palacios777: folds 
*** FLOP *** [3s 5d Td]
BGS013: bets $1.61
Paco1661: calls $1.61
*** TURN *** [3s 5d Td] [Jd]
BGS013: checks 
Paco1661: checks 
*** RIVER *** [3s 5d Td Jd] [Qd]
BGS013: checks 
Paco1661: checks 
*** SHOW DOWN ***
BGS013: shows [8h Th] (a pair of Tens)
Paco1661: mucks hand 
BGS013 collected $9.23 from pot
*** SUMMARY ***
Total pot $9.72 | Rake $0.49 
Board [3s 5d Td Jd Qd]
Seat 5: Rysiff
Seat 1: Paco1661 (button) mucked
Seat 2: Felete1981 (small blind) folded before Flop
Seat 3: Palacios777 (big blind) folded before Flop
Seat 4: easy_sarcasm folded before Flop (didn't bet)
Seat 6: BGS013 showed [8h Th] and won ($9.23) with a pair of Tens



PokerStars Hand #254245406613:  Hold'em No Limit ($0.50/$1.00 USD) - 2025/01/07 14:46:32 WET [2025/01/07 9:46:32 ET]
Table 'Bellerophon II' 6-max Seat #2 is the button
Seat 5: Rysiff ($100 in chips) is sitting out
Seat 1: Paco1661 ($58.17 in chips) 
Seat 2: Felete1981 ($9.46 in chips) 
Seat 3: Palacios777 ($118.17 in chips) 
Seat 4: easy_sarcasm ($141.90 in chips) 
Seat 6: BGS013 ($105.12 in chips) 
Palacios777: posts small blind $0.50
easy_sarcasm: posts big blind $1
Rysiff: sits out 
*** HOLE CARDS ***
BGS013: raises $1 to $2
Paco1661: folds 
Felete1981: folds 
Palacios777: folds 
easy_sarcasm: calls $1
*** FLOP *** [2s Th 3c]
easy_sarcasm: checks 
BGS013: checks 
*** TURN *** [2s Th 3c] [Jc]
easy_sarcasm: checks 
BGS013: bets $2.35
easy_sarcasm: calls $2.35
*** RIVER *** [2s Th 3c Jc] [7d]
easy_sarcasm: checks 
BGS013: checks 
*** SHOW DOWN ***
easy_sarcasm: shows [Kc Td] (a pair of Tens)
BGS013: mucks hand 
easy_sarcasm collected $8.74 from pot
*** SUMMARY ***
Total pot $9.20 | Rake $0.46 
Board [2s Th 3c Jc 7d]
Seat 5: Rysiff
Seat 1: Paco1661 folded before Flop (didn't bet)
Seat 2: Felete1981 (button) folded before Flop (didn't bet)
Seat 3: Palacios777 (small blind) folded before Flop
Seat 4: easy_sarcasm (big blind) showed [Kc Td] and won ($8.74) with a pair of Tens
Seat 6: BGS013 mucked



PokerStars Hand #254245415729:  Hold'em No Limit ($0.50/$1.00 USD) - 2025/01/07 14:47:20 WET [2025/01/07 9:47:20 ET]
Table 'Bellerophon II' 6-max Seat #3 is the button
Seat 1: Paco1661 ($58.17 in chips) 
Seat 2: Felete1981 ($9.46 in chips) 
Seat 3: Palacios777 ($117.67 in chips) 
Seat 4: easy_sarcasm ($146.29 in chips) 
Seat 5: Rysiff ($100 in chips) 
Seat 6: BGS013 ($100.77 in chips) 
easy_sarcasm: posts small blind $0.50
Rysiff: posts big blind $1
*** HOLE CARDS ***
BGS013: folds 
Paco1661: calls $1
Felete1981: folds 
Palacios777: folds 
easy_sarcasm: raises $3.50 to $4.50
Rysiff: folds 
Paco1661: folds 
Uncalled bet ($3.50) returned to easy_sarcasm
easy_sarcasm collected $3 from pot
*** SUMMARY ***
Total pot $3 | Rake $0 
Seat 1: Paco1661 folded before Flop
Seat 2: Felete1981 folded before Flop (didn't bet)
Seat 3: Palacios777 (button) folded before Flop (didn't bet)
Seat 4: easy_sarcasm (small blind) collected ($3)
Seat 5: Rysiff (big blind) folded before Flop
Seat 6: BGS013 folded before Flop (didn't bet)



PokerStars Hand #254245419166:  Hold'em No Limit ($0.50/$1.00 USD) - 2025/01/07 14:47:37 WET [2025/01/07 9:47:37 ET]
Table 'Bellerophon II' 6-max Seat #4 is the button
Seat 1: Paco1661 ($57.17 in chips) 
Seat 2: Felete1981 ($9.46 in chips) 
Seat 3: Palacios777 ($117.67 in chips) 
Seat 4: easy_sarcasm ($148.29 in chips) 
Seat 5: Rysiff ($100 in chips) 
Seat 6: BGS013 ($100.77 in chips) 
Rysiff: posts small blind $0.50
BGS013: posts big blind $1
*** HOLE CARDS ***
Paco1661: calls $1
Felete1981: raises $1.30 to $2.30
Palacios777: folds 
easy_sarcasm: folds 
Rysiff: raises $8.70 to $11
BGS013: folds 
Paco1661: folds 
Felete1981: folds 
Uncalled bet ($8.70) returned to Rysiff
Rysiff collected $6.60 from pot
Rysiff: doesn't show hand 
*** SUMMARY ***
Total pot $6.60 | Rake $0 
Seat 1: Paco1661 folded before Flop
Seat 2: Felete1981 folded before Flop
Seat 3: Palacios777 folded before Flop (didn't bet)
Seat 4: easy_sarcasm (button) folded before Flop (didn't bet)
Seat 5: Rysiff (small blind) collected ($6.60)
Seat 6: BGS013 (big blind) folded before Flop



PokerStars Hand #254245426204:  Hold'em No Limit ($0.50/$1.00 USD) - 2025/01/07 14:48:14 WET [2025/01/07 9:48:14 ET]
Table 'Bellerophon II' 6-max Seat #5 is the button
Seat 1: Paco1661 ($56.17 in chips) 
Seat 2: Felete1981 ($7.16 in chips) 
Seat 3: Palacios777 ($117.67 in chips) 
Seat 4: easy_sarcasm ($148.29 in chips) 
Seat 5: Rysiff ($104.30 in chips) 
Seat 6: BGS013 ($100 in chips) 
BGS013: posts small blind $0.50
Paco1661: posts big blind $1
*** HOLE CARDS ***
Felete1981: folds 
Palacios777: raises $1.20 to $2.20
easy_sarcasm: folds 
Rysiff: folds 
BGS013: folds 
Paco1661: calls $1.20
*** FLOP *** [Th 9c Tc]
Paco1661: checks 
Palacios777: bets $2.33
Paco1661: calls $2.33
*** TURN *** [Th 9c Tc] [7c]
Paco1661: checks 
Palacios777: bets $3
Paco1661: calls $3
*** RIVER *** [Th 9c Tc 7c] [7d]
Paco1661: bets $7.39
Palacios777: folds 
Uncalled bet ($7.39) returned to Paco1661
Paco1661 collected $14.58 from pot
*** SUMMARY ***
Total pot $15.56 | Rake $0.98 
Board [Th 9c Tc 7c 7d]
Seat 1: Paco1661 (big blind) collected ($14.58)
Seat 2: Felete1981 folded before Flop (didn't bet)
Seat 3: Palacios777 folded on the River
Seat 4: easy_sarcasm folded before Flop (didn't bet)
Seat 5: Rysiff (button) folded before Flop (didn't bet)
Seat 6: BGS013 (small blind) folded before Flop



PokerStars Hand #254245440130:  Hold'em No Limit ($0.50/$1.00 USD) - 2025/01/07 14:49:25 WET [2025/01/07 9:49:25 ET]
Table 'Bellerophon II' 6-max Seat #6 is the button
Seat 1: Paco1661 ($63.22 in chips) 
Seat 2: Felete1981 ($10 in chips) 
Seat 3: Palacios777 ($110.14 in chips) 
Seat 4: easy_sarcasm ($148.29 in chips) 
Seat 5: Rysiff ($104.30 in chips) 
Seat 6: BGS013 ($100 in chips) 
Paco1661: posts small blind $0.50
Felete1981: posts big blind $1
*** HOLE CARDS ***
Palacios777: folds 
easy_sarcasm: raises $2 to $3
Rysiff: folds 
BGS013: calls $3
Paco1661: calls $2.50
Felete1981: folds 
*** FLOP *** [Qs 3c 6h]
Paco1661: bets $9.50
easy_sarcasm: folds 
BGS013: folds 
Uncalled bet ($9.50) returned to Paco1661
Paco1661 collected $9.38 from pot
*** SUMMARY ***
Total pot $10 | Rake $0.62 
Board [Qs 3c 6h]
Seat 1: Paco1661 (small blind) collected ($9.38)
Seat 2: Felete1981 (big blind) folded before Flop
Seat 3: Palacios777 folded before Flop (didn't bet)
Seat 4: easy_sarcasm folded on the Flop
Seat 5: Rysiff folded before Flop (didn't bet)
Seat 6: BGS013 (button) folded on the Flop



PokerStars Hand #254245445899:  Hold'em No Limit ($0.50/$1.00 USD) - 2025/01/07 14:49:55 WET [2025/01/07 9:49:55 ET]
Table 'Bellerophon II' 6-max Seat #1 is the button
Seat 1: Paco1661 ($69.60 in chips) 
Seat 2: Felete1981 ($9 in chips) 
Seat 3: Palacios777 ($110.14 in chips) 
Seat 4: easy_sarcasm ($145.29 in chips) 
Seat 5: Rysiff ($104.30 in chips) 
Seat 6: BGS013 ($100 in chips) 
Felete1981: posts small blind $0.50
Palacios777: posts big blind $1
*** HOLE CARDS ***
easy_sarcasm: folds 
Rysiff: folds 
BGS013: folds 
Paco1661: calls $1
Felete1981: folds 
Palacios777: checks 
*** FLOP *** [7s Jc Tc]
Palacios777: checks 
Paco1661: checks 
*** TURN *** [7s Jc Tc] [9h]
Palacios777: checks 
Paco1661: checks 
*** RIVER *** [7s Jc Tc 9h] [Js]
Palacios777: checks 
Paco1661: checks 
*** SHOW DOWN ***
Palacios777: shows [7h 4h] (two pair, Jacks and Sevens)
Paco1661: mucks hand 
Palacios777 collected $2.38 from pot
*** SUMMARY ***
Total pot $2.50 | Rake $0.12 
Board [7s Jc Tc 9h Js]
Seat 1: Paco1661 (button) mucked
Seat 2: Felete1981 (small blind) folded before Flop
Seat 3: Palacios777 (big blind) showed [7h 4h] and won ($2.38) with two pair, Jacks and Sevens
Seat 4: easy_sarcasm folded before Flop (didn't bet)
Seat 5: Rysiff folded before Flop (didn't bet)
Seat 6: BGS013 folded before Flop (didn't bet)



PokerStars Hand #254245452058:  Hold'em No Limit ($0.50/$1.00 USD) - 2025/01/07 14:50:27 WET [2025/01/07 9:50:27 ET]
Table 'Bellerophon II' 6-max Seat #2 is the button
Seat 1: Paco1661 ($68.60 in chips) 
Seat 2: Felete1981 ($8.50 in chips) 
Seat 3: Palacios777 ($111.52 in chips) 
Seat 4: easy_sarcasm ($145.29 in chips) 
Seat 5: Rysiff ($104.30 in chips) 
Seat 6: BGS013 ($100 in chips) 
Palacios777: posts small blind $0.50
easy_sarcasm: posts big blind $1
*** HOLE CARDS ***
Rysiff: folds 
BGS013: folds 
Paco1661: calls $1
Felete1981: folds 
Palacios777: folds 
easy_sarcasm: checks 
*** FLOP *** [Js 5c 2d]
easy_sarcasm: checks 
Paco1661: checks 
*** TURN *** [Js 5c 2d] [Qc]
easy_sarcasm: checks 
Paco1661: checks 
*** RIVER *** [Js 5c 2d Qc] [Tc]
easy_sarcasm: checks 
Paco1661: checks 
*** SHOW DOWN ***
easy_sarcasm: shows [3s 6h] (high card Queen)
Paco1661: shows [Qd Kh] (a pair of Queens)
Paco1661 collected $2.35 from pot
*** SUMMARY ***
Total pot $2.50 | Rake $0.15 
Board [Js 5c 2d Qc Tc]
Seat 1: Paco1661 showed [Qd Kh] and won ($2.35) with a pair of Queens
Seat 2: Felete1981 (button) folded before Flop (didn't bet)
Seat 3: Palacios777 (small blind) folded before Flop
Seat 4: easy_sarcasm (big blind) showed [3s 6h] and lost with high card Queen
Seat 5: Rysiff folded before Flop (didn't bet)
Seat 6: BGS013 folded before Flop (didn't bet)



PokerStars Hand #254245456328:  Hold'em No Limit ($0.50/$1.00 USD) - 2025/01/07 14:50:49 WET [2025/01/07 9:50:49 ET]
Table 'Bellerophon II' 6-max Seat #3 is the button
Seat 1: Paco1661 ($69.95 in chips) 
Seat 2: Felete1981 ($8.50 in chips) 
Seat 3: Palacios777 ($111.02 in chips) 
Seat 4: easy_sarcasm ($144.29 in chips) 
Seat 5: Rysiff ($104.30 in chips) 
Seat 6: BGS013 ($100 in chips) 
easy_sarcasm: posts small blind $0.50
Rysiff: posts big blind $1
*** HOLE CARDS ***
BGS013: folds 
Paco1661: calls $1
Felete1981: folds 
Palacios777: raises $3.50 to $4.50
easy_sarcasm: folds 
Rysiff: folds 
Paco1661: calls $3.50
*** FLOP *** [Jd Kh 5h]
Paco1661: checks 
Palacios777: bets $4.99
Paco1661: calls $4.99
*** TURN *** [Jd Kh 5h] [6h]
Paco1661: checks 
Palacios777: bets $9.73
Paco1661: raises $38.92 to $48.65
Palacios777: folds 
Uncalled bet ($38.92) returned to Paco1661
Paco1661 collected $37.44 from pot
*** SUMMARY ***
Total pot $39.94 | Rake $2.50 
Board [Jd Kh 5h 6h]
Seat 1: Paco1661 collected ($37.44)
Seat 2: Felete1981 folded before Flop (didn't bet)
Seat 3: Palacios777 (button) folded on the Turn
Seat 4: easy_sarcasm (small blind) folded before Flop
Seat 5: Rysiff (big blind) folded before Flop
Seat 6: BGS013 folded before Flop (didn't bet)



PokerStars Hand #254245468883:  Hold'em No Limit ($0.50/$1.00 USD) - 2025/01/07 14:51:54 WET [2025/01/07 9:51:54 ET]
Table 'Bellerophon II' 6-max Seat #4 is the button
Seat 1: Paco1661 ($88.17 in chips) 
Seat 2: Felete1981 ($8.50 in chips) 
Seat 3: Palacios777 ($100 in chips) 
Seat 4: easy_sarcasm ($143.79 in chips) 
Seat 5: Rysiff ($103.30 in chips) 
Seat 6: BGS013 ($100 in chips) 
Rysiff: posts small blind $0.50
BGS013: posts big blind $1
*** HOLE CARDS ***
Paco1661: calls $1
Felete1981: folds 
Palacios777: folds 
easy_sarcasm: folds 
Rysiff: raises $4 to $5
BGS013: folds 
Paco1661: calls $4
*** FLOP *** [6s Qc 3d]
Rysiff: bets $5.23
Paco1661: raises $20.91 to $26.14
Rysiff: calls $20.91
*** TURN *** [6s Qc 3d] [Ks]
Rysiff: checks 
Paco1661: bets $57.03 and is all-in
Rysiff: calls $57.03
*** RIVER *** [6s Qc 3d Ks] [2s]
*** SHOW DOWN ***
Rysiff: shows [Qd Ad] (a pair of Queens)
Paco1661: shows [Qh 8h] (a pair of Queens - lower kicker)
Rysiff collected $174.84 from pot
*** SUMMARY ***
Total pot $177.34 | Rake $2.50 
Board [6s Qc 3d Ks 2s]
Seat 1: Paco1661 showed [Qh 8h] and lost with a pair of Queens
Seat 2: Felete1981 folded before Flop (didn't bet)
Seat 3: Palacios777 folded before Flop (didn't bet)
Seat 4: easy_sarcasm (button) folded before Flop (didn't bet)
Seat 5: Rysiff (small blind) showed [Qd Ad] and won ($174.84) with a pair of Queens
Seat 6: BGS013 (big blind) folded before Flop



PokerStars Hand #254245476539:  Hold'em No Limit ($0.50/$1.00 USD) - 2025/01/07 14:52:33 WET [2025/01/07 9:52:33 ET]
Table 'Bellerophon II' 6-max Seat #5 is the button
Seat 1: Paco1661 ($0 in chips) is sitting out
Seat 2: Felete1981 ($10 in chips) 
Seat 3: Palacios777 ($100 in chips) 
Seat 4: easy_sarcasm ($143.79 in chips) 
Seat 5: Rysiff ($189.97 in chips) 
Seat 6: BGS013 ($100 in chips) 
BGS013: posts small blind $0.50
Felete1981: posts big blind $1
*** HOLE CARDS ***
Palacios777: folds 
easy_sarcasm: folds 
Rysiff: raises $1.50 to $2.50
BGS013: folds 
Paco1661 leaves the table
Felete1981: folds 
Uncalled bet ($1.50) returned to Rysiff
Rysiff collected $2.50 from pot
Rysiff: doesn't show hand 
*** SUMMARY ***
Total pot $2.50 | Rake $0 
Seat 1: Paco1661
Seat 2: Felete1981 (big blind) folded before Flop
Seat 3: Palacios777 folded before Flop (didn't bet)
Seat 4: easy_sarcasm folded before Flop (didn't bet)
Seat 5: Rysiff (button) collected ($2.50)
Seat 6: BGS013 (small blind) folded before Flop



PokerStars Hand #254245479859:  Hold'em No Limit ($0.50/$1.00 USD) - 2025/01/07 14:52:50 WET [2025/01/07 9:52:50 ET]
Table 'Bellerophon II' 6-max Seat #6 is the button
Seat 3: Palacios777 ($100 in chips) is sitting out
Seat 4: easy_sarcasm ($143.79 in chips) is sitting out
Seat 2: Felete1981 ($9 in chips) 
Seat 5: Rysiff ($191.47 in chips) 
Seat 6: BGS013 ($100 in chips) 
Felete1981: posts small blind $0.50
Palacios777: is sitting out 
easy_sarcasm: is sitting out 
Rysiff: posts big blind $1
*** HOLE CARDS ***
BGS013: folds 
easy_sarcasm leaves the table
Palacios777 leaves the table
Felete1981: calls $0.50
Rysiff: checks 
*** FLOP *** [6h 7s Qh]
Felete1981: checks 
BGS013 leaves the table
Rysiff: bets $2
Felete1981: calls $2
*** TURN *** [6h 7s Qh] [Ac]
Felete1981: checks 
Rysiff: checks 
*** RIVER *** [6h 7s Qh Ac] [Ah]
Felete1981: checks 
Rysiff: bets $6
Felete1981: calls $6 and is all-in
*** SHOW DOWN ***
Rysiff: shows [Qs 2c] (two pair, Aces and Queens)
Felete1981: shows [9h Th] (a flush, Ace high)
Felete1981 collected $17.10 from pot
*** SUMMARY ***
Total pot $18 | Rake $0.90 
Board [6h 7s Qh Ac Ah]
Seat 3: Palacios777
Seat 4: easy_sarcasm
Seat 2: Felete1981 (small blind) showed [9h Th] and won ($17.10) with a flush, Ace high
Seat 5: Rysiff (big blind) showed [Qs 2c] and lost with two pair, Aces and Queens
Seat 6: BGS013 (button) folded before Flop (didn't bet)



PokerStars Hand #254245488050:  Hold'em No Limit ($0.50/$1.00 USD) - 2025/01/07 14:53:33 WET [2025/01/07 9:53:33 ET]
Table 'Bellerophon II' 6-max Seat #5 is the button
Seat 2: Felete1981 ($17.10 in chips) 
Seat 5: Rysiff ($182.47 in chips) 
Rysiff: posts small blind $0.50
Felete1981: posts big blind $1
*** HOLE CARDS ***
Rysiff: folds 
Uncalled bet ($0.50) returned to Felete1981
Felete1981 collected $1 from pot
*** SUMMARY ***
Total pot $1 | Rake $0 
Seat 2: Felete1981 (big blind) collected ($1)
Seat 5: Rysiff (button) (small blind) folded before Flop



