PokerStars Hand #254245145976:  Hold'em No Limit ($0.50/$1.00 USD) - 2025/01/07 14:23:12 WET [2025/01/07 9:23:12 ET]
Table 'Porzia II' 6-max Seat #4 is the button
Seat 1: Pon4uk.ua ($100 in chips) 
Seat 2: radu10101 ($28.21 in chips) 
Seat 3: kuhclemO ($114.29 in chips) 
Seat 4: gudrozd ($100 in chips) 
Seat 5: Palacios777 ($117.16 in chips) 
Seat 6: grig2307 ($100 in chips) 
Palacios777: posts small blind $0.50
grig2307: posts big blind $1
*** HOLE CARDS ***
Pon4uk.ua: raises $1 to $2
radu10101: folds 
kuhclemO: folds 
gudrozd: folds 
Palacios777: folds 
grig2307: calls $1
*** FLOP *** [5c 2h 5d]
grig2307: checks 
Pon4uk.ua: bets $1.41
grig2307: folds 
Uncalled bet ($1.41) returned to Pon4uk.ua
Pon4uk.ua collected $4.28 from pot
Pon4uk.ua: doesn't show hand 
*** SUMMARY ***
Total pot $4.50 | Rake $0.22 
Board [5c 2h 5d]
Seat 1: Pon4uk.ua collected ($4.28)
Seat 2: radu10101 folded before Flop (didn't bet)
Seat 3: kuhclemO folded before Flop (didn't bet)
Seat 4: gudrozd (button) folded before Flop (didn't bet)
Seat 5: Palacios777 (small blind) folded before Flop
Seat 6: grig2307 (big blind) folded on the Flop



PokerStars Hand #254245152728:  Hold'em No Limit ($0.50/$1.00 USD) - 2025/01/07 14:23:50 WET [2025/01/07 9:23:50 ET]
Table 'Porzia II' 6-max Seat #5 is the button
Seat 1: Pon4uk.ua ($102.28 in chips) 
Seat 2: radu10101 ($28.21 in chips) 
Seat 3: kuhclemO ($114.29 in chips) 
Seat 4: gudrozd ($100 in chips) 
Seat 5: Palacios777 ($116.66 in chips) 
Seat 6: grig2307 ($100 in chips) 
grig2307: posts small blind $0.50
Pon4uk.ua: posts big blind $1
*** HOLE CARDS ***
radu10101: folds 
kuhclemO: folds 
gudrozd: folds 
Palacios777: folds 
grig2307: raises $1.40 to $2.40
Pon4uk.ua: calls $1.40
*** FLOP *** [4d 2h 4h]
grig2307: checks 
Pon4uk.ua: checks 
*** TURN *** [4d 2h 4h] [9h]
grig2307: bets $3.28
Pon4uk.ua: folds 
Uncalled bet ($3.28) returned to grig2307
grig2307 collected $4.56 from pot
grig2307: doesn't show hand 
*** SUMMARY ***
Total pot $4.80 | Rake $0.24 
Board [4d 2h 4h 9h]
Seat 1: Pon4uk.ua (big blind) folded on the Turn
Seat 2: radu10101 folded before Flop (didn't bet)
Seat 3: kuhclemO folded before Flop (didn't bet)
Seat 4: gudrozd folded before Flop (didn't bet)
Seat 5: Palacios777 (button) folded before Flop (didn't bet)
Seat 6: grig2307 (small blind) collected ($4.56)



PokerStars Hand #254245161503:  Hold'em No Limit ($0.50/$1.00 USD) - 2025/01/07 14:24:38 WET [2025/01/07 9:24:38 ET]
Table 'Porzia II' 6-max Seat #6 is the button
Seat 1: Pon4uk.ua ($100 in chips) 
Seat 2: radu10101 ($28.21 in chips) 
Seat 3: kuhclemO ($114.29 in chips) 
Seat 4: gudrozd ($100 in chips) 
Seat 5: Palacios777 ($116.66 in chips) 
Seat 6: grig2307 ($102.16 in chips) 
Pon4uk.ua: posts small blind $0.50
radu10101: posts big blind $1
*** HOLE CARDS ***
kuhclemO: folds 
gudrozd: folds 
Palacios777: raises $1.50 to $2.50
grig2307: folds 
Pon4uk.ua: folds 
radu10101: folds 
Uncalled bet ($1.50) returned to Palacios777
Palacios777 collected $2.50 from pot
Palacios777: doesn't show hand 
*** SUMMARY ***
Total pot $2.50 | Rake $0 
Seat 1: Pon4uk.ua (small blind) folded before Flop
Seat 2: radu10101 (big blind) folded before Flop
Seat 3: kuhclemO folded before Flop (didn't bet)
Seat 4: gudrozd folded before Flop (didn't bet)
Seat 5: Palacios777 collected ($2.50)
Seat 6: grig2307 (button) folded before Flop (didn't bet)



PokerStars Hand #254245165488:  Hold'em No Limit ($0.50/$1.00 USD) - 2025/01/07 14:25:00 WET [2025/01/07 9:25:00 ET]
Table 'Porzia II' 6-max Seat #1 is the button
Seat 1: Pon4uk.ua ($100 in chips) 
Seat 2: radu10101 ($27.21 in chips) 
Seat 3: kuhclemO ($114.29 in chips) 
Seat 4: gudrozd ($100 in chips) 
Seat 5: Palacios777 ($118.16 in chips) 
Seat 6: grig2307 ($102.16 in chips) 
radu10101: posts small blind $0.50
kuhclemO: posts big blind $1
*** HOLE CARDS ***
gudrozd: folds 
Palacios777: folds 
grig2307: folds 
Pon4uk.ua: folds 
radu10101: calls $0.50
kuhclemO: raises $3 to $4
radu10101: calls $3
*** FLOP *** [2d 5h 5s]
radu10101: checks 
kuhclemO: bets $1.90
radu10101: calls $1.90
*** TURN *** [2d 5h 5s] [Qh]
radu10101: checks 
kuhclemO: bets $3.70
radu10101: calls $3.70
*** RIVER *** [2d 5h 5s Qh] [Ac]
radu10101: checks 
kuhclemO: checks 
*** SHOW DOWN ***
radu10101: shows [Jh 8h] (a pair of Fives)
kuhclemO: shows [Ts Kd] (a pair of Fives - Ace+King kicker)
kuhclemO collected $18.24 from pot
*** SUMMARY ***
Total pot $19.20 | Rake $0.96 
Board [2d 5h 5s Qh Ac]
Seat 1: Pon4uk.ua (button) folded before Flop (didn't bet)
Seat 2: radu10101 (small blind) showed [Jh 8h] and lost with a pair of Fives
Seat 3: kuhclemO (big blind) showed [Ts Kd] and won ($18.24) with a pair of Fives
Seat 4: gudrozd folded before Flop (didn't bet)
Seat 5: Palacios777 folded before Flop (didn't bet)
Seat 6: grig2307 folded before Flop (didn't bet)



PokerStars Hand #254245173629:  Hold'em No Limit ($0.50/$1.00 USD) - 2025/01/07 14:25:46 WET [2025/01/07 9:25:46 ET]
Table 'Porzia II' 6-max Seat #2 is the button
Seat 1: Pon4uk.ua ($100 in chips) 
Seat 2: radu10101 ($17.61 in chips) 
Seat 3: kuhclemO ($122.93 in chips) 
Seat 4: gudrozd ($100 in chips) 
Seat 5: Palacios777 ($118.16 in chips) 
Seat 6: grig2307 ($102.16 in chips) 
kuhclemO: posts small blind $0.50
gudrozd: posts big blind $1
*** HOLE CARDS ***
Palacios777: raises $1.20 to $2.20
grig2307: folds 
Pon4uk.ua: folds 
radu10101: folds 
kuhclemO: folds 
gudrozd: folds 
Uncalled bet ($1.20) returned to Palacios777
Palacios777 collected $2.50 from pot
Palacios777: doesn't show hand 
*** SUMMARY ***
Total pot $2.50 | Rake $0 
Seat 1: Pon4uk.ua folded before Flop (didn't bet)
Seat 2: radu10101 (button) folded before Flop (didn't bet)
Seat 3: kuhclemO (small blind) folded before Flop
Seat 4: gudrozd (big blind) folded before Flop
Seat 5: Palacios777 collected ($2.50)
Seat 6: grig2307 folded before Flop (didn't bet)



PokerStars Hand #254245177459:  Hold'em No Limit ($0.50/$1.00 USD) - 2025/01/07 14:26:08 WET [2025/01/07 9:26:08 ET]
Table 'Porzia II' 6-max Seat #3 is the button
Seat 1: Pon4uk.ua ($100 in chips) 
Seat 2: radu10101 ($17.61 in chips) 
Seat 3: kuhclemO ($122.43 in chips) 
Seat 4: gudrozd ($100 in chips) 
Seat 5: Palacios777 ($119.66 in chips) 
Seat 6: grig2307 ($102.16 in chips) 
gudrozd: posts small blind $0.50
Palacios777: posts big blind $1
*** HOLE CARDS ***
grig2307: folds 
Pon4uk.ua: folds 
radu10101: calls $1
kuhclemO: raises $3 to $4
gudrozd: folds 
Palacios777: folds 
radu10101: calls $3
*** FLOP *** [3s 9d 8h]
radu10101: checks 
kuhclemO: checks 
*** TURN *** [3s 9d 8h] [Td]
radu10101: bets $3
kuhclemO: calls $3
*** RIVER *** [3s 9d 8h Td] [Ac]
radu10101: bets $10.61 and is all-in
kuhclemO: calls $10.61
*** SHOW DOWN ***
radu10101: shows [6h Ah] (a pair of Aces)
kuhclemO: shows [6c 6d] (a pair of Sixes)
radu10101 collected $34.88 from pot
*** SUMMARY ***
Total pot $36.72 | Rake $1.84 
Board [3s 9d 8h Td Ac]
Seat 1: Pon4uk.ua folded before Flop (didn't bet)
Seat 2: radu10101 showed [6h Ah] and won ($34.88) with a pair of Aces
Seat 3: kuhclemO (button) showed [6c 6d] and lost with a pair of Sixes
Seat 4: gudrozd (small blind) folded before Flop
Seat 5: Palacios777 (big blind) folded before Flop
Seat 6: grig2307 folded before Flop (didn't bet)



PokerStars Hand #254245186687:  Hold'em No Limit ($0.50/$1.00 USD) - 2025/01/07 14:26:59 WET [2025/01/07 9:26:59 ET]
Table 'Porzia II' 6-max Seat #4 is the button
Seat 1: Pon4uk.ua ($100 in chips) 
Seat 2: radu10101 ($34.88 in chips) 
Seat 3: kuhclemO ($104.82 in chips) 
Seat 4: gudrozd ($100 in chips) 
Seat 5: Palacios777 ($118.66 in chips) 
Seat 6: grig2307 ($102.16 in chips) 
Palacios777: posts small blind $0.50
grig2307: posts big blind $1
*** HOLE CARDS ***
Pon4uk.ua has timed out
Pon4uk.ua: folds 
radu10101: calls $1
kuhclemO: folds 
gudrozd: raises $4 to $5
Palacios777: folds 
grig2307: folds 
radu10101: folds 
Uncalled bet ($4) returned to gudrozd
gudrozd collected $3.50 from pot
gudrozd: doesn't show hand 
*** SUMMARY ***
Total pot $3.50 | Rake $0 
Seat 1: Pon4uk.ua folded before Flop (didn't bet)
Seat 2: radu10101 folded before Flop
Seat 3: kuhclemO folded before Flop (didn't bet)
Seat 4: gudrozd (button) collected ($3.50)
Seat 5: Palacios777 (small blind) folded before Flop
Seat 6: grig2307 (big blind) folded before Flop



PokerStars Hand #254245192786:  Hold'em No Limit ($0.50/$1.00 USD) - 2025/01/07 14:27:33 WET [2025/01/07 9:27:33 ET]
Table 'Porzia II' 6-max Seat #5 is the button
Seat 1: Pon4uk.ua ($100 in chips) 
Seat 2: radu10101 ($33.88 in chips) 
Seat 3: kuhclemO ($104.82 in chips) 
Seat 4: gudrozd ($102.50 in chips) 
Seat 5: Palacios777 ($118.16 in chips) 
Seat 6: grig2307 ($101.16 in chips) 
grig2307: posts small blind $0.50
Pon4uk.ua: posts big blind $1
*** HOLE CARDS ***
radu10101: calls $1
kuhclemO: folds 
gudrozd: raises $4 to $5
Palacios777: folds 
grig2307: folds 
Pon4uk.ua: folds 
radu10101: folds 
Uncalled bet ($4) returned to gudrozd
gudrozd collected $3.50 from pot
gudrozd: doesn't show hand 
*** SUMMARY ***
Total pot $3.50 | Rake $0 
Seat 1: Pon4uk.ua (big blind) folded before Flop
Seat 2: radu10101 folded before Flop
Seat 3: kuhclemO folded before Flop (didn't bet)
Seat 4: gudrozd collected ($3.50)
Seat 5: Palacios777 (button) folded before Flop (didn't bet)
Seat 6: grig2307 (small blind) folded before Flop



PokerStars Hand #254245196472:  Hold'em No Limit ($0.50/$1.00 USD) - 2025/01/07 14:27:53 WET [2025/01/07 9:27:53 ET]
Table 'Porzia II' 6-max Seat #6 is the button
Seat 1: Pon4uk.ua ($100 in chips) 
Seat 2: radu10101 ($32.88 in chips) 
Seat 3: kuhclemO ($104.82 in chips) 
Seat 4: gudrozd ($105 in chips) 
Seat 5: Palacios777 ($118.16 in chips) 
Seat 6: grig2307 ($100.66 in chips) 
Pon4uk.ua: posts small blind $0.50
radu10101: posts big blind $1
*** HOLE CARDS ***
kuhclemO: folds 
gudrozd: folds 
Palacios777: folds 
grig2307: raises $1.40 to $2.40
Pon4uk.ua: folds 
radu10101: calls $1.40
*** FLOP *** [3h 3s 9s]
radu10101: checks 
grig2307: checks 
*** TURN *** [3h 3s 9s] [5s]
radu10101: checks 
grig2307: bets $3.52
radu10101: folds 
Uncalled bet ($3.52) returned to grig2307
grig2307 collected $5.04 from pot
grig2307: doesn't show hand 
*** SUMMARY ***
Total pot $5.30 | Rake $0.26 
Board [3h 3s 9s 5s]
Seat 1: Pon4uk.ua (small blind) folded before Flop
Seat 2: radu10101 (big blind) folded on the Turn
Seat 3: kuhclemO folded before Flop (didn't bet)
Seat 4: gudrozd folded before Flop (didn't bet)
Seat 5: Palacios777 folded before Flop (didn't bet)
Seat 6: grig2307 (button) collected ($5.04)



PokerStars Hand #254245246255:  Hold'em No Limit ($0.50/$1.00 USD) - 2025/01/07 14:32:25 WET [2025/01/07 9:32:25 ET]
Table 'Porzia II' 6-max Seat #1 is the button
Seat 1: Pon4uk.ua ($128.96 in chips) 
Seat 2: radu10101 ($58.74 in chips) 
Seat 3: kuhclemO ($105.82 in chips) 
Seat 4: gudrozd ($100 in chips) 
Seat 5: Palacios777 ($100 in chips) 
Seat 6: grig2307 ($101.80 in chips) 
radu10101: posts small blind $0.50
kuhclemO: posts big blind $1
*** HOLE CARDS ***
gudrozd: raises $1.50 to $2.50
Palacios777: folds 
grig2307: calls $2.50
Pon4uk.ua: folds 
radu10101: calls $2
kuhclemO: calls $1.50
*** FLOP *** [7d 5d 4c]
radu10101: checks 
kuhclemO: bets $3.14
gudrozd: folds 
grig2307: folds 
radu10101: folds 
Uncalled bet ($3.14) returned to kuhclemO
kuhclemO collected $9.50 from pot
kuhclemO: doesn't show hand 
*** SUMMARY ***
Total pot $10 | Rake $0.50 
Board [7d 5d 4c]
Seat 1: Pon4uk.ua (button) folded before Flop (didn't bet)
Seat 2: radu10101 (small blind) folded on the Flop
Seat 3: kuhclemO (big blind) collected ($9.50)
Seat 4: gudrozd folded on the Flop
Seat 5: Palacios777 folded before Flop (didn't bet)
Seat 6: grig2307 folded on the Flop



PokerStars Hand #254245255147:  Hold'em No Limit ($0.50/$1.00 USD) - 2025/01/07 14:33:13 WET [2025/01/07 9:33:13 ET]
Table 'Porzia II' 6-max Seat #2 is the button
Seat 1: Pon4uk.ua ($128.96 in chips) 
Seat 2: radu10101 ($56.24 in chips) 
Seat 3: kuhclemO ($112.82 in chips) 
Seat 4: gudrozd ($100 in chips) 
Seat 5: Palacios777 ($100 in chips) 
Seat 6: grig2307 ($100 in chips) 
kuhclemO: posts small blind $0.50
gudrozd: posts big blind $1
*** HOLE CARDS ***
Palacios777: folds 
grig2307: folds 
Pon4uk.ua: folds 
radu10101: folds 
kuhclemO: folds 
Uncalled bet ($0.50) returned to gudrozd
gudrozd collected $1 from pot
gudrozd: doesn't show hand 
*** SUMMARY ***
Total pot $1 | Rake $0 
Seat 1: Pon4uk.ua folded before Flop (didn't bet)
Seat 2: radu10101 (button) folded before Flop (didn't bet)
Seat 3: kuhclemO (small blind) folded before Flop
Seat 4: gudrozd (big blind) collected ($1)
Seat 5: Palacios777 folded before Flop (didn't bet)
Seat 6: grig2307 folded before Flop (didn't bet)



PokerStars Hand #254245257469:  Hold'em No Limit ($0.50/$1.00 USD) - 2025/01/07 14:33:25 WET [2025/01/07 9:33:25 ET]
Table 'Porzia II' 6-max Seat #3 is the button
Seat 1: Pon4uk.ua ($128.96 in chips) 
Seat 2: radu10101 ($56.24 in chips) 
Seat 3: kuhclemO ($112.32 in chips) 
Seat 4: gudrozd ($100.50 in chips) 
Seat 5: Palacios777 ($100 in chips) 
Seat 6: grig2307 ($100 in chips) 
gudrozd: posts small blind $0.50
Palacios777: posts big blind $1
*** HOLE CARDS ***
grig2307: raises $1.40 to $2.40
Pon4uk.ua: folds 
radu10101: folds 
kuhclemO: raises $7.60 to $10
gudrozd: folds 
Palacios777: folds 
grig2307: calls $7.60
*** FLOP *** [5d 5c Ts]
grig2307: checks 
kuhclemO: bets $10
grig2307: calls $10
*** TURN *** [5d 5c Ts] [Td]
grig2307: checks 
kuhclemO: checks 
*** RIVER *** [5d 5c Ts Td] [4d]
grig2307: bets $19.71
kuhclemO: calls $19.71
*** SHOW DOWN ***
grig2307: shows [Ac Tc] (a full house, Tens full of Fives)
kuhclemO: mucks hand 
grig2307 collected $78.42 from pot
*** SUMMARY ***
Total pot $80.92 | Rake $2.50 
Board [5d 5c Ts Td 4d]
Seat 1: Pon4uk.ua folded before Flop (didn't bet)
Seat 2: radu10101 folded before Flop (didn't bet)
Seat 3: kuhclemO (button) mucked
Seat 4: gudrozd (small blind) folded before Flop
Seat 5: Palacios777 (big blind) folded before Flop
Seat 6: grig2307 showed [Ac Tc] and won ($78.42) with a full house, Tens full of Fives



PokerStars Hand #254245269230:  Hold'em No Limit ($0.50/$1.00 USD) - 2025/01/07 14:34:28 WET [2025/01/07 9:34:28 ET]
Table 'Porzia II' 6-max Seat #4 is the button
Seat 1: Pon4uk.ua ($128.96 in chips) 
Seat 2: radu10101 ($56.24 in chips) 
Seat 3: kuhclemO ($72.61 in chips) 
Seat 4: gudrozd ($100 in chips) 
Seat 5: Palacios777 ($100 in chips) 
Seat 6: grig2307 ($138.71 in chips) 
Palacios777: posts small blind $0.50
grig2307: posts big blind $1
*** HOLE CARDS ***
Pon4uk.ua: folds 
radu10101: calls $1
kuhclemO: raises $3 to $4
gudrozd: folds 
Palacios777: folds 
grig2307: calls $3
radu10101: folds 
*** FLOP *** [9s As 9c]
grig2307: checks 
kuhclemO: bets $2.98
grig2307: folds 
Uncalled bet ($2.98) returned to kuhclemO
kuhclemO collected $9.02 from pot
kuhclemO: doesn't show hand 
*** SUMMARY ***
Total pot $9.50 | Rake $0.48 
Board [9s As 9c]
Seat 1: Pon4uk.ua folded before Flop (didn't bet)
Seat 2: radu10101 folded before Flop
Seat 3: kuhclemO collected ($9.02)
Seat 4: gudrozd (button) folded before Flop (didn't bet)
Seat 5: Palacios777 (small blind) folded before Flop
Seat 6: grig2307 (big blind) folded on the Flop



PokerStars Hand #254245276116:  Hold'em No Limit ($0.50/$1.00 USD) - 2025/01/07 14:35:05 WET [2025/01/07 9:35:05 ET]
Table 'Porzia II' 6-max Seat #5 is the button
Seat 1: Pon4uk.ua ($128.96 in chips) 
Seat 2: radu10101 ($55.24 in chips) 
Seat 3: kuhclemO ($100 in chips) 
Seat 4: gudrozd ($100 in chips) 
Seat 5: Palacios777 ($100 in chips) 
Seat 6: grig2307 ($134.71 in chips) 
grig2307: posts small blind $0.50
Pon4uk.ua: posts big blind $1
*** HOLE CARDS ***
radu10101: folds 
kuhclemO: raises $1.50 to $2.50
gudrozd: folds 
Palacios777: folds 
grig2307: folds 
Pon4uk.ua: calls $1.50
*** FLOP *** [Ts Ks 3d]
Pon4uk.ua: checks 
kuhclemO: bets $1.31
Pon4uk.ua: calls $1.31
*** TURN *** [Ts Ks 3d] [7s]
Pon4uk.ua: bets $3.86
kuhclemO: folds 
Uncalled bet ($3.86) returned to Pon4uk.ua
Pon4uk.ua collected $7.71 from pot
Pon4uk.ua: doesn't show hand 
*** SUMMARY ***
Total pot $8.12 | Rake $0.41 
Board [Ts Ks 3d 7s]
Seat 1: Pon4uk.ua (big blind) collected ($7.71)
Seat 2: radu10101 folded before Flop (didn't bet)
Seat 3: kuhclemO folded on the Turn
Seat 4: gudrozd folded before Flop (didn't bet)
Seat 5: Palacios777 (button) folded before Flop (didn't bet)
Seat 6: grig2307 (small blind) folded before Flop



PokerStars Hand #254245283461:  Hold'em No Limit ($0.50/$1.00 USD) - 2025/01/07 14:35:43 WET [2025/01/07 9:35:43 ET]
Table 'Porzia II' 6-max Seat #6 is the button
Seat 1: Pon4uk.ua ($132.86 in chips) 
Seat 2: radu10101 ($55.24 in chips) 
Seat 3: kuhclemO ($96.19 in chips) 
Seat 4: gudrozd ($100 in chips) 
Seat 5: Palacios777 ($100 in chips) 
Seat 6: grig2307 ($134.21 in chips) 
Pon4uk.ua: posts small blind $0.50
radu10101: posts big blind $1
*** HOLE CARDS ***
kuhclemO: raises $2 to $3
gudrozd: folds 
Palacios777: raises $6 to $9
grig2307: folds 
Pon4uk.ua: folds 
radu10101: folds 
kuhclemO: folds 
Uncalled bet ($6) returned to Palacios777
Palacios777 collected $7.50 from pot
Palacios777: doesn't show hand 
*** SUMMARY ***
Total pot $7.50 | Rake $0 
Seat 1: Pon4uk.ua (small blind) folded before Flop
Seat 2: radu10101 (big blind) folded before Flop
Seat 3: kuhclemO folded before Flop
Seat 4: gudrozd folded before Flop (didn't bet)
Seat 5: Palacios777 collected ($7.50)
Seat 6: grig2307 (button) folded before Flop (didn't bet)



PokerStars Hand #254245289270:  Hold'em No Limit ($0.50/$1.00 USD) - 2025/01/07 14:36:14 WET [2025/01/07 9:36:14 ET]
Table 'Porzia II' 6-max Seat #1 is the button
Seat 1: Pon4uk.ua ($132.36 in chips) 
Seat 2: radu10101 ($54.24 in chips) 
Seat 3: kuhclemO ($93.19 in chips) 
Seat 4: gudrozd ($100 in chips) 
Seat 5: Palacios777 ($104.50 in chips) 
Seat 6: grig2307 ($134.21 in chips) 
radu10101: posts small blind $0.50
kuhclemO: posts big blind $1
*** HOLE CARDS ***
gudrozd: raises $1.50 to $2.50
Palacios777: raises $5 to $7.50
grig2307: folds 
Pon4uk.ua: folds 
radu10101: folds 
kuhclemO: folds 
gudrozd: folds 
Uncalled bet ($5) returned to Palacios777
Palacios777 collected $6.50 from pot
Palacios777: doesn't show hand 
*** SUMMARY ***
Total pot $6.50 | Rake $0 
Seat 1: Pon4uk.ua (button) folded before Flop (didn't bet)
Seat 2: radu10101 (small blind) folded before Flop
Seat 3: kuhclemO (big blind) folded before Flop
Seat 4: gudrozd folded before Flop
Seat 5: Palacios777 collected ($6.50)
Seat 6: grig2307 folded before Flop (didn't bet)



PokerStars Hand #254245293244:  Hold'em No Limit ($0.50/$1.00 USD) - 2025/01/07 14:36:34 WET [2025/01/07 9:36:34 ET]
Table 'Porzia II' 6-max Seat #2 is the button
Seat 4: gudrozd ($100 in chips) is sitting out
Seat 1: Pon4uk.ua ($132.36 in chips) 
Seat 2: radu10101 ($53.74 in chips) 
Seat 3: kuhclemO ($92.19 in chips) 
Seat 5: Palacios777 ($108.50 in chips) 
Seat 6: grig2307 ($134.21 in chips) 
kuhclemO: posts small blind $0.50
gudrozd: is sitting out 
Palacios777: posts big blind $1
*** HOLE CARDS ***
grig2307: raises $1.40 to $2.40
Pon4uk.ua: folds 
radu10101: calls $2.40
gudrozd leaves the table
kuhclemO: raises $10.10 to $12.50
Palacios777: folds 
grig2307: folds 
radu10101: folds 
Uncalled bet ($10.10) returned to kuhclemO
kuhclemO collected $8.20 from pot
kuhclemO: doesn't show hand 
*** SUMMARY ***
Total pot $8.20 | Rake $0 
Seat 4: gudrozd
Seat 1: Pon4uk.ua folded before Flop (didn't bet)
Seat 2: radu10101 (button) folded before Flop
Seat 3: kuhclemO (small blind) collected ($8.20)
Seat 5: Palacios777 (big blind) folded before Flop
Seat 6: grig2307 folded before Flop



PokerStars Hand #254245301935:  Hold'em No Limit ($0.50/$1.00 USD) - 2025/01/07 14:37:20 WET [2025/01/07 9:37:20 ET]
Table 'Porzia II' 6-max Seat #3 is the button
Seat 1: Pon4uk.ua ($132.36 in chips) 
Seat 2: radu10101 ($51.34 in chips) 
Seat 3: kuhclemO ($97.99 in chips) 
Seat 5: Palacios777 ($107.50 in chips) 
Seat 6: grig2307 ($131.81 in chips) 
Palacios777: posts small blind $0.50
grig2307: posts big blind $1
*** HOLE CARDS ***
Pon4uk.ua: folds 
radu10101: folds 
kuhclemO: folds 
Palacios777: folds 
Uncalled bet ($0.50) returned to grig2307
grig2307 collected $1 from pot
grig2307: doesn't show hand 
*** SUMMARY ***
Total pot $1 | Rake $0 
Seat 1: Pon4uk.ua folded before Flop (didn't bet)
Seat 2: radu10101 folded before Flop (didn't bet)
Seat 3: kuhclemO (button) folded before Flop (didn't bet)
Seat 5: Palacios777 (small blind) folded before Flop
Seat 6: grig2307 (big blind) collected ($1)



PokerStars Hand #254245305593:  Hold'em No Limit ($0.50/$1.00 USD) - 2025/01/07 14:37:39 WET [2025/01/07 9:37:39 ET]
Table 'Porzia II' 6-max Seat #5 is the button
Seat 1: Pon4uk.ua ($132.36 in chips) 
Seat 2: radu10101 ($51.34 in chips) 
Seat 3: kuhclemO ($97.99 in chips) 
Seat 5: Palacios777 ($107 in chips) 
Seat 6: grig2307 ($132.31 in chips) 
grig2307: posts small blind $0.50
Pon4uk.ua: posts big blind $1
*** HOLE CARDS ***
radu10101: folds 
xcinaz joins the table at seat #4 
kuhclemO: raises $1.50 to $2.50
Palacios777: folds 
grig2307: calls $2
Pon4uk.ua: calls $1.50
*** FLOP *** [Jd Kd 2c]
grig2307: checks 
Pon4uk.ua: checks 
kuhclemO: bets $2.35
grig2307: folds 
Pon4uk.ua: folds 
Uncalled bet ($2.35) returned to kuhclemO
kuhclemO collected $7.12 from pot
kuhclemO: doesn't show hand 
*** SUMMARY ***
Total pot $7.50 | Rake $0.38 
Board [Jd Kd 2c]
Seat 1: Pon4uk.ua (big blind) folded on the Flop
Seat 2: radu10101 folded before Flop (didn't bet)
Seat 3: kuhclemO collected ($7.12)
Seat 5: Palacios777 (button) folded before Flop (didn't bet)
Seat 6: grig2307 (small blind) folded on the Flop



PokerStars Hand #254245316201:  Hold'em No Limit ($0.50/$1.00 USD) - 2025/01/07 14:38:35 WET [2025/01/07 9:38:35 ET]
Table 'Porzia II' 6-max Seat #6 is the button
Seat 4: xcinaz ($100 in chips) is sitting out
Seat 1: Pon4uk.ua ($129.86 in chips) 
Seat 2: radu10101 ($51.34 in chips) 
Seat 3: kuhclemO ($102.61 in chips) 
Seat 5: Palacios777 ($107 in chips) 
Seat 6: grig2307 ($129.81 in chips) 
Pon4uk.ua: posts small blind $0.50
radu10101: posts big blind $1
xcinaz: sits out 
*** HOLE CARDS ***
kuhclemO: folds 
Palacios777: folds 
grig2307: folds 
Pon4uk.ua: raises $1.75 to $2.75
radu10101: folds 
Uncalled bet ($1.75) returned to Pon4uk.ua
Pon4uk.ua collected $2 from pot
Pon4uk.ua: doesn't show hand 
*** SUMMARY ***
Total pot $2 | Rake $0 
Seat 4: xcinaz
Seat 1: Pon4uk.ua (small blind) collected ($2)
Seat 2: radu10101 (big blind) folded before Flop
Seat 3: kuhclemO folded before Flop (didn't bet)
Seat 5: Palacios777 folded before Flop (didn't bet)
Seat 6: grig2307 (button) folded before Flop (didn't bet)



PokerStars Hand #254245317995:  Hold'em No Limit ($0.50/$1.00 USD) - 2025/01/07 14:38:45 WET [2025/01/07 9:38:45 ET]
Table 'Porzia II' 6-max Seat #1 is the button
Seat 4: xcinaz ($100 in chips) is sitting out
Seat 1: Pon4uk.ua ($130.86 in chips) 
Seat 2: radu10101 ($50.34 in chips) 
Seat 3: kuhclemO ($102.61 in chips) 
Seat 5: Palacios777 ($107 in chips) 
Seat 6: grig2307 ($129.81 in chips) 
radu10101: posts small blind $0.50
kuhclemO: posts big blind $1
xcinaz: sits out 
*** HOLE CARDS ***
Palacios777: folds 
grig2307: raises $1.40 to $2.40
Pon4uk.ua: folds 
radu10101: folds 
kuhclemO: raises $10.10 to $12.50
grig2307: folds 
Uncalled bet ($10.10) returned to kuhclemO
kuhclemO collected $5.30 from pot
kuhclemO: doesn't show hand 
*** SUMMARY ***
Total pot $5.30 | Rake $0 
Seat 4: xcinaz
Seat 1: Pon4uk.ua (button) folded before Flop (didn't bet)
Seat 2: radu10101 (small blind) folded before Flop
Seat 3: kuhclemO (big blind) collected ($5.30)
Seat 5: Palacios777 folded before Flop (didn't bet)
Seat 6: grig2307 folded before Flop



PokerStars Hand #254245322236:  Hold'em No Limit ($0.50/$1.00 USD) - 2025/01/07 14:39:07 WET [2025/01/07 9:39:07 ET]
Table 'Porzia II' 6-max Seat #2 is the button
Seat 1: Pon4uk.ua ($130.86 in chips) 
Seat 2: radu10101 ($49.84 in chips) 
Seat 3: kuhclemO ($105.51 in chips) 
Seat 4: xcinaz ($100 in chips) 
Seat 5: Palacios777 ($107 in chips) 
Seat 6: grig2307 ($127.41 in chips) 
kuhclemO: posts small blind $0.50
xcinaz: posts big blind $1
*** HOLE CARDS ***
Palacios777: raises $1.20 to $2.20
grig2307: folds 
Pon4uk.ua: folds 
radu10101: folds 
kuhclemO: folds 
xcinaz: folds 
Uncalled bet ($1.20) returned to Palacios777
Palacios777 collected $2.50 from pot
Palacios777: doesn't show hand 
*** SUMMARY ***
Total pot $2.50 | Rake $0 
Seat 1: Pon4uk.ua folded before Flop (didn't bet)
Seat 2: radu10101 (button) folded before Flop (didn't bet)
Seat 3: kuhclemO (small blind) folded before Flop
Seat 4: xcinaz (big blind) folded before Flop
Seat 5: Palacios777 collected ($2.50)
Seat 6: grig2307 folded before Flop (didn't bet)



PokerStars Hand #254245326394:  Hold'em No Limit ($0.50/$1.00 USD) - 2025/01/07 14:39:29 WET [2025/01/07 9:39:29 ET]
Table 'Porzia II' 6-max Seat #3 is the button
Seat 1: Pon4uk.ua ($130.86 in chips) 
Seat 2: radu10101 ($49.84 in chips) 
Seat 3: kuhclemO ($105.01 in chips) 
Seat 4: xcinaz ($100 in chips) 
Seat 5: Palacios777 ($108.50 in chips) 
Seat 6: grig2307 ($127.41 in chips) 
xcinaz: posts small blind $0.50
Palacios777: posts big blind $1
*** HOLE CARDS ***
grig2307: folds 
Pon4uk.ua: folds 
radu10101: calls $1
kuhclemO: folds 
xcinaz: folds 
Palacios777: checks 
*** FLOP *** [Js 6d Ad]
Palacios777: checks 
radu10101: checks 
*** TURN *** [Js 6d Ad] [3c]
Palacios777: checks 
radu10101: checks 
*** RIVER *** [Js 6d Ad 3c] [4s]
Palacios777: checks 
radu10101: checks 
*** SHOW DOWN ***
Palacios777: shows [Qh 3s] (a pair of Threes)
radu10101: mucks hand 
Palacios777 collected $2.38 from pot
*** SUMMARY ***
Total pot $2.50 | Rake $0.12 
Board [Js 6d Ad 3c 4s]
Seat 1: Pon4uk.ua folded before Flop (didn't bet)
Seat 2: radu10101 mucked
Seat 3: kuhclemO (button) folded before Flop (didn't bet)
Seat 4: xcinaz (small blind) folded before Flop
Seat 5: Palacios777 (big blind) showed [Qh 3s] and won ($2.38) with a pair of Threes
Seat 6: grig2307 folded before Flop (didn't bet)



PokerStars Hand #254245333444:  Hold'em No Limit ($0.50/$1.00 USD) - 2025/01/07 14:40:05 WET [2025/01/07 9:40:05 ET]
Table 'Porzia II' 6-max Seat #4 is the button
Seat 1: Pon4uk.ua ($130.86 in chips) 
Seat 2: radu10101 ($48.84 in chips) 
Seat 3: kuhclemO ($105.01 in chips) 
Seat 4: xcinaz ($100 in chips) 
Seat 5: Palacios777 ($109.88 in chips) 
Seat 6: grig2307 ($127.41 in chips) 
Palacios777: posts small blind $0.50
grig2307: posts big blind $1
*** HOLE CARDS ***
Pon4uk.ua: folds 
radu10101: calls $1
kuhclemO: folds 
xcinaz: folds 
Palacios777: folds 
grig2307: raises $1.40 to $2.40
radu10101: calls $1.40
*** FLOP *** [6d 4c 2s]
grig2307: bets $3.52
radu10101: folds 
Uncalled bet ($3.52) returned to grig2307
grig2307 collected $5.04 from pot
grig2307: doesn't show hand 
*** SUMMARY ***
Total pot $5.30 | Rake $0.26 
Board [6d 4c 2s]
Seat 1: Pon4uk.ua folded before Flop (didn't bet)
Seat 2: radu10101 folded on the Flop
Seat 3: kuhclemO folded before Flop (didn't bet)
Seat 4: xcinaz (button) folded before Flop (didn't bet)
Seat 5: Palacios777 (small blind) folded before Flop
Seat 6: grig2307 (big blind) collected ($5.04)



PokerStars Hand #254245338779:  Hold'em No Limit ($0.50/$1.00 USD) - 2025/01/07 14:40:34 WET [2025/01/07 9:40:34 ET]
Table 'Porzia II' 6-max Seat #5 is the button
Seat 1: Pon4uk.ua ($130.86 in chips) 
Seat 2: radu10101 ($46.44 in chips) 
Seat 3: kuhclemO ($105.01 in chips) 
Seat 4: xcinaz ($100 in chips) 
Seat 5: Palacios777 ($109.38 in chips) 
Seat 6: grig2307 ($130.05 in chips) 
grig2307: posts small blind $0.50
Pon4uk.ua: posts big blind $1
*** HOLE CARDS ***
radu10101: calls $1
kuhclemO: folds 
xcinaz: folds 
Palacios777: raises $3.50 to $4.50
grig2307: folds 
Pon4uk.ua: folds 
radu10101: folds 
Uncalled bet ($3.50) returned to Palacios777
Palacios777 collected $3.50 from pot
Palacios777: doesn't show hand 
*** SUMMARY ***
Total pot $3.50 | Rake $0 
Seat 1: Pon4uk.ua (big blind) folded before Flop
Seat 2: radu10101 folded before Flop
Seat 3: kuhclemO folded before Flop (didn't bet)
Seat 4: xcinaz folded before Flop (didn't bet)
Seat 5: Palacios777 (button) collected ($3.50)
Seat 6: grig2307 (small blind) folded before Flop



PokerStars Hand #254245342408:  Hold'em No Limit ($0.50/$1.00 USD) - 2025/01/07 14:40:52 WET [2025/01/07 9:40:52 ET]
Table 'Porzia II' 6-max Seat #6 is the button
Seat 1: Pon4uk.ua ($129.86 in chips) 
Seat 2: radu10101 ($45.44 in chips) 
Seat 3: kuhclemO ($105.01 in chips) 
Seat 4: xcinaz ($100 in chips) 
Seat 5: Palacios777 ($111.88 in chips) 
Seat 6: grig2307 ($129.55 in chips) 
Pon4uk.ua: posts small blind $0.50
radu10101: posts big blind $1
*** HOLE CARDS ***
kuhclemO: folds 
xcinaz: folds 
Palacios777: folds 
grig2307: raises $1.40 to $2.40
Pon4uk.ua: folds 
radu10101: raises $1.40 to $3.80
grig2307: calls $1.40
*** FLOP *** [8s 4s Jc]
radu10101: bets $4
grig2307: calls $4
*** TURN *** [8s 4s Jc] [Kd]
radu10101: bets $6
grig2307: folds 
Uncalled bet ($6) returned to radu10101
radu10101 collected $15.30 from pot
*** SUMMARY ***
Total pot $16.10 | Rake $0.80 
Board [8s 4s Jc Kd]
Seat 1: Pon4uk.ua (small blind) folded before Flop
Seat 2: radu10101 (big blind) collected ($15.30)
Seat 3: kuhclemO folded before Flop (didn't bet)
Seat 4: xcinaz folded before Flop (didn't bet)
Seat 5: Palacios777 folded before Flop (didn't bet)
Seat 6: grig2307 (button) folded on the Turn



PokerStars Hand #254245349146:  Hold'em No Limit ($0.50/$1.00 USD) - 2025/01/07 14:41:28 WET [2025/01/07 9:41:28 ET]
Table 'Porzia II' 6-max Seat #1 is the button
Seat 1: Pon4uk.ua ($129.36 in chips) 
Seat 2: radu10101 ($52.94 in chips) 
Seat 3: kuhclemO ($105.01 in chips) 
Seat 4: xcinaz ($100 in chips) 
Seat 5: Palacios777 ($111.88 in chips) 
Seat 6: grig2307 ($121.75 in chips) 
radu10101: posts small blind $0.50
kuhclemO: posts big blind $1
*** HOLE CARDS ***
xcinaz: folds 
Palacios777: folds 
grig2307: folds 
Pon4uk.ua: folds 
radu10101: calls $0.50
kuhclemO: checks 
*** FLOP *** [9s Ad 9d]
radu10101: checks 
kuhclemO: checks 
*** TURN *** [9s Ad 9d] [8s]
radu10101: bets $1
kuhclemO: folds 
Uncalled bet ($1) returned to radu10101
radu10101 collected $1.90 from pot
*** SUMMARY ***
Total pot $2 | Rake $0.10 
Board [9s Ad 9d 8s]
Seat 1: Pon4uk.ua (button) folded before Flop (didn't bet)
Seat 2: radu10101 (small blind) collected ($1.90)
Seat 3: kuhclemO (big blind) folded on the Turn
Seat 4: xcinaz folded before Flop (didn't bet)
Seat 5: Palacios777 folded before Flop (didn't bet)
Seat 6: grig2307 folded before Flop (didn't bet)



PokerStars Hand #254245357272:  Hold'em No Limit ($0.50/$1.00 USD) - 2025/01/07 14:42:11 WET [2025/01/07 9:42:11 ET]
Table 'Porzia II' 6-max Seat #2 is the button
Seat 1: Pon4uk.ua ($129.36 in chips) 
Seat 2: radu10101 ($53.84 in chips) 
Seat 3: kuhclemO ($104.01 in chips) 
Seat 4: xcinaz ($100 in chips) 
Seat 5: Palacios777 ($111.88 in chips) 
Seat 6: grig2307 ($121.75 in chips) 
kuhclemO: posts small blind $0.50
xcinaz: posts big blind $1
*** HOLE CARDS ***
Palacios777: raises $1.20 to $2.20
grig2307: folds 
Pon4uk.ua: folds 
radu10101: calls $2.20
kuhclemO: folds 
xcinaz: folds 
*** FLOP *** [Kc 4s 2c]
Palacios777: bets $1.85
radu10101: calls $1.85
*** TURN *** [Kc 4s 2c] [Qh]
Palacios777: bets $5.02
radu10101: folds 
Uncalled bet ($5.02) returned to Palacios777
Palacios777 collected $9.12 from pot
Palacios777: doesn't show hand 
*** SUMMARY ***
Total pot $9.60 | Rake $0.48 
Board [Kc 4s 2c Qh]
Seat 1: Pon4uk.ua folded before Flop (didn't bet)
Seat 2: radu10101 (button) folded on the Turn
Seat 3: kuhclemO (small blind) folded before Flop
Seat 4: xcinaz (big blind) folded before Flop
Seat 5: Palacios777 collected ($9.12)
Seat 6: grig2307 folded before Flop (didn't bet)



PokerStars Hand #254245365391:  Hold'em No Limit ($0.50/$1.00 USD) - 2025/01/07 14:42:55 WET [2025/01/07 9:42:55 ET]
Table 'Porzia II' 6-max Seat #3 is the button
Seat 1: Pon4uk.ua ($129.36 in chips) 
Seat 2: radu10101 ($49.79 in chips) 
Seat 3: kuhclemO ($103.51 in chips) 
Seat 4: xcinaz ($100 in chips) 
Seat 5: Palacios777 ($116.95 in chips) 
Seat 6: grig2307 ($121.75 in chips) 
xcinaz: posts small blind $0.50
Palacios777: posts big blind $1
*** HOLE CARDS ***
grig2307: folds 
Pon4uk.ua: folds 
radu10101: folds 
kuhclemO: raises $1.50 to $2.50
xcinaz: folds 
Palacios777: folds 
Uncalled bet ($1.50) returned to kuhclemO
kuhclemO collected $2.50 from pot
kuhclemO: doesn't show hand 
*** SUMMARY ***
Total pot $2.50 | Rake $0 
Seat 1: Pon4uk.ua folded before Flop (didn't bet)
Seat 2: radu10101 folded before Flop (didn't bet)
Seat 3: kuhclemO (button) collected ($2.50)
Seat 4: xcinaz (small blind) folded before Flop
Seat 5: Palacios777 (big blind) folded before Flop
Seat 6: grig2307 folded before Flop (didn't bet)



PokerStars Hand #254245021136:  Hold'em No Limit ($0.50/$1.00 USD) - 2025/01/07 14:11:39 WET [2025/01/07 9:11:39 ET]
Table 'Porzia II' 6-max Seat #6 is the button
Seat 4: KarP93 ($100 in chips) 
Seat 6: Felete1981 ($10 in chips) 
Felete1981: posts small blind $0.50
KarP93: posts big blind $1
*** HOLE CARDS ***
Felete1981: folds 
Uncalled bet ($0.50) returned to KarP93
KarP93 collected $1 from pot
KarP93: doesn't show hand 
*** SUMMARY ***
Total pot $1 | Rake $0 
Seat 4: KarP93 (big blind) collected ($1)
Seat 6: Felete1981 (button) (small blind) folded before Flop



PokerStars Hand #254245023347:  Hold'em No Limit ($0.50/$1.00 USD) - 2025/01/07 14:11:51 WET [2025/01/07 9:11:51 ET]
Table 'Porzia II' 6-max Seat #4 is the button
Seat 4: KarP93 ($100.50 in chips) 
Seat 6: Felete1981 ($9.50 in chips) 
KarP93: posts small blind $0.50
Felete1981: posts big blind $1
*** HOLE CARDS ***
KarP93: raises $1.50 to $2.50
Felete1981: raises $7 to $9.50 and is all-in
KarP93: calls $7
*** FLOP *** [2c 6d As]
*** TURN *** [2c 6d As] [7h]
*** RIVER *** [2c 6d As 7h] [4h]
*** SHOW DOWN ***
Felete1981: shows [7d Ah] (two pair, Aces and Sevens)
KarP93: shows [9d Qh] (high card Ace)
Felete1981 cashed out the hand for $10.20 | Cash Out Fee $0.21
*** SUMMARY ***
Total pot $19 | Rake $0.95 
Board [2c 6d As 7h 4h]
Seat 4: KarP93 (button) (small blind) showed [9d Qh] and lost with high card Ace
Seat 6: Felete1981 (big blind) showed [7d Ah] and won ($18.05) with two pair, Aces and Sevens (pot not awarded as player cashed out)



PokerStars Hand #254245094666:  Hold'em No Limit ($0.50/$1.00 USD) - 2025/01/07 14:18:27 WET [2025/01/07 9:18:27 ET]
Table 'Porzia II' 6-max Seat #5 is the button
Seat 2: radu10101 ($14.84 in chips) 
Seat 3: kuhclemO ($20 in chips) 
Seat 4: gudrozd ($100 in chips) 
Seat 5: Palacios777 ($100 in chips) 
radu10101: posts small blind $0.50
kuhclemO: posts big blind $1
*** HOLE CARDS ***
gudrozd: folds 
Palacios777: folds 
radu10101: raises $2 to $3
kuhclemO: folds 
Uncalled bet ($2) returned to radu10101
radu10101 collected $2 from pot
*** SUMMARY ***
Total pot $2 | Rake $0 
Seat 2: radu10101 (small blind) collected ($2)
Seat 3: kuhclemO (big blind) folded before Flop
Seat 4: gudrozd folded before Flop (didn't bet)
Seat 5: Palacios777 (button) folded before Flop (didn't bet)



PokerStars Hand #254245098231:  Hold'em No Limit ($0.50/$1.00 USD) - 2025/01/07 14:18:47 WET [2025/01/07 9:18:47 ET]
Table 'Porzia II' 6-max Seat #2 is the button
Seat 2: radu10101 ($15.84 in chips) 
Seat 3: kuhclemO ($20 in chips) 
Seat 4: gudrozd ($100 in chips) 
Seat 5: Palacios777 ($100 in chips) 
kuhclemO: posts small blind $0.50
gudrozd: posts big blind $1
*** HOLE CARDS ***
Palacios777: folds 
radu10101: calls $1
kuhclemO: folds 
gudrozd: checks 
*** FLOP *** [2h Jh Ts]
gudrozd: checks 
radu10101: bets $1
gudrozd: folds 
Uncalled bet ($1) returned to radu10101
grig2307 joins the table at seat #6 
grig2307 is disconnected 
radu10101 collected $2.38 from pot
*** SUMMARY ***
Total pot $2.50 | Rake $0.12 
Board [2h Jh Ts]
Seat 2: radu10101 (button) collected ($2.38)
Seat 3: kuhclemO (small blind) folded before Flop
Seat 4: gudrozd (big blind) folded on the Flop
Seat 5: Palacios777 folded before Flop (didn't bet)



PokerStars Hand #254245103183:  Hold'em No Limit ($0.50/$1.00 USD) - 2025/01/07 14:19:14 WET [2025/01/07 9:19:14 ET]
Table 'Porzia II' 6-max Seat #3 is the button
Seat 6: grig2307 ($100 in chips) is sitting out
Seat 2: radu10101 ($17.22 in chips) 
Seat 3: kuhclemO ($20 in chips) 
Seat 4: gudrozd ($100 in chips) 
Seat 5: Palacios777 ($100 in chips) 
gudrozd: posts small blind $0.50
Palacios777: posts big blind $1
grig2307: sits out 
*** HOLE CARDS ***
radu10101: calls $1
kuhclemO: folds 
gudrozd: folds 
Pon4uk.ua joins the table at seat #1 
Palacios777: raises $1.50 to $2.50
radu10101: calls $1.50
*** FLOP *** [7h 2c 8d]
Palacios777: bets $1.72
radu10101: calls $1.72
*** TURN *** [7h 2c 8d] [4s]
Palacios777: checks 
radu10101: bets $3
Palacios777: calls $3
*** RIVER *** [7h 2c 8d 4s] [Th]
Palacios777: checks 
radu10101: bets $4
Palacios777: calls $4
*** SHOW DOWN ***
radu10101: shows [9h Kh] (high card King)
Palacios777: shows [8s Kc] (a pair of Eights)
Palacios777 collected $21.94 from pot
*** SUMMARY ***
Total pot $22.94 | Rake $1 
Board [7h 2c 8d 4s Th]
Seat 6: grig2307
Seat 2: radu10101 showed [9h Kh] and lost with high card King
Seat 3: kuhclemO (button) folded before Flop (didn't bet)
Seat 4: gudrozd (small blind) folded before Flop
Seat 5: Palacios777 (big blind) showed [8s Kc] and won ($21.94) with a pair of Eights



PokerStars Hand #254245112166:  Hold'em No Limit ($0.50/$1.00 USD) - 2025/01/07 14:20:04 WET [2025/01/07 9:20:04 ET]
Table 'Porzia II' 6-max Seat #4 is the button
Seat 1: Pon4uk.ua ($100 in chips) is sitting out
Seat 2: radu10101 ($6 in chips) 
Seat 3: kuhclemO ($100 in chips) 
Seat 4: gudrozd ($100 in chips) 
Seat 5: Palacios777 ($110.72 in chips) 
Seat 6: grig2307 ($100 in chips) 
Palacios777: posts small blind $0.50
grig2307: posts big blind $1
Pon4uk.ua: sits out 
*** HOLE CARDS ***
radu10101: folds 
kuhclemO: folds 
gudrozd: raises $1.50 to $2.50
Palacios777: folds 
grig2307: folds 
Uncalled bet ($1.50) returned to gudrozd
gudrozd collected $2.50 from pot
gudrozd: doesn't show hand 
*** SUMMARY ***
Total pot $2.50 | Rake $0 
Seat 1: Pon4uk.ua
Seat 2: radu10101 folded before Flop (didn't bet)
Seat 3: kuhclemO folded before Flop (didn't bet)
Seat 4: gudrozd (button) collected ($2.50)
Seat 5: Palacios777 (small blind) folded before Flop
Seat 6: grig2307 (big blind) folded before Flop



PokerStars Hand #254245115327:  Hold'em No Limit ($0.50/$1.00 USD) - 2025/01/07 14:20:22 WET [2025/01/07 9:20:22 ET]
Table 'Porzia II' 6-max Seat #5 is the button
Seat 1: Pon4uk.ua ($100 in chips) 
Seat 2: radu10101 ($6 in chips) 
Seat 3: kuhclemO ($100 in chips) 
Seat 4: gudrozd ($101.50 in chips) 
Seat 5: Palacios777 ($110.22 in chips) 
Seat 6: grig2307 ($100 in chips) 
grig2307: posts small blind $0.50
Pon4uk.ua: posts big blind $1
*** HOLE CARDS ***
radu10101: calls $1
kuhclemO: folds 
gudrozd: folds 
Palacios777: folds 
grig2307: raises $1.40 to $2.40
Pon4uk.ua: folds 
radu10101: calls $1.40
*** FLOP *** [6d 8s Kh]
grig2307: bets $5.51
radu10101: folds 
Uncalled bet ($5.51) returned to grig2307
grig2307 collected $5.51 from pot
grig2307: doesn't show hand 
*** SUMMARY ***
Total pot $5.80 | Rake $0.29 
Board [6d 8s Kh]
Seat 1: Pon4uk.ua (big blind) folded before Flop
Seat 2: radu10101 folded on the Flop
Seat 3: kuhclemO folded before Flop (didn't bet)
Seat 4: gudrozd folded before Flop (didn't bet)
Seat 5: Palacios777 (button) folded before Flop (didn't bet)
Seat 6: grig2307 (small blind) collected ($5.51)



PokerStars Hand #254245124907:  Hold'em No Limit ($0.50/$1.00 USD) - 2025/01/07 14:21:15 WET [2025/01/07 9:21:15 ET]
Table 'Porzia II' 6-max Seat #6 is the button
Seat 1: Pon4uk.ua ($100 in chips) 
Seat 2: radu10101 ($3.60 in chips) 
Seat 3: kuhclemO ($100 in chips) 
Seat 4: gudrozd ($101.50 in chips) 
Seat 5: Palacios777 ($110.22 in chips) 
Seat 6: grig2307 ($103.11 in chips) 
Pon4uk.ua: posts small blind $0.50
radu10101: posts big blind $1
*** HOLE CARDS ***
kuhclemO: folds 
gudrozd: folds 
Palacios777: raises $1.50 to $2.50
grig2307: calls $2.50
Pon4uk.ua: folds 
radu10101: raises $1.10 to $3.60 and is all-in
Palacios777: calls $1.10
grig2307: calls $1.10
*** FLOP *** [7s Qc 9h]
Palacios777: checks 
grig2307: checks 
*** TURN *** [7s Qc 9h] [5s]
Palacios777: checks 
grig2307: checks 
*** RIVER *** [7s Qc 9h 5s] [2h]
Palacios777: checks 
grig2307: checks 
*** SHOW DOWN ***
radu10101: shows [Th 4h] (high card Queen)
Palacios777: shows [8s 8c] (a pair of Eights)
grig2307: mucks hand 
Palacios777 collected $10.74 from pot
*** SUMMARY ***
Total pot $11.30 | Rake $0.56 
Board [7s Qc 9h 5s 2h]
Seat 1: Pon4uk.ua (small blind) folded before Flop
Seat 2: radu10101 (big blind) showed [Th 4h] and lost with high card Queen
Seat 3: kuhclemO folded before Flop (didn't bet)
Seat 4: gudrozd folded before Flop (didn't bet)
Seat 5: Palacios777 showed [8s 8c] and won ($10.74) with a pair of Eights
Seat 6: grig2307 (button) mucked



PokerStars Hand #254245132288:  Hold'em No Limit ($0.50/$1.00 USD) - 2025/01/07 14:21:57 WET [2025/01/07 9:21:57 ET]
Table 'Porzia II' 6-max Seat #1 is the button
Seat 2: radu10101 ($0 in chips) is sitting out
Seat 1: Pon4uk.ua ($100 in chips) 
Seat 3: kuhclemO ($100 in chips) 
Seat 4: gudrozd ($101.50 in chips) 
Seat 5: Palacios777 ($117.36 in chips) 
Seat 6: grig2307 ($100 in chips) 
kuhclemO: posts small blind $0.50
gudrozd: posts big blind $1
*** HOLE CARDS ***
Palacios777: raises $1.20 to $2.20
grig2307: calls $2.20
Pon4uk.ua: folds 
kuhclemO: raises $10.30 to $12.50
gudrozd: folds 
Palacios777: folds 
grig2307: calls $10.30
*** FLOP *** [3h Qc 2h]
kuhclemO: bets $8.84
grig2307: folds 
Uncalled bet ($8.84) returned to kuhclemO
kuhclemO collected $26.79 from pot
kuhclemO: doesn't show hand 
*** SUMMARY ***
Total pot $28.20 | Rake $1.41 
Board [3h Qc 2h]
Seat 2: radu10101
Seat 1: Pon4uk.ua (button) folded before Flop (didn't bet)
Seat 3: kuhclemO (small blind) collected ($26.79)
Seat 4: gudrozd (big blind) folded before Flop
Seat 5: Palacios777 folded before Flop
Seat 6: grig2307 folded on the Flop



PokerStars Hand #254245141606:  Hold'em No Limit ($0.50/$1.00 USD) - 2025/01/07 14:22:48 WET [2025/01/07 9:22:48 ET]
Table 'Porzia II' 6-max Seat #3 is the button
Seat 1: Pon4uk.ua ($100 in chips) 
Seat 2: radu10101 ($29.71 in chips) 
Seat 3: kuhclemO ($114.29 in chips) 
Seat 4: gudrozd ($100.50 in chips) 
Seat 5: Palacios777 ($115.16 in chips) 
Seat 6: grig2307 ($100 in chips) 
gudrozd: posts small blind $0.50
Palacios777: posts big blind $1
radu10101: posts small blind $0.50
*** HOLE CARDS ***
grig2307: folds 
Pon4uk.ua: folds 
radu10101: calls $1
kuhclemO: folds 
gudrozd: folds 
Palacios777: raises $3 to $4
radu10101: folds 
Uncalled bet ($3) returned to Palacios777
Palacios777 collected $3 from pot
Palacios777: doesn't show hand 
*** SUMMARY ***
Total pot $3 | Rake $0 
Seat 1: Pon4uk.ua folded before Flop (didn't bet)
Seat 2: radu10101 folded before Flop
Seat 3: kuhclemO (button) folded before Flop (didn't bet)
Seat 4: gudrozd (small blind) folded before Flop
Seat 5: Palacios777 (big blind) collected ($3)
Seat 6: grig2307 folded before Flop (didn't bet)



PokerStars Hand #254245373489:  Hold'em No Limit ($0.50/$1.00 USD) - 2025/01/07 14:43:37 WET [2025/01/07 9:43:37 ET]
Table 'Porzia II' 6-max Seat #4 is the button
Seat 1: Pon4uk.ua ($129.36 in chips) 
Seat 2: radu10101 ($49.79 in chips) 
Seat 3: kuhclemO ($105.01 in chips) 
Seat 4: xcinaz ($100 in chips) 
Seat 5: Palacios777 ($115.95 in chips) 
Seat 6: grig2307 ($121.75 in chips) 
Palacios777: posts small blind $0.50
grig2307: posts big blind $1
*** HOLE CARDS ***
Pon4uk.ua: folds 
radu10101: folds 
kuhclemO: raises $1.50 to $2.50
xcinaz: raises $6 to $8.50
Palacios777: folds 
grig2307: folds 
kuhclemO: raises $13 to $21.50
xcinaz: raises $78.50 to $100 and is all-in
kuhclemO: folds 
Uncalled bet ($78.50) returned to xcinaz
xcinaz collected $44.50 from pot
xcinaz: doesn't show hand 
*** SUMMARY ***
Total pot $44.50 | Rake $0 
Seat 1: Pon4uk.ua folded before Flop (didn't bet)
Seat 2: radu10101 folded before Flop (didn't bet)
Seat 3: kuhclemO folded before Flop
Seat 4: xcinaz (button) collected ($44.50)
Seat 5: Palacios777 (small blind) folded before Flop
Seat 6: grig2307 (big blind) folded before Flop



PokerStars Hand #254245385117:  Hold'em No Limit ($0.50/$1.00 USD) - 2025/01/07 14:44:39 WET [2025/01/07 9:44:39 ET]
Table 'Porzia II' 6-max Seat #5 is the button
Seat 1: Pon4uk.ua ($129.36 in chips) 
Seat 2: radu10101 ($49.79 in chips) 
Seat 3: kuhclemO ($83.51 in chips) 
Seat 4: xcinaz ($123 in chips) 
Seat 5: Palacios777 ($115.45 in chips) 
Seat 6: grig2307 ($120.75 in chips) 
grig2307: posts small blind $0.50
Pon4uk.ua: posts big blind $1
*** HOLE CARDS ***
radu10101: folds 
kuhclemO: raises $1.50 to $2.50
xcinaz: folds 
Palacios777: folds 
grig2307: folds 
Pon4uk.ua: folds 
Uncalled bet ($1.50) returned to kuhclemO
kuhclemO collected $2.50 from pot
kuhclemO: doesn't show hand 
*** SUMMARY ***
Total pot $2.50 | Rake $0 
Seat 1: Pon4uk.ua (big blind) folded before Flop
Seat 2: radu10101 folded before Flop (didn't bet)
Seat 3: kuhclemO collected ($2.50)
Seat 4: xcinaz folded before Flop (didn't bet)
Seat 5: Palacios777 (button) folded before Flop (didn't bet)
Seat 6: grig2307 (small blind) folded before Flop



PokerStars Hand #254245389582:  Hold'em No Limit ($0.50/$1.00 USD) - 2025/01/07 14:45:03 WET [2025/01/07 9:45:03 ET]
Table 'Porzia II' 6-max Seat #6 is the button
Seat 1: Pon4uk.ua ($128.36 in chips) 
Seat 2: radu10101 ($49.79 in chips) 
Seat 3: kuhclemO ($85.01 in chips) 
Seat 4: xcinaz ($123 in chips) 
Seat 5: Palacios777 ($115.45 in chips) 
Seat 6: grig2307 ($120.25 in chips) 
Pon4uk.ua: posts small blind $0.50
radu10101: posts big blind $1
*** HOLE CARDS ***
kuhclemO: folds 
xcinaz: folds 
Palacios777: raises $1.50 to $2.50
grig2307: folds 
Pon4uk.ua: raises $8.50 to $11
radu10101: folds 
Palacios777: calls $8.50
*** FLOP *** [Tc Jc Td]
Pon4uk.ua: bets $7.21
Palacios777: folds 
Uncalled bet ($7.21) returned to Pon4uk.ua
Pon4uk.ua collected $21.85 from pot
Pon4uk.ua: doesn't show hand 
*** SUMMARY ***
Total pot $23 | Rake $1.15 
Board [Tc Jc Td]
Seat 1: Pon4uk.ua (small blind) collected ($21.85)
Seat 2: radu10101 (big blind) folded before Flop
Seat 3: kuhclemO folded before Flop (didn't bet)
Seat 4: xcinaz folded before Flop (didn't bet)
Seat 5: Palacios777 folded on the Flop
Seat 6: grig2307 (button) folded before Flop (didn't bet)



PokerStars Hand #254245399168:  Hold'em No Limit ($0.50/$1.00 USD) - 2025/01/07 14:45:53 WET [2025/01/07 9:45:53 ET]
Table 'Porzia II' 6-max Seat #1 is the button
Seat 1: Pon4uk.ua ($139.21 in chips) 
Seat 2: radu10101 ($48.79 in chips) 
Seat 3: kuhclemO ($85.01 in chips) 
Seat 4: xcinaz ($123 in chips) 
Seat 5: Palacios777 ($104.45 in chips) 
Seat 6: grig2307 ($120.25 in chips) 
radu10101: posts small blind $0.50
kuhclemO: posts big blind $1
*** HOLE CARDS ***
xcinaz: folds 
Palacios777: folds 
grig2307: raises $1.40 to $2.40
Pon4uk.ua: folds 
radu10101: folds 
kuhclemO: folds 
Uncalled bet ($1.40) returned to grig2307
grig2307 collected $2.50 from pot
grig2307: doesn't show hand 
*** SUMMARY ***
Total pot $2.50 | Rake $0 
Seat 1: Pon4uk.ua (button) folded before Flop (didn't bet)
Seat 2: radu10101 (small blind) folded before Flop
Seat 3: kuhclemO (big blind) folded before Flop
Seat 4: xcinaz folded before Flop (didn't bet)
Seat 5: Palacios777 folded before Flop (didn't bet)
Seat 6: grig2307 collected ($2.50)



PokerStars Hand #254245401635:  Hold'em No Limit ($0.50/$1.00 USD) - 2025/01/07 14:46:06 WET [2025/01/07 9:46:06 ET]
Table 'Porzia II' 6-max Seat #2 is the button
Seat 1: Pon4uk.ua ($139.21 in chips) 
Seat 2: radu10101 ($48.29 in chips) 
Seat 3: kuhclemO ($100 in chips) 
Seat 4: xcinaz ($123 in chips) 
Seat 5: Palacios777 ($104.45 in chips) 
Seat 6: grig2307 ($121.75 in chips) 
kuhclemO: posts small blind $0.50
xcinaz: posts big blind $1
*** HOLE CARDS ***
Palacios777: folds 
grig2307: raises $1.40 to $2.40
Pon4uk.ua: raises $5.10 to $7.50
radu10101: calls $7.50
kuhclemO: folds 
xcinaz: raises $115.50 to $123 and is all-in
grig2307: calls $119.35 and is all-in
Pon4uk.ua: folds 
radu10101: folds 
Uncalled bet ($1.25) returned to xcinaz
*** FLOP *** [4s 2h 4h]
*** TURN *** [4s 2h 4h] [7h]
*** RIVER *** [4s 2h 4h 7h] [7c]
*** SHOW DOWN ***
xcinaz: shows [Ks Ad] (two pair, Sevens and Fours)
grig2307: shows [Ac Kc] (two pair, Sevens and Fours)
xcinaz collected $128.25 from pot
grig2307 collected $128.25 from pot
*** SUMMARY ***
Total pot $259 | Rake $2.50 
Board [4s 2h 4h 7h 7c]
Seat 1: Pon4uk.ua folded before Flop
Seat 2: radu10101 (button) folded before Flop
Seat 3: kuhclemO (small blind) folded before Flop
Seat 4: xcinaz (big blind) showed [Ks Ad] and won ($128.25) with two pair, Sevens and Fours
Seat 5: Palacios777 folded before Flop (didn't bet)
Seat 6: grig2307 showed [Ac Kc] and won ($128.25) with two pair, Sevens and Fours



PokerStars Hand #254245411339:  Hold'em No Limit ($0.50/$1.00 USD) - 2025/01/07 14:46:57 WET [2025/01/07 9:46:57 ET]
Table 'Porzia II' 6-max Seat #3 is the button
Seat 1: Pon4uk.ua ($131.71 in chips) 
Seat 2: radu10101 ($40.79 in chips) 
Seat 3: kuhclemO ($99.50 in chips) 
Seat 4: xcinaz ($129.50 in chips) 
Seat 5: Palacios777 ($104.45 in chips) 
Seat 6: grig2307 ($128.25 in chips) 
xcinaz: posts small blind $0.50
Palacios777: posts big blind $1
*** HOLE CARDS ***
grig2307: raises $1.40 to $2.40
Pon4uk.ua: folds 
radu10101: calls $2.40
kuhclemO: folds 
xcinaz: folds 
Palacios777: raises $13.10 to $15.50
grig2307: folds 
radu10101: folds 
Uncalled bet ($13.10) returned to Palacios777
Palacios777 collected $7.70 from pot
Palacios777: doesn't show hand 
*** SUMMARY ***
Total pot $7.70 | Rake $0 
Seat 1: Pon4uk.ua folded before Flop (didn't bet)
Seat 2: radu10101 folded before Flop
Seat 3: kuhclemO (button) folded before Flop (didn't bet)
Seat 4: xcinaz (small blind) folded before Flop
Seat 5: Palacios777 (big blind) collected ($7.70)
Seat 6: grig2307 folded before Flop



PokerStars Hand #254245419709:  Hold'em No Limit ($0.50/$1.00 USD) - 2025/01/07 14:47:40 WET [2025/01/07 9:47:40 ET]
Table 'Porzia II' 6-max Seat #4 is the button
Seat 1: Pon4uk.ua ($131.71 in chips) 
Seat 2: radu10101 ($38.39 in chips) 
Seat 3: kuhclemO ($99.50 in chips) 
Seat 4: xcinaz ($129 in chips) 
Seat 5: Palacios777 ($109.75 in chips) 
Seat 6: grig2307 ($125.85 in chips) 
Palacios777: posts small blind $0.50
grig2307: posts big blind $1
*** HOLE CARDS ***
Pon4uk.ua: folds 
radu10101: folds 
radu10101 leaves the table
kuhclemO: raises $1.50 to $2.50
xcinaz: folds 
Palacios777: folds 
BGS013 joins the table at seat #2 
grig2307: calls $1.50
*** FLOP *** [2d 4d Th]
grig2307: checks 
kuhclemO: bets $2.50
grig2307: folds 
Uncalled bet ($2.50) returned to kuhclemO
kuhclemO collected $5.22 from pot
kuhclemO: doesn't show hand 
*** SUMMARY ***
Total pot $5.50 | Rake $0.28 
Board [2d 4d Th]
Seat 1: Pon4uk.ua folded before Flop (didn't bet)
Seat 2: radu10101 folded before Flop (didn't bet)
Seat 3: kuhclemO collected ($5.22)
Seat 4: xcinaz (button) folded before Flop (didn't bet)
Seat 5: Palacios777 (small blind) folded before Flop
Seat 6: grig2307 (big blind) folded on the Flop



PokerStars Hand #254245425979:  Hold'em No Limit ($0.50/$1.00 USD) - 2025/01/07 14:48:13 WET [2025/01/07 9:48:13 ET]
Table 'Porzia II' 6-max Seat #5 is the button
Seat 2: BGS013 ($100 in chips) is sitting out
Seat 1: Pon4uk.ua ($131.71 in chips) 
Seat 3: kuhclemO ($102.22 in chips) 
Seat 4: xcinaz ($129 in chips) 
Seat 5: Palacios777 ($109.25 in chips) 
Seat 6: grig2307 ($123.35 in chips) 
grig2307: posts small blind $0.50
Pon4uk.ua: posts big blind $1
BGS013: sits out 
*** HOLE CARDS ***
kuhclemO: folds 
xcinaz: folds 
Palacios777: raises $1.50 to $2.50
grig2307: calls $2
Pon4uk.ua: raises $10 to $12.50
Palacios777: folds 
grig2307: calls $10
*** FLOP *** [4s 4d Ah]
grig2307: checks 
Pon4uk.ua: checks 
*** TURN *** [4s 4d Ah] [Kh]
grig2307: bets $14.06
Pon4uk.ua: calls $14.06
*** RIVER *** [4s 4d Ah Kh] [Kc]
grig2307: bets $29.56
Pon4uk.ua: raises $75.59 to $105.15 and is all-in
grig2307: folds 
Uncalled bet ($75.59) returned to Pon4uk.ua
Pon4uk.ua collected $112.24 from pot
Pon4uk.ua: doesn't show hand 
grig2307 leaves the table
*** SUMMARY ***
Total pot $114.74 | Rake $2.50 
Board [4s 4d Ah Kh Kc]
Seat 2: BGS013
Seat 1: Pon4uk.ua (big blind) collected ($112.24)
Seat 3: kuhclemO folded before Flop (didn't bet)
Seat 4: xcinaz folded before Flop (didn't bet)
Seat 5: Palacios777 (button) folded before Flop
Seat 6: grig2307 (small blind) folded on the River



PokerStars Hand #254245443104:  Hold'em No Limit ($0.50/$1.00 USD) - 2025/01/07 14:49:41 WET [2025/01/07 9:49:41 ET]
Table 'Porzia II' 6-max Seat #1 is the button
Seat 2: BGS013 ($100 in chips) is sitting out
Seat 1: Pon4uk.ua ($187.83 in chips) 
Seat 3: kuhclemO ($102.22 in chips) 
Seat 4: xcinaz ($129 in chips) 
Seat 5: Palacios777 ($106.75 in chips) 
kuhclemO: posts small blind $0.50
xcinaz: posts big blind $1
*** HOLE CARDS ***
Palacios777: raises $1.20 to $2.20
Pon4uk.ua: folds 
BGS013 leaves the table
kuhclemO: folds 
xcinaz: calls $1.20
*** FLOP *** [Kh Kc Ac]
xcinaz: checks 
Burlica2013 joins the table at seat #2 
Palacios777: bets $6
xcinaz: calls $6
*** TURN *** [Kh Kc Ac] [2d]
xcinaz: checks 
Palacios777: bets $15.50
Pon4uk.ua leaves the table
xcinaz: calls $15.50
*** RIVER *** [Kh Kc Ac 2d] [Qc]
xcinaz: checks 
Palacios777: bets $44
xcinaz: folds 
Uncalled bet ($44) returned to Palacios777
Palacios777 collected $46.90 from pot
Palacios777: doesn't show hand 
*** SUMMARY ***
Total pot $47.90 | Rake $1 
Board [Kh Kc Ac 2d Qc]
Seat 2: BGS013
Seat 1: Pon4uk.ua (button) folded before Flop (didn't bet)
Seat 3: kuhclemO (small blind) folded before Flop
Seat 4: xcinaz (big blind) folded on the River
Seat 5: Palacios777 collected ($46.90)



PokerStars Hand #254245468616:  Hold'em No Limit ($0.50/$1.00 USD) - 2025/01/07 14:51:53 WET [2025/01/07 9:51:53 ET]
Table 'Porzia II' 6-max Seat #3 is the button
Seat 5: Palacios777 ($129.95 in chips) is sitting out
Seat 2: Burlica2013 ($100 in chips) 
Seat 3: kuhclemO ($101.72 in chips) 
Seat 4: xcinaz ($105.30 in chips) 
xcinaz: posts small blind $0.50
Palacios777: is sitting out 
Burlica2013: posts big blind $1
*** HOLE CARDS ***
kuhclemO: folds 
xcinaz: raises $2 to $3
kuhclemO leaves the table
Burlica2013: calls $2
*** FLOP *** [5h 7h 3s]
xcinaz: bets $4.85
Palacios777 leaves the table
Burlica2013: calls $4.85
*** TURN *** [5h 7h 3s] [Ac]
xcinaz: bets $12.68
Burlica2013: folds 
Uncalled bet ($12.68) returned to xcinaz
xcinaz collected $14.92 from pot
xcinaz: doesn't show hand 
*** SUMMARY ***
Total pot $15.70 | Rake $0.78 
Board [5h 7h 3s Ac]
Seat 5: Palacios777
Seat 2: Burlica2013 (big blind) folded on the Turn
Seat 3: kuhclemO (button) folded before Flop (didn't bet)
Seat 4: xcinaz (small blind) collected ($14.92)



