PokerStars Hand #254252322941:  Hold'em No Limit ($0.50/$1.00 USD) - 2025/01/07 21:49:04 WET [2025/01/07 16:49:04 ET]
Table 'Phobos III' 6-max Seat #3 is the button
Seat 1: XneferX ($100 in chips) 
Seat 3: Supermegopro ($100 in chips) 
Seat 5: 1.0OO.0OO$ ($100 in chips) 
1.0OO.0OO$: posts small blind $0.50
XneferX: posts big blind $1
*** HOLE CARDS ***
Supermegopro: raises $1.50 to $2.50
1.0OO.0OO$: folds 
XneferX: folds 
Uncalled bet ($1.50) returned to Supermegopro
Supermegopro collected $2.50 from pot
Supermegopro: doesn't show hand 
*** SUMMARY ***
Total pot $2.50 | Rake $0 
Seat 1: XneferX (big blind) folded before Flop
Seat 3: Supermegopro (button) collected ($2.50)
Seat 5: 1.0OO.0OO$ (small blind) folded before Flop



PokerStars Hand #254252326624:  Hold'em No Limit ($0.50/$1.00 USD) - 2025/01/07 21:49:15 WET [2025/01/07 16:49:15 ET]
Table 'Phobos III' 6-max Seat #5 is the button
Seat 1: XneferX ($100 in chips) 
Seat 3: Supermegopro ($101.50 in chips) 
Seat 5: 1.0OO.0OO$ ($100 in chips) 
XneferX: posts small blind $0.50
Supermegopro: posts big blind $1
*** HOLE CARDS ***
1.0OO.0OO$: folds 
XneferX: folds 
Uncalled bet ($0.50) returned to Supermegopro
Supermegopro collected $1 from pot
Supermegopro: doesn't show hand 
*** SUMMARY ***
Total pot $1 | Rake $0 
Seat 1: XneferX (small blind) folded before Flop
Seat 3: Supermegopro (big blind) collected ($1)
Seat 5: 1.0OO.0OO$ (button) folded before Flop (didn't bet)



PokerStars Hand #254252331443:  Hold'em No Limit ($0.50/$1.00 USD) - 2025/01/07 21:49:29 WET [2025/01/07 16:49:29 ET]
Table 'Phobos III' 6-max Seat #1 is the button
Seat 1: XneferX ($100 in chips) 
Seat 3: Supermegopro ($102 in chips) 
Seat 5: 1.0OO.0OO$ ($100 in chips) 
Supermegopro: posts small blind $0.50
1.0OO.0OO$: posts big blind $1
*** HOLE CARDS ***
XneferX: folds 
Supermegopro: raises $2 to $3
Calabazaking joins the table at seat #4 
1.0OO.0OO$: folds 
Uncalled bet ($2) returned to Supermegopro
kniferok joins the table at seat #6 
Supermegopro collected $2 from pot
Supermegopro: doesn't show hand 
*** SUMMARY ***
Total pot $2 | Rake $0 
Seat 1: XneferX (button) folded before Flop (didn't bet)
Seat 3: Supermegopro (small blind) collected ($2)
Seat 5: 1.0OO.0OO$ (big blind) folded before Flop



PokerStars Hand #254252336532:  Hold'em No Limit ($0.50/$1.00 USD) - 2025/01/07 21:49:45 WET [2025/01/07 16:49:45 ET]
Table 'Phobos III' 6-max Seat #3 is the button
Seat 4: Calabazaking ($100 in chips) is sitting out
Seat 1: XneferX ($100 in chips) 
Seat 3: Supermegopro ($103 in chips) 
Seat 5: 1.0OO.0OO$ ($100 in chips) 
Seat 6: kniferok ($100 in chips) 
1.0OO.0OO$: posts small blind $0.50
kniferok: posts big blind $1
*** HOLE CARDS ***
XneferX: folds 
Supermegopro: folds 
1.0OO.0OO$: raises $2 to $3
kniferok: calls $2
*** FLOP *** [6h 5c Ts]
1.0OO.0OO$: checks 
kniferok: bets $1.88
1.0OO.0OO$: calls $1.88
*** TURN *** [6h 5c Ts] [3d]
1.0OO.0OO$: checks 
kniferok: bets $12.27
1.0OO.0OO$: folds 
Uncalled bet ($12.27) returned to kniferok
kniferok collected $9.27 from pot
kniferok: doesn't show hand 
*** SUMMARY ***
Total pot $9.76 | Rake $0.49 
Board [6h 5c Ts 3d]
Seat 4: Calabazaking
Seat 1: XneferX folded before Flop (didn't bet)
Seat 3: Supermegopro (button) folded before Flop (didn't bet)
Seat 5: 1.0OO.0OO$ (small blind) folded on the Turn
Seat 6: kniferok (big blind) collected ($9.27)



PokerStars Hand #254252349316:  Hold'em No Limit ($0.50/$1.00 USD) - 2025/01/07 21:50:23 WET [2025/01/07 16:50:23 ET]
Table 'Phobos III' 6-max Seat #5 is the button
Seat 4: Calabazaking ($100 in chips) is sitting out
Seat 1: XneferX ($100 in chips) 
Seat 3: Supermegopro ($103 in chips) 
Seat 5: 1.0OO.0OO$ ($100 in chips) 
Seat 6: kniferok ($104.39 in chips) 
kniferok: posts small blind $0.50
XneferX: posts big blind $1
Calabazaking: sits out 
*** HOLE CARDS ***
Supermegopro: raises $1.50 to $2.50
1.0OO.0OO$: folds 
kniferok: folds 
XneferX: calls $1.50
*** FLOP *** [8c 9d Kc]
XneferX: checks 
Supermegopro: checks 
*** TURN *** [8c 9d Kc] [8s]
nastja336 joins the table at seat #2 
XneferX: checks 
Supermegopro: bets $1.72
XneferX: folds 
Uncalled bet ($1.72) returned to Supermegopro
Supermegopro collected $5.22 from pot
Supermegopro: doesn't show hand 
*** SUMMARY ***
Total pot $5.50 | Rake $0.28 
Board [8c 9d Kc 8s]
Seat 4: Calabazaking
Seat 1: XneferX (big blind) folded on the Turn
Seat 3: Supermegopro collected ($5.22)
Seat 5: 1.0OO.0OO$ (button) folded before Flop (didn't bet)
Seat 6: kniferok (small blind) folded before Flop



PokerStars Hand #254252369761:  Hold'em No Limit ($0.50/$1.00 USD) - 2025/01/07 21:51:25 WET [2025/01/07 16:51:25 ET]
Table 'Phobos III' 6-max Seat #6 is the button
Seat 4: Calabazaking ($100 in chips) is sitting out
Seat 1: XneferX ($100 in chips) 
Seat 2: nastja336 ($100 in chips) 
Seat 3: Supermegopro ($105.72 in chips) 
Seat 5: 1.0OO.0OO$ ($100 in chips) 
Seat 6: kniferok ($103.89 in chips) 
XneferX: posts small blind $0.50
nastja336: posts big blind $1
Calabazaking: sits out 
*** HOLE CARDS ***
Supermegopro: folds 
1.0OO.0OO$: folds 
kniferok: folds 
XneferX: folds 
Uncalled bet ($0.50) returned to nastja336
nastja336 collected $1 from pot
nastja336: doesn't show hand 
*** SUMMARY ***
Total pot $1 | Rake $0 
Seat 4: Calabazaking
Seat 1: XneferX (small blind) folded before Flop
Seat 2: nastja336 (big blind) collected ($1)
Seat 3: Supermegopro folded before Flop (didn't bet)
Seat 5: 1.0OO.0OO$ folded before Flop (didn't bet)
Seat 6: kniferok (button) folded before Flop (didn't bet)



PokerStars Hand #254252376880:  Hold'em No Limit ($0.50/$1.00 USD) - 2025/01/07 21:51:47 WET [2025/01/07 16:51:47 ET]
Table 'Phobos III' 6-max Seat #1 is the button
Seat 4: Calabazaking ($100 in chips) is sitting out
Seat 1: XneferX ($100 in chips) 
Seat 2: nastja336 ($100.50 in chips) 
Seat 3: Supermegopro ($105.72 in chips) 
Seat 5: 1.0OO.0OO$ ($100 in chips) 
Seat 6: kniferok ($103.89 in chips) 
nastja336: posts small blind $0.50
Supermegopro: posts big blind $1
Calabazaking: sits out 
*** HOLE CARDS ***
1.0OO.0OO$: folds 
kniferok: folds 
XneferX: folds 
nastja336: raises $2 to $3
Supermegopro: raises $7 to $10
nastja336: folds 
Uncalled bet ($7) returned to Supermegopro
Supermegopro collected $6 from pot
Supermegopro: doesn't show hand 
*** SUMMARY ***
Total pot $6 | Rake $0 
Seat 4: Calabazaking
Seat 1: XneferX (button) folded before Flop (didn't bet)
Seat 2: nastja336 (small blind) folded before Flop
Seat 3: Supermegopro (big blind) collected ($6)
Seat 5: 1.0OO.0OO$ folded before Flop (didn't bet)
Seat 6: kniferok folded before Flop (didn't bet)



PokerStars Hand #254252384058:  Hold'em No Limit ($0.50/$1.00 USD) - 2025/01/07 21:52:09 WET [2025/01/07 16:52:09 ET]
Table 'Phobos III' 6-max Seat #2 is the button
Seat 1: XneferX ($100 in chips) 
Seat 2: nastja336 ($100 in chips) 
Seat 3: Supermegopro ($108.72 in chips) 
Seat 4: Calabazaking ($100 in chips) 
Seat 5: 1.0OO.0OO$ ($100 in chips) 
Seat 6: kniferok ($103.89 in chips) 
Supermegopro: posts small blind $0.50
Calabazaking: posts big blind $1
*** HOLE CARDS ***
1.0OO.0OO$: folds 
kniferok: folds 
XneferX: folds 
nastja336: folds 
Supermegopro: folds 
Uncalled bet ($0.50) returned to Calabazaking
Calabazaking collected $1 from pot
*** SUMMARY ***
Total pot $1 | Rake $0 
Seat 1: XneferX folded before Flop (didn't bet)
Seat 2: nastja336 (button) folded before Flop (didn't bet)
Seat 3: Supermegopro (small blind) folded before Flop
Seat 4: Calabazaking (big blind) collected ($1)
Seat 5: 1.0OO.0OO$ folded before Flop (didn't bet)
Seat 6: kniferok folded before Flop (didn't bet)



PokerStars Hand #254252394585:  Hold'em No Limit ($0.50/$1.00 USD) - 2025/01/07 21:52:40 WET [2025/01/07 16:52:40 ET]
Table 'Phobos III' 6-max Seat #4 is the button
Seat 1: XneferX ($100 in chips) is sitting out
Seat 2: nastja336 ($100 in chips) is sitting out
Seat 5: 1.0OO.0OO$ ($100 in chips) is sitting out
Seat 6: kniferok ($103.89 in chips) is sitting out
Seat 3: Supermegopro ($108.22 in chips) 
Seat 4: Calabazaking ($100.50 in chips) 
Calabazaking: posts small blind $0.50
1.0OO.0OO$: is sitting out 
kniferok: is sitting out 
XneferX: is sitting out 
nastja336: is sitting out 
Supermegopro: posts big blind $1
*** HOLE CARDS ***
nastja336 leaves the table
XneferX leaves the table
1.0OO.0OO$ leaves the table
kniferok leaves the table
Calabazaking: calls $0.50
Supermegopro: raises $4 to $5
Calabazaking: calls $4
*** FLOP *** [Qh 8s Kc]
Supermegopro: bets $4.75
Calabazaking: folds 
Uncalled bet ($4.75) returned to Supermegopro
Supermegopro collected $9.50 from pot
Supermegopro: doesn't show hand 
*** SUMMARY ***
Total pot $10 | Rake $0.50 
Board [Qh 8s Kc]
Seat 1: XneferX
Seat 2: nastja336
Seat 5: 1.0OO.0OO$
Seat 6: kniferok
Seat 3: Supermegopro (big blind) collected ($9.50)
Seat 4: Calabazaking (button) (small blind) folded on the Flop



PokerStars Hand #254252404369:  Hold'em No Limit ($0.50/$1.00 USD) - 2025/01/07 21:53:10 WET [2025/01/07 16:53:10 ET]
Table 'Phobos III' 6-max Seat #3 is the button
Seat 3: Supermegopro ($112.72 in chips) 
Seat 4: Calabazaking ($100 in chips) 
Supermegopro: posts small blind $0.50
Calabazaking: posts big blind $1
*** HOLE CARDS ***
Supermegopro: folds 
Uncalled bet ($0.50) returned to Calabazaking
Calabazaking collected $1 from pot
Supermegopro leaves the table
*** SUMMARY ***
Total pot $1 | Rake $0 
Seat 3: Supermegopro (button) (small blind) folded before Flop
Seat 4: Calabazaking (big blind) collected ($1)



