PokerStars Hand #254253498162:  Hold'em No Limit ($0.50/$1.00 USD) - 2025/01/07 22:52:05 WET [2025/01/07 17:52:05 ET]
Table 'Laurentia III' 6-max Seat #6 is the button
Seat 1: BumHuntKing ($100 in chips) 
Seat 5: Weewillis101 ($105.96 in chips) 
Seat 6: Manifestorr ($100 in chips) 
BumHuntKing: posts small blind $0.50
Weewillis101: posts big blind $1
*** HOLE CARDS ***
fataleggs13 joins the table at seat #2 
Manifestorr: folds 
numapu_33 joins the table at seat #3 
BumHuntKing: folds 
Uncalled bet ($0.50) returned to Weewillis101
ru_ruu_ru joins the table at seat #4 
Weewillis101 collected $1 from pot
*** SUMMARY ***
Total pot $1 | Rake $0 
Seat 1: BumHuntKing (small blind) folded before Flop
Seat 5: Weewillis101 (big blind) collected ($1)
Seat 6: Manifestorr (button) folded before Flop (didn't bet)



PokerStars Hand #254253502342:  Hold'em No Limit ($0.50/$1.00 USD) - 2025/01/07 22:52:19 WET [2025/01/07 17:52:19 ET]
Table 'Laurentia III' 6-max Seat #1 is the button
Seat 2: fataleggs13 ($75 in chips) is sitting out
Seat 3: numapu_33 ($100 in chips) is sitting out
Seat 4: ru_ruu_ru ($100 in chips) is sitting out
Seat 1: BumHuntKing ($100 in chips) 
Seat 5: Weewillis101 ($106.46 in chips) 
Seat 6: Manifestorr ($100 in chips) 
Weewillis101: posts small blind $0.50
Manifestorr: posts big blind $1
*** HOLE CARDS ***
BumHuntKing: raises $1.50 to $2.50
Weewillis101: folds 
Manifestorr: calls $1.50
*** FLOP *** [8c 9h 8s]
Manifestorr: checks 
BumHuntKing: checks 
*** TURN *** [8c 9h 8s] [8d]
Manifestorr: checks 
BumHuntKing: checks 
*** RIVER *** [8c 9h 8s 8d] [4s]
Manifestorr: bets $7.05
BumHuntKing: calls $7.05
*** SHOW DOWN ***
Manifestorr: shows [Ac 9d] (a full house, Eights full of Nines)
BumHuntKing: shows [9s 7s] (a full house, Eights full of Nines)
Manifestorr collected $9.31 from pot
BumHuntKing collected $9.31 from pot
*** SUMMARY ***
Total pot $19.60 | Rake $0.98 
Board [8c 9h 8s 8d 4s]
Seat 2: fataleggs13
Seat 3: numapu_33
Seat 4: ru_ruu_ru
Seat 1: BumHuntKing (button) showed [9s 7s] and won ($9.31) with a full house, Eights full of Nines
Seat 5: Weewillis101 (small blind) folded before Flop
Seat 6: Manifestorr (big blind) showed [Ac 9d] and won ($9.31) with a full house, Eights full of Nines



PokerStars Hand #254253514883:  Hold'em No Limit ($0.50/$1.00 USD) - 2025/01/07 22:53:01 WET [2025/01/07 17:53:01 ET]
Table 'Laurentia III' 6-max Seat #5 is the button
Seat 2: fataleggs13 ($75 in chips) is sitting out
Seat 3: numapu_33 ($100 in chips) is sitting out
Seat 4: ru_ruu_ru ($100 in chips) is sitting out
Seat 1: BumHuntKing ($100 in chips) 
Seat 5: Weewillis101 ($105.96 in chips) 
Seat 6: Manifestorr ($100 in chips) 
Manifestorr: posts small blind $0.50
BumHuntKing: posts big blind $1
fataleggs13: sits out 
numapu_33: sits out 
ru_ruu_ru: sits out 
*** HOLE CARDS ***
Weewillis101: folds 
Manifestorr: folds 
Uncalled bet ($0.50) returned to BumHuntKing
BumHuntKing collected $1 from pot
BumHuntKing: doesn't show hand 
*** SUMMARY ***
Total pot $1 | Rake $0 
Seat 2: fataleggs13
Seat 3: numapu_33
Seat 4: ru_ruu_ru
Seat 1: BumHuntKing (big blind) collected ($1)
Seat 5: Weewillis101 (button) folded before Flop (didn't bet)
Seat 6: Manifestorr (small blind) folded before Flop



PokerStars Hand #254253517608:  Hold'em No Limit ($0.50/$1.00 USD) - 2025/01/07 22:53:10 WET [2025/01/07 17:53:10 ET]
Table 'Laurentia III' 6-max Seat #6 is the button
Seat 3: numapu_33 ($100 in chips) is sitting out
Seat 4: ru_ruu_ru ($100 in chips) is sitting out
Seat 1: BumHuntKing ($100.50 in chips) 
Seat 2: fataleggs13 ($75 in chips) 
Seat 5: Weewillis101 ($105.96 in chips) 
Seat 6: Manifestorr ($100 in chips) 
BumHuntKing: posts small blind $0.50
fataleggs13: posts big blind $1
numapu_33: sits out 
ru_ruu_ru: sits out 
*** HOLE CARDS ***
Weewillis101: folds 
Manifestorr: raises $1.20 to $2.20
BumHuntKing: folds 
fataleggs13: folds 
Uncalled bet ($1.20) returned to Manifestorr
Manifestorr collected $2.50 from pot
*** SUMMARY ***
Total pot $2.50 | Rake $0 
Seat 3: numapu_33
Seat 4: ru_ruu_ru
Seat 1: BumHuntKing (small blind) folded before Flop
Seat 2: fataleggs13 (big blind) folded before Flop
Seat 5: Weewillis101 folded before Flop (didn't bet)
Seat 6: Manifestorr (button) collected ($2.50)



PokerStars Hand #254253523295:  Hold'em No Limit ($0.50/$1.00 USD) - 2025/01/07 22:53:29 WET [2025/01/07 17:53:29 ET]
Table 'Laurentia III' 6-max Seat #1 is the button
Seat 4: ru_ruu_ru ($100 in chips) is sitting out
Seat 1: BumHuntKing ($100 in chips) 
Seat 2: fataleggs13 ($75 in chips) 
Seat 3: numapu_33 ($100 in chips) 
Seat 5: Weewillis101 ($105.96 in chips) 
Seat 6: Manifestorr ($101.50 in chips) 
fataleggs13: posts small blind $0.50
numapu_33: posts big blind $1
ru_ruu_ru: sits out 
*** HOLE CARDS ***
Weewillis101: folds 
Manifestorr: folds 
BumHuntKing: folds 
fataleggs13: folds 
Uncalled bet ($0.50) returned to numapu_33
numapu_33 collected $1 from pot
numapu_33: doesn't show hand 
*** SUMMARY ***
Total pot $1 | Rake $0 
Seat 4: ru_ruu_ru
Seat 1: BumHuntKing (button) folded before Flop (didn't bet)
Seat 2: fataleggs13 (small blind) folded before Flop
Seat 3: numapu_33 (big blind) collected ($1)
Seat 5: Weewillis101 folded before Flop (didn't bet)
Seat 6: Manifestorr folded before Flop (didn't bet)



PokerStars Hand #254253531109:  Hold'em No Limit ($0.50/$1.00 USD) - 2025/01/07 22:53:55 WET [2025/01/07 17:53:55 ET]
Table 'Laurentia III' 6-max Seat #2 is the button
Seat 1: BumHuntKing ($100 in chips) 
Seat 2: fataleggs13 ($75 in chips) 
Seat 3: numapu_33 ($100.50 in chips) 
Seat 4: ru_ruu_ru ($100 in chips) 
Seat 5: Weewillis101 ($105.96 in chips) 
Seat 6: Manifestorr ($101.50 in chips) 
numapu_33: posts small blind $0.50
ru_ruu_ru: posts big blind $1
*** HOLE CARDS ***
Weewillis101: folds 
Manifestorr: folds 
BumHuntKing: folds 
fataleggs13: raises $1.50 to $2.50
numapu_33: raises $9.50 to $12
ru_ruu_ru: folds 
fataleggs13: calls $9.50
*** FLOP *** [6d 9c 8c]
numapu_33: checks 
fataleggs13: bets $8.31
numapu_33: raises $15.69 to $24
fataleggs13: calls $15.69
*** TURN *** [6d 9c 8c] [2h]
numapu_33: bets $64.50 and is all-in
fataleggs13: calls $39 and is all-in
Uncalled bet ($25.50) returned to numapu_33
*** FIRST RIVER *** [6d 9c 8c 2h] [8s]
*** SECOND RIVER *** [6d 9c 8c 2h] [5c]
*** FIRST SHOW DOWN ***
numapu_33: shows [4c Ac] (a pair of Eights)
fataleggs13: shows [Qd Ad] (a pair of Eights - Ace+Queen kicker)
fataleggs13 collected $74.25 from pot
*** SECOND SHOW DOWN ***
numapu_33: shows [4c Ac] (a flush, Ace high)
fataleggs13: shows [Qd Ad] (high card Ace)
numapu_33 collected $74.25 from pot
*** SUMMARY ***
Total pot $151 | Rake $2.50 
Hand was run twice
FIRST Board [6d 9c 8c 2h 8s]
SECOND Board [6d 9c 8c 2h 5c]
Seat 1: BumHuntKing folded before Flop (didn't bet)
Seat 2: fataleggs13 (button) showed [Qd Ad] and won ($74.25) with a pair of Eights, and lost with high card Ace
Seat 3: numapu_33 (small blind) showed [4c Ac] and lost with a pair of Eights, and won ($74.25) with a flush, Ace high
Seat 4: ru_ruu_ru (big blind) folded before Flop
Seat 5: Weewillis101 folded before Flop (didn't bet)
Seat 6: Manifestorr folded before Flop (didn't bet)



PokerStars Hand #254253559478:  Hold'em No Limit ($0.50/$1.00 USD) - 2025/01/07 22:55:39 WET [2025/01/07 17:55:39 ET]
Table 'Laurentia III' 6-max Seat #3 is the button
Seat 1: BumHuntKing ($100 in chips) 
Seat 2: fataleggs13 ($75 in chips) 
Seat 3: numapu_33 ($100 in chips) 
Seat 4: ru_ruu_ru ($100 in chips) 
Seat 5: Weewillis101 ($105.96 in chips) 
Seat 6: Manifestorr ($101.50 in chips) 
ru_ruu_ru: posts small blind $0.50
Weewillis101: posts big blind $1
*** HOLE CARDS ***
Manifestorr: folds 
BumHuntKing: folds 
fataleggs13: folds 
numapu_33: raises $1.50 to $2.50
ru_ruu_ru: folds 
Weewillis101: folds 
Uncalled bet ($1.50) returned to numapu_33
numapu_33 collected $2.50 from pot
numapu_33: doesn't show hand 
*** SUMMARY ***
Total pot $2.50 | Rake $0 
Seat 1: BumHuntKing folded before Flop (didn't bet)
Seat 2: fataleggs13 folded before Flop (didn't bet)
Seat 3: numapu_33 (button) collected ($2.50)
Seat 4: ru_ruu_ru (small blind) folded before Flop
Seat 5: Weewillis101 (big blind) folded before Flop
Seat 6: Manifestorr folded before Flop (didn't bet)



PokerStars Hand #254253565733:  Hold'em No Limit ($0.50/$1.00 USD) - 2025/01/07 22:56:09 WET [2025/01/07 17:56:09 ET]
Table 'Laurentia III' 6-max Seat #4 is the button
Seat 1: BumHuntKing ($100 in chips) 
Seat 2: fataleggs13 ($75 in chips) 
Seat 3: numapu_33 ($101.50 in chips) 
Seat 4: ru_ruu_ru ($100 in chips) 
Seat 5: Weewillis101 ($104.96 in chips) 
Seat 6: Manifestorr ($101.50 in chips) 
Weewillis101: posts small blind $0.50
Manifestorr: posts big blind $1
*** HOLE CARDS ***
BumHuntKing: raises $1.20 to $2.20
fataleggs13: folds 
numapu_33: raises $5.30 to $7.50
ru_ruu_ru: folds 
Weewillis101: folds 
Manifestorr: folds 
BumHuntKing: raises $12 to $19.50
numapu_33: calls $12
*** FLOP *** [7h Td 4d]
BumHuntKing: bets $7.70
numapu_33: raises $74.30 to $82 and is all-in
BumHuntKing: folds 
Uncalled bet ($74.30) returned to numapu_33
numapu_33 collected $53.40 from pot
numapu_33: doesn't show hand 
*** SUMMARY ***
Total pot $55.90 | Rake $2.50 
Board [7h Td 4d]
Seat 1: BumHuntKing folded on the Flop
Seat 2: fataleggs13 folded before Flop (didn't bet)
Seat 3: numapu_33 collected ($53.40)
Seat 4: ru_ruu_ru (button) folded before Flop (didn't bet)
Seat 5: Weewillis101 (small blind) folded before Flop
Seat 6: Manifestorr (big blind) folded before Flop



PokerStars Hand #254253579233:  Hold'em No Limit ($0.50/$1.00 USD) - 2025/01/07 22:57:11 WET [2025/01/07 17:57:11 ET]
Table 'Laurentia III' 6-max Seat #5 is the button
Seat 1: BumHuntKing ($100 in chips) 
Seat 2: fataleggs13 ($75 in chips) 
Seat 3: numapu_33 ($127.70 in chips) 
Seat 4: ru_ruu_ru ($100 in chips) 
Seat 5: Weewillis101 ($104.46 in chips) 
Seat 6: Manifestorr ($100.50 in chips) 
Manifestorr: posts small blind $0.50
BumHuntKing: posts big blind $1
*** HOLE CARDS ***
fataleggs13: folds 
numapu_33: folds 
ru_ruu_ru: folds 
Weewillis101: folds 
Manifestorr: folds 
Uncalled bet ($0.50) returned to BumHuntKing
BumHuntKing collected $1 from pot
BumHuntKing: doesn't show hand 
*** SUMMARY ***
Total pot $1 | Rake $0 
Seat 1: BumHuntKing (big blind) collected ($1)
Seat 2: fataleggs13 folded before Flop (didn't bet)
Seat 3: numapu_33 folded before Flop (didn't bet)
Seat 4: ru_ruu_ru folded before Flop (didn't bet)
Seat 5: Weewillis101 (button) folded before Flop (didn't bet)
Seat 6: Manifestorr (small blind) folded before Flop



PokerStars Hand #254253581920:  Hold'em No Limit ($0.50/$1.00 USD) - 2025/01/07 22:57:23 WET [2025/01/07 17:57:23 ET]
Table 'Laurentia III' 6-max Seat #6 is the button
Seat 1: BumHuntKing ($100.50 in chips) 
Seat 2: fataleggs13 ($75 in chips) 
Seat 3: numapu_33 ($127.70 in chips) 
Seat 4: ru_ruu_ru ($100 in chips) 
Seat 5: Weewillis101 ($104.46 in chips) 
Seat 6: Manifestorr ($100 in chips) 
BumHuntKing: posts small blind $0.50
fataleggs13: posts big blind $1
*** HOLE CARDS ***
numapu_33: folds 
ru_ruu_ru: folds 
Weewillis101: folds 
Manifestorr: raises $1.20 to $2.20
BumHuntKing: raises $8.80 to $11
fataleggs13: folds 
Manifestorr: folds 
Uncalled bet ($8.80) returned to BumHuntKing
BumHuntKing collected $5.40 from pot
BumHuntKing: doesn't show hand 
*** SUMMARY ***
Total pot $5.40 | Rake $0 
Seat 1: BumHuntKing (small blind) collected ($5.40)
Seat 2: fataleggs13 (big blind) folded before Flop
Seat 3: numapu_33 folded before Flop (didn't bet)
Seat 4: ru_ruu_ru folded before Flop (didn't bet)
Seat 5: Weewillis101 folded before Flop (didn't bet)
Seat 6: Manifestorr (button) folded before Flop



PokerStars Hand #254253587549:  Hold'em No Limit ($0.50/$1.00 USD) - 2025/01/07 22:57:49 WET [2025/01/07 17:57:49 ET]
Table 'Laurentia III' 6-max Seat #1 is the button
Seat 1: BumHuntKing ($103.70 in chips) 
Seat 2: fataleggs13 ($75 in chips) 
Seat 3: numapu_33 ($127.70 in chips) 
Seat 4: ru_ruu_ru ($100 in chips) 
Seat 5: Weewillis101 ($104.46 in chips) 
Seat 6: Manifestorr ($100 in chips) 
fataleggs13: posts small blind $0.50
numapu_33: posts big blind $1
*** HOLE CARDS ***
ru_ruu_ru: folds 
Weewillis101: folds 
Manifestorr: folds 
BumHuntKing: raises $1.50 to $2.50
fataleggs13: folds 
numapu_33: folds 
Uncalled bet ($1.50) returned to BumHuntKing
BumHuntKing collected $2.50 from pot
BumHuntKing: doesn't show hand 
*** SUMMARY ***
Total pot $2.50 | Rake $0 
Seat 1: BumHuntKing (button) collected ($2.50)
Seat 2: fataleggs13 (small blind) folded before Flop
Seat 3: numapu_33 (big blind) folded before Flop
Seat 4: ru_ruu_ru folded before Flop (didn't bet)
Seat 5: Weewillis101 folded before Flop (didn't bet)
Seat 6: Manifestorr folded before Flop (didn't bet)



PokerStars Hand #254253590279:  Hold'em No Limit ($0.50/$1.00 USD) - 2025/01/07 22:58:01 WET [2025/01/07 17:58:01 ET]
Table 'Laurentia III' 6-max Seat #2 is the button
Seat 1: BumHuntKing ($105.20 in chips) 
Seat 2: fataleggs13 ($75 in chips) 
Seat 3: numapu_33 ($126.70 in chips) 
Seat 4: ru_ruu_ru ($100 in chips) 
Seat 5: Weewillis101 ($104.46 in chips) 
Seat 6: Manifestorr ($100 in chips) 
numapu_33: posts small blind $0.50
ru_ruu_ru: posts big blind $1
*** HOLE CARDS ***
Weewillis101: folds 
Manifestorr: folds 
BumHuntKing: folds 
fataleggs13: folds 
numapu_33: folds 
Uncalled bet ($0.50) returned to ru_ruu_ru
ru_ruu_ru collected $1 from pot
ru_ruu_ru: doesn't show hand 
*** SUMMARY ***
Total pot $1 | Rake $0 
Seat 1: BumHuntKing folded before Flop (didn't bet)
Seat 2: fataleggs13 (button) folded before Flop (didn't bet)
Seat 3: numapu_33 (small blind) folded before Flop
Seat 4: ru_ruu_ru (big blind) collected ($1)
Seat 5: Weewillis101 folded before Flop (didn't bet)
Seat 6: Manifestorr folded before Flop (didn't bet)



PokerStars Hand #254253592920:  Hold'em No Limit ($0.50/$1.00 USD) - 2025/01/07 22:58:14 WET [2025/01/07 17:58:14 ET]
Table 'Laurentia III' 6-max Seat #3 is the button
Seat 1: BumHuntKing ($105.20 in chips) 
Seat 2: fataleggs13 ($75 in chips) 
Seat 3: numapu_33 ($126.20 in chips) 
Seat 4: ru_ruu_ru ($100.50 in chips) 
Seat 5: Weewillis101 ($104.46 in chips) 
Seat 6: Manifestorr ($100 in chips) 
ru_ruu_ru: posts small blind $0.50
Weewillis101: posts big blind $1
*** HOLE CARDS ***
Manifestorr: raises $1.20 to $2.20
BumHuntKing: raises $4.30 to $6.50
fataleggs13: folds 
numapu_33: folds 
ru_ruu_ru: folds 
Weewillis101: folds 
Manifestorr: calls $4.30
*** FLOP *** [9d 3s Th]
Manifestorr: bets $6.89
BumHuntKing: raises $10.11 to $17
Manifestorr: calls $10.11
*** TURN *** [9d 3s Th] [3d]
Manifestorr: checks 
BumHuntKing: bets $11.52
Manifestorr: calls $11.52
*** RIVER *** [9d 3s Th 3d] [7c]
Manifestorr: checks 
BumHuntKing: bets $70.18 and is all-in
Manifestorr: calls $64.98 and is all-in
Uncalled bet ($5.20) returned to BumHuntKing
*** SHOW DOWN ***
BumHuntKing: shows [Ts Td] (a full house, Tens full of Threes)
Manifestorr: shows [Qd Qc] (two pair, Queens and Threes)
BumHuntKing collected $199 from pot
*** SUMMARY ***
Total pot $201.50 | Rake $2.50 
Board [9d 3s Th 3d 7c]
Seat 1: BumHuntKing showed [Ts Td] and won ($199) with a full house, Tens full of Threes
Seat 2: fataleggs13 folded before Flop (didn't bet)
Seat 3: numapu_33 (button) folded before Flop (didn't bet)
Seat 4: ru_ruu_ru (small blind) folded before Flop
Seat 5: Weewillis101 (big blind) folded before Flop
Seat 6: Manifestorr showed [Qd Qc] and lost with two pair, Queens and Threes



PokerStars Hand #254253614875:  Hold'em No Limit ($0.50/$1.00 USD) - 2025/01/07 22:59:55 WET [2025/01/07 17:59:55 ET]
Table 'Laurentia III' 6-max Seat #4 is the button
Seat 1: BumHuntKing ($204.20 in chips) 
Seat 2: fataleggs13 ($75 in chips) 
Seat 3: numapu_33 ($126.20 in chips) 
Seat 4: ru_ruu_ru ($100 in chips) 
Seat 5: Weewillis101 ($103.46 in chips) 
Seat 6: Manifestorr ($100 in chips) 
Weewillis101: posts small blind $0.50
Manifestorr: posts big blind $1
*** HOLE CARDS ***
BumHuntKing: folds 
fataleggs13: raises $1.20 to $2.20
numapu_33: folds 
ru_ruu_ru: folds 
Weewillis101: folds 
Manifestorr: folds 
Uncalled bet ($1.20) returned to fataleggs13
fataleggs13 collected $2.50 from pot
fataleggs13: doesn't show hand 
*** SUMMARY ***
Total pot $2.50 | Rake $0 
Seat 1: BumHuntKing folded before Flop (didn't bet)
Seat 2: fataleggs13 collected ($2.50)
Seat 3: numapu_33 folded before Flop (didn't bet)
Seat 4: ru_ruu_ru (button) folded before Flop (didn't bet)
Seat 5: Weewillis101 (small blind) folded before Flop
Seat 6: Manifestorr (big blind) folded before Flop



PokerStars Hand #254253618961:  Hold'em No Limit ($0.50/$1.00 USD) - 2025/01/07 23:00:14 WET [2025/01/07 18:00:14 ET]
Table 'Laurentia III' 6-max Seat #5 is the button
Seat 1: BumHuntKing ($204.20 in chips) 
Seat 2: fataleggs13 ($76.50 in chips) 
Seat 3: numapu_33 ($126.20 in chips) 
Seat 4: ru_ruu_ru ($100 in chips) 
Seat 5: Weewillis101 ($102.96 in chips) 
Seat 6: Manifestorr ($100 in chips) 
Manifestorr: posts small blind $0.50
BumHuntKing: posts big blind $1
*** HOLE CARDS ***
fataleggs13: folds 
numapu_33: raises $1.50 to $2.50
ru_ruu_ru has timed out
ru_ruu_ru: folds 
Weewillis101: calls $2.50
Manifestorr: folds 
BumHuntKing: folds 
*** FLOP *** [Ks Ts 4h]
numapu_33: bets $2
Weewillis101: calls $2
*** TURN *** [Ks Ts 4h] [7h]
numapu_33: bets $7.49
Weewillis101: calls $7.49
*** RIVER *** [Ks Ts 4h 7h] [Ah]
numapu_33: bets $18.16
Weewillis101: raises $21.84 to $40
numapu_33: folds 
Uncalled bet ($21.84) returned to Weewillis101
Weewillis101 collected $59.30 from pot
*** SUMMARY ***
Total pot $61.80 | Rake $2.50 
Board [Ks Ts 4h 7h Ah]
Seat 1: BumHuntKing (big blind) folded before Flop
Seat 2: fataleggs13 folded before Flop (didn't bet)
Seat 3: numapu_33 folded on the River
Seat 4: ru_ruu_ru folded before Flop (didn't bet)
Seat 5: Weewillis101 (button) collected ($59.30)
Seat 6: Manifestorr (small blind) folded before Flop



PokerStars Hand #254253644150:  Hold'em No Limit ($0.50/$1.00 USD) - 2025/01/07 23:01:53 WET [2025/01/07 18:01:53 ET]
Table 'Laurentia III' 6-max Seat #6 is the button
Seat 1: BumHuntKing ($203.20 in chips) 
Seat 2: fataleggs13 ($76.50 in chips) 
Seat 3: numapu_33 ($100 in chips) 
Seat 4: ru_ruu_ru ($100 in chips) 
Seat 5: Weewillis101 ($132.11 in chips) 
Seat 6: Manifestorr ($100 in chips) 
BumHuntKing: posts small blind $0.50
fataleggs13: posts big blind $1
*** HOLE CARDS ***
numapu_33: folds 
ru_ruu_ru: folds 
Weewillis101: folds 
Manifestorr: folds 
BumHuntKing: raises $2 to $3
fataleggs13: calls $2
*** FLOP *** [6c 3h 4s]
BumHuntKing: checks 
fataleggs13: bets $2
BumHuntKing: calls $2
*** TURN *** [6c 3h 4s] [Qc]
BumHuntKing: checks 
fataleggs13: bets $7.13
BumHuntKing: calls $7.13
*** RIVER *** [6c 3h 4s Qc] [7h]
BumHuntKing: checks 
fataleggs13: checks 
*** SHOW DOWN ***
BumHuntKing: shows [5d 6d] (a straight, Three to Seven)
fataleggs13: mucks hand 
BumHuntKing collected $23.05 from pot
*** SUMMARY ***
Total pot $24.26 | Rake $1.21 
Board [6c 3h 4s Qc 7h]
Seat 1: BumHuntKing (small blind) showed [5d 6d] and won ($23.05) with a straight, Three to Seven
Seat 2: fataleggs13 (big blind) mucked
Seat 3: numapu_33 folded before Flop (didn't bet)
Seat 4: ru_ruu_ru folded before Flop (didn't bet)
Seat 5: Weewillis101 folded before Flop (didn't bet)
Seat 6: Manifestorr (button) folded before Flop (didn't bet)



PokerStars Hand #254253661249:  Hold'em No Limit ($0.50/$1.00 USD) - 2025/01/07 23:02:54 WET [2025/01/07 18:02:54 ET]
Table 'Laurentia III' 6-max Seat #1 is the button
Seat 1: BumHuntKing ($214.12 in chips) 
Seat 2: fataleggs13 ($75 in chips) 
Seat 3: numapu_33 ($100 in chips) 
Seat 4: ru_ruu_ru ($100 in chips) 
Seat 5: Weewillis101 ($132.11 in chips) 
Seat 6: Manifestorr ($100 in chips) 
fataleggs13: posts small blind $0.50
numapu_33: posts big blind $1
*** HOLE CARDS ***
ru_ruu_ru: folds 
Weewillis101: folds 
Manifestorr: folds 
BumHuntKing: folds 
fataleggs13: folds 
Uncalled bet ($0.50) returned to numapu_33
numapu_33 collected $1 from pot
numapu_33: doesn't show hand 
*** SUMMARY ***
Total pot $1 | Rake $0 
Seat 1: BumHuntKing (button) folded before Flop (didn't bet)
Seat 2: fataleggs13 (small blind) folded before Flop
Seat 3: numapu_33 (big blind) collected ($1)
Seat 4: ru_ruu_ru folded before Flop (didn't bet)
Seat 5: Weewillis101 folded before Flop (didn't bet)
Seat 6: Manifestorr folded before Flop (didn't bet)



PokerStars Hand #254253666374:  Hold'em No Limit ($0.50/$1.00 USD) - 2025/01/07 23:03:11 WET [2025/01/07 18:03:11 ET]
Table 'Laurentia III' 6-max Seat #2 is the button
Seat 1: BumHuntKing ($214.12 in chips) 
Seat 2: fataleggs13 ($75 in chips) 
Seat 3: numapu_33 ($100.50 in chips) 
Seat 4: ru_ruu_ru ($100 in chips) 
Seat 5: Weewillis101 ($132.11 in chips) 
Seat 6: Manifestorr ($100 in chips) 
numapu_33: posts small blind $0.50
ru_ruu_ru: posts big blind $1
*** HOLE CARDS ***
Weewillis101: folds 
Manifestorr: raises $1.20 to $2.20
BumHuntKing: folds 
fataleggs13: raises $4.80 to $7
numapu_33: folds 
ru_ruu_ru: folds 
Manifestorr: calls $4.80
*** FLOP *** [Kc 8s Ts]
Manifestorr: checks 
fataleggs13: bets $5.15
Manifestorr: folds 
Uncalled bet ($5.15) returned to fataleggs13
fataleggs13 collected $14.72 from pot
fataleggs13: doesn't show hand 
*** SUMMARY ***
Total pot $15.50 | Rake $0.78 
Board [Kc 8s Ts]
Seat 1: BumHuntKing folded before Flop (didn't bet)
Seat 2: fataleggs13 (button) collected ($14.72)
Seat 3: numapu_33 (small blind) folded before Flop
Seat 4: ru_ruu_ru (big blind) folded before Flop
Seat 5: Weewillis101 folded before Flop (didn't bet)
Seat 6: Manifestorr folded on the Flop



PokerStars Hand #254253677932:  Hold'em No Limit ($0.50/$1.00 USD) - 2025/01/07 23:03:51 WET [2025/01/07 18:03:51 ET]
Table 'Laurentia III' 6-max Seat #3 is the button
Seat 1: BumHuntKing ($214.12 in chips) 
Seat 2: fataleggs13 ($82.72 in chips) 
Seat 3: numapu_33 ($100 in chips) 
Seat 4: ru_ruu_ru ($100 in chips) 
Seat 5: Weewillis101 ($132.11 in chips) 
Seat 6: Manifestorr ($100 in chips) 
ru_ruu_ru: posts small blind $0.50
Weewillis101: posts big blind $1
*** HOLE CARDS ***
Manifestorr: folds 
BumHuntKing: folds 
fataleggs13: folds 
numapu_33: folds 
ru_ruu_ru: raises $1 to $2
Weewillis101: raises $2 to $4
ru_ruu_ru: folds 
Uncalled bet ($2) returned to Weewillis101
Weewillis101 collected $4 from pot
*** SUMMARY ***
Total pot $4 | Rake $0 
Seat 1: BumHuntKing folded before Flop (didn't bet)
Seat 2: fataleggs13 folded before Flop (didn't bet)
Seat 3: numapu_33 (button) folded before Flop (didn't bet)
Seat 4: ru_ruu_ru (small blind) folded before Flop
Seat 5: Weewillis101 (big blind) collected ($4)
Seat 6: Manifestorr folded before Flop (didn't bet)



PokerStars Hand #254253690514:  Hold'em No Limit ($0.50/$1.00 USD) - 2025/01/07 23:04:34 WET [2025/01/07 18:04:34 ET]
Table 'Laurentia III' 6-max Seat #4 is the button
Seat 1: BumHuntKing ($214.12 in chips) 
Seat 2: fataleggs13 ($82.72 in chips) 
Seat 3: numapu_33 ($100 in chips) 
Seat 4: ru_ruu_ru ($100 in chips) 
Seat 5: Weewillis101 ($134.11 in chips) 
Seat 6: Manifestorr ($100 in chips) 
Weewillis101: posts small blind $0.50
Manifestorr: posts big blind $1
*** HOLE CARDS ***
BumHuntKing: folds 
fataleggs13: raises $1.20 to $2.20
numapu_33: folds 
ru_ruu_ru: folds 
Weewillis101: calls $1.70
Manifestorr: raises $11.80 to $14
fataleggs13: folds 
Weewillis101: calls $11.80
*** FLOP *** [As 9d Tc]
Weewillis101: checks 
Manifestorr: bets $9.97
Weewillis101: calls $9.97
*** TURN *** [As 9d Tc] [Jd]
Weewillis101: checks 
Manifestorr: checks 
*** RIVER *** [As 9d Tc Jd] [2c]
Weewillis101: bets $12.82
Manifestorr: calls $12.82
*** SHOW DOWN ***
Weewillis101: shows [8c 7c] (a straight, Seven to Jack)
Manifestorr: mucks hand 
Weewillis101 collected $73.28 from pot
*** SUMMARY ***
Total pot $75.78 | Rake $2.50 
Board [As 9d Tc Jd 2c]
Seat 1: BumHuntKing folded before Flop (didn't bet)
Seat 2: fataleggs13 folded before Flop
Seat 3: numapu_33 folded before Flop (didn't bet)
Seat 4: ru_ruu_ru (button) folded before Flop (didn't bet)
Seat 5: Weewillis101 (small blind) showed [8c 7c] and won ($73.28) with a straight, Seven to Jack
Seat 6: Manifestorr (big blind) mucked



PokerStars Hand #254253712198:  Hold'em No Limit ($0.50/$1.00 USD) - 2025/01/07 23:05:48 WET [2025/01/07 18:05:48 ET]
Table 'Laurentia III' 6-max Seat #5 is the button
Seat 1: BumHuntKing ($214.12 in chips) 
Seat 2: fataleggs13 ($80.52 in chips) 
Seat 3: numapu_33 ($100 in chips) 
Seat 4: ru_ruu_ru ($100 in chips) 
Seat 5: Weewillis101 ($170.60 in chips) 
Seat 6: Manifestorr ($100 in chips) 
Manifestorr: posts small blind $0.50
BumHuntKing: posts big blind $1
*** HOLE CARDS ***
fataleggs13: raises $1.20 to $2.20
numapu_33: folds 
ru_ruu_ru: folds 
Weewillis101: folds 
Manifestorr: folds 
BumHuntKing: folds 
Uncalled bet ($1.20) returned to fataleggs13
fataleggs13 collected $2.50 from pot
fataleggs13: doesn't show hand 
*** SUMMARY ***
Total pot $2.50 | Rake $0 
Seat 1: BumHuntKing (big blind) folded before Flop
Seat 2: fataleggs13 collected ($2.50)
Seat 3: numapu_33 folded before Flop (didn't bet)
Seat 4: ru_ruu_ru folded before Flop (didn't bet)
Seat 5: Weewillis101 (button) folded before Flop (didn't bet)
Seat 6: Manifestorr (small blind) folded before Flop



PokerStars Hand #254253717584:  Hold'em No Limit ($0.50/$1.00 USD) - 2025/01/07 23:06:07 WET [2025/01/07 18:06:07 ET]
Table 'Laurentia III' 6-max Seat #6 is the button
Seat 1: BumHuntKing ($213.12 in chips) 
Seat 2: fataleggs13 ($82.02 in chips) 
Seat 3: numapu_33 ($100 in chips) 
Seat 4: ru_ruu_ru ($100 in chips) 
Seat 5: Weewillis101 ($170.60 in chips) 
Seat 6: Manifestorr ($100 in chips) 
BumHuntKing: posts small blind $0.50
fataleggs13: posts big blind $1
*** HOLE CARDS ***
numapu_33: raises $1.50 to $2.50
ru_ruu_ru: folds 
Weewillis101: calls $2.50
Manifestorr: raises $9.50 to $12
BumHuntKing: folds 
fataleggs13: folds 
numapu_33: folds 
Weewillis101: calls $9.50
*** FLOP *** [Jc Qs 4d]
Weewillis101: checks 
Manifestorr: bets $13.30
Weewillis101: folds 
Uncalled bet ($13.30) returned to Manifestorr
Manifestorr collected $26.60 from pot
*** SUMMARY ***
Total pot $28 | Rake $1.40 
Board [Jc Qs 4d]
Seat 1: BumHuntKing (small blind) folded before Flop
Seat 2: fataleggs13 (big blind) folded before Flop
Seat 3: numapu_33 folded before Flop
Seat 4: ru_ruu_ru folded before Flop (didn't bet)
Seat 5: Weewillis101 folded on the Flop
Seat 6: Manifestorr (button) collected ($26.60)



PokerStars Hand #254253729651:  Hold'em No Limit ($0.50/$1.00 USD) - 2025/01/07 23:06:48 WET [2025/01/07 18:06:48 ET]
Table 'Laurentia III' 6-max Seat #1 is the button
Seat 1: BumHuntKing ($212.62 in chips) 
Seat 2: fataleggs13 ($81.02 in chips) 
Seat 3: numapu_33 ($100 in chips) 
Seat 4: ru_ruu_ru ($100 in chips) 
Seat 5: Weewillis101 ($158.60 in chips) 
Seat 6: Manifestorr ($114.60 in chips) 
fataleggs13: posts small blind $0.50
numapu_33: posts big blind $1
*** HOLE CARDS ***
ru_ruu_ru: raises $1.20 to $2.20
Weewillis101: folds 
Manifestorr: folds 
BumHuntKing: folds 
fataleggs13: folds 
numapu_33: folds 
Uncalled bet ($1.20) returned to ru_ruu_ru
ru_ruu_ru collected $2.50 from pot
ru_ruu_ru: doesn't show hand 
*** SUMMARY ***
Total pot $2.50 | Rake $0 
Seat 1: BumHuntKing (button) folded before Flop (didn't bet)
Seat 2: fataleggs13 (small blind) folded before Flop
Seat 3: numapu_33 (big blind) folded before Flop
Seat 4: ru_ruu_ru collected ($2.50)
Seat 5: Weewillis101 folded before Flop (didn't bet)
Seat 6: Manifestorr folded before Flop (didn't bet)



PokerStars Hand #254253737142:  Hold'em No Limit ($0.50/$1.00 USD) - 2025/01/07 23:07:13 WET [2025/01/07 18:07:13 ET]
Table 'Laurentia III' 6-max Seat #2 is the button
Seat 1: BumHuntKing ($212.62 in chips) 
Seat 2: fataleggs13 ($80.52 in chips) 
Seat 3: numapu_33 ($100 in chips) 
Seat 4: ru_ruu_ru ($101.50 in chips) 
Seat 5: Weewillis101 ($158.60 in chips) 
Seat 6: Manifestorr ($114.60 in chips) 
numapu_33: posts small blind $0.50
ru_ruu_ru: posts big blind $1
*** HOLE CARDS ***
Weewillis101: folds 
Manifestorr: folds 
BumHuntKing: folds 
fataleggs13: raises $1.50 to $2.50
numapu_33: raises $9.50 to $12
ru_ruu_ru: folds 
fataleggs13: folds 
Uncalled bet ($9.50) returned to numapu_33
numapu_33 collected $6 from pot
numapu_33: doesn't show hand 
*** SUMMARY ***
Total pot $6 | Rake $0 
Seat 1: BumHuntKing folded before Flop (didn't bet)
Seat 2: fataleggs13 (button) folded before Flop
Seat 3: numapu_33 (small blind) collected ($6)
Seat 4: ru_ruu_ru (big blind) folded before Flop
Seat 5: Weewillis101 folded before Flop (didn't bet)
Seat 6: Manifestorr folded before Flop (didn't bet)



PokerStars Hand #254253746490:  Hold'em No Limit ($0.50/$1.00 USD) - 2025/01/07 23:07:46 WET [2025/01/07 18:07:46 ET]
Table 'Laurentia III' 6-max Seat #3 is the button
Seat 1: BumHuntKing ($212.62 in chips) 
Seat 2: fataleggs13 ($78.02 in chips) 
Seat 3: numapu_33 ($103.50 in chips) 
Seat 4: ru_ruu_ru ($100.50 in chips) 
Seat 5: Weewillis101 ($158.60 in chips) 
Seat 6: Manifestorr ($114.60 in chips) 
ru_ruu_ru: posts small blind $0.50
Weewillis101: posts big blind $1
*** HOLE CARDS ***
Manifestorr: folds 
BumHuntKing: raises $1.20 to $2.20
fataleggs13: folds 
numapu_33: raises $5.30 to $7.50
ru_ruu_ru: folds 
Weewillis101: folds 
BumHuntKing: folds 
Uncalled bet ($5.30) returned to numapu_33
numapu_33 collected $5.90 from pot
numapu_33: doesn't show hand 
*** SUMMARY ***
Total pot $5.90 | Rake $0 
Seat 1: BumHuntKing folded before Flop
Seat 2: fataleggs13 folded before Flop (didn't bet)
Seat 3: numapu_33 (button) collected ($5.90)
Seat 4: ru_ruu_ru (small blind) folded before Flop
Seat 5: Weewillis101 (big blind) folded before Flop
Seat 6: Manifestorr folded before Flop (didn't bet)



PokerStars Hand #254253752810:  Hold'em No Limit ($0.50/$1.00 USD) - 2025/01/07 23:08:08 WET [2025/01/07 18:08:08 ET]
Table 'Laurentia III' 6-max Seat #4 is the button
Seat 1: BumHuntKing ($210.42 in chips) 
Seat 2: fataleggs13 ($78.02 in chips) 
Seat 3: numapu_33 ($107.20 in chips) 
Seat 4: ru_ruu_ru ($100 in chips) 
Seat 5: Weewillis101 ($157.60 in chips) 
Seat 6: Manifestorr ($114.60 in chips) 
Weewillis101: posts small blind $0.50
Manifestorr: posts big blind $1
*** HOLE CARDS ***
BumHuntKing: folds 
fataleggs13: folds 
numapu_33: folds 
ru_ruu_ru: raises $1.50 to $2.50
Weewillis101: folds 
Manifestorr: folds 
Uncalled bet ($1.50) returned to ru_ruu_ru
ru_ruu_ru collected $2.50 from pot
ru_ruu_ru: doesn't show hand 
*** SUMMARY ***
Total pot $2.50 | Rake $0 
Seat 1: BumHuntKing folded before Flop (didn't bet)
Seat 2: fataleggs13 folded before Flop (didn't bet)
Seat 3: numapu_33 folded before Flop (didn't bet)
Seat 4: ru_ruu_ru (button) collected ($2.50)
Seat 5: Weewillis101 (small blind) folded before Flop
Seat 6: Manifestorr (big blind) folded before Flop



PokerStars Hand #254253758927:  Hold'em No Limit ($0.50/$1.00 USD) - 2025/01/07 23:08:29 WET [2025/01/07 18:08:29 ET]
Table 'Laurentia III' 6-max Seat #5 is the button
Seat 1: BumHuntKing ($210.42 in chips) 
Seat 2: fataleggs13 ($78.02 in chips) 
Seat 3: numapu_33 ($107.20 in chips) 
Seat 4: ru_ruu_ru ($101.50 in chips) 
Seat 5: Weewillis101 ($157.10 in chips) 
Seat 6: Manifestorr ($113.60 in chips) 
Manifestorr: posts small blind $0.50
BumHuntKing: posts big blind $1
*** HOLE CARDS ***
fataleggs13: raises $1.20 to $2.20
numapu_33: folds 
ru_ruu_ru: folds 
Weewillis101: calls $2.20
Manifestorr: folds 
BumHuntKing: calls $1.20
*** FLOP *** [8h Ts 7h]
BumHuntKing: checks 
fataleggs13: checks 
Weewillis101: bets $4.74
BumHuntKing: calls $4.74
fataleggs13: raises $10.90 to $15.64
Weewillis101: folds 
BumHuntKing: folds 
Uncalled bet ($10.90) returned to fataleggs13
fataleggs13 collected $20.25 from pot
fataleggs13: doesn't show hand 
*** SUMMARY ***
Total pot $21.32 | Rake $1.07 
Board [8h Ts 7h]
Seat 1: BumHuntKing (big blind) folded on the Flop
Seat 2: fataleggs13 collected ($20.25)
Seat 3: numapu_33 folded before Flop (didn't bet)
Seat 4: ru_ruu_ru folded before Flop (didn't bet)
Seat 5: Weewillis101 (button) folded on the Flop
Seat 6: Manifestorr (small blind) folded before Flop



PokerStars Hand #254253780277:  Hold'em No Limit ($0.50/$1.00 USD) - 2025/01/07 23:09:43 WET [2025/01/07 18:09:43 ET]
Table 'Laurentia III' 6-max Seat #6 is the button
Seat 1: BumHuntKing ($203.48 in chips) 
Seat 2: fataleggs13 ($91.33 in chips) 
Seat 3: numapu_33 ($107.20 in chips) 
Seat 4: ru_ruu_ru ($101.50 in chips) 
Seat 5: Weewillis101 ($150.16 in chips) 
Seat 6: Manifestorr ($113.10 in chips) 
BumHuntKing: posts small blind $0.50
fataleggs13: posts big blind $1
*** HOLE CARDS ***
numapu_33: folds 
ru_ruu_ru: folds 
Weewillis101: raises $2 to $3
Manifestorr: folds 
BumHuntKing: folds 
fataleggs13: calls $2
*** FLOP *** [2h 7c 3h]
fataleggs13: checks 
Weewillis101: bets $3.09
fataleggs13: calls $3.09
*** TURN *** [2h 7c 3h] [2c]
fataleggs13: checks 
Weewillis101: bets $6.03
fataleggs13: calls $6.03
*** RIVER *** [2h 7c 3h 2c] [7h]
fataleggs13: checks 
Weewillis101: checks 
*** SHOW DOWN ***
fataleggs13: shows [4s Ac] (two pair, Sevens and Deuces)
Weewillis101: shows [Ah Ad] (two pair, Aces and Sevens)
Weewillis101 collected $23.50 from pot
*** SUMMARY ***
Total pot $24.74 | Rake $1.24 
Board [2h 7c 3h 2c 7h]
Seat 1: BumHuntKing (small blind) folded before Flop
Seat 2: fataleggs13 (big blind) showed [4s Ac] and lost with two pair, Sevens and Deuces
Seat 3: numapu_33 folded before Flop (didn't bet)
Seat 4: ru_ruu_ru folded before Flop (didn't bet)
Seat 5: Weewillis101 showed [Ah Ad] and won ($23.50) with two pair, Aces and Sevens
Seat 6: Manifestorr (button) folded before Flop (didn't bet)



PokerStars Hand #254253801970:  Hold'em No Limit ($0.50/$1.00 USD) - 2025/01/07 23:10:59 WET [2025/01/07 18:10:59 ET]
Table 'Laurentia III' 6-max Seat #1 is the button
Seat 1: BumHuntKing ($202.98 in chips) 
Seat 2: fataleggs13 ($79.21 in chips) 
Seat 3: numapu_33 ($107.20 in chips) 
Seat 4: ru_ruu_ru ($101.50 in chips) 
Seat 5: Weewillis101 ($161.54 in chips) 
Seat 6: Manifestorr ($113.10 in chips) 
fataleggs13: posts small blind $0.50
numapu_33: posts big blind $1
*** HOLE CARDS ***
ru_ruu_ru: folds 
Weewillis101: raises $2 to $3
Manifestorr: folds 
BumHuntKing: folds 
fataleggs13: folds 
numapu_33: folds 
Uncalled bet ($2) returned to Weewillis101
Weewillis101 collected $2.50 from pot
*** SUMMARY ***
Total pot $2.50 | Rake $0 
Seat 1: BumHuntKing (button) folded before Flop (didn't bet)
Seat 2: fataleggs13 (small blind) folded before Flop
Seat 3: numapu_33 (big blind) folded before Flop
Seat 4: ru_ruu_ru folded before Flop (didn't bet)
Seat 5: Weewillis101 collected ($2.50)
Seat 6: Manifestorr folded before Flop (didn't bet)



PokerStars Hand #254253809414:  Hold'em No Limit ($0.50/$1.00 USD) - 2025/01/07 23:11:25 WET [2025/01/07 18:11:25 ET]
Table 'Laurentia III' 6-max Seat #2 is the button
Seat 1: BumHuntKing ($202.98 in chips) 
Seat 2: fataleggs13 ($78.71 in chips) 
Seat 3: numapu_33 ($106.20 in chips) 
Seat 4: ru_ruu_ru ($101.50 in chips) 
Seat 5: Weewillis101 ($163.04 in chips) 
Seat 6: Manifestorr ($113.10 in chips) 
numapu_33: posts small blind $0.50
ru_ruu_ru: posts big blind $1
*** HOLE CARDS ***
Weewillis101: calls $1
Manifestorr: raises $1.20 to $2.20
BumHuntKing: folds 
fataleggs13: folds 
numapu_33: folds 
ru_ruu_ru: folds 
Weewillis101: calls $1.20
*** FLOP *** [3h Jd Jc]
Weewillis101: checks 
Manifestorr: bets $1.85
Weewillis101: calls $1.85
*** TURN *** [3h Jd Jc] [As]
Weewillis101: checks 
Manifestorr: checks 
*** RIVER *** [3h Jd Jc As] [3c]
Weewillis101: bets $4.56
Manifestorr: calls $4.56
*** SHOW DOWN ***
Weewillis101: shows [Kc 6c] (two pair, Jacks and Threes)
Manifestorr: shows [5d Ad] (two pair, Aces and Jacks)
Manifestorr collected $17.78 from pot
*** SUMMARY ***
Total pot $18.72 | Rake $0.94 
Board [3h Jd Jc As 3c]
Seat 1: BumHuntKing folded before Flop (didn't bet)
Seat 2: fataleggs13 (button) folded before Flop (didn't bet)
Seat 3: numapu_33 (small blind) folded before Flop
Seat 4: ru_ruu_ru (big blind) folded before Flop
Seat 5: Weewillis101 showed [Kc 6c] and lost with two pair, Jacks and Threes
Seat 6: Manifestorr showed [5d Ad] and won ($17.78) with two pair, Aces and Jacks



PokerStars Hand #254253825612:  Hold'em No Limit ($0.50/$1.00 USD) - 2025/01/07 23:12:23 WET [2025/01/07 18:12:23 ET]
Table 'Laurentia III' 6-max Seat #3 is the button
Seat 1: BumHuntKing ($202.98 in chips) 
Seat 2: fataleggs13 ($78.71 in chips) 
Seat 3: numapu_33 ($105.70 in chips) 
Seat 4: ru_ruu_ru ($100.50 in chips) 
Seat 5: Weewillis101 ($154.43 in chips) 
Seat 6: Manifestorr ($122.27 in chips) 
ru_ruu_ru: posts small blind $0.50
Weewillis101: posts big blind $1
*** HOLE CARDS ***
Manifestorr: folds 
BumHuntKing: folds 
fataleggs13: folds 
numapu_33: folds 
ru_ruu_ru: raises $2 to $3
Weewillis101: folds 
Uncalled bet ($2) returned to ru_ruu_ru
ru_ruu_ru collected $2 from pot
ru_ruu_ru: doesn't show hand 
*** SUMMARY ***
Total pot $2 | Rake $0 
Seat 1: BumHuntKing folded before Flop (didn't bet)
Seat 2: fataleggs13 folded before Flop (didn't bet)
Seat 3: numapu_33 (button) folded before Flop (didn't bet)
Seat 4: ru_ruu_ru (small blind) collected ($2)
Seat 5: Weewillis101 (big blind) folded before Flop
Seat 6: Manifestorr folded before Flop (didn't bet)



PokerStars Hand #254253831631:  Hold'em No Limit ($0.50/$1.00 USD) - 2025/01/07 23:12:44 WET [2025/01/07 18:12:44 ET]
Table 'Laurentia III' 6-max Seat #4 is the button
Seat 1: BumHuntKing ($202.98 in chips) 
Seat 2: fataleggs13 ($78.71 in chips) 
Seat 3: numapu_33 ($105.70 in chips) 
Seat 4: ru_ruu_ru ($101.50 in chips) 
Seat 5: Weewillis101 ($153.43 in chips) 
Seat 6: Manifestorr ($122.27 in chips) 
Weewillis101: posts small blind $0.50
Manifestorr: posts big blind $1
*** HOLE CARDS ***
BumHuntKing: folds 
fataleggs13: folds 
numapu_33: raises $1.50 to $2.50
ru_ruu_ru: folds 
Weewillis101: folds 
Manifestorr: folds 
Uncalled bet ($1.50) returned to numapu_33
numapu_33 collected $2.50 from pot
numapu_33: doesn't show hand 
*** SUMMARY ***
Total pot $2.50 | Rake $0 
Seat 1: BumHuntKing folded before Flop (didn't bet)
Seat 2: fataleggs13 folded before Flop (didn't bet)
Seat 3: numapu_33 collected ($2.50)
Seat 4: ru_ruu_ru (button) folded before Flop (didn't bet)
Seat 5: Weewillis101 (small blind) folded before Flop
Seat 6: Manifestorr (big blind) folded before Flop



PokerStars Hand #254253838418:  Hold'em No Limit ($0.50/$1.00 USD) - 2025/01/07 23:13:09 WET [2025/01/07 18:13:09 ET]
Table 'Laurentia III' 6-max Seat #5 is the button
Seat 1: BumHuntKing ($202.98 in chips) 
Seat 2: fataleggs13 ($78.71 in chips) 
Seat 3: numapu_33 ($107.20 in chips) 
Seat 4: ru_ruu_ru ($101.50 in chips) 
Seat 5: Weewillis101 ($152.93 in chips) 
Seat 6: Manifestorr ($121.27 in chips) 
Manifestorr: posts small blind $0.50
BumHuntKing: posts big blind $1
*** HOLE CARDS ***
fataleggs13: folds 
numapu_33: folds 
ru_ruu_ru: folds 
Weewillis101: folds 
Manifestorr: raises $2 to $3
BumHuntKing: raises $6 to $9
Manifestorr: calls $6
*** FLOP *** [3h 5c Qh]
Manifestorr: checks 
BumHuntKing: bets $4.28
Manifestorr: raises $12.72 to $17
BumHuntKing: folds 
Uncalled bet ($12.72) returned to Manifestorr
Manifestorr collected $25.23 from pot
*** SUMMARY ***
Total pot $26.56 | Rake $1.33 
Board [3h 5c Qh]
Seat 1: BumHuntKing (big blind) folded on the Flop
Seat 2: fataleggs13 folded before Flop (didn't bet)
Seat 3: numapu_33 folded before Flop (didn't bet)
Seat 4: ru_ruu_ru folded before Flop (didn't bet)
Seat 5: Weewillis101 (button) folded before Flop (didn't bet)
Seat 6: Manifestorr (small blind) collected ($25.23)



PokerStars Hand #254253859878:  Hold'em No Limit ($0.50/$1.00 USD) - 2025/01/07 23:14:26 WET [2025/01/07 18:14:26 ET]
Table 'Laurentia III' 6-max Seat #6 is the button
Seat 1: BumHuntKing ($189.70 in chips) 
Seat 2: fataleggs13 ($78.71 in chips) 
Seat 3: numapu_33 ($107.20 in chips) 
Seat 4: ru_ruu_ru ($101.50 in chips) 
Seat 5: Weewillis101 ($152.93 in chips) 
Seat 6: Manifestorr ($133.22 in chips) 
BumHuntKing: posts small blind $0.50
fataleggs13: posts big blind $1
*** HOLE CARDS ***
numapu_33: raises $1.50 to $2.50
ru_ruu_ru: raises $5 to $7.50
Weewillis101: folds 
Manifestorr: folds 
BumHuntKing: folds 
fataleggs13: folds 
numapu_33: raises $12.50 to $20
ru_ruu_ru: calls $12.50
*** FLOP *** [Tc 6h Td]
numapu_33: bets $10
ru_ruu_ru: calls $10
*** TURN *** [Tc 6h Td] [3c]
numapu_33: checks 
ru_ruu_ru: checks 
*** RIVER *** [Tc 6h Td 3c] [4d]
numapu_33: checks 
ru_ruu_ru: bets $71.50 and is all-in
numapu_33: folds 
Uncalled bet ($71.50) returned to ru_ruu_ru
ru_ruu_ru collected $59 from pot
ru_ruu_ru: doesn't show hand 
*** SUMMARY ***
Total pot $61.50 | Rake $2.50 
Board [Tc 6h Td 3c 4d]
Seat 1: BumHuntKing (small blind) folded before Flop
Seat 2: fataleggs13 (big blind) folded before Flop
Seat 3: numapu_33 folded on the River
Seat 4: ru_ruu_ru collected ($59)
Seat 5: Weewillis101 folded before Flop (didn't bet)
Seat 6: Manifestorr (button) folded before Flop (didn't bet)



PokerStars Hand #254253890404:  Hold'em No Limit ($0.50/$1.00 USD) - 2025/01/07 23:16:16 WET [2025/01/07 18:16:16 ET]
Table 'Laurentia III' 6-max Seat #1 is the button
Seat 1: BumHuntKing ($189.20 in chips) 
Seat 2: fataleggs13 ($77.71 in chips) 
Seat 3: numapu_33 ($100 in chips) 
Seat 4: ru_ruu_ru ($130.50 in chips) 
Seat 5: Weewillis101 ($152.93 in chips) 
Seat 6: Manifestorr ($133.22 in chips) 
fataleggs13: posts small blind $0.50
numapu_33: posts big blind $1
*** HOLE CARDS ***
ru_ruu_ru: folds 
Weewillis101: folds 
Manifestorr: folds 
BumHuntKing: raises $1.50 to $2.50
fataleggs13: raises $8.50 to $11
numapu_33: folds 
BumHuntKing: folds 
Uncalled bet ($8.50) returned to fataleggs13
fataleggs13 collected $6 from pot
fataleggs13: doesn't show hand 
*** SUMMARY ***
Total pot $6 | Rake $0 
Seat 1: BumHuntKing (button) folded before Flop
Seat 2: fataleggs13 (small blind) collected ($6)
Seat 3: numapu_33 (big blind) folded before Flop
Seat 4: ru_ruu_ru folded before Flop (didn't bet)
Seat 5: Weewillis101 folded before Flop (didn't bet)
Seat 6: Manifestorr folded before Flop (didn't bet)



PokerStars Hand #254253896292:  Hold'em No Limit ($0.50/$1.00 USD) - 2025/01/07 23:16:37 WET [2025/01/07 18:16:37 ET]
Table 'Laurentia III' 6-max Seat #2 is the button
Seat 1: BumHuntKing ($186.70 in chips) 
Seat 2: fataleggs13 ($81.21 in chips) 
Seat 3: numapu_33 ($100 in chips) 
Seat 4: ru_ruu_ru ($130.50 in chips) 
Seat 5: Weewillis101 ($152.93 in chips) 
Seat 6: Manifestorr ($133.22 in chips) 
numapu_33: posts small blind $0.50
ru_ruu_ru: posts big blind $1
*** HOLE CARDS ***
Weewillis101: raises $2 to $3
Manifestorr: folds 
BumHuntKing: folds 
fataleggs13: folds 
numapu_33: folds 
ru_ruu_ru: folds 
Uncalled bet ($2) returned to Weewillis101
Weewillis101 collected $2.50 from pot
*** SUMMARY ***
Total pot $2.50 | Rake $0 
Seat 1: BumHuntKing folded before Flop (didn't bet)
Seat 2: fataleggs13 (button) folded before Flop (didn't bet)
Seat 3: numapu_33 (small blind) folded before Flop
Seat 4: ru_ruu_ru (big blind) folded before Flop
Seat 5: Weewillis101 collected ($2.50)
Seat 6: Manifestorr folded before Flop (didn't bet)



PokerStars Hand #254253906096:  Hold'em No Limit ($0.50/$1.00 USD) - 2025/01/07 23:17:13 WET [2025/01/07 18:17:13 ET]
Table 'Laurentia III' 6-max Seat #3 is the button
Seat 1: BumHuntKing ($186.70 in chips) 
Seat 2: fataleggs13 ($81.21 in chips) 
Seat 3: numapu_33 ($100 in chips) 
Seat 4: ru_ruu_ru ($129.50 in chips) 
Seat 5: Weewillis101 ($154.43 in chips) 
Seat 6: Manifestorr ($133.22 in chips) 
ru_ruu_ru: posts small blind $0.50
Weewillis101: posts big blind $1
*** HOLE CARDS ***
Manifestorr: raises $1.20 to $2.20
BumHuntKing: folds 
fataleggs13: folds 
numapu_33: folds 
ru_ruu_ru: folds 
Weewillis101: folds 
Uncalled bet ($1.20) returned to Manifestorr
Manifestorr collected $2.50 from pot
*** SUMMARY ***
Total pot $2.50 | Rake $0 
Seat 1: BumHuntKing folded before Flop (didn't bet)
Seat 2: fataleggs13 folded before Flop (didn't bet)
Seat 3: numapu_33 (button) folded before Flop (didn't bet)
Seat 4: ru_ruu_ru (small blind) folded before Flop
Seat 5: Weewillis101 (big blind) folded before Flop
Seat 6: Manifestorr collected ($2.50)



PokerStars Hand #254253913862:  Hold'em No Limit ($0.50/$1.00 USD) - 2025/01/07 23:17:42 WET [2025/01/07 18:17:42 ET]
Table 'Laurentia III' 6-max Seat #4 is the button
Seat 1: BumHuntKing ($186.70 in chips) 
Seat 2: fataleggs13 ($81.21 in chips) 
Seat 3: numapu_33 ($100 in chips) 
Seat 4: ru_ruu_ru ($129 in chips) 
Seat 5: Weewillis101 ($153.43 in chips) 
Seat 6: Manifestorr ($134.72 in chips) 
Weewillis101: posts small blind $0.50
Manifestorr: posts big blind $1
*** HOLE CARDS ***
BumHuntKing: raises $1.20 to $2.20
fataleggs13: folds 
numapu_33: folds 
ru_ruu_ru: folds 
Weewillis101: folds 
Manifestorr: folds 
Uncalled bet ($1.20) returned to BumHuntKing
BumHuntKing collected $2.50 from pot
BumHuntKing: doesn't show hand 
*** SUMMARY ***
Total pot $2.50 | Rake $0 
Seat 1: BumHuntKing collected ($2.50)
Seat 2: fataleggs13 folded before Flop (didn't bet)
Seat 3: numapu_33 folded before Flop (didn't bet)
Seat 4: ru_ruu_ru (button) folded before Flop (didn't bet)
Seat 5: Weewillis101 (small blind) folded before Flop
Seat 6: Manifestorr (big blind) folded before Flop



PokerStars Hand #254253920854:  Hold'em No Limit ($0.50/$1.00 USD) - 2025/01/07 23:18:07 WET [2025/01/07 18:18:07 ET]
Table 'Laurentia III' 6-max Seat #5 is the button
Seat 1: BumHuntKing ($188.20 in chips) 
Seat 2: fataleggs13 ($81.21 in chips) 
Seat 3: numapu_33 ($100 in chips) 
Seat 4: ru_ruu_ru ($129 in chips) 
Seat 5: Weewillis101 ($152.93 in chips) 
Seat 6: Manifestorr ($133.72 in chips) 
Manifestorr: posts small blind $0.50
BumHuntKing: posts big blind $1
*** HOLE CARDS ***
fataleggs13: folds 
numapu_33: folds 
ru_ruu_ru: folds 
Weewillis101: folds 
Manifestorr: folds 
Uncalled bet ($0.50) returned to BumHuntKing
BumHuntKing collected $1 from pot
BumHuntKing: doesn't show hand 
*** SUMMARY ***
Total pot $1 | Rake $0 
Seat 1: BumHuntKing (big blind) collected ($1)
Seat 2: fataleggs13 folded before Flop (didn't bet)
Seat 3: numapu_33 folded before Flop (didn't bet)
Seat 4: ru_ruu_ru folded before Flop (didn't bet)
Seat 5: Weewillis101 (button) folded before Flop (didn't bet)
Seat 6: Manifestorr (small blind) folded before Flop



PokerStars Hand #254253924202:  Hold'em No Limit ($0.50/$1.00 USD) - 2025/01/07 23:18:19 WET [2025/01/07 18:18:19 ET]
Table 'Laurentia III' 6-max Seat #6 is the button
Seat 1: BumHuntKing ($188.70 in chips) 
Seat 2: fataleggs13 ($81.21 in chips) 
Seat 3: numapu_33 ($100 in chips) 
Seat 4: ru_ruu_ru ($129 in chips) 
Seat 5: Weewillis101 ($152.93 in chips) 
Seat 6: Manifestorr ($133.22 in chips) 
BumHuntKing: posts small blind $0.50
fataleggs13: posts big blind $1
*** HOLE CARDS ***
numapu_33: folds 
ru_ruu_ru: folds 
Weewillis101: folds 
Manifestorr: raises $1.20 to $2.20
BumHuntKing: folds 
fataleggs13: folds 
Uncalled bet ($1.20) returned to Manifestorr
Manifestorr collected $2.50 from pot
*** SUMMARY ***
Total pot $2.50 | Rake $0 
Seat 1: BumHuntKing (small blind) folded before Flop
Seat 2: fataleggs13 (big blind) folded before Flop
Seat 3: numapu_33 folded before Flop (didn't bet)
Seat 4: ru_ruu_ru folded before Flop (didn't bet)
Seat 5: Weewillis101 folded before Flop (didn't bet)
Seat 6: Manifestorr (button) collected ($2.50)



PokerStars Hand #254253931151:  Hold'em No Limit ($0.50/$1.00 USD) - 2025/01/07 23:18:45 WET [2025/01/07 18:18:45 ET]
Table 'Laurentia III' 6-max Seat #1 is the button
Seat 1: BumHuntKing ($188.20 in chips) 
Seat 2: fataleggs13 ($80.21 in chips) 
Seat 3: numapu_33 ($100 in chips) 
Seat 4: ru_ruu_ru ($129 in chips) 
Seat 5: Weewillis101 ($152.93 in chips) 
Seat 6: Manifestorr ($134.72 in chips) 
fataleggs13: posts small blind $0.50
numapu_33: posts big blind $1
*** HOLE CARDS ***
ru_ruu_ru: folds 
Weewillis101: raises $2 to $3
Manifestorr: folds 
BumHuntKing: folds 
fataleggs13: folds 
numapu_33: raises $11 to $14
Weewillis101: calls $11
*** FLOP *** [Ks Th 2d]
numapu_33: bets $10
Weewillis101: folds 
Uncalled bet ($10) returned to numapu_33
numapu_33 collected $27.08 from pot
numapu_33: doesn't show hand 
*** SUMMARY ***
Total pot $28.50 | Rake $1.42 
Board [Ks Th 2d]
Seat 1: BumHuntKing (button) folded before Flop (didn't bet)
Seat 2: fataleggs13 (small blind) folded before Flop
Seat 3: numapu_33 (big blind) collected ($27.08)
Seat 4: ru_ruu_ru folded before Flop (didn't bet)
Seat 5: Weewillis101 folded on the Flop
Seat 6: Manifestorr folded before Flop (didn't bet)



PokerStars Hand #254253943756:  Hold'em No Limit ($0.50/$1.00 USD) - 2025/01/07 23:19:31 WET [2025/01/07 18:19:31 ET]
Table 'Laurentia III' 6-max Seat #2 is the button
Seat 1: BumHuntKing ($188.20 in chips) 
Seat 2: fataleggs13 ($79.71 in chips) 
Seat 3: numapu_33 ($113.08 in chips) 
Seat 4: ru_ruu_ru ($129 in chips) 
Seat 5: Weewillis101 ($138.93 in chips) 
Seat 6: Manifestorr ($134.72 in chips) 
numapu_33: posts small blind $0.50
ru_ruu_ru: posts big blind $1
*** HOLE CARDS ***
Weewillis101: raises $2 to $3
Manifestorr: folds 
BumHuntKing: folds 
fataleggs13: folds 
numapu_33: folds 
ru_ruu_ru: raises $9 to $12
Weewillis101: calls $9
*** FLOP *** [Qs 3s 7s]
ru_ruu_ru: checks 
Weewillis101: bets $11.64
ru_ruu_ru: calls $11.64
*** TURN *** [Qs 3s 7s] [3h]
ru_ruu_ru: checks 
Weewillis101: checks 
*** RIVER *** [Qs 3s 7s 3h] [3d]
ru_ruu_ru: checks 
Weewillis101: bets $22.70
ru_ruu_ru: calls $22.70
*** SHOW DOWN ***
Weewillis101: shows [7h 7c] (a full house, Sevens full of Threes)
ru_ruu_ru: mucks hand 
Weewillis101 collected $90.68 from pot
*** SUMMARY ***
Total pot $93.18 | Rake $2.50 
Board [Qs 3s 7s 3h 3d]
Seat 1: BumHuntKing folded before Flop (didn't bet)
Seat 2: fataleggs13 (button) folded before Flop (didn't bet)
Seat 3: numapu_33 (small blind) folded before Flop
Seat 4: ru_ruu_ru (big blind) mucked
Seat 5: Weewillis101 showed [7h 7c] and won ($90.68) with a full house, Sevens full of Threes
Seat 6: Manifestorr folded before Flop (didn't bet)



PokerStars Hand #254253960202:  Hold'em No Limit ($0.50/$1.00 USD) - 2025/01/07 23:20:31 WET [2025/01/07 18:20:31 ET]
Table 'Laurentia III' 6-max Seat #3 is the button
Seat 1: BumHuntKing ($188.20 in chips) 
Seat 2: fataleggs13 ($79.71 in chips) 
Seat 3: numapu_33 ($112.58 in chips) 
Seat 4: ru_ruu_ru ($100 in chips) 
Seat 5: Weewillis101 ($183.27 in chips) 
Seat 6: Manifestorr ($134.72 in chips) 
ru_ruu_ru: posts small blind $0.50
Weewillis101: posts big blind $1
*** HOLE CARDS ***
Manifestorr: folds 
BumHuntKing: folds 
fataleggs13: raises $1.20 to $2.20
numapu_33: raises $5.30 to $7.50
ru_ruu_ru: folds 
Weewillis101: folds 
fataleggs13: folds 
Uncalled bet ($5.30) returned to numapu_33
numapu_33 collected $5.90 from pot
numapu_33: doesn't show hand 
*** SUMMARY ***
Total pot $5.90 | Rake $0 
Seat 1: BumHuntKing folded before Flop (didn't bet)
Seat 2: fataleggs13 folded before Flop
Seat 3: numapu_33 (button) collected ($5.90)
Seat 4: ru_ruu_ru (small blind) folded before Flop
Seat 5: Weewillis101 (big blind) folded before Flop
Seat 6: Manifestorr folded before Flop (didn't bet)



PokerStars Hand #254253970633:  Hold'em No Limit ($0.50/$1.00 USD) - 2025/01/07 23:21:09 WET [2025/01/07 18:21:09 ET]
Table 'Laurentia III' 6-max Seat #4 is the button
Seat 1: BumHuntKing ($188.20 in chips) 
Seat 2: fataleggs13 ($77.51 in chips) 
Seat 3: numapu_33 ($116.28 in chips) 
Seat 4: ru_ruu_ru ($100 in chips) 
Seat 5: Weewillis101 ($182.27 in chips) 
Seat 6: Manifestorr ($134.72 in chips) 
Weewillis101: posts small blind $0.50
Manifestorr: posts big blind $1
*** HOLE CARDS ***
BumHuntKing: folds 
fataleggs13: folds 
numapu_33: folds 
ru_ruu_ru: raises $1.50 to $2.50
Weewillis101: calls $2
Manifestorr: folds 
*** FLOP *** [Td Qs Jd]
Weewillis101: checks 
ru_ruu_ru: bets $1.88
Weewillis101: calls $1.88
*** TURN *** [Td Qs Jd] [7s]
Weewillis101: checks 
ru_ruu_ru: checks 
*** RIVER *** [Td Qs Jd 7s] [3d]
Weewillis101: bets $4.64
ru_ruu_ru: folds 
Uncalled bet ($4.64) returned to Weewillis101
Weewillis101 collected $9.27 from pot
*** SUMMARY ***
Total pot $9.76 | Rake $0.49 
Board [Td Qs Jd 7s 3d]
Seat 1: BumHuntKing folded before Flop (didn't bet)
Seat 2: fataleggs13 folded before Flop (didn't bet)
Seat 3: numapu_33 folded before Flop (didn't bet)
Seat 4: ru_ruu_ru (button) folded on the River
Seat 5: Weewillis101 (small blind) collected ($9.27)
Seat 6: Manifestorr (big blind) folded before Flop



PokerStars Hand #254253987397:  Hold'em No Limit ($0.50/$1.00 USD) - 2025/01/07 23:22:11 WET [2025/01/07 18:22:11 ET]
Table 'Laurentia III' 6-max Seat #5 is the button
Seat 1: BumHuntKing ($188.20 in chips) 
Seat 2: fataleggs13 ($77.51 in chips) 
Seat 3: numapu_33 ($116.28 in chips) 
Seat 4: ru_ruu_ru ($100 in chips) 
Seat 5: Weewillis101 ($187.16 in chips) 
Seat 6: Manifestorr ($133.72 in chips) 
Manifestorr: posts small blind $0.50
BumHuntKing: posts big blind $1
*** HOLE CARDS ***
fataleggs13: folds 
numapu_33: folds 
ru_ruu_ru: folds 
Weewillis101: folds 
Manifestorr: folds 
Uncalled bet ($0.50) returned to BumHuntKing
BumHuntKing collected $1 from pot
BumHuntKing: doesn't show hand 
*** SUMMARY ***
Total pot $1 | Rake $0 
Seat 1: BumHuntKing (big blind) collected ($1)
Seat 2: fataleggs13 folded before Flop (didn't bet)
Seat 3: numapu_33 folded before Flop (didn't bet)
Seat 4: ru_ruu_ru folded before Flop (didn't bet)
Seat 5: Weewillis101 (button) folded before Flop (didn't bet)
Seat 6: Manifestorr (small blind) folded before Flop



PokerStars Hand #254253992933:  Hold'em No Limit ($0.50/$1.00 USD) - 2025/01/07 23:22:31 WET [2025/01/07 18:22:31 ET]
Table 'Laurentia III' 6-max Seat #6 is the button
Seat 1: BumHuntKing ($188.70 in chips) 
Seat 2: fataleggs13 ($77.51 in chips) 
Seat 3: numapu_33 ($116.28 in chips) 
Seat 4: ru_ruu_ru ($100 in chips) 
Seat 5: Weewillis101 ($187.16 in chips) 
Seat 6: Manifestorr ($133.22 in chips) 
BumHuntKing: posts small blind $0.50
fataleggs13: posts big blind $1
*** HOLE CARDS ***
numapu_33: folds 
ru_ruu_ru: folds 
Weewillis101: folds 
Manifestorr: raises $1.20 to $2.20
BumHuntKing: folds 
fataleggs13: folds 
Uncalled bet ($1.20) returned to Manifestorr
Manifestorr collected $2.50 from pot
*** SUMMARY ***
Total pot $2.50 | Rake $0 
Seat 1: BumHuntKing (small blind) folded before Flop
Seat 2: fataleggs13 (big blind) folded before Flop
Seat 3: numapu_33 folded before Flop (didn't bet)
Seat 4: ru_ruu_ru folded before Flop (didn't bet)
Seat 5: Weewillis101 folded before Flop (didn't bet)
Seat 6: Manifestorr (button) collected ($2.50)



PokerStars Hand #254254001122:  Hold'em No Limit ($0.50/$1.00 USD) - 2025/01/07 23:23:01 WET [2025/01/07 18:23:01 ET]
Table 'Laurentia III' 6-max Seat #1 is the button
Seat 1: BumHuntKing ($188.20 in chips) 
Seat 2: fataleggs13 ($76.51 in chips) 
Seat 3: numapu_33 ($116.28 in chips) 
Seat 4: ru_ruu_ru ($100 in chips) 
Seat 5: Weewillis101 ($187.16 in chips) 
Seat 6: Manifestorr ($134.72 in chips) 
fataleggs13: posts small blind $0.50
numapu_33: posts big blind $1
*** HOLE CARDS ***
ru_ruu_ru: folds 
Weewillis101: folds 
Manifestorr: folds 
BumHuntKing: folds 
fataleggs13: raises $2 to $3
numapu_33: folds 
Uncalled bet ($2) returned to fataleggs13
fataleggs13 collected $2 from pot
fataleggs13: doesn't show hand 
*** SUMMARY ***
Total pot $2 | Rake $0 
Seat 1: BumHuntKing (button) folded before Flop (didn't bet)
Seat 2: fataleggs13 (small blind) collected ($2)
Seat 3: numapu_33 (big blind) folded before Flop
Seat 4: ru_ruu_ru folded before Flop (didn't bet)
Seat 5: Weewillis101 folded before Flop (didn't bet)
Seat 6: Manifestorr folded before Flop (didn't bet)



PokerStars Hand #254254007497:  Hold'em No Limit ($0.50/$1.00 USD) - 2025/01/07 23:23:24 WET [2025/01/07 18:23:24 ET]
Table 'Laurentia III' 6-max Seat #2 is the button
Seat 1: BumHuntKing ($188.20 in chips) 
Seat 2: fataleggs13 ($77.51 in chips) 
Seat 3: numapu_33 ($115.28 in chips) 
Seat 4: ru_ruu_ru ($100 in chips) 
Seat 5: Weewillis101 ($187.16 in chips) 
Seat 6: Manifestorr ($134.72 in chips) 
numapu_33: posts small blind $0.50
ru_ruu_ru: posts big blind $1
*** HOLE CARDS ***
Weewillis101: raises $2 to $3
Manifestorr: folds 
BumHuntKing: folds 
fataleggs13: folds 
numapu_33: folds 
ru_ruu_ru: folds 
Uncalled bet ($2) returned to Weewillis101
Weewillis101 collected $2.50 from pot
*** SUMMARY ***
Total pot $2.50 | Rake $0 
Seat 1: BumHuntKing folded before Flop (didn't bet)
Seat 2: fataleggs13 (button) folded before Flop (didn't bet)
Seat 3: numapu_33 (small blind) folded before Flop
Seat 4: ru_ruu_ru (big blind) folded before Flop
Seat 5: Weewillis101 collected ($2.50)
Seat 6: Manifestorr folded before Flop (didn't bet)



PokerStars Hand #254254015780:  Hold'em No Limit ($0.50/$1.00 USD) - 2025/01/07 23:23:54 WET [2025/01/07 18:23:54 ET]
Table 'Laurentia III' 6-max Seat #3 is the button
Seat 1: BumHuntKing ($188.20 in chips) 
Seat 2: fataleggs13 ($77.51 in chips) 
Seat 3: numapu_33 ($114.78 in chips) 
Seat 4: ru_ruu_ru ($100 in chips) 
Seat 5: Weewillis101 ($188.66 in chips) 
Seat 6: Manifestorr ($134.72 in chips) 
ru_ruu_ru: posts small blind $0.50
Weewillis101: posts big blind $1
*** HOLE CARDS ***
Manifestorr: raises $1.20 to $2.20
BumHuntKing: folds 
fataleggs13: folds 
numapu_33: folds 
ru_ruu_ru: calls $1.70
Weewillis101: raises $4.60 to $6.80
Manifestorr: calls $4.60
ru_ruu_ru: calls $4.60
*** FLOP *** [5h Jd Qd]
ru_ruu_ru: checks 
Weewillis101: bets $9.69
Manifestorr: calls $9.69
ru_ruu_ru: folds 
*** TURN *** [5h Jd Qd] [Kd]
Weewillis101: checks 
Manifestorr: checks 
*** RIVER *** [5h Jd Qd Kd] [9d]
Weewillis101: checks 
Manifestorr: checks 
*** SHOW DOWN ***
Weewillis101: shows [Jh Jc] (three of a kind, Jacks)
Manifestorr: shows [Tc Kc] (a straight, Nine to King)
Manifestorr collected $37.79 from pot
*** SUMMARY ***
Total pot $39.78 | Rake $1.99 
Board [5h Jd Qd Kd 9d]
Seat 1: BumHuntKing folded before Flop (didn't bet)
Seat 2: fataleggs13 folded before Flop (didn't bet)
Seat 3: numapu_33 (button) folded before Flop (didn't bet)
Seat 4: ru_ruu_ru (small blind) folded on the Flop
Seat 5: Weewillis101 (big blind) showed [Jh Jc] and lost with three of a kind, Jacks
Seat 6: Manifestorr showed [Tc Kc] and won ($37.79) with a straight, Nine to King



PokerStars Hand #254254038497:  Hold'em No Limit ($0.50/$1.00 USD) - 2025/01/07 23:25:18 WET [2025/01/07 18:25:18 ET]
Table 'Laurentia III' 6-max Seat #4 is the button
Seat 1: BumHuntKing ($188.20 in chips) 
Seat 2: fataleggs13 ($77.51 in chips) 
Seat 3: numapu_33 ($114.78 in chips) 
Seat 4: ru_ruu_ru ($100 in chips) 
Seat 5: Weewillis101 ($172.17 in chips) 
Seat 6: Manifestorr ($156.02 in chips) 
Weewillis101: posts small blind $0.50
Manifestorr: posts big blind $1
*** HOLE CARDS ***
BumHuntKing: folds 
BumHuntKing leaves the table
fataleggs13: raises $1.20 to $2.20
numapu_33: folds 
ru_ruu_ru: calls $2.20
Weewillis101: folds 
Manifestorr: folds 
*** FLOP *** [3s 5c Kd]
fataleggs13: bets $1.96
ru_ruu_ru: folds 
Uncalled bet ($1.96) returned to fataleggs13
fataleggs13 collected $5.60 from pot
fataleggs13: doesn't show hand 
*** SUMMARY ***
Total pot $5.90 | Rake $0.30 
Board [3s 5c Kd]
Seat 1: BumHuntKing folded before Flop (didn't bet)
Seat 2: fataleggs13 collected ($5.60)
Seat 3: numapu_33 folded before Flop (didn't bet)
Seat 4: ru_ruu_ru (button) folded on the Flop
Seat 5: Weewillis101 (small blind) folded before Flop
Seat 6: Manifestorr (big blind) folded before Flop



PokerStars Hand #254254047300:  Hold'em No Limit ($0.50/$1.00 USD) - 2025/01/07 23:25:50 WET [2025/01/07 18:25:50 ET]
Table 'Laurentia III' 6-max Seat #5 is the button
Seat 2: fataleggs13 ($80.91 in chips) 
Seat 3: numapu_33 ($114.78 in chips) 
Seat 4: ru_ruu_ru ($100 in chips) 
Seat 5: Weewillis101 ($171.67 in chips) 
Seat 6: Manifestorr ($155.02 in chips) 
Manifestorr: posts small blind $0.50
fataleggs13: posts big blind $1
*** HOLE CARDS ***
ptolejmus joins the table at seat #1 
numapu_33: folds 
ru_ruu_ru: folds 
Weewillis101: calls $1
Manifestorr: folds 
fataleggs13: checks 
*** FLOP *** [2h Ac 9c]
fataleggs13: checks 
Weewillis101: bets $1
fataleggs13: calls $1
*** TURN *** [2h Ac 9c] [Qh]
fataleggs13: checks 
Weewillis101: checks 
*** RIVER *** [2h Ac 9c Qh] [7c]
fataleggs13: bets $4.28
Weewillis101: folds 
Uncalled bet ($4.28) returned to fataleggs13
fataleggs13 collected $4.28 from pot
fataleggs13: doesn't show hand 
*** SUMMARY ***
Total pot $4.50 | Rake $0.22 
Board [2h Ac 9c Qh 7c]
Seat 2: fataleggs13 (big blind) collected ($4.28)
Seat 3: numapu_33 folded before Flop (didn't bet)
Seat 4: ru_ruu_ru folded before Flop (didn't bet)
Seat 5: Weewillis101 (button) folded on the River
Seat 6: Manifestorr (small blind) folded before Flop



PokerStars Hand #254254056927:  Hold'em No Limit ($0.50/$1.00 USD) - 2025/01/07 23:26:26 WET [2025/01/07 18:26:26 ET]
Table 'Laurentia III' 6-max Seat #6 is the button
Seat 1: ptolejmus ($10 in chips) is sitting out
Seat 2: fataleggs13 ($83.19 in chips) 
Seat 3: numapu_33 ($114.78 in chips) 
Seat 4: ru_ruu_ru ($100 in chips) 
Seat 5: Weewillis101 ($169.67 in chips) 
Seat 6: Manifestorr ($154.52 in chips) 
fataleggs13: posts small blind $0.50
numapu_33: posts big blind $1
*** HOLE CARDS ***
ru_ruu_ru: raises $1.20 to $2.20
Weewillis101: folds 
Manifestorr: raises $4.80 to $7
fataleggs13: folds 
numapu_33: folds 
ru_ruu_ru: folds 
Uncalled bet ($4.80) returned to Manifestorr
Manifestorr collected $5.90 from pot
*** SUMMARY ***
Total pot $5.90 | Rake $0 
Seat 1: ptolejmus
Seat 2: fataleggs13 (small blind) folded before Flop
Seat 3: numapu_33 (big blind) folded before Flop
Seat 4: ru_ruu_ru folded before Flop
Seat 5: Weewillis101 folded before Flop (didn't bet)
Seat 6: Manifestorr (button) collected ($5.90)



PokerStars Hand #254254061376:  Hold'em No Limit ($0.50/$1.00 USD) - 2025/01/07 23:26:42 WET [2025/01/07 18:26:42 ET]
Table 'Laurentia III' 6-max Seat #2 is the button
Seat 1: ptolejmus ($10 in chips) is sitting out
Seat 2: fataleggs13 ($82.69 in chips) 
Seat 3: numapu_33 ($113.78 in chips) 
Seat 4: ru_ruu_ru ($100 in chips) 
Seat 5: Weewillis101 ($169.67 in chips) 
Seat 6: Manifestorr ($158.22 in chips) 
numapu_33: posts small blind $0.50
ru_ruu_ru: posts big blind $1
ptolejmus: sits out 
*** HOLE CARDS ***
Weewillis101: raises $2 to $3
Manifestorr: folds 
fataleggs13: folds 
numapu_33: folds 
ru_ruu_ru: folds 
Uncalled bet ($2) returned to Weewillis101
Weewillis101 collected $2.50 from pot
*** SUMMARY ***
Total pot $2.50 | Rake $0 
Seat 1: ptolejmus
Seat 2: fataleggs13 (button) folded before Flop (didn't bet)
Seat 3: numapu_33 (small blind) folded before Flop
Seat 4: ru_ruu_ru (big blind) folded before Flop
Seat 5: Weewillis101 collected ($2.50)
Seat 6: Manifestorr folded before Flop (didn't bet)



PokerStars Hand #254254065596:  Hold'em No Limit ($0.50/$1.00 USD) - 2025/01/07 23:26:58 WET [2025/01/07 18:26:58 ET]
Table 'Laurentia III' 6-max Seat #3 is the button
Seat 1: ptolejmus ($10 in chips) is sitting out
Seat 2: fataleggs13 ($82.69 in chips) 
Seat 3: numapu_33 ($113.28 in chips) 
Seat 4: ru_ruu_ru ($100 in chips) 
Seat 5: Weewillis101 ($171.17 in chips) 
Seat 6: Manifestorr ($158.22 in chips) 
ru_ruu_ru: posts small blind $0.50
Weewillis101: posts big blind $1
ptolejmus: sits out 
*** HOLE CARDS ***
Manifestorr: folds 
fataleggs13: raises $1.20 to $2.20
numapu_33: folds 
ru_ruu_ru: raises $8.80 to $11
Weewillis101: folds 
fataleggs13: raises $18 to $29
ru_ruu_ru: raises $71 to $100 and is all-in
fataleggs13: calls $53.69 and is all-in
Uncalled bet ($17.31) returned to ru_ruu_ru
*** FLOP *** [Js 4c 8s]
*** TURN *** [Js 4c 8s] [9h]
*** RIVER *** [Js 4c 8s 9h] [Kc]
*** SHOW DOWN ***
ru_ruu_ru: shows [Qc Qs] (a pair of Queens)
fataleggs13: shows [Ts Tc] (a pair of Tens)
ru_ruu_ru collected $163.88 from pot
*** SUMMARY ***
Total pot $166.38 | Rake $2.50 
Board [Js 4c 8s 9h Kc]
Seat 1: ptolejmus
Seat 2: fataleggs13 showed [Ts Tc] and lost with a pair of Tens
Seat 3: numapu_33 (button) folded before Flop (didn't bet)
Seat 4: ru_ruu_ru (small blind) showed [Qc Qs] and won ($163.88) with a pair of Queens
Seat 5: Weewillis101 (big blind) folded before Flop
Seat 6: Manifestorr folded before Flop (didn't bet)



PokerStars Hand #254254078494:  Hold'em No Limit ($0.50/$1.00 USD) - 2025/01/07 23:27:45 WET [2025/01/07 18:27:45 ET]
Table 'Laurentia III' 6-max Seat #4 is the button
Seat 1: ptolejmus ($10 in chips) is sitting out
Seat 2: fataleggs13 ($75 in chips) 
Seat 3: numapu_33 ($113.28 in chips) 
Seat 4: ru_ruu_ru ($181.19 in chips) 
Seat 5: Weewillis101 ($170.17 in chips) 
Seat 6: Manifestorr ($158.22 in chips) 
Weewillis101: posts small blind $0.50
Manifestorr: posts big blind $1
*** HOLE CARDS ***
fataleggs13: raises $1.20 to $2.20
numapu_33: folds 
ru_ruu_ru: folds 
Weewillis101: folds 
Manifestorr: folds 
Uncalled bet ($1.20) returned to fataleggs13
fataleggs13 collected $2.50 from pot
fataleggs13: doesn't show hand 
*** SUMMARY ***
Total pot $2.50 | Rake $0 
Seat 1: ptolejmus
Seat 2: fataleggs13 collected ($2.50)
Seat 3: numapu_33 folded before Flop (didn't bet)
Seat 4: ru_ruu_ru (button) folded before Flop (didn't bet)
Seat 5: Weewillis101 (small blind) folded before Flop
Seat 6: Manifestorr (big blind) folded before Flop



PokerStars Hand #254254083017:  Hold'em No Limit ($0.50/$1.00 USD) - 2025/01/07 23:28:02 WET [2025/01/07 18:28:02 ET]
Table 'Laurentia III' 6-max Seat #5 is the button
Seat 1: ptolejmus ($10 in chips) is sitting out
Seat 2: fataleggs13 ($76.50 in chips) 
Seat 3: numapu_33 ($113.28 in chips) 
Seat 4: ru_ruu_ru ($181.19 in chips) 
Seat 5: Weewillis101 ($169.67 in chips) 
Seat 6: Manifestorr ($157.22 in chips) 
Manifestorr: posts small blind $0.50
fataleggs13: posts big blind $1
*** HOLE CARDS ***
numapu_33: raises $1.50 to $2.50
ru_ruu_ru: folds 
Weewillis101: folds 
Manifestorr: folds 
fataleggs13: folds 
Uncalled bet ($1.50) returned to numapu_33
numapu_33 collected $2.50 from pot
numapu_33: doesn't show hand 
*** SUMMARY ***
Total pot $2.50 | Rake $0 
Seat 1: ptolejmus
Seat 2: fataleggs13 (big blind) folded before Flop
Seat 3: numapu_33 collected ($2.50)
Seat 4: ru_ruu_ru folded before Flop (didn't bet)
Seat 5: Weewillis101 (button) folded before Flop (didn't bet)
Seat 6: Manifestorr (small blind) folded before Flop



PokerStars Hand #254254087407:  Hold'em No Limit ($0.50/$1.00 USD) - 2025/01/07 23:28:18 WET [2025/01/07 18:28:18 ET]
Table 'Laurentia III' 6-max Seat #6 is the button
Seat 1: ptolejmus ($10 in chips) is sitting out
Seat 2: fataleggs13 ($75.50 in chips) 
Seat 3: numapu_33 ($114.78 in chips) 
Seat 4: ru_ruu_ru ($181.19 in chips) 
Seat 5: Weewillis101 ($169.67 in chips) 
Seat 6: Manifestorr ($156.72 in chips) 
fataleggs13: posts small blind $0.50
numapu_33: posts big blind $1
*** HOLE CARDS ***
ru_ruu_ru: raises $1.20 to $2.20
Weewillis101: folds 
Manifestorr: folds 
fataleggs13: folds 
numapu_33: folds 
Uncalled bet ($1.20) returned to ru_ruu_ru
ru_ruu_ru collected $2.50 from pot
ru_ruu_ru: doesn't show hand 
*** SUMMARY ***
Total pot $2.50 | Rake $0 
Seat 1: ptolejmus
Seat 2: fataleggs13 (small blind) folded before Flop
Seat 3: numapu_33 (big blind) folded before Flop
Seat 4: ru_ruu_ru collected ($2.50)
Seat 5: Weewillis101 folded before Flop (didn't bet)
Seat 6: Manifestorr (button) folded before Flop (didn't bet)



PokerStars Hand #254254092333:  Hold'em No Limit ($0.50/$1.00 USD) - 2025/01/07 23:28:36 WET [2025/01/07 18:28:36 ET]
Table 'Laurentia III' 6-max Seat #2 is the button
Seat 1: ptolejmus ($10 in chips) is sitting out
Seat 2: fataleggs13 ($75 in chips) 
Seat 3: numapu_33 ($113.78 in chips) 
Seat 4: ru_ruu_ru ($182.69 in chips) 
Seat 5: Weewillis101 ($169.67 in chips) 
Seat 6: Manifestorr ($156.72 in chips) 
numapu_33: posts small blind $0.50
ru_ruu_ru: posts big blind $1
*** HOLE CARDS ***
Weewillis101: raises $2 to $3
Manifestorr: folds 
fataleggs13: folds 
numapu_33: folds 
ru_ruu_ru: folds 
Uncalled bet ($2) returned to Weewillis101
Weewillis101 collected $2.50 from pot
*** SUMMARY ***
Total pot $2.50 | Rake $0 
Seat 1: ptolejmus
Seat 2: fataleggs13 (button) folded before Flop (didn't bet)
Seat 3: numapu_33 (small blind) folded before Flop
Seat 4: ru_ruu_ru (big blind) folded before Flop
Seat 5: Weewillis101 collected ($2.50)
Seat 6: Manifestorr folded before Flop (didn't bet)



PokerStars Hand #254254215579:  Hold'em No Limit ($0.50/$1.00 USD) - 2025/01/07 23:36:19 WET [2025/01/07 18:36:19 ET]
Table 'Laurentia III' 6-max Seat #1 is the button
Seat 1: P3396 ($17.12 in chips) 
Seat 2: Felete1981 ($15.10 in chips) 
Seat 3: numapu_33 ($100 in chips) 
Seat 4: ru_ruu_ru ($171.12 in chips) 
Seat 5: Weewillis101 ($194.02 in chips) 
Seat 6: Manifestorr ($155.62 in chips) 
Felete1981: posts small blind $0.50
numapu_33: posts big blind $1
*** HOLE CARDS ***
ru_ruu_ru: folds 
Weewillis101: raises $2 to $3
Manifestorr: folds 
P3396: folds 
Felete1981: folds 
numapu_33: folds 
Uncalled bet ($2) returned to Weewillis101
Weewillis101 collected $2.50 from pot
*** SUMMARY ***
Total pot $2.50 | Rake $0 
Seat 1: P3396 (button) folded before Flop (didn't bet)
Seat 2: Felete1981 (small blind) folded before Flop
Seat 3: numapu_33 (big blind) folded before Flop
Seat 4: ru_ruu_ru folded before Flop (didn't bet)
Seat 5: Weewillis101 collected ($2.50)
Seat 6: Manifestorr folded before Flop (didn't bet)



PokerStars Hand #254254218557:  Hold'em No Limit ($0.50/$1.00 USD) - 2025/01/07 23:36:30 WET [2025/01/07 18:36:30 ET]
Table 'Laurentia III' 6-max Seat #2 is the button
Seat 1: P3396 ($17.12 in chips) 
Seat 2: Felete1981 ($14.60 in chips) 
Seat 3: numapu_33 ($100 in chips) 
Seat 4: ru_ruu_ru ($171.12 in chips) 
Seat 5: Weewillis101 ($195.52 in chips) 
Seat 6: Manifestorr ($155.62 in chips) 
numapu_33: posts small blind $0.50
ru_ruu_ru: posts big blind $1
*** HOLE CARDS ***
Weewillis101: folds 
Manifestorr: folds 
P3396: calls $1
Felete1981: calls $1
numapu_33: folds 
ru_ruu_ru: checks 
*** FLOP *** [Qs 4s 9h]
ru_ruu_ru: checks 
P3396: checks 
Felete1981: bets $1.66
ru_ruu_ru: folds 
P3396: calls $1.66
*** TURN *** [Qs 4s 9h] [5s]
P3396: checks 
Felete1981: checks 
*** RIVER *** [Qs 4s 9h 5s] [6d]
P3396: bets $4
Felete1981: calls $4
*** SHOW DOWN ***
P3396: shows [4c Ah] (a pair of Fours)
Felete1981: shows [Qh Jh] (a pair of Queens)
Felete1981 collected $14.08 from pot
*** SUMMARY ***
Total pot $14.82 | Rake $0.74 
Board [Qs 4s 9h 5s 6d]
Seat 1: P3396 showed [4c Ah] and lost with a pair of Fours
Seat 2: Felete1981 (button) showed [Qh Jh] and won ($14.08) with a pair of Queens
Seat 3: numapu_33 (small blind) folded before Flop
Seat 4: ru_ruu_ru (big blind) folded on the Flop
Seat 5: Weewillis101 folded before Flop (didn't bet)
Seat 6: Manifestorr folded before Flop (didn't bet)



PokerStars Hand #254254230152:  Hold'em No Limit ($0.50/$1.00 USD) - 2025/01/07 23:37:15 WET [2025/01/07 18:37:15 ET]
Table 'Laurentia III' 6-max Seat #3 is the button
Seat 1: P3396 ($10.46 in chips) 
Seat 2: Felete1981 ($22.02 in chips) 
Seat 3: numapu_33 ($100 in chips) 
Seat 4: ru_ruu_ru ($170.12 in chips) 
Seat 5: Weewillis101 ($195.52 in chips) 
Seat 6: Manifestorr ($155.62 in chips) 
ru_ruu_ru: posts small blind $0.50
Weewillis101: posts big blind $1
*** HOLE CARDS ***
Manifestorr: raises $1.20 to $2.20
P3396: calls $2.20
Felete1981: folds 
numapu_33: folds 
ru_ruu_ru: calls $1.70
Weewillis101: calls $1.20
*** FLOP *** [Jh 6d Kd]
ru_ruu_ru: checks 
Weewillis101: checks 
Manifestorr: checks 
P3396: checks 
*** TURN *** [Jh 6d Kd] [8s]
ru_ruu_ru: checks 
Weewillis101: checks 
Manifestorr: checks 
P3396: checks 
*** RIVER *** [Jh 6d Kd 8s] [Kh]
ru_ruu_ru: checks 
Weewillis101: checks 
Manifestorr: checks 
P3396: checks 
*** SHOW DOWN ***
ru_ruu_ru: shows [Tc 8c] (two pair, Kings and Eights)
Weewillis101: mucks hand 
Manifestorr: mucks hand 
P3396: mucks hand 
ru_ruu_ru collected $8.36 from pot
*** SUMMARY ***
Total pot $8.80 | Rake $0.44 
Board [Jh 6d Kd 8s Kh]
Seat 1: P3396 mucked
Seat 2: Felete1981 folded before Flop (didn't bet)
Seat 3: numapu_33 (button) folded before Flop (didn't bet)
Seat 4: ru_ruu_ru (small blind) showed [Tc 8c] and won ($8.36) with two pair, Kings and Eights
Seat 5: Weewillis101 (big blind) mucked
Seat 6: Manifestorr mucked



PokerStars Hand #254254250003:  Hold'em No Limit ($0.50/$1.00 USD) - 2025/01/07 23:38:30 WET [2025/01/07 18:38:30 ET]
Table 'Laurentia III' 6-max Seat #4 is the button
Seat 1: P3396 ($8.26 in chips) 
Seat 2: Felete1981 ($22.02 in chips) 
Seat 3: numapu_33 ($100 in chips) 
Seat 4: ru_ruu_ru ($176.28 in chips) 
Seat 5: Weewillis101 ($193.32 in chips) 
Seat 6: Manifestorr ($153.42 in chips) 
Weewillis101: posts small blind $0.50
Manifestorr: posts big blind $1
*** HOLE CARDS ***
P3396: folds 
Felete1981: folds 
numapu_33: folds 
ru_ruu_ru: raises $1.50 to $2.50
Weewillis101: folds 
Manifestorr: calls $1.50
*** FLOP *** [Jd Ts Ad]
Manifestorr: checks 
ru_ruu_ru: bets $3.45
Manifestorr: calls $3.45
*** TURN *** [Jd Ts Ad] [2c]
Manifestorr: checks 
ru_ruu_ru: bets $17.67
Manifestorr: calls $17.67
*** RIVER *** [Jd Ts Ad 2c] [7h]
Manifestorr: checks 
ru_ruu_ru: checks 
*** SHOW DOWN ***
Manifestorr: shows [Jh Ac] (two pair, Aces and Jacks)
ru_ruu_ru: mucks hand 
Manifestorr collected $45.35 from pot
*** SUMMARY ***
Total pot $47.74 | Rake $2.39 
Board [Jd Ts Ad 2c 7h]
Seat 1: P3396 folded before Flop (didn't bet)
Seat 2: Felete1981 folded before Flop (didn't bet)
Seat 3: numapu_33 folded before Flop (didn't bet)
Seat 4: ru_ruu_ru (button) mucked
Seat 5: Weewillis101 (small blind) folded before Flop
Seat 6: Manifestorr (big blind) showed [Jh Ac] and won ($45.35) with two pair, Aces and Jacks



PokerStars Hand #254254261609:  Hold'em No Limit ($0.50/$1.00 USD) - 2025/01/07 23:39:15 WET [2025/01/07 18:39:15 ET]
Table 'Laurentia III' 6-max Seat #5 is the button
Seat 1: P3396 ($8.26 in chips) 
Seat 2: Felete1981 ($22.02 in chips) 
Seat 3: numapu_33 ($100 in chips) 
Seat 4: ru_ruu_ru ($152.66 in chips) 
Seat 5: Weewillis101 ($192.82 in chips) 
Seat 6: Manifestorr ($175.15 in chips) 
Manifestorr: posts small blind $0.50
P3396: posts big blind $1
*** HOLE CARDS ***
Felete1981: folds 
numapu_33: folds 
ru_ruu_ru: folds 
Weewillis101: calls $1
Manifestorr: folds 
P3396: checks 
*** FLOP *** [4h Kd Qs]
P3396: bets $2
Weewillis101: calls $2
*** TURN *** [4h Kd Qs] [3d]
P3396: checks 
Weewillis101: bets $189.82 and is all-in
P3396: calls $5.26 and is all-in
Uncalled bet ($184.56) returned to Weewillis101
*** RIVER *** [4h Kd Qs 3d] [3c]
*** SHOW DOWN ***
P3396: shows [5d 6d] (a pair of Threes)
Weewillis101: shows [8d Qd] (two pair, Queens and Threes)
Weewillis101 collected $16.17 from pot
*** SUMMARY ***
Total pot $17.02 | Rake $0.85 
Board [4h Kd Qs 3d 3c]
Seat 1: P3396 (big blind) showed [5d 6d] and lost with a pair of Threes
Seat 2: Felete1981 folded before Flop (didn't bet)
Seat 3: numapu_33 folded before Flop (didn't bet)
Seat 4: ru_ruu_ru folded before Flop (didn't bet)
Seat 5: Weewillis101 (button) showed [8d Qd] and won ($16.17) with two pair, Queens and Threes
Seat 6: Manifestorr (small blind) folded before Flop



PokerStars Hand #254254278520:  Hold'em No Limit ($0.50/$1.00 USD) - 2025/01/07 23:40:20 WET [2025/01/07 18:40:20 ET]
Table 'Laurentia III' 6-max Seat #6 is the button
Seat 1: P3396 ($0 in chips) is sitting out
Seat 2: Felete1981 ($22.02 in chips) 
Seat 3: numapu_33 ($100 in chips) 
Seat 4: ru_ruu_ru ($152.66 in chips) 
Seat 5: Weewillis101 ($200.73 in chips) 
Seat 6: Manifestorr ($174.65 in chips) 
Felete1981: posts small blind $0.50
numapu_33: posts big blind $1
*** HOLE CARDS ***
ru_ruu_ru: folds 
Weewillis101: folds 
P3396 leaves the table
Manifestorr: raises $1.20 to $2.20
Felete1981: folds 
numapu_33: raises $8.80 to $11
Manifestorr: calls $8.80
*** FLOP *** [Jh Js 5d]
BumHuntKing joins the table at seat #1 
numapu_33: bets $11.76
Manifestorr: folds 
Uncalled bet ($11.76) returned to numapu_33
numapu_33 collected $21.38 from pot
numapu_33: doesn't show hand 
*** SUMMARY ***
Total pot $22.50 | Rake $1.12 
Board [Jh Js 5d]
Seat 1: P3396
Seat 2: Felete1981 (small blind) folded before Flop
Seat 3: numapu_33 (big blind) collected ($21.38)
Seat 4: ru_ruu_ru folded before Flop (didn't bet)
Seat 5: Weewillis101 folded before Flop (didn't bet)
Seat 6: Manifestorr (button) folded on the Flop



PokerStars Hand #254254290289:  Hold'em No Limit ($0.50/$1.00 USD) - 2025/01/07 23:41:05 WET [2025/01/07 18:41:05 ET]
Table 'Laurentia III' 6-max Seat #2 is the button
Seat 1: BumHuntKing ($188.20 in chips) is sitting out
Seat 2: Felete1981 ($21.52 in chips) 
Seat 3: numapu_33 ($110.38 in chips) 
Seat 4: ru_ruu_ru ($152.66 in chips) 
Seat 5: Weewillis101 ($200.73 in chips) 
Seat 6: Manifestorr ($163.65 in chips) 
numapu_33: posts small blind $0.50
ru_ruu_ru: posts big blind $1
BumHuntKing: sits out 
*** HOLE CARDS ***
Weewillis101: folds 
Manifestorr: folds 
Felete1981: raises $1.10 to $2.10
numapu_33: raises $5.90 to $8
ru_ruu_ru: folds 
Felete1981: folds 
Uncalled bet ($5.90) returned to numapu_33
numapu_33 collected $5.20 from pot
numapu_33: doesn't show hand 
*** SUMMARY ***
Total pot $5.20 | Rake $0 
Seat 1: BumHuntKing
Seat 2: Felete1981 (button) folded before Flop
Seat 3: numapu_33 (small blind) collected ($5.20)
Seat 4: ru_ruu_ru (big blind) folded before Flop
Seat 5: Weewillis101 folded before Flop (didn't bet)
Seat 6: Manifestorr folded before Flop (didn't bet)



PokerStars Hand #254254296885:  Hold'em No Limit ($0.50/$1.00 USD) - 2025/01/07 23:41:30 WET [2025/01/07 18:41:30 ET]
Table 'Laurentia III' 6-max Seat #3 is the button
Seat 1: BumHuntKing ($188.20 in chips) is sitting out
Seat 2: Felete1981 ($19.42 in chips) 
Seat 3: numapu_33 ($113.48 in chips) 
Seat 4: ru_ruu_ru ($151.66 in chips) 
Seat 5: Weewillis101 ($200.73 in chips) 
Seat 6: Manifestorr ($163.65 in chips) 
ru_ruu_ru: posts small blind $0.50
Weewillis101: posts big blind $1
BumHuntKing: sits out 
*** HOLE CARDS ***
Manifestorr: folds 
Felete1981: folds 
numapu_33: raises $1.50 to $2.50
ru_ruu_ru: folds 
Weewillis101: calls $1.50
*** FLOP *** [7h 8d 4h]
Weewillis101: checks 
numapu_33: bets $1.57
Weewillis101: raises $2.57 to $4.14
numapu_33: calls $2.57
*** TURN *** [7h 8d 4h] [Qd]
Weewillis101: checks 
numapu_33: checks 
*** RIVER *** [7h 8d 4h Qd] [6c]
Weewillis101: bets $6.55
numapu_33: folds 
Uncalled bet ($6.55) returned to Weewillis101
Weewillis101 collected $13.09 from pot
*** SUMMARY ***
Total pot $13.78 | Rake $0.69 
Board [7h 8d 4h Qd 6c]
Seat 1: BumHuntKing
Seat 2: Felete1981 folded before Flop (didn't bet)
Seat 3: numapu_33 (button) folded on the River
Seat 4: ru_ruu_ru (small blind) folded before Flop
Seat 5: Weewillis101 (big blind) collected ($13.09)
Seat 6: Manifestorr folded before Flop (didn't bet)



PokerStars Hand #254254314386:  Hold'em No Limit ($0.50/$1.00 USD) - 2025/01/07 23:42:38 WET [2025/01/07 18:42:38 ET]
Table 'Laurentia III' 6-max Seat #4 is the button
Seat 1: BumHuntKing ($188.20 in chips) is sitting out
Seat 2: Felete1981 ($19.42 in chips) 
Seat 3: numapu_33 ($106.84 in chips) 
Seat 4: ru_ruu_ru ($151.16 in chips) 
Seat 5: Weewillis101 ($207.18 in chips) 
Seat 6: Manifestorr ($163.65 in chips) 
Weewillis101: posts small blind $0.50
Manifestorr: posts big blind $1
BumHuntKing: sits out 
*** HOLE CARDS ***
Felete1981: folds 
numapu_33: folds 
ru_ruu_ru: raises $1.50 to $2.50
Weewillis101: calls $2
Manifestorr: folds 
*** FLOP *** [Ah 3c 2d]
Weewillis101: checks 
ru_ruu_ru: bets $2.85
Weewillis101: calls $2.85
*** TURN *** [Ah 3c 2d] [3h]
Weewillis101: checks 
ru_ruu_ru: bets $3.67
Weewillis101: calls $3.67
*** RIVER *** [Ah 3c 2d 3h] [4s]
Weewillis101: bets $9.05
ru_ruu_ru: raises $133.09 to $142.14 and is all-in
Weewillis101: calls $133.09
*** SHOW DOWN ***
ru_ruu_ru: shows [As Ad] (a full house, Aces full of Threes)
Weewillis101: shows [5d 5c] (a straight, Ace to Five)
ru_ruu_ru collected $300.82 from pot
*** SUMMARY ***
Total pot $303.32 | Rake $2.50 
Board [Ah 3c 2d 3h 4s]
Seat 1: BumHuntKing
Seat 2: Felete1981 folded before Flop (didn't bet)
Seat 3: numapu_33 folded before Flop (didn't bet)
Seat 4: ru_ruu_ru (button) showed [As Ad] and won ($300.82) with a full house, Aces full of Threes
Seat 5: Weewillis101 (small blind) showed [5d 5c] and lost with a straight, Ace to Five
Seat 6: Manifestorr (big blind) folded before Flop



PokerStars Hand #254254329978:  Hold'em No Limit ($0.50/$1.00 USD) - 2025/01/07 23:43:39 WET [2025/01/07 18:43:39 ET]
Table 'Laurentia III' 6-max Seat #5 is the button
Seat 1: BumHuntKing ($188.20 in chips) 
Seat 2: Felete1981 ($19.42 in chips) 
Seat 3: numapu_33 ($106.84 in chips) 
Seat 4: ru_ruu_ru ($300.82 in chips) 
Seat 5: Weewillis101 ($56.02 in chips) 
Seat 6: Manifestorr ($162.65 in chips) 
Manifestorr: posts small blind $0.50
BumHuntKing: posts big blind $1
*** HOLE CARDS ***
Felete1981: folds 
numapu_33: raises $1.50 to $2.50
ru_ruu_ru: folds 
Weewillis101: folds 
Manifestorr: folds 
BumHuntKing: folds 
Uncalled bet ($1.50) returned to numapu_33
numapu_33 collected $2.50 from pot
numapu_33: doesn't show hand 
*** SUMMARY ***
Total pot $2.50 | Rake $0 
Seat 1: BumHuntKing (big blind) folded before Flop
Seat 2: Felete1981 folded before Flop (didn't bet)
Seat 3: numapu_33 collected ($2.50)
Seat 4: ru_ruu_ru folded before Flop (didn't bet)
Seat 5: Weewillis101 (button) folded before Flop (didn't bet)
Seat 6: Manifestorr (small blind) folded before Flop



PokerStars Hand #254254367851:  Hold'em No Limit ($0.50/$1.00 USD) - 2025/01/07 23:46:10 WET [2025/01/07 18:46:10 ET]
Table 'Laurentia III' 6-max Seat #6 is the button
Seat 1: BumHuntKing ($188.70 in chips) 
Seat 2: papatango123 ($100 in chips) 
Seat 3: numapu_33 ($100.84 in chips) 
Seat 4: ru_ruu_ru ($314.62 in chips) 
Seat 5: Weewillis101 ($47.02 in chips) 
Seat 6: Manifestorr ($162.15 in chips) 
BumHuntKing: posts small blind $0.50
papatango123: posts big blind $1
*** HOLE CARDS ***
numapu_33: folds 
ru_ruu_ru: folds 
Weewillis101: folds 
Manifestorr: raises $1.20 to $2.20
BumHuntKing: folds 
papatango123: raises $8.80 to $11
Manifestorr: calls $8.80
*** FLOP *** [5h 6d 6c]
papatango123: bets $7.06
Manifestorr: calls $7.06
*** TURN *** [5h 6d 6c] [7s]
papatango123: checks 
Manifestorr: bets $17.40
papatango123: folds 
Uncalled bet ($17.40) returned to Manifestorr
Manifestorr collected $34.79 from pot
*** SUMMARY ***
Total pot $36.62 | Rake $1.83 
Board [5h 6d 6c 7s]
Seat 1: BumHuntKing (small blind) folded before Flop
Seat 2: papatango123 (big blind) folded on the Turn
Seat 3: numapu_33 folded before Flop (didn't bet)
Seat 4: ru_ruu_ru folded before Flop (didn't bet)
Seat 5: Weewillis101 folded before Flop (didn't bet)
Seat 6: Manifestorr (button) collected ($34.79)



PokerStars Hand #254254379481:  Hold'em No Limit ($0.50/$1.00 USD) - 2025/01/07 23:46:55 WET [2025/01/07 18:46:55 ET]
Table 'Laurentia III' 6-max Seat #1 is the button
Seat 1: BumHuntKing ($188.20 in chips) 
Seat 2: papatango123 ($100 in chips) 
Seat 3: numapu_33 ($100.84 in chips) 
Seat 4: ru_ruu_ru ($314.62 in chips) 
Seat 5: Weewillis101 ($47.02 in chips) 
Seat 6: Manifestorr ($178.88 in chips) 
papatango123: posts small blind $0.50
numapu_33: posts big blind $1
*** HOLE CARDS ***
ru_ruu_ru: folds 
Weewillis101: folds 
Manifestorr: folds 
BumHuntKing: raises $1.50 to $2.50
papatango123: folds 
numapu_33: folds 
Uncalled bet ($1.50) returned to BumHuntKing
BumHuntKing collected $2.50 from pot
BumHuntKing: doesn't show hand 
*** SUMMARY ***
Total pot $2.50 | Rake $0 
Seat 1: BumHuntKing (button) collected ($2.50)
Seat 2: papatango123 (small blind) folded before Flop
Seat 3: numapu_33 (big blind) folded before Flop
Seat 4: ru_ruu_ru folded before Flop (didn't bet)
Seat 5: Weewillis101 folded before Flop (didn't bet)
Seat 6: Manifestorr folded before Flop (didn't bet)



PokerStars Hand #254254383347:  Hold'em No Limit ($0.50/$1.00 USD) - 2025/01/07 23:47:11 WET [2025/01/07 18:47:11 ET]
Table 'Laurentia III' 6-max Seat #2 is the button
Seat 1: BumHuntKing ($189.70 in chips) 
Seat 2: papatango123 ($100 in chips) 
Seat 3: numapu_33 ($100 in chips) 
Seat 4: ru_ruu_ru ($314.62 in chips) 
Seat 5: Weewillis101 ($47.02 in chips) 
Seat 6: Manifestorr ($178.88 in chips) 
numapu_33: posts small blind $0.50
ru_ruu_ru: posts big blind $1
*** HOLE CARDS ***
Weewillis101: raises $2 to $3
Manifestorr: folds 
BumHuntKing: folds 
papatango123: folds 
numapu_33: folds 
ru_ruu_ru: folds 
Uncalled bet ($2) returned to Weewillis101
Weewillis101 collected $2.50 from pot
*** SUMMARY ***
Total pot $2.50 | Rake $0 
Seat 1: BumHuntKing folded before Flop (didn't bet)
Seat 2: papatango123 (button) folded before Flop (didn't bet)
Seat 3: numapu_33 (small blind) folded before Flop
Seat 4: ru_ruu_ru (big blind) folded before Flop
Seat 5: Weewillis101 collected ($2.50)
Seat 6: Manifestorr folded before Flop (didn't bet)



PokerStars Hand #254254390526:  Hold'em No Limit ($0.50/$1.00 USD) - 2025/01/07 23:47:40 WET [2025/01/07 18:47:40 ET]
Table 'Laurentia III' 6-max Seat #3 is the button
Seat 5: Weewillis101 ($48.52 in chips) is sitting out
Seat 1: BumHuntKing ($189.70 in chips) 
Seat 2: papatango123 ($100 in chips) 
Seat 3: numapu_33 ($100 in chips) 
Seat 4: ru_ruu_ru ($313.62 in chips) 
Seat 6: Manifestorr ($178.88 in chips) 
ru_ruu_ru: posts small blind $0.50
Manifestorr: posts big blind $1
*** HOLE CARDS ***
BumHuntKing: folds 
papatango123: folds 
numapu_33: folds 
ru_ruu_ru: raises $2 to $3
Manifestorr: folds 
Uncalled bet ($2) returned to ru_ruu_ru
ru_ruu_ru collected $2 from pot
Weewillis101 leaves the table
ru_ruu_ru: doesn't show hand 
*** SUMMARY ***
Total pot $2 | Rake $0 
Seat 5: Weewillis101
Seat 1: BumHuntKing folded before Flop (didn't bet)
Seat 2: papatango123 folded before Flop (didn't bet)
Seat 3: numapu_33 (button) folded before Flop (didn't bet)
Seat 4: ru_ruu_ru (small blind) collected ($2)
Seat 6: Manifestorr (big blind) folded before Flop



PokerStars Hand #254254394085:  Hold'em No Limit ($0.50/$1.00 USD) - 2025/01/07 23:47:55 WET [2025/01/07 18:47:55 ET]
Table 'Laurentia III' 6-max Seat #4 is the button
Seat 1: BumHuntKing ($189.70 in chips) 
Seat 2: papatango123 ($100 in chips) 
Seat 3: numapu_33 ($100 in chips) 
Seat 4: ru_ruu_ru ($314.62 in chips) 
Seat 6: Manifestorr ($177.88 in chips) 
Manifestorr: posts small blind $0.50
BumHuntKing: posts big blind $1
*** HOLE CARDS ***
papatango123: folds 
numapu_33: folds 
ru_ruu_ru: raises $1.50 to $2.50
Manifestorr: raises $8.50 to $11
BumHuntKing: folds 
ru_ruu_ru: folds 
Uncalled bet ($8.50) returned to Manifestorr
Manifestorr collected $6 from pot
*** SUMMARY ***
Total pot $6 | Rake $0 
Seat 1: BumHuntKing (big blind) folded before Flop
Seat 2: papatango123 folded before Flop (didn't bet)
Seat 3: numapu_33 folded before Flop (didn't bet)
Seat 4: ru_ruu_ru (button) folded before Flop
Seat 6: Manifestorr (small blind) collected ($6)



PokerStars Hand #254254398212:  Hold'em No Limit ($0.50/$1.00 USD) - 2025/01/07 23:48:12 WET [2025/01/07 18:48:12 ET]
Table 'Laurentia III' 6-max Seat #6 is the button
Seat 1: BumHuntKing ($188.70 in chips) 
Seat 2: papatango123 ($100 in chips) 
Seat 3: numapu_33 ($100 in chips) 
Seat 4: ru_ruu_ru ($312.12 in chips) 
Seat 6: Manifestorr ($181.38 in chips) 
BumHuntKing: posts small blind $0.50
papatango123: posts big blind $1
*** HOLE CARDS ***
numapu_33: folds 
ru_ruu_ru: raises $1.50 to $2.50
Manifestorr: folds 
BumHuntKing: folds 
papatango123: folds 
Uncalled bet ($1.50) returned to ru_ruu_ru
ru_ruu_ru collected $2.50 from pot
ru_ruu_ru: doesn't show hand 
*** SUMMARY ***
Total pot $2.50 | Rake $0 
Seat 1: BumHuntKing (small blind) folded before Flop
Seat 2: papatango123 (big blind) folded before Flop
Seat 3: numapu_33 folded before Flop (didn't bet)
Seat 4: ru_ruu_ru collected ($2.50)
Seat 6: Manifestorr (button) folded before Flop (didn't bet)



PokerStars Hand #254254402466:  Hold'em No Limit ($0.50/$1.00 USD) - 2025/01/07 23:48:29 WET [2025/01/07 18:48:29 ET]
Table 'Laurentia III' 6-max Seat #2 is the button
Seat 3: numapu_33 ($100 in chips) is sitting out
Seat 4: ru_ruu_ru ($313.62 in chips) is sitting out
Seat 6: Manifestorr ($181.38 in chips) is sitting out
Seat 1: BumHuntKing ($188.20 in chips) 
Seat 2: papatango123 ($100 in chips) 
papatango123: posts small blind $0.50
numapu_33: is sitting out 
ru_ruu_ru: is sitting out 
Manifestorr: is sitting out 
BumHuntKing: posts big blind $1
*** HOLE CARDS ***
Manifestorr leaves the table
ru_ruu_ru leaves the table
papatango123: raises $3 to $4
numapu_33 leaves the table
BumHuntKing: folds 
Uncalled bet ($3) returned to papatango123
papatango123 collected $2 from pot
papatango123: doesn't show hand 
*** SUMMARY ***
Total pot $2 | Rake $0 
Seat 3: numapu_33
Seat 4: ru_ruu_ru
Seat 6: Manifestorr
Seat 1: BumHuntKing (big blind) folded before Flop
Seat 2: papatango123 (button) (small blind) collected ($2)



