PokerStars Hand #254252225917:  Hold'em No Limit ($0.50/$1.00 USD) - 2025/01/07 21:44:16 WET [2025/01/07 16:44:16 ET]
Table 'Guisan II' 6-max Seat #1 is the button
Seat 1: YeeesMan ($100 in chips) 
Seat 3: 1.0OO.0OO$ ($100 in chips) 
Seat 4: illarins ($100 in chips) 
1.0OO.0OO$: posts small blind $0.50
illarins: posts big blind $1
*** HOLE CARDS ***
YeeesMan: folds 
1.0OO.0OO$: folds 
Uncalled bet ($0.50) returned to illarins
illarins collected $1 from pot
illarins: doesn't show hand 
*** SUMMARY ***
Total pot $1 | Rake $0 
Seat 1: YeeesMan (button) folded before Flop (didn't bet)
Seat 3: 1.0OO.0OO$ (small blind) folded before Flop
Seat 4: illarins (big blind) collected ($1)



PokerStars Hand #254252232959:  Hold'em No Limit ($0.50/$1.00 USD) - 2025/01/07 21:44:37 WET [2025/01/07 16:44:37 ET]
Table 'Guisan II' 6-max Seat #3 is the button
Seat 1: YeeesMan ($100 in chips) 
Seat 3: 1.0OO.0OO$ ($100 in chips) 
Seat 4: illarins ($100.50 in chips) 
illarins: posts small blind $0.50
YeeesMan: posts big blind $1
*** HOLE CARDS ***
1.0OO.0OO$: folds 
illarins: raises $2 to $3
YeeesMan: calls $2
*** FLOP *** [5s Ah 6s]
illarins: checks 
YeeesMan: bets $4.28
illarins: calls $4.28
*** TURN *** [5s Ah 6s] [5h]
illarins: checks 
YeeesMan: checks 
*** RIVER *** [5s Ah 6s 5h] [3h]
illarins: checks 
YeeesMan: checks 
*** SHOW DOWN ***
illarins: shows [7d Ac] (two pair, Aces and Fives)
YeeesMan: mucks hand 
illarins collected $13.83 from pot
*** SUMMARY ***
Total pot $14.56 | Rake $0.73 
Board [5s Ah 6s 5h 3h]
Seat 1: YeeesMan (big blind) mucked
Seat 3: 1.0OO.0OO$ (button) folded before Flop (didn't bet)
Seat 4: illarins (small blind) showed [7d Ac] and won ($13.83) with two pair, Aces and Fives



PokerStars Hand #254252255006:  Hold'em No Limit ($0.50/$1.00 USD) - 2025/01/07 21:45:42 WET [2025/01/07 16:45:42 ET]
Table 'Guisan II' 6-max Seat #4 is the button
Seat 1: YeeesMan ($100 in chips) 
Seat 3: 1.0OO.0OO$ ($100 in chips) 
Seat 4: illarins ($107.05 in chips) 
YeeesMan: posts small blind $0.50
1.0OO.0OO$: posts big blind $1
*** HOLE CARDS ***
illarins: folds 
YeeesMan: folds 
Uncalled bet ($0.50) returned to 1.0OO.0OO$
1.0OO.0OO$ collected $1 from pot
1.0OO.0OO$: doesn't show hand 
*** SUMMARY ***
Total pot $1 | Rake $0 
Seat 1: YeeesMan (small blind) folded before Flop
Seat 3: 1.0OO.0OO$ (big blind) collected ($1)
Seat 4: illarins (button) folded before Flop (didn't bet)



PokerStars Hand #254252281344:  Hold'em No Limit ($0.50/$1.00 USD) - 2025/01/07 21:47:00 WET [2025/01/07 16:47:00 ET]
Table 'Guisan II' 6-max Seat #5 is the button
Seat 1: YeeesMan ($100 in chips) 
Seat 2: The_looser89 ($40 in chips) 
Seat 3: 1.0OO.0OO$ ($100.50 in chips) 
Seat 4: easy_sarcasm ($100 in chips) 
Seat 5: fish my nuts ($100 in chips) 
Seat 6: Manifestorr ($100 in chips) 
Manifestorr: posts small blind $0.50
YeeesMan: posts big blind $1
*** HOLE CARDS ***
The_looser89: folds 
1.0OO.0OO$: folds 
easy_sarcasm: raises $2 to $3
fish my nuts: folds 
Manifestorr: folds 
YeeesMan: folds 
Uncalled bet ($2) returned to easy_sarcasm
easy_sarcasm collected $2.50 from pot
*** SUMMARY ***
Total pot $2.50 | Rake $0 
Seat 1: YeeesMan (big blind) folded before Flop
Seat 2: The_looser89 folded before Flop (didn't bet)
Seat 3: 1.0OO.0OO$ folded before Flop (didn't bet)
Seat 4: easy_sarcasm collected ($2.50)
Seat 5: fish my nuts (button) folded before Flop (didn't bet)
Seat 6: Manifestorr (small blind) folded before Flop



PokerStars Hand #254252290191:  Hold'em No Limit ($0.50/$1.00 USD) - 2025/01/07 21:47:27 WET [2025/01/07 16:47:27 ET]
Table 'Guisan II' 6-max Seat #6 is the button
Seat 1: YeeesMan ($100 in chips) 
Seat 2: The_looser89 ($40 in chips) 
Seat 3: 1.0OO.0OO$ ($100.50 in chips) 
Seat 4: easy_sarcasm ($101.50 in chips) 
Seat 5: fish my nuts ($100 in chips) 
Seat 6: Manifestorr ($100 in chips) 
YeeesMan: posts small blind $0.50
The_looser89: posts big blind $1
*** HOLE CARDS ***
1.0OO.0OO$: folds 
easy_sarcasm: raises $2 to $3
fish my nuts: folds 
Manifestorr: folds 
YeeesMan: folds 
The_looser89: folds 
Uncalled bet ($2) returned to easy_sarcasm
easy_sarcasm collected $2.50 from pot
*** SUMMARY ***
Total pot $2.50 | Rake $0 
Seat 1: YeeesMan (small blind) folded before Flop
Seat 2: The_looser89 (big blind) folded before Flop
Seat 3: 1.0OO.0OO$ folded before Flop (didn't bet)
Seat 4: easy_sarcasm collected ($2.50)
Seat 5: fish my nuts folded before Flop (didn't bet)
Seat 6: Manifestorr (button) folded before Flop (didn't bet)



PokerStars Hand #254252294906:  Hold'em No Limit ($0.50/$1.00 USD) - 2025/01/07 21:47:40 WET [2025/01/07 16:47:40 ET]
Table 'Guisan II' 6-max Seat #1 is the button
Seat 1: YeeesMan ($100 in chips) 
Seat 2: The_looser89 ($39 in chips) 
Seat 3: 1.0OO.0OO$ ($100.50 in chips) 
Seat 4: easy_sarcasm ($103 in chips) 
Seat 5: fish my nuts ($100 in chips) 
Seat 6: Manifestorr ($100 in chips) 
The_looser89: posts small blind $0.50
1.0OO.0OO$: posts big blind $1
*** HOLE CARDS ***
easy_sarcasm: folds 
fish my nuts: folds 
Manifestorr: folds 
YeeesMan: folds 
The_looser89: folds 
Uncalled bet ($0.50) returned to 1.0OO.0OO$
1.0OO.0OO$ collected $1 from pot
1.0OO.0OO$: doesn't show hand 
*** SUMMARY ***
Total pot $1 | Rake $0 
Seat 1: YeeesMan (button) folded before Flop (didn't bet)
Seat 2: The_looser89 (small blind) folded before Flop
Seat 3: 1.0OO.0OO$ (big blind) collected ($1)
Seat 4: easy_sarcasm folded before Flop (didn't bet)
Seat 5: fish my nuts folded before Flop (didn't bet)
Seat 6: Manifestorr folded before Flop (didn't bet)



PokerStars Hand #254252300599:  Hold'em No Limit ($0.50/$1.00 USD) - 2025/01/07 21:47:57 WET [2025/01/07 16:47:57 ET]
Table 'Guisan II' 6-max Seat #2 is the button
Seat 1: YeeesMan ($100 in chips) 
Seat 2: The_looser89 ($38.50 in chips) 
Seat 3: 1.0OO.0OO$ ($101 in chips) 
Seat 4: easy_sarcasm ($103 in chips) 
Seat 5: fish my nuts ($100 in chips) 
Seat 6: Manifestorr ($100 in chips) 
1.0OO.0OO$: posts small blind $0.50
easy_sarcasm: posts big blind $1
*** HOLE CARDS ***
fish my nuts: folds 
Manifestorr: raises $1.20 to $2.20
YeeesMan: folds 
The_looser89: folds 
1.0OO.0OO$: folds 
easy_sarcasm: calls $1.20
*** FLOP *** [Ah Ks 6d]
easy_sarcasm: checks 
Manifestorr: bets $1.54
easy_sarcasm: folds 
Uncalled bet ($1.54) returned to Manifestorr
Manifestorr collected $4.66 from pot
*** SUMMARY ***
Total pot $4.90 | Rake $0.24 
Board [Ah Ks 6d]
Seat 1: YeeesMan folded before Flop (didn't bet)
Seat 2: The_looser89 (button) folded before Flop (didn't bet)
Seat 3: 1.0OO.0OO$ (small blind) folded before Flop
Seat 4: easy_sarcasm (big blind) folded on the Flop
Seat 5: fish my nuts folded before Flop (didn't bet)
Seat 6: Manifestorr collected ($4.66)



PokerStars Hand #254252310801:  Hold'em No Limit ($0.50/$1.00 USD) - 2025/01/07 21:48:27 WET [2025/01/07 16:48:27 ET]
Table 'Guisan II' 6-max Seat #3 is the button
Seat 1: YeeesMan ($100 in chips) 
Seat 2: The_looser89 ($38.50 in chips) 
Seat 3: 1.0OO.0OO$ ($100.50 in chips) 
Seat 4: easy_sarcasm ($100.80 in chips) 
Seat 5: fish my nuts ($100 in chips) 
Seat 6: Manifestorr ($102.46 in chips) 
easy_sarcasm: posts small blind $0.50
fish my nuts: posts big blind $1
*** HOLE CARDS ***
Manifestorr: folds 
YeeesMan: folds 
The_looser89: raises $1 to $2
1.0OO.0OO$: raises $4 to $6
easy_sarcasm: folds 
fish my nuts: folds 
The_looser89: calls $4
*** FLOP *** [3c 5h Qd]
The_looser89: checks 
1.0OO.0OO$: bets $4.69
The_looser89: folds 
Uncalled bet ($4.69) returned to 1.0OO.0OO$
1.0OO.0OO$ collected $12.82 from pot
1.0OO.0OO$: doesn't show hand 
*** SUMMARY ***
Total pot $13.50 | Rake $0.68 
Board [3c 5h Qd]
Seat 1: YeeesMan folded before Flop (didn't bet)
Seat 2: The_looser89 folded on the Flop
Seat 3: 1.0OO.0OO$ (button) collected ($12.82)
Seat 4: easy_sarcasm (small blind) folded before Flop
Seat 5: fish my nuts (big blind) folded before Flop
Seat 6: Manifestorr folded before Flop (didn't bet)



PokerStars Hand #254252325442:  Hold'em No Limit ($0.50/$1.00 USD) - 2025/01/07 21:49:11 WET [2025/01/07 16:49:11 ET]
Table 'Guisan II' 6-max Seat #4 is the button
Seat 1: YeeesMan ($100 in chips) is sitting out
Seat 6: Manifestorr ($102.46 in chips) is sitting out
Seat 2: The_looser89 ($32.50 in chips) 
Seat 3: 1.0OO.0OO$ ($107.32 in chips) 
Seat 4: easy_sarcasm ($100.30 in chips) 
Seat 5: fish my nuts ($100 in chips) 
fish my nuts: posts small blind $0.50
Manifestorr: is sitting out 
YeeesMan: is sitting out 
The_looser89: posts big blind $1
*** HOLE CARDS ***
YeeesMan leaves the table
Manifestorr leaves the table
1.0OO.0OO$: folds 
easy_sarcasm: folds 
fish my nuts: raises $1.80 to $2.80
nastja336 joins the table at seat #1 
The_looser89: raises $5.60 to $8.40
fish my nuts: raises $91.60 to $100 and is all-in
The_looser89: calls $24.10 and is all-in
Uncalled bet ($67.50) returned to fish my nuts
*** FLOP *** [Th As 5d]
*** TURN *** [Th As 5d] [Ah]
*** RIVER *** [Th As 5d Ah] [8h]
*** SHOW DOWN ***
fish my nuts: shows [7d 7s] (two pair, Aces and Sevens)
The_looser89: shows [Qc Kh] (a pair of Aces)
fish my nuts cashed out the hand for $33.96 | Cash Out Fee $0.69
*** SUMMARY ***
Total pot $65 | Rake $1 
Board [Th As 5d Ah 8h]
Seat 1: YeeesMan
Seat 6: Manifestorr
Seat 2: The_looser89 (big blind) showed [Qc Kh] and lost with a pair of Aces
Seat 3: 1.0OO.0OO$ folded before Flop (didn't bet)
Seat 4: easy_sarcasm (button) folded before Flop (didn't bet)
Seat 5: fish my nuts (small blind) showed [7d 7s] and won ($64) with two pair, Aces and Sevens (pot not awarded as player cashed out)



PokerStars Hand #254252339258:  Hold'em No Limit ($0.50/$1.00 USD) - 2025/01/07 21:49:53 WET [2025/01/07 16:49:53 ET]
Table 'Guisan II' 6-max Seat #5 is the button
Seat 1: nastja336 ($100 in chips) is sitting out
Seat 2: The_looser89 ($0 in chips) is sitting out
Seat 3: 1.0OO.0OO$ ($107.32 in chips) 
Seat 4: easy_sarcasm ($100.30 in chips) 
Seat 5: fish my nuts ($101.46 in chips) 
1.0OO.0OO$: posts small blind $0.50
easy_sarcasm: posts big blind $1
*** HOLE CARDS ***
fish my nuts: raises $1.30 to $2.30
1.0OO.0OO$: folds 
easy_sarcasm: folds 
Uncalled bet ($1.30) returned to fish my nuts
fish my nuts collected $2.50 from pot
fish my nuts: doesn't show hand 
*** SUMMARY ***
Total pot $2.50 | Rake $0 
Seat 1: nastja336
Seat 2: The_looser89
Seat 3: 1.0OO.0OO$ (small blind) folded before Flop
Seat 4: easy_sarcasm (big blind) folded before Flop
Seat 5: fish my nuts (button) collected ($2.50)



PokerStars Hand #254252342240:  Hold'em No Limit ($0.50/$1.00 USD) - 2025/01/07 21:50:02 WET [2025/01/07 16:50:02 ET]
Table 'Guisan II' 6-max Seat #3 is the button
Seat 1: nastja336 ($100 in chips) is sitting out
Seat 3: 1.0OO.0OO$ ($106.82 in chips) 
Seat 4: easy_sarcasm ($100 in chips) 
Seat 5: fish my nuts ($102.96 in chips) 
easy_sarcasm: posts small blind $0.50
The_looser89 leaves the table
fish my nuts: posts big blind $1
nastja336: sits out 
*** HOLE CARDS ***
1.0OO.0OO$: folds 
easy_sarcasm: folds 
Uncalled bet ($0.50) returned to fish my nuts
fish my nuts collected $1 from pot
fish my nuts: doesn't show hand 
*** SUMMARY ***
Total pot $1 | Rake $0 
Seat 1: nastja336
Seat 3: 1.0OO.0OO$ (button) folded before Flop (didn't bet)
Seat 4: easy_sarcasm (small blind) folded before Flop
Seat 5: fish my nuts (big blind) collected ($1)



PokerStars Hand #254252347317:  Hold'em No Limit ($0.50/$1.00 USD) - 2025/01/07 21:50:17 WET [2025/01/07 16:50:17 ET]
Table 'Guisan II' 6-max Seat #4 is the button
Seat 1: nastja336 ($100 in chips) 
Seat 3: 1.0OO.0OO$ ($106.82 in chips) 
Seat 4: easy_sarcasm ($100 in chips) 
Seat 5: fish my nuts ($103.46 in chips) 
fish my nuts: posts small blind $0.50
nastja336: posts big blind $1
*** HOLE CARDS ***
1.0OO.0OO$: folds 
easy_sarcasm: raises $1.20 to $2.20
fish my nuts: folds 
nastja336: folds 
Uncalled bet ($1.20) returned to easy_sarcasm
easy_sarcasm collected $2.50 from pot
*** SUMMARY ***
Total pot $2.50 | Rake $0 
Seat 1: nastja336 (big blind) folded before Flop
Seat 3: 1.0OO.0OO$ folded before Flop (didn't bet)
Seat 4: easy_sarcasm (button) collected ($2.50)
Seat 5: fish my nuts (small blind) folded before Flop



PokerStars Hand #254252351755:  Hold'em No Limit ($0.50/$1.00 USD) - 2025/01/07 21:50:31 WET [2025/01/07 16:50:31 ET]
Table 'Guisan II' 6-max Seat #5 is the button
Seat 1: nastja336 ($100 in chips) 
Seat 3: 1.0OO.0OO$ ($106.82 in chips) 
Seat 4: easy_sarcasm ($101.50 in chips) 
Seat 5: fish my nuts ($102.96 in chips) 
nastja336: posts small blind $0.50
1.0OO.0OO$: posts big blind $1
*** HOLE CARDS ***
easy_sarcasm: folds 
fish my nuts: folds 
nastja336: folds 
Uncalled bet ($0.50) returned to 1.0OO.0OO$
1.0OO.0OO$ collected $1 from pot
1.0OO.0OO$: doesn't show hand 
*** SUMMARY ***
Total pot $1 | Rake $0 
Seat 1: nastja336 (small blind) folded before Flop
Seat 3: 1.0OO.0OO$ (big blind) collected ($1)
Seat 4: easy_sarcasm folded before Flop (didn't bet)
Seat 5: fish my nuts (button) folded before Flop (didn't bet)



PokerStars Hand #254252354393:  Hold'em No Limit ($0.50/$1.00 USD) - 2025/01/07 21:50:39 WET [2025/01/07 16:50:39 ET]
Table 'Guisan II' 6-max Seat #1 is the button
Seat 4: easy_sarcasm ($101.50 in chips) is sitting out
Seat 1: nastja336 ($100 in chips) 
Seat 3: 1.0OO.0OO$ ($107.32 in chips) 
Seat 5: fish my nuts ($102.96 in chips) 
1.0OO.0OO$: posts small blind $0.50
easy_sarcasm: is sitting out 
fish my nuts: posts big blind $1
*** HOLE CARDS ***
easy_sarcasm leaves the table
nastja336: folds 
1.0OO.0OO$: folds 
Uncalled bet ($0.50) returned to fish my nuts
fish my nuts collected $1 from pot
fish my nuts: doesn't show hand 
*** SUMMARY ***
Total pot $1 | Rake $0 
Seat 4: easy_sarcasm
Seat 1: nastja336 (button) folded before Flop (didn't bet)
Seat 3: 1.0OO.0OO$ (small blind) folded before Flop
Seat 5: fish my nuts (big blind) collected ($1)



PokerStars Hand #254252360025:  Hold'em No Limit ($0.50/$1.00 USD) - 2025/01/07 21:50:56 WET [2025/01/07 16:50:56 ET]
Table 'Guisan II' 6-max Seat #3 is the button
Seat 1: nastja336 ($100 in chips) 
Seat 3: 1.0OO.0OO$ ($106.82 in chips) 
Seat 5: fish my nuts ($103.46 in chips) 
fish my nuts: posts small blind $0.50
nastja336: posts big blind $1
*** HOLE CARDS ***
1.0OO.0OO$: raises $1.50 to $2.50
fish my nuts: folds 
nastja336: calls $1.50
*** FLOP *** [Th 2s 4s]
nastja336: checks 
1.0OO.0OO$: bets $1.72
nastja336: calls $1.72
*** TURN *** [Th 2s 4s] [Kd]
nastja336: checks 
1.0OO.0OO$: bets $6.37
nastja336: folds 
Uncalled bet ($6.37) returned to 1.0OO.0OO$
1.0OO.0OO$ collected $8.49 from pot
1.0OO.0OO$: doesn't show hand 
*** SUMMARY ***
Total pot $8.94 | Rake $0.45 
Board [Th 2s 4s Kd]
Seat 1: nastja336 (big blind) folded on the Turn
Seat 3: 1.0OO.0OO$ (button) collected ($8.49)
Seat 5: fish my nuts (small blind) folded before Flop



PokerStars Hand #254252379960:  Hold'em No Limit ($0.50/$1.00 USD) - 2025/01/07 21:51:56 WET [2025/01/07 16:51:56 ET]
Table 'Guisan II' 6-max Seat #1 is the button
Seat 3: 1.0OO.0OO$ ($111.09 in chips) is sitting out
Seat 1: nastja336 ($100 in chips) 
Seat 5: fish my nuts ($102.96 in chips) 
nastja336: posts small blind $0.50
1.0OO.0OO$: is sitting out 
fish my nuts: posts big blind $1
*** HOLE CARDS ***
nastja336: raises $2 to $3
fish my nuts: folds 
Uncalled bet ($2) returned to nastja336
nastja336 collected $2 from pot
nastja336: doesn't show hand 
1.0OO.0OO$ leaves the table
*** SUMMARY ***
Total pot $2 | Rake $0 
Seat 3: 1.0OO.0OO$
Seat 1: nastja336 (button) (small blind) collected ($2)
Seat 5: fish my nuts (big blind) folded before Flop



PokerStars Hand #254252457448:  Hold'em No Limit ($0.50/$1.00 USD) - 2025/01/07 21:56:14 WET [2025/01/07 16:56:14 ET]
Table 'Guisan II' 6-max Seat #2 is the button
Seat 2: LuckyShikari ($80 in chips) 
Seat 5: fish my nuts ($101.96 in chips) 
LuckyShikari: posts small blind $0.50
fish my nuts: posts big blind $1
*** HOLE CARDS ***
LuckyShikari: raises $1.50 to $2.50
fish my nuts: folds 
Uncalled bet ($1.50) returned to LuckyShikari
LuckyShikari collected $2 from pot
LuckyShikari: doesn't show hand 
*** SUMMARY ***
Total pot $2 | Rake $0 
Seat 2: LuckyShikari (button) (small blind) collected ($2)
Seat 5: fish my nuts (big blind) folded before Flop



PokerStars Hand #254252459334:  Hold'em No Limit ($0.50/$1.00 USD) - 2025/01/07 21:56:22 WET [2025/01/07 16:56:22 ET]
Table 'Guisan II' 6-max Seat #5 is the button
Seat 2: LuckyShikari ($100 in chips) 
Seat 5: fish my nuts ($100.96 in chips) 
fish my nuts: posts small blind $0.50
LuckyShikari: posts big blind $1
*** HOLE CARDS ***
fish my nuts: raises $1.30 to $2.30
LuckyShikari: folds 
Uncalled bet ($1.30) returned to fish my nuts
fish my nuts collected $2 from pot
fish my nuts: doesn't show hand 
*** SUMMARY ***
Total pot $2 | Rake $0 
Seat 2: LuckyShikari (big blind) folded before Flop
Seat 5: fish my nuts (button) (small blind) collected ($2)



PokerStars Hand #254252463451:  Hold'em No Limit ($0.50/$1.00 USD) - 2025/01/07 21:56:39 WET [2025/01/07 16:56:39 ET]
Table 'Guisan II' 6-max Seat #2 is the button
Seat 2: LuckyShikari ($100 in chips) 
Seat 5: fish my nuts ($101.96 in chips) 
LuckyShikari: posts small blind $0.50
fish my nuts: posts big blind $1
*** HOLE CARDS ***
LuckyShikari: raises $1.50 to $2.50
fish my nuts: folds 
Uncalled bet ($1.50) returned to LuckyShikari
LuckyShikari collected $2 from pot
LuckyShikari: doesn't show hand 
*** SUMMARY ***
Total pot $2 | Rake $0 
Seat 2: LuckyShikari (button) (small blind) collected ($2)
Seat 5: fish my nuts (big blind) folded before Flop



PokerStars Hand #254252465810:  Hold'em No Limit ($0.50/$1.00 USD) - 2025/01/07 21:56:50 WET [2025/01/07 16:56:50 ET]
Table 'Guisan II' 6-max Seat #5 is the button
Seat 2: LuckyShikari ($101 in chips) 
Seat 5: fish my nuts ($100.96 in chips) 
fish my nuts: posts small blind $0.50
LuckyShikari: posts big blind $1
*** HOLE CARDS ***
fish my nuts: raises $1.30 to $2.30
LuckyShikari: raises $7.70 to $10
fish my nuts: folds 
Uncalled bet ($7.70) returned to LuckyShikari
fish my nuts leaves the table
LuckyShikari collected $4.60 from pot
LuckyShikari: doesn't show hand 
*** SUMMARY ***
Total pot $4.60 | Rake $0 
Seat 2: LuckyShikari (big blind) collected ($4.60)
Seat 5: fish my nuts (button) (small blind) folded before Flop



PokerStars Hand #254252502772:  Hold'em No Limit ($0.50/$1.00 USD) - 2025/01/07 21:59:27 WET [2025/01/07 16:59:27 ET]
Table 'Guisan II' 6-max Seat #6 is the button
Seat 2: LuckyShikari ($103.30 in chips) 
Seat 3: vadjkeee ($100 in chips) 
Seat 4: 1.0OO.0OO$ ($111.09 in chips) 
Seat 5: blistein ($100 in chips) 
Seat 6: Supermegopro ($100 in chips) 
LuckyShikari: posts small blind $0.50
vadjkeee: posts big blind $1
*** HOLE CARDS ***
michasia joins the table at seat #1 
1.0OO.0OO$: folds 
blistein: folds 
Supermegopro: raises $1.50 to $2.50
LuckyShikari: folds 
vadjkeee: folds 
Uncalled bet ($1.50) returned to Supermegopro
Supermegopro collected $2.50 from pot
Supermegopro: doesn't show hand 
*** SUMMARY ***
Total pot $2.50 | Rake $0 
Seat 2: LuckyShikari (small blind) folded before Flop
Seat 3: vadjkeee (big blind) folded before Flop
Seat 4: 1.0OO.0OO$ folded before Flop (didn't bet)
Seat 5: blistein folded before Flop (didn't bet)
Seat 6: Supermegopro (button) collected ($2.50)



PokerStars Hand #254252507344:  Hold'em No Limit ($0.50/$1.00 USD) - 2025/01/07 21:59:46 WET [2025/01/07 16:59:46 ET]
Table 'Guisan II' 6-max Seat #2 is the button
Seat 1: michasia ($100 in chips) is sitting out
Seat 2: LuckyShikari ($102.80 in chips) 
Seat 3: vadjkeee ($100 in chips) 
Seat 4: 1.0OO.0OO$ ($111.09 in chips) 
Seat 5: blistein ($100 in chips) 
Seat 6: Supermegopro ($101.50 in chips) 
vadjkeee: posts small blind $0.50
1.0OO.0OO$: posts big blind $1
michasia: sits out 
*** HOLE CARDS ***
blistein: folds 
Supermegopro: raises $1.50 to $2.50
LuckyShikari: folds 
vadjkeee: folds 
1.0OO.0OO$: folds 
Uncalled bet ($1.50) returned to Supermegopro
Supermegopro collected $2.50 from pot
Supermegopro: doesn't show hand 
*** SUMMARY ***
Total pot $2.50 | Rake $0 
Seat 1: michasia
Seat 2: LuckyShikari (button) folded before Flop (didn't bet)
Seat 3: vadjkeee (small blind) folded before Flop
Seat 4: 1.0OO.0OO$ (big blind) folded before Flop
Seat 5: blistein folded before Flop (didn't bet)
Seat 6: Supermegopro collected ($2.50)



PokerStars Hand #254252513095:  Hold'em No Limit ($0.50/$1.00 USD) - 2025/01/07 22:00:11 WET [2025/01/07 17:00:11 ET]
Table 'Guisan II' 6-max Seat #3 is the button
Seat 1: michasia ($100 in chips) is sitting out
Seat 2: LuckyShikari ($102.80 in chips) 
Seat 3: vadjkeee ($100 in chips) 
Seat 4: 1.0OO.0OO$ ($110.09 in chips) 
Seat 5: blistein ($100 in chips) 
Seat 6: Supermegopro ($103 in chips) 
1.0OO.0OO$: posts small blind $0.50
blistein: posts big blind $1
michasia: sits out 
*** HOLE CARDS ***
Supermegopro: raises $1.50 to $2.50
LuckyShikari: folds 
vadjkeee: folds 
1.0OO.0OO$: folds 
blistein: folds 
Uncalled bet ($1.50) returned to Supermegopro
Supermegopro collected $2.50 from pot
Supermegopro: doesn't show hand 
*** SUMMARY ***
Total pot $2.50 | Rake $0 
Seat 1: michasia
Seat 2: LuckyShikari folded before Flop (didn't bet)
Seat 3: vadjkeee (button) folded before Flop (didn't bet)
Seat 4: 1.0OO.0OO$ (small blind) folded before Flop
Seat 5: blistein (big blind) folded before Flop
Seat 6: Supermegopro collected ($2.50)



PokerStars Hand #254252516302:  Hold'em No Limit ($0.50/$1.00 USD) - 2025/01/07 22:00:24 WET [2025/01/07 17:00:24 ET]
Table 'Guisan II' 6-max Seat #4 is the button
Seat 1: michasia ($100 in chips) is sitting out
Seat 2: LuckyShikari ($102.80 in chips) 
Seat 3: vadjkeee ($100 in chips) 
Seat 4: 1.0OO.0OO$ ($109.59 in chips) 
Seat 5: blistein ($100 in chips) 
Seat 6: Supermegopro ($104.50 in chips) 
blistein: posts small blind $0.50
Supermegopro: posts big blind $1
michasia: sits out 
*** HOLE CARDS ***
LuckyShikari: folds 
vadjkeee: raises $1.50 to $2.50
1.0OO.0OO$: folds 
blistein: folds 
Supermegopro: calls $1.50
*** FLOP *** [8c 9h 4c]
Supermegopro: checks 
vadjkeee: bets $3.50
Supermegopro: calls $3.50
*** TURN *** [8c 9h 4c] [9s]
Supermegopro: checks 
vadjkeee: checks 
*** RIVER *** [8c 9h 4c 9s] [7h]
Supermegopro: bets $3.92
vadjkeee: folds 
Uncalled bet ($3.92) returned to Supermegopro
Supermegopro collected $11.88 from pot
Supermegopro: doesn't show hand 
vadjkeee leaves the table
*** SUMMARY ***
Total pot $12.50 | Rake $0.62 
Board [8c 9h 4c 9s 7h]
Seat 1: michasia
Seat 2: LuckyShikari folded before Flop (didn't bet)
Seat 3: vadjkeee folded on the River
Seat 4: 1.0OO.0OO$ (button) folded before Flop (didn't bet)
Seat 5: blistein (small blind) folded before Flop
Seat 6: Supermegopro (big blind) collected ($11.88)



PokerStars Hand #254252526420:  Hold'em No Limit ($0.50/$1.00 USD) - 2025/01/07 22:01:03 WET [2025/01/07 17:01:03 ET]
Table 'Guisan II' 6-max Seat #5 is the button
Seat 1: michasia ($100 in chips) 
Seat 2: LuckyShikari ($102.80 in chips) 
Seat 4: 1.0OO.0OO$ ($109.59 in chips) 
Seat 5: blistein ($100 in chips) 
Seat 6: Supermegopro ($110.38 in chips) 
Supermegopro: posts small blind $0.50
michasia: posts big blind $1
*** HOLE CARDS ***
LuckyShikari: raises $1.50 to $2.50
1.0OO.0OO$: folds 
blistein: folds 
Supermegopro: raises $10.50 to $13
michasia: folds 
LuckyShikari: folds 
Uncalled bet ($10.50) returned to Supermegopro
Supermegopro collected $6 from pot
Supermegopro: doesn't show hand 
*** SUMMARY ***
Total pot $6 | Rake $0 
Seat 1: michasia (big blind) folded before Flop
Seat 2: LuckyShikari folded before Flop
Seat 4: 1.0OO.0OO$ folded before Flop (didn't bet)
Seat 5: blistein (button) folded before Flop (didn't bet)
Seat 6: Supermegopro (small blind) collected ($6)



PokerStars Hand #254252535410:  Hold'em No Limit ($0.50/$1.00 USD) - 2025/01/07 22:01:36 WET [2025/01/07 17:01:36 ET]
Table 'Guisan II' 6-max Seat #6 is the button
Seat 1: michasia ($100 in chips) 
Seat 2: LuckyShikari ($100.30 in chips) 
Seat 4: 1.0OO.0OO$ ($109.59 in chips) 
Seat 5: blistein ($100 in chips) 
Seat 6: Supermegopro ($113.88 in chips) 
michasia: posts small blind $0.50
LuckyShikari: posts big blind $1
*** HOLE CARDS ***
1.0OO.0OO$: folds 
blistein: folds 
Supermegopro: raises $1.50 to $2.50
michasia: folds 
LuckyShikari: folds 
Uncalled bet ($1.50) returned to Supermegopro
Supermegopro collected $2.50 from pot
Supermegopro: doesn't show hand 
*** SUMMARY ***
Total pot $2.50 | Rake $0 
Seat 1: michasia (small blind) folded before Flop
Seat 2: LuckyShikari (big blind) folded before Flop
Seat 4: 1.0OO.0OO$ folded before Flop (didn't bet)
Seat 5: blistein folded before Flop (didn't bet)
Seat 6: Supermegopro (button) collected ($2.50)



PokerStars Hand #254252540401:  Hold'em No Limit ($0.50/$1.00 USD) - 2025/01/07 22:01:52 WET [2025/01/07 17:01:52 ET]
Table 'Guisan II' 6-max Seat #1 is the button
Seat 1: michasia ($100 in chips) 
Seat 2: LuckyShikari ($100 in chips) 
Seat 4: 1.0OO.0OO$ ($109.59 in chips) 
Seat 5: blistein ($100 in chips) 
Seat 6: Supermegopro ($115.38 in chips) 
LuckyShikari: posts small blind $0.50
1.0OO.0OO$: posts big blind $1
*** HOLE CARDS ***
blistein: folds 
Supermegopro: folds 
michasia: folds 
LuckyShikari: folds 
Uncalled bet ($0.50) returned to 1.0OO.0OO$
1.0OO.0OO$ collected $1 from pot
1.0OO.0OO$: doesn't show hand 
*** SUMMARY ***
Total pot $1 | Rake $0 
Seat 1: michasia (button) folded before Flop (didn't bet)
Seat 2: LuckyShikari (small blind) folded before Flop
Seat 4: 1.0OO.0OO$ (big blind) collected ($1)
Seat 5: blistein folded before Flop (didn't bet)
Seat 6: Supermegopro folded before Flop (didn't bet)



PokerStars Hand #254252544125:  Hold'em No Limit ($0.50/$1.00 USD) - 2025/01/07 22:02:04 WET [2025/01/07 17:02:04 ET]
Table 'Guisan II' 6-max Seat #4 is the button
Seat 1: michasia ($100 in chips) is sitting out
Seat 5: blistein ($100 in chips) is sitting out
Seat 6: Supermegopro ($115.38 in chips) is sitting out
Seat 2: LuckyShikari ($100 in chips) 
Seat 4: 1.0OO.0OO$ ($110.09 in chips) 
1.0OO.0OO$: posts small blind $0.50
blistein: is sitting out 
Supermegopro: is sitting out 
michasia: is sitting out 
LuckyShikari: posts big blind $1
*** HOLE CARDS ***
michasia leaves the table
1.0OO.0OO$: raises $1.20 to $2.20
blistein leaves the table
Supermegopro leaves the table
LuckyShikari: calls $1.20
*** FLOP *** [2d 5s 8d]
LuckyShikari: checks 
1.0OO.0OO$: bets $3.14
LuckyShikari: folds 
Uncalled bet ($3.14) returned to 1.0OO.0OO$
1.0OO.0OO$ collected $4.18 from pot
1.0OO.0OO$: doesn't show hand 
*** SUMMARY ***
Total pot $4.40 | Rake $0.22 
Board [2d 5s 8d]
Seat 1: michasia
Seat 5: blistein
Seat 6: Supermegopro
Seat 2: LuckyShikari (big blind) folded on the Flop
Seat 4: 1.0OO.0OO$ (button) (small blind) collected ($4.18)



PokerStars Hand #254252553059:  Hold'em No Limit ($0.50/$1.00 USD) - 2025/01/07 22:02:31 WET [2025/01/07 17:02:31 ET]
Table 'Guisan II' 6-max Seat #2 is the button
Seat 2: LuckyShikari ($100 in chips) 
Seat 4: 1.0OO.0OO$ ($112.07 in chips) 
LuckyShikari: posts small blind $0.50
1.0OO.0OO$: posts big blind $1
*** HOLE CARDS ***
LuckyShikari: raises $2.50 to $3.50
1.0OO.0OO$: calls $2.50
*** FLOP *** [Qh Qs As]
1.0OO.0OO$: checks 
LuckyShikari: bets $1.60
1.0OO.0OO$: calls $1.60
*** TURN *** [Qh Qs As] [4s]
active27 joins the table at seat #5 
nastja336 joins the table at seat #6 
active27 is disconnected 
1.0OO.0OO$: checks 
joaquin612 joins the table at seat #1 
LuckyShikari: checks 
*** RIVER *** [Qh Qs As 4s] [9h]
YeeesMan joins the table at seat #3 
1.0OO.0OO$: bets $16.96
LuckyShikari: folds 
Uncalled bet ($16.96) returned to 1.0OO.0OO$
1.0OO.0OO$ collected $9.69 from pot
1.0OO.0OO$: doesn't show hand 
*** SUMMARY ***
Total pot $10.20 | Rake $0.51 
Board [Qh Qs As 4s 9h]
Seat 2: LuckyShikari (button) (small blind) folded on the River
Seat 4: 1.0OO.0OO$ (big blind) collected ($9.69)



PokerStars Hand #254252573119:  Hold'em No Limit ($0.50/$1.00 USD) - 2025/01/07 22:03:33 WET [2025/01/07 17:03:33 ET]
Table 'Guisan II' 6-max Seat #3 is the button
Seat 1: joaquin612 ($100 in chips) 
Seat 2: LuckyShikari ($100 in chips) 
Seat 3: YeeesMan ($100 in chips) 
Seat 4: 1.0OO.0OO$ ($116.66 in chips) 
Seat 5: active27 ($100 in chips) 
Seat 6: nastja336 ($101 in chips) 
1.0OO.0OO$: posts small blind $0.50
active27: posts big blind $1
*** HOLE CARDS ***
nastja336: folds 
joaquin612: raises $1.50 to $2.50
LuckyShikari: folds 
YeeesMan: raises $5.50 to $8
1.0OO.0OO$: folds 
active27: folds 
joaquin612: folds 
Uncalled bet ($5.50) returned to YeeesMan
YeeesMan collected $6.50 from pot
YeeesMan: doesn't show hand 
*** SUMMARY ***
Total pot $6.50 | Rake $0 
Seat 1: joaquin612 folded before Flop
Seat 2: LuckyShikari folded before Flop (didn't bet)
Seat 3: YeeesMan (button) collected ($6.50)
Seat 4: 1.0OO.0OO$ (small blind) folded before Flop
Seat 5: active27 (big blind) folded before Flop
Seat 6: nastja336 folded before Flop (didn't bet)



PokerStars Hand #254252582369:  Hold'em No Limit ($0.50/$1.00 USD) - 2025/01/07 22:04:02 WET [2025/01/07 17:04:02 ET]
Table 'Guisan II' 6-max Seat #4 is the button
Seat 1: joaquin612 ($100 in chips) 
Seat 2: LuckyShikari ($100 in chips) 
Seat 3: YeeesMan ($104 in chips) 
Seat 4: 1.0OO.0OO$ ($116.16 in chips) 
Seat 5: active27 ($99 in chips) 
Seat 6: nastja336 ($101 in chips) 
active27: posts small blind $0.50
nastja336: posts big blind $1
*** HOLE CARDS ***
joaquin612: folds 
LuckyShikari: folds 
YeeesMan: folds 
1.0OO.0OO$: folds 
active27: folds 
Uncalled bet ($0.50) returned to nastja336
nastja336 collected $1 from pot
nastja336: doesn't show hand 
*** SUMMARY ***
Total pot $1 | Rake $0 
Seat 1: joaquin612 folded before Flop (didn't bet)
Seat 2: LuckyShikari folded before Flop (didn't bet)
Seat 3: YeeesMan folded before Flop (didn't bet)
Seat 4: 1.0OO.0OO$ (button) folded before Flop (didn't bet)
Seat 5: active27 (small blind) folded before Flop
Seat 6: nastja336 (big blind) collected ($1)



PokerStars Hand #254252592513:  Hold'em No Limit ($0.50/$1.00 USD) - 2025/01/07 22:04:32 WET [2025/01/07 17:04:32 ET]
Table 'Guisan II' 6-max Seat #5 is the button
Seat 1: joaquin612 ($100 in chips) 
Seat 2: LuckyShikari ($100 in chips) 
Seat 3: YeeesMan ($104 in chips) 
Seat 4: 1.0OO.0OO$ ($116.16 in chips) 
Seat 5: active27 ($98.50 in chips) 
Seat 6: nastja336 ($101.50 in chips) 
nastja336: posts small blind $0.50
joaquin612: posts big blind $1
*** HOLE CARDS ***
LuckyShikari: folds 
YeeesMan: folds 
1.0OO.0OO$: folds 
active27: raises $2 to $3
nastja336: folds 
joaquin612: calls $2
*** FLOP *** [Jh Qs 7s]
joaquin612: checks 
active27: bets $2
joaquin612: calls $2
*** TURN *** [Jh Qs 7s] [2s]
joaquin612: checks 
active27: checks 
*** RIVER *** [Jh Qs 7s 2s] [Ac]
joaquin612: bets $7.49
active27: calls $7.49
*** SHOW DOWN ***
joaquin612: shows [Tc Ad] (a pair of Aces)
active27: shows [Ah Ts] (a pair of Aces)
joaquin612 collected $12.11 from pot
active27 collected $12.10 from pot
*** SUMMARY ***
Total pot $25.48 | Rake $1.27 
Board [Jh Qs 7s 2s Ac]
Seat 1: joaquin612 (big blind) showed [Tc Ad] and won ($12.11) with a pair of Aces
Seat 2: LuckyShikari folded before Flop (didn't bet)
Seat 3: YeeesMan folded before Flop (didn't bet)
Seat 4: 1.0OO.0OO$ folded before Flop (didn't bet)
Seat 5: active27 (button) showed [Ah Ts] and won ($12.10) with a pair of Aces
Seat 6: nastja336 (small blind) folded before Flop



PokerStars Hand #254252610784:  Hold'em No Limit ($0.50/$1.00 USD) - 2025/01/07 22:05:27 WET [2025/01/07 17:05:27 ET]
Table 'Guisan II' 6-max Seat #6 is the button
Seat 1: joaquin612 ($100 in chips) 
Seat 2: LuckyShikari ($100 in chips) 
Seat 3: YeeesMan ($104 in chips) 
Seat 4: 1.0OO.0OO$ ($116.16 in chips) 
Seat 5: active27 ($98.11 in chips) 
Seat 6: nastja336 ($101 in chips) 
joaquin612: posts small blind $0.50
LuckyShikari: posts big blind $1
*** HOLE CARDS ***
YeeesMan: folds 
1.0OO.0OO$: folds 
active27: folds 
nastja336: folds 
joaquin612: folds 
Uncalled bet ($0.50) returned to LuckyShikari
LuckyShikari collected $1 from pot
LuckyShikari: doesn't show hand 
*** SUMMARY ***
Total pot $1 | Rake $0 
Seat 1: joaquin612 (small blind) folded before Flop
Seat 2: LuckyShikari (big blind) collected ($1)
Seat 3: YeeesMan folded before Flop (didn't bet)
Seat 4: 1.0OO.0OO$ folded before Flop (didn't bet)
Seat 5: active27 folded before Flop (didn't bet)
Seat 6: nastja336 (button) folded before Flop (didn't bet)



PokerStars Hand #254252616076:  Hold'em No Limit ($0.50/$1.00 USD) - 2025/01/07 22:05:44 WET [2025/01/07 17:05:44 ET]
Table 'Guisan II' 6-max Seat #1 is the button
Seat 3: YeeesMan ($104 in chips) is sitting out
Seat 1: joaquin612 ($100 in chips) 
Seat 2: LuckyShikari ($100.50 in chips) 
Seat 4: 1.0OO.0OO$ ($116.16 in chips) 
Seat 5: active27 ($98.11 in chips) 
Seat 6: nastja336 ($101 in chips) 
LuckyShikari: posts small blind $0.50
YeeesMan: is sitting out 
1.0OO.0OO$: posts big blind $1
*** HOLE CARDS ***
YeeesMan leaves the table
active27: folds 
nastja336: folds 
joaquin612: folds 
LuckyShikari: folds 
Uncalled bet ($0.50) returned to 1.0OO.0OO$
1.0OO.0OO$ collected $1 from pot
1.0OO.0OO$: doesn't show hand 
*** SUMMARY ***
Total pot $1 | Rake $0 
Seat 3: YeeesMan
Seat 1: joaquin612 (button) folded before Flop (didn't bet)
Seat 2: LuckyShikari (small blind) folded before Flop
Seat 4: 1.0OO.0OO$ (big blind) collected ($1)
Seat 5: active27 folded before Flop (didn't bet)
Seat 6: nastja336 folded before Flop (didn't bet)



PokerStars Hand #254252622636:  Hold'em No Limit ($0.50/$1.00 USD) - 2025/01/07 22:06:03 WET [2025/01/07 17:06:03 ET]
Table 'Guisan II' 6-max Seat #2 is the button
Seat 1: joaquin612 ($100 in chips) 
Seat 2: LuckyShikari ($100 in chips) 
Seat 4: 1.0OO.0OO$ ($116.66 in chips) 
Seat 5: active27 ($98.11 in chips) 
Seat 6: nastja336 ($101 in chips) 
1.0OO.0OO$: posts small blind $0.50
active27: posts big blind $1
*** HOLE CARDS ***
nastja336: folds 
joaquin612: raises $1.50 to $2.50
LuckyShikari: folds 
1.0OO.0OO$: folds 
active27: calls $1.50
*** FLOP *** [Td 3d 4d]
active27: checks 
joaquin612: bets $1
active27: calls $1
*** TURN *** [Td 3d 4d] [2s]
active27: checks 
joaquin612: bets $2.35
active27: raises $4.35 to $6.70
joaquin612: calls $4.35
*** RIVER *** [Td 3d 4d 2s] [Ks]
active27: checks 
joaquin612: checks 
*** SHOW DOWN ***
active27: shows [Qc Th] (a pair of Tens)
joaquin612: mucks hand 
active27 collected $19.86 from pot
*** SUMMARY ***
Total pot $20.90 | Rake $1.04 
Board [Td 3d 4d 2s Ks]
Seat 1: joaquin612 mucked
Seat 2: LuckyShikari (button) folded before Flop (didn't bet)
Seat 4: 1.0OO.0OO$ (small blind) folded before Flop
Seat 5: active27 (big blind) showed [Qc Th] and won ($19.86) with a pair of Tens
Seat 6: nastja336 folded before Flop (didn't bet)



PokerStars Hand #254252647049:  Hold'em No Limit ($0.50/$1.00 USD) - 2025/01/07 22:07:18 WET [2025/01/07 17:07:18 ET]
Table 'Guisan II' 6-max Seat #4 is the button
Seat 6: nastja336 ($101 in chips) is sitting out
Seat 1: joaquin612 ($100 in chips) 
Seat 2: LuckyShikari ($100 in chips) 
Seat 4: 1.0OO.0OO$ ($116.16 in chips) 
Seat 5: active27 ($107.77 in chips) 
active27: posts small blind $0.50
nastja336: is sitting out 
joaquin612: posts big blind $1
*** HOLE CARDS ***
nastja336 leaves the table
LuckyShikari: folds 
1.0OO.0OO$: folds 
acornram joins the table at seat #3 
acornram is disconnected 
active27: raises $2 to $3
joaquin612: calls $2
*** FLOP *** [5c Jc 5s]
active27: checks 
joaquin612: checks 
*** TURN *** [5c Jc 5s] [6s]
active27: checks 
joaquin612: bets $4.28
franco232315 joins the table at seat #6 
active27: folds 
Uncalled bet ($4.28) returned to joaquin612
joaquin612 collected $5.70 from pot
joaquin612: doesn't show hand 
*** SUMMARY ***
Total pot $6 | Rake $0.30 
Board [5c Jc 5s 6s]
Seat 6: nastja336
Seat 1: joaquin612 (big blind) collected ($5.70)
Seat 2: LuckyShikari folded before Flop (didn't bet)
Seat 4: 1.0OO.0OO$ (button) folded before Flop (didn't bet)
Seat 5: active27 (small blind) folded on the Turn



PokerStars Hand #254252662186:  Hold'em No Limit ($0.50/$1.00 USD) - 2025/01/07 22:08:05 WET [2025/01/07 17:08:05 ET]
Table 'Guisan II' 6-max Seat #5 is the button
Seat 6: franco232315 ($100 in chips) is sitting out
Seat 1: joaquin612 ($102.70 in chips) 
Seat 2: LuckyShikari ($100 in chips) 
Seat 3: acornram ($97.76 in chips) 
Seat 4: 1.0OO.0OO$ ($116.16 in chips) 
Seat 5: active27 ($104.77 in chips) 
joaquin612: posts small blind $0.50
LuckyShikari: posts big blind $1
acornram: posts big blind $1
*** HOLE CARDS ***
acornram: checks 
1.0OO.0OO$: raises $3 to $4
active27: folds 
joaquin612: folds 
LuckyShikari: raises $13.50 to $17.50
acornram: folds 
1.0OO.0OO$: folds 
Uncalled bet ($13.50) returned to LuckyShikari
LuckyShikari collected $9.50 from pot
LuckyShikari: doesn't show hand 
*** SUMMARY ***
Total pot $9.50 | Rake $0 
Seat 6: franco232315
Seat 1: joaquin612 (small blind) folded before Flop
Seat 2: LuckyShikari (big blind) collected ($9.50)
Seat 3: acornram folded before Flop (didn't bet)
Seat 4: 1.0OO.0OO$ folded before Flop
Seat 5: active27 (button) folded before Flop (didn't bet)



PokerStars Hand #254252669573:  Hold'em No Limit ($0.50/$1.00 USD) - 2025/01/07 22:08:27 WET [2025/01/07 17:08:27 ET]
Table 'Guisan II' 6-max Seat #1 is the button
Seat 6: franco232315 ($100 in chips) is sitting out
Seat 1: joaquin612 ($102.20 in chips) 
Seat 2: LuckyShikari ($105.50 in chips) 
Seat 3: acornram ($96.76 in chips) 
Seat 4: 1.0OO.0OO$ ($112.16 in chips) 
Seat 5: active27 ($104.77 in chips) 
LuckyShikari: posts small blind $0.50
acornram: posts big blind $1
franco232315: sits out 
*** HOLE CARDS ***
1.0OO.0OO$: raises $1.50 to $2.50
active27: calls $2.50
joaquin612: folds 
LuckyShikari: folds 
acornram: folds 
*** FLOP *** [Kh Jd 2s]
1.0OO.0OO$: checks 
active27: checks 
*** TURN *** [Kh Jd 2s] [6c]
1.0OO.0OO$: checks 
active27: checks 
*** RIVER *** [Kh Jd 2s 6c] [8d]
1.0OO.0OO$: checks 
active27: checks 
*** SHOW DOWN ***
1.0OO.0OO$: shows [3d 3c] (a pair of Threes)
active27: shows [8c Qc] (a pair of Eights)
active27 collected $6.18 from pot
*** SUMMARY ***
Total pot $6.50 | Rake $0.32 
Board [Kh Jd 2s 6c 8d]
Seat 6: franco232315
Seat 1: joaquin612 (button) folded before Flop (didn't bet)
Seat 2: LuckyShikari (small blind) folded before Flop
Seat 3: acornram (big blind) folded before Flop
Seat 4: 1.0OO.0OO$ showed [3d 3c] and lost with a pair of Threes
Seat 5: active27 showed [8c Qc] and won ($6.18) with a pair of Eights



PokerStars Hand #254252690484:  Hold'em No Limit ($0.50/$1.00 USD) - 2025/01/07 22:09:32 WET [2025/01/07 17:09:32 ET]
Table 'Guisan II' 6-max Seat #2 is the button
Seat 6: franco232315 ($100 in chips) is sitting out
Seat 1: joaquin612 ($102.20 in chips) 
Seat 2: LuckyShikari ($105 in chips) 
Seat 3: acornram ($95.76 in chips) 
Seat 4: 1.0OO.0OO$ ($109.66 in chips) 
Seat 5: active27 ($108.45 in chips) 
acornram: posts small blind $0.50
1.0OO.0OO$: posts big blind $1
franco232315: sits out 
*** HOLE CARDS ***
active27: folds 
joaquin612: folds 
LuckyShikari: folds 
acornram: raises $1 to $2
1.0OO.0OO$: folds 
Uncalled bet ($1) returned to acornram
acornram collected $2 from pot
*** SUMMARY ***
Total pot $2 | Rake $0 
Seat 6: franco232315
Seat 1: joaquin612 folded before Flop (didn't bet)
Seat 2: LuckyShikari (button) folded before Flop (didn't bet)
Seat 3: acornram (small blind) collected ($2)
Seat 4: 1.0OO.0OO$ (big blind) folded before Flop
Seat 5: active27 folded before Flop (didn't bet)



PokerStars Hand #254252695144:  Hold'em No Limit ($0.50/$1.00 USD) - 2025/01/07 22:09:47 WET [2025/01/07 17:09:47 ET]
Table 'Guisan II' 6-max Seat #3 is the button
Seat 6: franco232315 ($100 in chips) is sitting out
Seat 1: joaquin612 ($102.20 in chips) 
Seat 2: LuckyShikari ($105 in chips) 
Seat 3: acornram ($96.76 in chips) 
Seat 4: 1.0OO.0OO$ ($108.66 in chips) 
Seat 5: active27 ($108.45 in chips) 
1.0OO.0OO$: posts small blind $0.50
active27: posts big blind $1
franco232315: sits out 
*** HOLE CARDS ***
joaquin612: folds 
LuckyShikari: raises $2.50 to $3.50
acornram: calls $3.50
1.0OO.0OO$: folds 
active27: folds 
*** FLOP *** [Tc Kd 2s]
LuckyShikari: checks 
acornram: bets $4.04
LuckyShikari: folds 
Uncalled bet ($4.04) returned to acornram
acornram collected $8.08 from pot
*** SUMMARY ***
Total pot $8.50 | Rake $0.42 
Board [Tc Kd 2s]
Seat 6: franco232315
Seat 1: joaquin612 folded before Flop (didn't bet)
Seat 2: LuckyShikari folded on the Flop
Seat 3: acornram (button) collected ($8.08)
Seat 4: 1.0OO.0OO$ (small blind) folded before Flop
Seat 5: active27 (big blind) folded before Flop



PokerStars Hand #254252707223:  Hold'em No Limit ($0.50/$1.00 USD) - 2025/01/07 22:10:24 WET [2025/01/07 17:10:24 ET]
Table 'Guisan II' 6-max Seat #4 is the button
Seat 5: active27 ($107.45 in chips) is sitting out
Seat 6: franco232315 ($100 in chips) is sitting out
Seat 1: joaquin612 ($102.20 in chips) 
Seat 2: LuckyShikari ($101.50 in chips) 
Seat 3: acornram ($101.34 in chips) 
Seat 4: 1.0OO.0OO$ ($108.16 in chips) 
joaquin612: posts small blind $0.50
LuckyShikari: posts big blind $1
*** HOLE CARDS ***
acornram: calls $1
1.0OO.0OO$: folds 
joaquin612: folds 
LuckyShikari: checks 
*** FLOP *** [4d Qs 8h]
LuckyShikari: checks 
acornram: bets $1.19
LuckyShikari: calls $1.19
*** TURN *** [4d Qs 8h] [As]
LuckyShikari: checks 
acornram: bets $2.32
LuckyShikari: folds 
Uncalled bet ($2.32) returned to acornram
acornram collected $4.64 from pot
*** SUMMARY ***
Total pot $4.88 | Rake $0.24 
Board [4d Qs 8h As]
Seat 5: active27
Seat 6: franco232315
Seat 1: joaquin612 (small blind) folded before Flop
Seat 2: LuckyShikari (big blind) folded on the Turn
Seat 3: acornram collected ($4.64)
Seat 4: 1.0OO.0OO$ (button) folded before Flop (didn't bet)



PokerStars Hand #254252720615:  Hold'em No Limit ($0.50/$1.00 USD) - 2025/01/07 22:11:04 WET [2025/01/07 17:11:04 ET]
Table 'Guisan II' 6-max Seat #1 is the button
Seat 5: active27 ($107.45 in chips) is sitting out
Seat 6: franco232315 ($100 in chips) is sitting out
Seat 1: joaquin612 ($101.70 in chips) 
Seat 2: LuckyShikari ($100 in chips) 
Seat 3: acornram ($103.79 in chips) 
Seat 4: 1.0OO.0OO$ ($108.16 in chips) 
LuckyShikari: posts small blind $0.50
acornram: posts big blind $1
franco232315: sits out 
*** HOLE CARDS ***
1.0OO.0OO$: raises $1.50 to $2.50
joaquin612: folds 
LuckyShikari: calls $2
active27 is disconnected 
acornram: raises $2.50 to $5
1.0OO.0OO$: calls $2.50
LuckyShikari: calls $2.50
*** FLOP *** [3s Kc 5h]
LuckyShikari: checks 
acornram: bets $7.13
1.0OO.0OO$: folds 
LuckyShikari: folds 
Uncalled bet ($7.13) returned to acornram
acornram collected $14.25 from pot
*** SUMMARY ***
Total pot $15 | Rake $0.75 
Board [3s Kc 5h]
Seat 5: active27
Seat 6: franco232315
Seat 1: joaquin612 (button) folded before Flop (didn't bet)
Seat 2: LuckyShikari (small blind) folded on the Flop
Seat 3: acornram (big blind) collected ($14.25)
Seat 4: 1.0OO.0OO$ folded on the Flop



PokerStars Hand #254252734401:  Hold'em No Limit ($0.50/$1.00 USD) - 2025/01/07 22:11:47 WET [2025/01/07 17:11:47 ET]
Table 'Guisan II' 6-max Seat #2 is the button
Seat 5: active27 ($107.45 in chips) is sitting out
Seat 6: franco232315 ($100 in chips) is sitting out
Seat 1: joaquin612 ($101.70 in chips) 
Seat 2: LuckyShikari ($100 in chips) 
Seat 3: acornram ($113.04 in chips) 
Seat 4: 1.0OO.0OO$ ($103.16 in chips) 
acornram: posts small blind $0.50
1.0OO.0OO$: posts big blind $1
franco232315: sits out 
*** HOLE CARDS ***
joaquin612: folds 
LuckyShikari: raises $1.50 to $2.50
acornram: folds 
1.0OO.0OO$: folds 
Uncalled bet ($1.50) returned to LuckyShikari
LuckyShikari collected $2.50 from pot
LuckyShikari: doesn't show hand 
*** SUMMARY ***
Total pot $2.50 | Rake $0 
Seat 5: active27
Seat 6: franco232315
Seat 1: joaquin612 folded before Flop (didn't bet)
Seat 2: LuckyShikari (button) collected ($2.50)
Seat 3: acornram (small blind) folded before Flop
Seat 4: 1.0OO.0OO$ (big blind) folded before Flop



PokerStars Hand #254252739001:  Hold'em No Limit ($0.50/$1.00 USD) - 2025/01/07 22:12:01 WET [2025/01/07 17:12:01 ET]
Table 'Guisan II' 6-max Seat #3 is the button
Seat 5: active27 ($107.45 in chips) is sitting out
Seat 1: joaquin612 ($101.70 in chips) 
Seat 2: LuckyShikari ($101.50 in chips) 
Seat 3: acornram ($112.54 in chips) 
Seat 4: 1.0OO.0OO$ ($102.16 in chips) 
Seat 6: franco232315 ($100 in chips) 
1.0OO.0OO$: posts small blind $0.50
franco232315: posts big blind $1
*** HOLE CARDS ***
joaquin612: folds 
LuckyShikari: raises $1.20 to $2.20
acornram: folds 
1.0OO.0OO$: folds 
franco232315: calls $1.20
*** FLOP *** [7c Th 4d]
franco232315: checks 
LuckyShikari: checks 
*** TURN *** [7c Th 4d] [7h]
active27 is disconnected 
franco232315: bets $1.54
LuckyShikari: calls $1.54
*** RIVER *** [7c Th 4d 7h] [8c]
franco232315: bets $2.50
LuckyShikari: folds 
Uncalled bet ($2.50) returned to franco232315
franco232315 collected $7.58 from pot
franco232315: doesn't show hand 
*** SUMMARY ***
Total pot $7.98 | Rake $0.40 
Board [7c Th 4d 7h 8c]
Seat 5: active27
Seat 1: joaquin612 folded before Flop (didn't bet)
Seat 2: LuckyShikari folded on the River
Seat 3: acornram (button) folded before Flop (didn't bet)
Seat 4: 1.0OO.0OO$ (small blind) folded before Flop
Seat 6: franco232315 (big blind) collected ($7.58)



PokerStars Hand #254252755632:  Hold'em No Limit ($0.50/$1.00 USD) - 2025/01/07 22:12:52 WET [2025/01/07 17:12:52 ET]
Table 'Guisan II' 6-max Seat #4 is the button
Seat 5: active27 ($107.45 in chips) is sitting out
Seat 1: joaquin612 ($101.70 in chips) 
Seat 2: LuckyShikari ($100 in chips) 
Seat 3: acornram ($112.54 in chips) 
Seat 4: 1.0OO.0OO$ ($101.66 in chips) 
Seat 6: franco232315 ($103.84 in chips) 
franco232315: posts small blind $0.50
joaquin612: posts big blind $1
*** HOLE CARDS ***
LuckyShikari: folds 
acornram: folds 
1.0OO.0OO$: folds 
franco232315: raises $2 to $3
joaquin612: folds 
Uncalled bet ($2) returned to franco232315
franco232315 collected $2 from pot
franco232315: doesn't show hand 
*** SUMMARY ***
Total pot $2 | Rake $0 
Seat 5: active27
Seat 1: joaquin612 (big blind) folded before Flop
Seat 2: LuckyShikari folded before Flop (didn't bet)
Seat 3: acornram folded before Flop (didn't bet)
Seat 4: 1.0OO.0OO$ (button) folded before Flop (didn't bet)
Seat 6: franco232315 (small blind) collected ($2)



PokerStars Hand #254252760170:  Hold'em No Limit ($0.50/$1.00 USD) - 2025/01/07 22:13:06 WET [2025/01/07 17:13:06 ET]
Table 'Guisan II' 6-max Seat #6 is the button
Seat 5: active27 ($107.45 in chips) is sitting out
Seat 1: joaquin612 ($100.70 in chips) 
Seat 2: LuckyShikari ($100 in chips) 
Seat 3: acornram ($112.54 in chips) 
Seat 4: 1.0OO.0OO$ ($101.66 in chips) 
Seat 6: franco232315 ($104.84 in chips) 
joaquin612: posts small blind $0.50
LuckyShikari: posts big blind $1
*** HOLE CARDS ***
acornram: folds 
1.0OO.0OO$: folds 
franco232315: folds 
joaquin612: raises $2 to $3
LuckyShikari: folds 
Uncalled bet ($2) returned to joaquin612
joaquin612 collected $2 from pot
joaquin612: doesn't show hand 
*** SUMMARY ***
Total pot $2 | Rake $0 
Seat 5: active27
Seat 1: joaquin612 (small blind) collected ($2)
Seat 2: LuckyShikari (big blind) folded before Flop
Seat 3: acornram folded before Flop (didn't bet)
Seat 4: 1.0OO.0OO$ folded before Flop (didn't bet)
Seat 6: franco232315 (button) folded before Flop (didn't bet)



PokerStars Hand #254252771235:  Hold'em No Limit ($0.50/$1.00 USD) - 2025/01/07 22:13:40 WET [2025/01/07 17:13:40 ET]
Table 'Guisan II' 6-max Seat #1 is the button
Seat 5: active27 ($107.45 in chips) is sitting out
Seat 1: joaquin612 ($101.70 in chips) 
Seat 2: LuckyShikari ($100 in chips) 
Seat 3: acornram ($112.54 in chips) 
Seat 4: 1.0OO.0OO$ ($101.66 in chips) 
Seat 6: franco232315 ($104.84 in chips) 
LuckyShikari: posts small blind $0.50
acornram: posts big blind $1
*** HOLE CARDS ***
1.0OO.0OO$: folds 
franco232315: folds 
joaquin612: raises $1.50 to $2.50
LuckyShikari: folds 
acornram: folds 
Uncalled bet ($1.50) returned to joaquin612
joaquin612 collected $2.50 from pot
joaquin612: doesn't show hand 
*** SUMMARY ***
Total pot $2.50 | Rake $0 
Seat 5: active27
Seat 1: joaquin612 (button) collected ($2.50)
Seat 2: LuckyShikari (small blind) folded before Flop
Seat 3: acornram (big blind) folded before Flop
Seat 4: 1.0OO.0OO$ folded before Flop (didn't bet)
Seat 6: franco232315 folded before Flop (didn't bet)



PokerStars Hand #254252779467:  Hold'em No Limit ($0.50/$1.00 USD) - 2025/01/07 22:14:06 WET [2025/01/07 17:14:06 ET]
Table 'Guisan II' 6-max Seat #2 is the button
Seat 5: active27 ($107.45 in chips) is sitting out
Seat 1: joaquin612 ($103.20 in chips) 
Seat 2: LuckyShikari ($100 in chips) 
Seat 3: acornram ($111.54 in chips) 
Seat 4: 1.0OO.0OO$ ($101.66 in chips) 
Seat 6: franco232315 ($104.84 in chips) 
acornram: posts small blind $0.50
1.0OO.0OO$: posts big blind $1
*** HOLE CARDS ***
franco232315: folds 
joaquin612: folds 
LuckyShikari: raises $2.50 to $3.50
acornram: folds 
1.0OO.0OO$: folds 
Uncalled bet ($2.50) returned to LuckyShikari
LuckyShikari collected $2.50 from pot
LuckyShikari: doesn't show hand 
*** SUMMARY ***
Total pot $2.50 | Rake $0 
Seat 5: active27
Seat 1: joaquin612 folded before Flop (didn't bet)
Seat 2: LuckyShikari (button) collected ($2.50)
Seat 3: acornram (small blind) folded before Flop
Seat 4: 1.0OO.0OO$ (big blind) folded before Flop
Seat 6: franco232315 folded before Flop (didn't bet)



PokerStars Hand #254252785592:  Hold'em No Limit ($0.50/$1.00 USD) - 2025/01/07 22:14:25 WET [2025/01/07 17:14:25 ET]
Table 'Guisan II' 6-max Seat #3 is the button
Seat 5: active27 ($107.45 in chips) is sitting out
Seat 1: joaquin612 ($103.20 in chips) 
Seat 2: LuckyShikari ($101.50 in chips) 
Seat 3: acornram ($111.04 in chips) 
Seat 4: 1.0OO.0OO$ ($100.66 in chips) 
Seat 6: franco232315 ($104.84 in chips) 
1.0OO.0OO$: posts small blind $0.50
franco232315: posts big blind $1
*** HOLE CARDS ***
joaquin612: raises $1.50 to $2.50
LuckyShikari: folds 
acornram: folds 
1.0OO.0OO$: folds 
franco232315: folds 
Uncalled bet ($1.50) returned to joaquin612
joaquin612 collected $2.50 from pot
joaquin612: doesn't show hand 
*** SUMMARY ***
Total pot $2.50 | Rake $0 
Seat 5: active27
Seat 1: joaquin612 collected ($2.50)
Seat 2: LuckyShikari folded before Flop (didn't bet)
Seat 3: acornram (button) folded before Flop (didn't bet)
Seat 4: 1.0OO.0OO$ (small blind) folded before Flop
Seat 6: franco232315 (big blind) folded before Flop



PokerStars Hand #254252789289:  Hold'em No Limit ($0.50/$1.00 USD) - 2025/01/07 22:14:36 WET [2025/01/07 17:14:36 ET]
Table 'Guisan II' 6-max Seat #4 is the button
Seat 5: active27 ($107.45 in chips) is sitting out
Seat 1: joaquin612 ($104.70 in chips) 
Seat 2: LuckyShikari ($101.50 in chips) 
Seat 3: acornram ($111.04 in chips) 
Seat 4: 1.0OO.0OO$ ($100.16 in chips) 
Seat 6: franco232315 ($103.84 in chips) 
franco232315: posts small blind $0.50
joaquin612: posts big blind $1
*** HOLE CARDS ***
LuckyShikari: folds 
acornram: raises $1 to $2
1.0OO.0OO$: calls $2
franco232315: raises $11 to $13
joaquin612: folds 
acornram: folds 
1.0OO.0OO$: folds 
Uncalled bet ($11) returned to franco232315
franco232315 collected $7 from pot
franco232315: doesn't show hand 
*** SUMMARY ***
Total pot $7 | Rake $0 
Seat 5: active27
Seat 1: joaquin612 (big blind) folded before Flop
Seat 2: LuckyShikari folded before Flop (didn't bet)
Seat 3: acornram folded before Flop
Seat 4: 1.0OO.0OO$ (button) folded before Flop
Seat 6: franco232315 (small blind) collected ($7)



PokerStars Hand #254252802580:  Hold'em No Limit ($0.50/$1.00 USD) - 2025/01/07 22:15:18 WET [2025/01/07 17:15:18 ET]
Table 'Guisan II' 6-max Seat #6 is the button
Seat 5: active27 ($107.45 in chips) is sitting out
Seat 1: joaquin612 ($103.70 in chips) 
Seat 2: LuckyShikari ($101.50 in chips) 
Seat 3: acornram ($109.04 in chips) 
Seat 4: 1.0OO.0OO$ ($100 in chips) 
Seat 6: franco232315 ($108.84 in chips) 
joaquin612: posts small blind $0.50
LuckyShikari: posts big blind $1
*** HOLE CARDS ***
acornram: folds 
1.0OO.0OO$: raises $1.50 to $2.50
franco232315: raises $5 to $7.50
joaquin612: folds 
LuckyShikari: folds 
1.0OO.0OO$: calls $5
*** FLOP *** [8d Js 4s]
1.0OO.0OO$: checks 
franco232315: bets $7.84
1.0OO.0OO$: calls $7.84
*** TURN *** [8d Js 4s] [7c]
1.0OO.0OO$: checks 
franco232315: checks 
*** RIVER *** [8d Js 4s 7c] [5h]
1.0OO.0OO$: bets $18.37
franco232315: folds 
Uncalled bet ($18.37) returned to 1.0OO.0OO$
1.0OO.0OO$ collected $30.57 from pot
1.0OO.0OO$: doesn't show hand 
*** SUMMARY ***
Total pot $32.18 | Rake $1.61 
Board [8d Js 4s 7c 5h]
Seat 5: active27
Seat 1: joaquin612 (small blind) folded before Flop
Seat 2: LuckyShikari (big blind) folded before Flop
Seat 3: acornram folded before Flop (didn't bet)
Seat 4: 1.0OO.0OO$ collected ($30.57)
Seat 6: franco232315 (button) folded on the River



PokerStars Hand #254252834523:  Hold'em No Limit ($0.50/$1.00 USD) - 2025/01/07 22:16:57 WET [2025/01/07 17:16:57 ET]
Table 'Guisan II' 6-max Seat #1 is the button
Seat 1: joaquin612 ($103.20 in chips) 
Seat 2: LuckyShikari ($100.50 in chips) 
Seat 3: acornram ($109.04 in chips) 
Seat 4: 1.0OO.0OO$ ($115.23 in chips) 
Seat 5: active27 ($107.45 in chips) 
Seat 6: franco232315 ($100 in chips) 
LuckyShikari: posts small blind $0.50
acornram: posts big blind $1
active27: posts small & big blinds $1.50
*** HOLE CARDS ***
1.0OO.0OO$: folds 
active27: checks 
franco232315: raises $4 to $5
joaquin612: folds 
LuckyShikari: folds 
acornram: folds 
active27: folds 
Uncalled bet ($4) returned to franco232315
franco232315 collected $4 from pot
franco232315: doesn't show hand 
*** SUMMARY ***
Total pot $4 | Rake $0 
Seat 1: joaquin612 (button) folded before Flop (didn't bet)
Seat 2: LuckyShikari (small blind) folded before Flop
Seat 3: acornram (big blind) folded before Flop
Seat 4: 1.0OO.0OO$ folded before Flop (didn't bet)
Seat 5: active27 folded before Flop (didn't bet)
Seat 6: franco232315 collected ($4)



PokerStars Hand #254252843621:  Hold'em No Limit ($0.50/$1.00 USD) - 2025/01/07 22:17:25 WET [2025/01/07 17:17:25 ET]
Table 'Guisan II' 6-max Seat #2 is the button
Seat 1: joaquin612 ($103.20 in chips) 
Seat 2: LuckyShikari ($100 in chips) 
Seat 3: acornram ($108.04 in chips) 
Seat 4: 1.0OO.0OO$ ($115.23 in chips) 
Seat 5: active27 ($105.95 in chips) 
Seat 6: franco232315 ($103 in chips) 
acornram: posts small blind $0.50
1.0OO.0OO$: posts big blind $1
*** HOLE CARDS ***
active27: raises $1 to $2
franco232315: raises $5 to $7
joaquin612: folds 
LuckyShikari: folds 
acornram: folds 
1.0OO.0OO$: folds 
active27: raises $9 to $16
franco232315: calls $9
*** FLOP *** [8s 5c 7h]
active27: bets $11
franco232315: calls $11
*** TURN *** [8s 5c 7h] [5h]
active27: bets $24.50
franco232315: folds 
Uncalled bet ($24.50) returned to active27
active27 collected $53 from pot
active27: doesn't show hand 
*** SUMMARY ***
Total pot $55.50 | Rake $2.50 
Board [8s 5c 7h 5h]
Seat 1: joaquin612 folded before Flop (didn't bet)
Seat 2: LuckyShikari (button) folded before Flop (didn't bet)
Seat 3: acornram (small blind) folded before Flop
Seat 4: 1.0OO.0OO$ (big blind) folded before Flop
Seat 5: active27 collected ($53)
Seat 6: franco232315 folded on the Turn



PokerStars Hand #254252867955:  Hold'em No Limit ($0.50/$1.00 USD) - 2025/01/07 22:18:40 WET [2025/01/07 17:18:40 ET]
Table 'Guisan II' 6-max Seat #3 is the button
Seat 1: joaquin612 ($103.20 in chips) 
Seat 2: LuckyShikari ($100 in chips) 
Seat 3: acornram ($107.54 in chips) 
Seat 4: 1.0OO.0OO$ ($114.23 in chips) 
Seat 5: active27 ($131.95 in chips) 
Seat 6: franco232315 ($100 in chips) 
1.0OO.0OO$: posts small blind $0.50
active27: posts big blind $1
*** HOLE CARDS ***
franco232315: raises $1.20 to $2.20
joaquin612: folds 
LuckyShikari: folds 
acornram: folds 
1.0OO.0OO$: folds 
active27: folds 
Uncalled bet ($1.20) returned to franco232315
franco232315 collected $2.50 from pot
franco232315: doesn't show hand 
*** SUMMARY ***
Total pot $2.50 | Rake $0 
Seat 1: joaquin612 folded before Flop (didn't bet)
Seat 2: LuckyShikari folded before Flop (didn't bet)
Seat 3: acornram (button) folded before Flop (didn't bet)
Seat 4: 1.0OO.0OO$ (small blind) folded before Flop
Seat 5: active27 (big blind) folded before Flop
Seat 6: franco232315 collected ($2.50)



PokerStars Hand #254252872849:  Hold'em No Limit ($0.50/$1.00 USD) - 2025/01/07 22:18:55 WET [2025/01/07 17:18:55 ET]
Table 'Guisan II' 6-max Seat #4 is the button
Seat 1: joaquin612 ($103.20 in chips) 
Seat 2: LuckyShikari ($100 in chips) 
Seat 3: acornram ($107.54 in chips) 
Seat 4: 1.0OO.0OO$ ($113.73 in chips) 
Seat 5: active27 ($130.95 in chips) 
Seat 6: franco232315 ($101.50 in chips) 
active27: posts small blind $0.50
franco232315: posts big blind $1
*** HOLE CARDS ***
joaquin612: folds 
LuckyShikari: raises $2.50 to $3.50
acornram: folds 
1.0OO.0OO$: folds 
active27: folds 
franco232315: raises $9.50 to $13
LuckyShikari: folds 
Uncalled bet ($9.50) returned to franco232315
franco232315 collected $7.50 from pot
*** SUMMARY ***
Total pot $7.50 | Rake $0 
Seat 1: joaquin612 folded before Flop (didn't bet)
Seat 2: LuckyShikari folded before Flop
Seat 3: acornram folded before Flop (didn't bet)
Seat 4: 1.0OO.0OO$ (button) folded before Flop (didn't bet)
Seat 5: active27 (small blind) folded before Flop
Seat 6: franco232315 (big blind) collected ($7.50)



PokerStars Hand #254252884885:  Hold'em No Limit ($0.50/$1.00 USD) - 2025/01/07 22:19:32 WET [2025/01/07 17:19:32 ET]
Table 'Guisan II' 6-max Seat #5 is the button
Seat 1: joaquin612 ($103.20 in chips) 
Seat 2: LuckyShikari ($100 in chips) 
Seat 3: acornram ($107.54 in chips) 
Seat 4: 1.0OO.0OO$ ($113.73 in chips) 
Seat 5: active27 ($130.45 in chips) 
Seat 6: franco232315 ($105.50 in chips) 
franco232315 is disconnected 
franco232315 is connected 
franco232315: posts small blind $0.50
joaquin612: posts big blind $1
*** HOLE CARDS ***
LuckyShikari: folds 
acornram: folds 
1.0OO.0OO$: folds 
active27: raises $2 to $3
franco232315: folds 
joaquin612: folds 
Uncalled bet ($2) returned to active27
active27 collected $2.50 from pot
active27: doesn't show hand 
*** SUMMARY ***
Total pot $2.50 | Rake $0 
Seat 1: joaquin612 (big blind) folded before Flop
Seat 2: LuckyShikari folded before Flop (didn't bet)
Seat 3: acornram folded before Flop (didn't bet)
Seat 4: 1.0OO.0OO$ folded before Flop (didn't bet)
Seat 5: active27 (button) collected ($2.50)
Seat 6: franco232315 (small blind) folded before Flop



PokerStars Hand #254252894126:  Hold'em No Limit ($0.50/$1.00 USD) - 2025/01/07 22:20:01 WET [2025/01/07 17:20:01 ET]
Table 'Guisan II' 6-max Seat #6 is the button
Seat 1: joaquin612 ($102.20 in chips) 
Seat 2: LuckyShikari ($100 in chips) 
Seat 3: acornram ($107.54 in chips) 
Seat 4: 1.0OO.0OO$ ($113.73 in chips) 
Seat 5: active27 ($131.95 in chips) 
Seat 6: franco232315 ($105 in chips) 
joaquin612: posts small blind $0.50
LuckyShikari: posts big blind $1
*** HOLE CARDS ***
acornram: folds 
1.0OO.0OO$: folds 
active27: folds 
franco232315: raises $1.50 to $2.50
joaquin612: folds 
LuckyShikari: folds 
Uncalled bet ($1.50) returned to franco232315
franco232315 collected $2.50 from pot
franco232315: doesn't show hand 
*** SUMMARY ***
Total pot $2.50 | Rake $0 
Seat 1: joaquin612 (small blind) folded before Flop
Seat 2: LuckyShikari (big blind) folded before Flop
Seat 3: acornram folded before Flop (didn't bet)
Seat 4: 1.0OO.0OO$ folded before Flop (didn't bet)
Seat 5: active27 folded before Flop (didn't bet)
Seat 6: franco232315 (button) collected ($2.50)



PokerStars Hand #254252905806:  Hold'em No Limit ($0.50/$1.00 USD) - 2025/01/07 22:20:38 WET [2025/01/07 17:20:38 ET]
Table 'Guisan II' 6-max Seat #1 is the button
Seat 1: joaquin612 ($101.70 in chips) 
Seat 2: LuckyShikari ($100 in chips) 
Seat 3: acornram ($107.54 in chips) 
Seat 4: 1.0OO.0OO$ ($113.73 in chips) 
Seat 5: active27 ($131.95 in chips) 
Seat 6: franco232315 ($106.50 in chips) 
LuckyShikari: posts small blind $0.50
acornram: posts big blind $1
*** HOLE CARDS ***
1.0OO.0OO$: raises $1.50 to $2.50
active27: calls $2.50
franco232315: folds 
joaquin612: folds 
LuckyShikari: raises $15.50 to $18
acornram: folds 
1.0OO.0OO$: folds 
active27: folds 
Uncalled bet ($15.50) returned to LuckyShikari
LuckyShikari collected $8.50 from pot
LuckyShikari: doesn't show hand 
*** SUMMARY ***
Total pot $8.50 | Rake $0 
Seat 1: joaquin612 (button) folded before Flop (didn't bet)
Seat 2: LuckyShikari (small blind) collected ($8.50)
Seat 3: acornram (big blind) folded before Flop
Seat 4: 1.0OO.0OO$ folded before Flop
Seat 5: active27 folded before Flop
Seat 6: franco232315 folded before Flop (didn't bet)



PokerStars Hand #254252917649:  Hold'em No Limit ($0.50/$1.00 USD) - 2025/01/07 22:21:14 WET [2025/01/07 17:21:14 ET]
Table 'Guisan II' 6-max Seat #2 is the button
Seat 1: joaquin612 ($101.70 in chips) 
Seat 2: LuckyShikari ($106 in chips) 
Seat 3: acornram ($106.54 in chips) 
Seat 4: 1.0OO.0OO$ ($111.23 in chips) 
Seat 5: active27 ($129.45 in chips) 
Seat 6: franco232315 ($106.50 in chips) 
acornram: posts small blind $0.50
1.0OO.0OO$: posts big blind $1
*** HOLE CARDS ***
active27: raises $2 to $3
franco232315: folds 
joaquin612: raises $5 to $8
LuckyShikari: folds 
acornram: folds 
1.0OO.0OO$: folds 
active27: calls $5
*** FLOP *** [2h 7c 6d]
active27: checks 
joaquin612: bets $5.48
active27: calls $5.48
*** TURN *** [2h 7c 6d] [5s]
active27: checks 
joaquin612: checks 
*** RIVER *** [2h 7c 6d 5s] [Th]
active27: bets $11.52
joaquin612: folds 
Uncalled bet ($11.52) returned to active27
active27 collected $27.04 from pot
active27: doesn't show hand 
*** SUMMARY ***
Total pot $28.46 | Rake $1.42 
Board [2h 7c 6d 5s Th]
Seat 1: joaquin612 folded on the River
Seat 2: LuckyShikari (button) folded before Flop (didn't bet)
Seat 3: acornram (small blind) folded before Flop
Seat 4: 1.0OO.0OO$ (big blind) folded before Flop
Seat 5: active27 collected ($27.04)
Seat 6: franco232315 folded before Flop (didn't bet)



PokerStars Hand #254252941895:  Hold'em No Limit ($0.50/$1.00 USD) - 2025/01/07 22:22:30 WET [2025/01/07 17:22:30 ET]
Table 'Guisan II' 6-max Seat #3 is the button
Seat 1: joaquin612 ($100 in chips) 
Seat 2: LuckyShikari ($106 in chips) 
Seat 3: acornram ($106.04 in chips) 
Seat 4: 1.0OO.0OO$ ($110.23 in chips) 
Seat 5: active27 ($143.01 in chips) 
Seat 6: franco232315 ($106.50 in chips) 
1.0OO.0OO$: posts small blind $0.50
active27: posts big blind $1
*** HOLE CARDS ***
franco232315: folds 
joaquin612: raises $1.50 to $2.50
franco232315 leaves the table
LuckyShikari: folds 
acornram: folds 
1.0OO.0OO$: folds 
Bejondeiala joins the table at seat #6 
active27: calls $1.50
*** FLOP *** [8h 3d 2s]
active27: checks 
joaquin612: bets $1.72
active27: folds 
Uncalled bet ($1.72) returned to joaquin612
joaquin612 collected $5.22 from pot
joaquin612: doesn't show hand 
*** SUMMARY ***
Total pot $5.50 | Rake $0.28 
Board [8h 3d 2s]
Seat 1: joaquin612 collected ($5.22)
Seat 2: LuckyShikari folded before Flop (didn't bet)
Seat 3: acornram (button) folded before Flop (didn't bet)
Seat 4: 1.0OO.0OO$ (small blind) folded before Flop
Seat 5: active27 (big blind) folded on the Flop
Seat 6: franco232315 folded before Flop (didn't bet)



PokerStars Hand #254252956676:  Hold'em No Limit ($0.50/$1.00 USD) - 2025/01/07 22:23:16 WET [2025/01/07 17:23:16 ET]
Table 'Guisan II' 6-max Seat #4 is the button
Seat 1: joaquin612 ($102.72 in chips) 
Seat 2: LuckyShikari ($106 in chips) 
Seat 3: acornram ($106.04 in chips) 
Seat 4: 1.0OO.0OO$ ($109.73 in chips) 
Seat 5: active27 ($140.51 in chips) 
Seat 6: Bejondeiala ($100 in chips) 
active27: posts small blind $0.50
Bejondeiala: posts big blind $1
*** HOLE CARDS ***
joaquin612: folds 
LuckyShikari: raises $1.20 to $2.20
acornram: calls $2.20
1.0OO.0OO$: folds 
active27: folds 
Bejondeiala: folds 
*** FLOP *** [Ks 9s Ts]
LuckyShikari: checks 
acornram: bets $2.80
LuckyShikari: folds 
Uncalled bet ($2.80) returned to acornram
acornram collected $5.60 from pot
*** SUMMARY ***
Total pot $5.90 | Rake $0.30 
Board [Ks 9s Ts]
Seat 1: joaquin612 folded before Flop (didn't bet)
Seat 2: LuckyShikari folded on the Flop
Seat 3: acornram collected ($5.60)
Seat 4: 1.0OO.0OO$ (button) folded before Flop (didn't bet)
Seat 5: active27 (small blind) folded before Flop
Seat 6: Bejondeiala (big blind) folded before Flop



PokerStars Hand #254252967399:  Hold'em No Limit ($0.50/$1.00 USD) - 2025/01/07 22:23:50 WET [2025/01/07 17:23:50 ET]
Table 'Guisan II' 6-max Seat #5 is the button
Seat 1: joaquin612 ($102.72 in chips) 
Seat 2: LuckyShikari ($103.80 in chips) 
Seat 3: acornram ($109.44 in chips) 
Seat 4: 1.0OO.0OO$ ($109.73 in chips) 
Seat 5: active27 ($140.01 in chips) 
Seat 6: Bejondeiala ($100 in chips) 
Bejondeiala: posts small blind $0.50
joaquin612: posts big blind $1
*** HOLE CARDS ***
LuckyShikari: raises $1.50 to $2.50
acornram: folds 
1.0OO.0OO$: folds 
active27: calls $2.50
Bejondeiala: folds 
joaquin612: folds 
*** FLOP *** [7c Kd Kh]
LuckyShikari: bets $1
active27: calls $1
*** TURN *** [7c Kd Kh] [7d]
LuckyShikari: bets $2
active27: folds 
Uncalled bet ($2) returned to LuckyShikari
LuckyShikari collected $8.08 from pot
LuckyShikari: doesn't show hand 
*** SUMMARY ***
Total pot $8.50 | Rake $0.42 
Board [7c Kd Kh 7d]
Seat 1: joaquin612 (big blind) folded before Flop
Seat 2: LuckyShikari collected ($8.08)
Seat 3: acornram folded before Flop (didn't bet)
Seat 4: 1.0OO.0OO$ folded before Flop (didn't bet)
Seat 5: active27 (button) folded on the Turn
Seat 6: Bejondeiala (small blind) folded before Flop



PokerStars Hand #254252977647:  Hold'em No Limit ($0.50/$1.00 USD) - 2025/01/07 22:24:22 WET [2025/01/07 17:24:22 ET]
Table 'Guisan II' 6-max Seat #6 is the button
Seat 1: joaquin612 ($101.72 in chips) 
Seat 2: LuckyShikari ($108.38 in chips) 
Seat 3: acornram ($109.44 in chips) 
Seat 4: 1.0OO.0OO$ ($109.73 in chips) 
Seat 5: active27 ($136.51 in chips) 
Seat 6: Bejondeiala ($100 in chips) 
joaquin612: posts small blind $0.50
LuckyShikari: posts big blind $1
*** HOLE CARDS ***
acornram: raises $1 to $2
1.0OO.0OO$: folds 
active27: folds 
Bejondeiala: folds 
joaquin612: folds 
LuckyShikari: calls $1
*** FLOP *** [Jh 2c 7c]
LuckyShikari: checks 
acornram: bets $4.28
LuckyShikari: folds 
Uncalled bet ($4.28) returned to acornram
acornram collected $4.28 from pot
*** SUMMARY ***
Total pot $4.50 | Rake $0.22 
Board [Jh 2c 7c]
Seat 1: joaquin612 (small blind) folded before Flop
Seat 2: LuckyShikari (big blind) folded on the Flop
Seat 3: acornram collected ($4.28)
Seat 4: 1.0OO.0OO$ folded before Flop (didn't bet)
Seat 5: active27 folded before Flop (didn't bet)
Seat 6: Bejondeiala (button) folded before Flop (didn't bet)



PokerStars Hand #254252984329:  Hold'em No Limit ($0.50/$1.00 USD) - 2025/01/07 22:24:43 WET [2025/01/07 17:24:43 ET]
Table 'Guisan II' 6-max Seat #1 is the button
Seat 1: joaquin612 ($101.22 in chips) 
Seat 2: LuckyShikari ($106.38 in chips) 
Seat 3: acornram ($111.72 in chips) 
Seat 4: 1.0OO.0OO$ ($109.73 in chips) 
Seat 5: active27 ($136.51 in chips) 
Seat 6: Bejondeiala ($100 in chips) 
LuckyShikari: posts small blind $0.50
acornram: posts big blind $1
*** HOLE CARDS ***
1.0OO.0OO$: raises $1.50 to $2.50
active27: folds 
Bejondeiala: raises $5 to $7.50
joaquin612: folds 
LuckyShikari: folds 
acornram: folds 
1.0OO.0OO$: folds 
Uncalled bet ($5) returned to Bejondeiala
Bejondeiala collected $6.50 from pot
Bejondeiala: doesn't show hand 
*** SUMMARY ***
Total pot $6.50 | Rake $0 
Seat 1: joaquin612 (button) folded before Flop (didn't bet)
Seat 2: LuckyShikari (small blind) folded before Flop
Seat 3: acornram (big blind) folded before Flop
Seat 4: 1.0OO.0OO$ folded before Flop
Seat 5: active27 folded before Flop (didn't bet)
Seat 6: Bejondeiala collected ($6.50)



PokerStars Hand #254252993091:  Hold'em No Limit ($0.50/$1.00 USD) - 2025/01/07 22:25:10 WET [2025/01/07 17:25:10 ET]
Table 'Guisan II' 6-max Seat #2 is the button
Seat 4: 1.0OO.0OO$ ($107.23 in chips) is sitting out
Seat 1: joaquin612 ($101.22 in chips) 
Seat 2: LuckyShikari ($105.88 in chips) 
Seat 3: acornram ($110.72 in chips) 
Seat 5: active27 ($136.51 in chips) 
Seat 6: Bejondeiala ($104 in chips) 
acornram: posts small blind $0.50
1.0OO.0OO$: is sitting out 
active27: posts big blind $1
*** HOLE CARDS ***
Bejondeiala: folds 
1.0OO.0OO$ leaves the table
joaquin612: raises $1.50 to $2.50
LuckyShikari: folds 
acornram: folds 
active27: calls $1.50
*** FLOP *** [Qd Kd Qh]
active27: checks 
joaquin612: bets $2.61
active27: calls $2.61
*** TURN *** [Qd Kd Qh] [Ts]
active27: checks 
joaquin612: checks 
*** RIVER *** [Qd Kd Qh Ts] [3h]
active27: bets $7.09
joaquin612: folds 
Uncalled bet ($7.09) returned to active27
active27 collected $10.18 from pot
active27: doesn't show hand 
*** SUMMARY ***
Total pot $10.72 | Rake $0.54 
Board [Qd Kd Qh Ts 3h]
Seat 4: 1.0OO.0OO$
Seat 1: joaquin612 folded on the River
Seat 2: LuckyShikari (button) folded before Flop (didn't bet)
Seat 3: acornram (small blind) folded before Flop
Seat 5: active27 (big blind) collected ($10.18)
Seat 6: Bejondeiala folded before Flop (didn't bet)



PokerStars Hand #254253012997:  Hold'em No Limit ($0.50/$1.00 USD) - 2025/01/07 22:26:12 WET [2025/01/07 17:26:12 ET]
Table 'Guisan II' 6-max Seat #3 is the button
Seat 1: joaquin612 ($100 in chips) 
Seat 2: LuckyShikari ($105.88 in chips) 
Seat 3: acornram ($110.22 in chips) 
Seat 5: active27 ($141.58 in chips) 
Seat 6: Bejondeiala ($104 in chips) 
active27: posts small blind $0.50
Bejondeiala: posts big blind $1
*** HOLE CARDS ***
joaquin612: folds 
LuckyShikari: raises $2.50 to $3.50
acornram: folds 
active27: calls $3
Bejondeiala: folds 
*** FLOP *** [2s Ah Qc]
active27: checks 
LuckyShikari: checks 
*** TURN *** [2s Ah Qc] [Jc]
active27: bets $3
LuckyShikari: calls $3
*** RIVER *** [2s Ah Qc Jc] [3s]
active27: checks 
LuckyShikari: checks 
*** SHOW DOWN ***
active27: shows [Qh Tc] (a pair of Queens)
LuckyShikari: shows [Kc Qs] (a pair of Queens - Ace+King kicker)
LuckyShikari collected $13.30 from pot
*** SUMMARY ***
Total pot $14 | Rake $0.70 
Board [2s Ah Qc Jc 3s]
Seat 1: joaquin612 folded before Flop (didn't bet)
Seat 2: LuckyShikari showed [Kc Qs] and won ($13.30) with a pair of Queens
Seat 3: acornram (button) folded before Flop (didn't bet)
Seat 5: active27 (small blind) showed [Qh Tc] and lost with a pair of Queens
Seat 6: Bejondeiala (big blind) folded before Flop



PokerStars Hand #254253025062:  Hold'em No Limit ($0.50/$1.00 USD) - 2025/01/07 22:26:49 WET [2025/01/07 17:26:49 ET]
Table 'Guisan II' 6-max Seat #5 is the button
Seat 1: joaquin612 ($100 in chips) is sitting out
Seat 2: LuckyShikari ($112.68 in chips) 
Seat 3: acornram ($110.22 in chips) 
Seat 5: active27 ($135.08 in chips) 
Seat 6: Bejondeiala ($103 in chips) 
Bejondeiala: posts small blind $0.50
joaquin612: is sitting out 
LuckyShikari: posts big blind $1
*** HOLE CARDS ***
acornram: folds 
active27: raises $2 to $3
joaquin612 leaves the table
Bejondeiala: folds 
LuckyShikari: raises $6.50 to $9.50
active27: calls $6.50
*** FLOP *** [Tc 4c Ac]
LuckyShikari: bets $2.20
active27: calls $2.20
*** TURN *** [Tc 4c Ac] [Ts]
LuckyShikari: checks 
active27: bets $11.45
Christianzt1 joins the table at seat #4 
LuckyShikari: calls $11.45
*** RIVER *** [Tc 4c Ac Ts] [Qh]
LuckyShikari: checks 
active27: bets $34.90
LuckyShikari: calls $34.90
*** SHOW DOWN ***
active27: shows [Ad Qd] (two pair, Aces and Queens)
LuckyShikari: mucks hand 
active27 collected $115.60 from pot
*** SUMMARY ***
Total pot $116.60 | Rake $1 
Board [Tc 4c Ac Ts Qh]
Seat 1: joaquin612
Seat 2: LuckyShikari (big blind) mucked
Seat 3: acornram folded before Flop (didn't bet)
Seat 5: active27 (button) showed [Ad Qd] and won ($115.60) with two pair, Aces and Queens
Seat 6: Bejondeiala (small blind) folded before Flop



PokerStars Hand #254253041168:  Hold'em No Limit ($0.50/$1.00 USD) - 2025/01/07 22:27:39 WET [2025/01/07 17:27:39 ET]
Table 'Guisan II' 6-max Seat #6 is the button
Seat 4: Christianzt1 ($100 in chips) is sitting out
Seat 2: LuckyShikari ($100 in chips) 
Seat 3: acornram ($110.22 in chips) 
Seat 5: active27 ($192.63 in chips) 
Seat 6: Bejondeiala ($102.50 in chips) 
LuckyShikari: posts small blind $0.50
acornram: posts big blind $1
Christianzt1: sits out 
*** HOLE CARDS ***
active27: folds 
Bejondeiala: raises $1.50 to $2.50
LuckyShikari: raises $9.50 to $12
acornram: folds 
Bejondeiala: calls $9.50
*** FLOP *** [5h Tc 2s]
LuckyShikari: bets $12
Bejondeiala: calls $12
*** TURN *** [5h Tc 2s] [Js]
LuckyShikari: bets $24
Bejondeiala: folds 
Uncalled bet ($24) returned to LuckyShikari
LuckyShikari collected $48 from pot
LuckyShikari: doesn't show hand 
*** SUMMARY ***
Total pot $49 | Rake $1 
Board [5h Tc 2s Js]
Seat 4: Christianzt1
Seat 2: LuckyShikari (small blind) collected ($48)
Seat 3: acornram (big blind) folded before Flop
Seat 5: active27 folded before Flop (didn't bet)
Seat 6: Bejondeiala (button) folded on the Turn



PokerStars Hand #254253060735:  Hold'em No Limit ($0.50/$1.00 USD) - 2025/01/07 22:28:41 WET [2025/01/07 17:28:41 ET]
Table 'Guisan II' 6-max Seat #2 is the button
Seat 2: LuckyShikari ($124 in chips) 
Seat 3: acornram ($109.22 in chips) 
Seat 4: Christianzt1 ($100 in chips) 
Seat 5: active27 ($192.63 in chips) 
Seat 6: Bejondeiala ($100 in chips) 
acornram: posts small blind $0.50
Christianzt1: posts big blind $1
*** HOLE CARDS ***
active27: raises $2 to $3
Bejondeiala: folds 
LuckyShikari: folds 
acornram: folds 
Christianzt1: calls $2
*** FLOP *** [9c 2s Js]
Christianzt1: checks 
active27: checks 
*** TURN *** [9c 2s Js] [7c]
Christianzt1: checks 
active27: bets $4.09
Christianzt1: calls $4.09
*** RIVER *** [9c 2s Js 7c] [4s]
Christianzt1: checks 
active27: checks 
*** SHOW DOWN ***
Christianzt1: shows [Ts Th] (a pair of Tens)
active27: mucks hand 
Christianzt1 collected $13.95 from pot
tintin641 joins the table at seat #1 
*** SUMMARY ***
Total pot $14.68 | Rake $0.73 
Board [9c 2s Js 7c 4s]
Seat 2: LuckyShikari (button) folded before Flop (didn't bet)
Seat 3: acornram (small blind) folded before Flop
Seat 4: Christianzt1 (big blind) showed [Ts Th] and won ($13.95) with a pair of Tens
Seat 5: active27 mucked
Seat 6: Bejondeiala folded before Flop (didn't bet)



PokerStars Hand #254253079252:  Hold'em No Limit ($0.50/$1.00 USD) - 2025/01/07 22:29:40 WET [2025/01/07 17:29:40 ET]
Table 'Guisan II' 6-max Seat #3 is the button
Seat 1: tintin641 ($100 in chips) is sitting out
Seat 2: LuckyShikari ($124 in chips) 
Seat 3: acornram ($108.72 in chips) 
Seat 4: Christianzt1 ($106.86 in chips) 
Seat 5: active27 ($185.54 in chips) 
Seat 6: Bejondeiala ($100 in chips) 
Christianzt1: posts small blind $0.50
active27: posts big blind $1
tintin641: sits out 
*** HOLE CARDS ***
Bejondeiala: folds 
LuckyShikari: folds 
acornram: folds 
Christianzt1: folds 
Uncalled bet ($0.50) returned to active27
active27 collected $1 from pot
active27: doesn't show hand 
*** SUMMARY ***
Total pot $1 | Rake $0 
Seat 1: tintin641
Seat 2: LuckyShikari folded before Flop (didn't bet)
Seat 3: acornram (button) folded before Flop (didn't bet)
Seat 4: Christianzt1 (small blind) folded before Flop
Seat 5: active27 (big blind) collected ($1)
Seat 6: Bejondeiala folded before Flop (didn't bet)



PokerStars Hand #254253081940:  Hold'em No Limit ($0.50/$1.00 USD) - 2025/01/07 22:29:48 WET [2025/01/07 17:29:48 ET]
Table 'Guisan II' 6-max Seat #4 is the button
Seat 1: tintin641 ($100 in chips) is sitting out
Seat 2: LuckyShikari ($124 in chips) 
Seat 3: acornram ($108.72 in chips) 
Seat 4: Christianzt1 ($106.36 in chips) 
Seat 5: active27 ($186.04 in chips) 
Seat 6: Bejondeiala ($100 in chips) 
active27: posts small blind $0.50
Bejondeiala: posts big blind $1
tintin641: sits out 
*** HOLE CARDS ***
LuckyShikari: folds 
acornram: raises $1 to $2
Christianzt1: folds 
active27: folds 
Bejondeiala: folds 
Uncalled bet ($1) returned to acornram
acornram collected $2.50 from pot
*** SUMMARY ***
Total pot $2.50 | Rake $0 
Seat 1: tintin641
Seat 2: LuckyShikari folded before Flop (didn't bet)
Seat 3: acornram collected ($2.50)
Seat 4: Christianzt1 (button) folded before Flop (didn't bet)
Seat 5: active27 (small blind) folded before Flop
Seat 6: Bejondeiala (big blind) folded before Flop



PokerStars Hand #254253090658:  Hold'em No Limit ($0.50/$1.00 USD) - 2025/01/07 22:30:15 WET [2025/01/07 17:30:15 ET]
Table 'Guisan II' 6-max Seat #5 is the button
Seat 1: tintin641 ($100 in chips) 
Seat 2: LuckyShikari ($124 in chips) 
Seat 3: acornram ($110.22 in chips) 
Seat 4: Christianzt1 ($106.36 in chips) 
Seat 5: active27 ($185.54 in chips) 
Seat 6: Bejondeiala ($100 in chips) 
Bejondeiala: posts small blind $0.50
tintin641: posts big blind $1
*** HOLE CARDS ***
LuckyShikari: folds 
acornram: folds 
Christianzt1: folds 
active27: raises $2 to $3
Bejondeiala: folds 
tintin641: folds 
Uncalled bet ($2) returned to active27
active27 collected $2.50 from pot
active27: doesn't show hand 
*** SUMMARY ***
Total pot $2.50 | Rake $0 
Seat 1: tintin641 (big blind) folded before Flop
Seat 2: LuckyShikari folded before Flop (didn't bet)
Seat 3: acornram folded before Flop (didn't bet)
Seat 4: Christianzt1 folded before Flop (didn't bet)
Seat 5: active27 (button) collected ($2.50)
Seat 6: Bejondeiala (small blind) folded before Flop



PokerStars Hand #254253096708:  Hold'em No Limit ($0.50/$1.00 USD) - 2025/01/07 22:30:34 WET [2025/01/07 17:30:34 ET]
Table 'Guisan II' 6-max Seat #6 is the button
Seat 1: tintin641 ($100 in chips) 
Seat 2: LuckyShikari ($124 in chips) 
Seat 3: acornram ($110.22 in chips) 
Seat 4: Christianzt1 ($106.36 in chips) 
Seat 5: active27 ($187.04 in chips) 
Seat 6: Bejondeiala ($100 in chips) 
tintin641: posts small blind $0.50
LuckyShikari: posts big blind $1
*** HOLE CARDS ***
acornram: folds 
Christianzt1: folds 
active27: folds 
Bejondeiala: folds 
tintin641: folds 
Uncalled bet ($0.50) returned to LuckyShikari
LuckyShikari collected $1 from pot
LuckyShikari: doesn't show hand 
*** SUMMARY ***
Total pot $1 | Rake $0 
Seat 1: tintin641 (small blind) folded before Flop
Seat 2: LuckyShikari (big blind) collected ($1)
Seat 3: acornram folded before Flop (didn't bet)
Seat 4: Christianzt1 folded before Flop (didn't bet)
Seat 5: active27 folded before Flop (didn't bet)
Seat 6: Bejondeiala (button) folded before Flop (didn't bet)



PokerStars Hand #254253100955:  Hold'em No Limit ($0.50/$1.00 USD) - 2025/01/07 22:30:48 WET [2025/01/07 17:30:48 ET]
Table 'Guisan II' 6-max Seat #1 is the button
Seat 1: tintin641 ($100 in chips) 
Seat 2: LuckyShikari ($124.50 in chips) 
Seat 3: acornram ($110.22 in chips) 
Seat 4: Christianzt1 ($106.36 in chips) 
Seat 5: active27 ($187.04 in chips) 
Seat 6: Bejondeiala ($100 in chips) 
LuckyShikari: posts small blind $0.50
acornram: posts big blind $1
*** HOLE CARDS ***
Christianzt1: folds 
active27: folds 
Bejondeiala: folds 
tintin641: folds 
LuckyShikari: raises $2 to $3
acornram: folds 
Uncalled bet ($2) returned to LuckyShikari
LuckyShikari collected $2 from pot
LuckyShikari: doesn't show hand 
*** SUMMARY ***
Total pot $2 | Rake $0 
Seat 1: tintin641 (button) folded before Flop (didn't bet)
Seat 2: LuckyShikari (small blind) collected ($2)
Seat 3: acornram (big blind) folded before Flop
Seat 4: Christianzt1 folded before Flop (didn't bet)
Seat 5: active27 folded before Flop (didn't bet)
Seat 6: Bejondeiala folded before Flop (didn't bet)



PokerStars Hand #254253108532:  Hold'em No Limit ($0.50/$1.00 USD) - 2025/01/07 22:31:12 WET [2025/01/07 17:31:12 ET]
Table 'Guisan II' 6-max Seat #2 is the button
Seat 1: tintin641 ($100 in chips) 
Seat 2: LuckyShikari ($125.50 in chips) 
Seat 3: acornram ($109.22 in chips) 
Seat 4: Christianzt1 ($106.36 in chips) 
Seat 5: active27 ($187.04 in chips) 
Seat 6: Bejondeiala ($100 in chips) 
acornram: posts small blind $0.50
Christianzt1: posts big blind $1
*** HOLE CARDS ***
active27: folds 
Bejondeiala: folds 
tintin641: raises $1.50 to $2.50
LuckyShikari: folds 
acornram: folds 
Christianzt1: folds 
Uncalled bet ($1.50) returned to tintin641
tintin641 collected $2.50 from pot
tintin641: doesn't show hand 
*** SUMMARY ***
Total pot $2.50 | Rake $0 
Seat 1: tintin641 collected ($2.50)
Seat 2: LuckyShikari (button) folded before Flop (didn't bet)
Seat 3: acornram (small blind) folded before Flop
Seat 4: Christianzt1 (big blind) folded before Flop
Seat 5: active27 folded before Flop (didn't bet)
Seat 6: Bejondeiala folded before Flop (didn't bet)



PokerStars Hand #254253114787:  Hold'em No Limit ($0.50/$1.00 USD) - 2025/01/07 22:31:32 WET [2025/01/07 17:31:32 ET]
Table 'Guisan II' 6-max Seat #3 is the button
Seat 1: tintin641 ($101.50 in chips) 
Seat 2: LuckyShikari ($125.50 in chips) 
Seat 3: acornram ($108.72 in chips) 
Seat 4: Christianzt1 ($105.36 in chips) 
Seat 5: active27 ($187.04 in chips) 
Seat 6: Bejondeiala ($100 in chips) 
Christianzt1: posts small blind $0.50
active27: posts big blind $1
*** HOLE CARDS ***
Bejondeiala: folds 
tintin641: folds 
LuckyShikari: folds 
acornram: folds 
Christianzt1: folds 
Uncalled bet ($0.50) returned to active27
active27 collected $1 from pot
active27: doesn't show hand 
*** SUMMARY ***
Total pot $1 | Rake $0 
Seat 1: tintin641 folded before Flop (didn't bet)
Seat 2: LuckyShikari folded before Flop (didn't bet)
Seat 3: acornram (button) folded before Flop (didn't bet)
Seat 4: Christianzt1 (small blind) folded before Flop
Seat 5: active27 (big blind) collected ($1)
Seat 6: Bejondeiala folded before Flop (didn't bet)



PokerStars Hand #254253120670:  Hold'em No Limit ($0.50/$1.00 USD) - 2025/01/07 22:31:50 WET [2025/01/07 17:31:50 ET]
Table 'Guisan II' 6-max Seat #4 is the button
Seat 1: tintin641 ($101.50 in chips) 
Seat 2: LuckyShikari ($125.50 in chips) 
Seat 3: acornram ($108.72 in chips) 
Seat 4: Christianzt1 ($104.86 in chips) 
Seat 5: active27 ($187.54 in chips) 
Seat 6: Bejondeiala ($100 in chips) 
active27: posts small blind $0.50
Bejondeiala: posts big blind $1
*** HOLE CARDS ***
tintin641: folds 
LuckyShikari: folds 
acornram: folds 
Christianzt1: folds 
active27: folds 
Uncalled bet ($0.50) returned to Bejondeiala
Bejondeiala collected $1 from pot
Bejondeiala: doesn't show hand 
*** SUMMARY ***
Total pot $1 | Rake $0 
Seat 1: tintin641 folded before Flop (didn't bet)
Seat 2: LuckyShikari folded before Flop (didn't bet)
Seat 3: acornram folded before Flop (didn't bet)
Seat 4: Christianzt1 (button) folded before Flop (didn't bet)
Seat 5: active27 (small blind) folded before Flop
Seat 6: Bejondeiala (big blind) collected ($1)



PokerStars Hand #254253125211:  Hold'em No Limit ($0.50/$1.00 USD) - 2025/01/07 22:32:04 WET [2025/01/07 17:32:04 ET]
Table 'Guisan II' 6-max Seat #5 is the button
Seat 1: tintin641 ($101.50 in chips) 
Seat 2: LuckyShikari ($125.50 in chips) 
Seat 3: acornram ($108.72 in chips) 
Seat 4: Christianzt1 ($104.86 in chips) 
Seat 5: active27 ($187.04 in chips) 
Seat 6: Bejondeiala ($100.50 in chips) 
Bejondeiala: posts small blind $0.50
tintin641: posts big blind $1
*** HOLE CARDS ***
LuckyShikari: folds 
acornram: folds 
Christianzt1: folds 
active27: folds 
Bejondeiala: folds 
Uncalled bet ($0.50) returned to tintin641
tintin641 collected $1 from pot
tintin641: doesn't show hand 
*** SUMMARY ***
Total pot $1 | Rake $0 
Seat 1: tintin641 (big blind) collected ($1)
Seat 2: LuckyShikari folded before Flop (didn't bet)
Seat 3: acornram folded before Flop (didn't bet)
Seat 4: Christianzt1 folded before Flop (didn't bet)
Seat 5: active27 (button) folded before Flop (didn't bet)
Seat 6: Bejondeiala (small blind) folded before Flop



PokerStars Hand #254253129237:  Hold'em No Limit ($0.50/$1.00 USD) - 2025/01/07 22:32:17 WET [2025/01/07 17:32:17 ET]
Table 'Guisan II' 6-max Seat #6 is the button
Seat 1: tintin641 ($102 in chips) 
Seat 2: LuckyShikari ($125.50 in chips) 
Seat 3: acornram ($108.72 in chips) 
Seat 4: Christianzt1 ($104.86 in chips) 
Seat 5: active27 ($187.04 in chips) 
Seat 6: Bejondeiala ($100 in chips) 
tintin641: posts small blind $0.50
LuckyShikari: posts big blind $1
*** HOLE CARDS ***
acornram: raises $1 to $2
Christianzt1: folds 
active27: folds 
Bejondeiala: folds 
tintin641: folds 
LuckyShikari: calls $1
*** FLOP *** [4d Kh Tc]
LuckyShikari: checks 
acornram: bets $2.14
LuckyShikari: folds 
Uncalled bet ($2.14) returned to acornram
acornram collected $4.28 from pot
*** SUMMARY ***
Total pot $4.50 | Rake $0.22 
Board [4d Kh Tc]
Seat 1: tintin641 (small blind) folded before Flop
Seat 2: LuckyShikari (big blind) folded on the Flop
Seat 3: acornram collected ($4.28)
Seat 4: Christianzt1 folded before Flop (didn't bet)
Seat 5: active27 folded before Flop (didn't bet)
Seat 6: Bejondeiala (button) folded before Flop (didn't bet)



PokerStars Hand #254253137729:  Hold'em No Limit ($0.50/$1.00 USD) - 2025/01/07 22:32:43 WET [2025/01/07 17:32:43 ET]
Table 'Guisan II' 6-max Seat #1 is the button
Seat 1: tintin641 ($101.50 in chips) 
Seat 2: LuckyShikari ($123.50 in chips) 
Seat 3: acornram ($111 in chips) 
Seat 4: Christianzt1 ($104.86 in chips) 
Seat 5: active27 ($187.04 in chips) 
Seat 6: Bejondeiala ($100 in chips) 
LuckyShikari: posts small blind $0.50
acornram: posts big blind $1
*** HOLE CARDS ***
Christianzt1: folds 
active27: raises $2 to $3
Bejondeiala: folds 
tintin641: folds 
LuckyShikari: folds 
acornram: folds 
Uncalled bet ($2) returned to active27
active27 collected $2.50 from pot
active27: doesn't show hand 
*** SUMMARY ***
Total pot $2.50 | Rake $0 
Seat 1: tintin641 (button) folded before Flop (didn't bet)
Seat 2: LuckyShikari (small blind) folded before Flop
Seat 3: acornram (big blind) folded before Flop
Seat 4: Christianzt1 folded before Flop (didn't bet)
Seat 5: active27 collected ($2.50)
Seat 6: Bejondeiala folded before Flop (didn't bet)



PokerStars Hand #254253145223:  Hold'em No Limit ($0.50/$1.00 USD) - 2025/01/07 22:33:07 WET [2025/01/07 17:33:07 ET]
Table 'Guisan II' 6-max Seat #2 is the button
Seat 1: tintin641 ($101.50 in chips) 
Seat 2: LuckyShikari ($123 in chips) 
Seat 3: acornram ($110 in chips) 
Seat 4: Christianzt1 ($104.86 in chips) 
Seat 5: active27 ($188.54 in chips) 
Seat 6: Bejondeiala ($100 in chips) 
acornram: posts small blind $0.50
Christianzt1: posts big blind $1
*** HOLE CARDS ***
active27: raises $2 to $3
Bejondeiala: folds 
tintin641: folds 
LuckyShikari: folds 
acornram: folds 
Christianzt1: folds 
Uncalled bet ($2) returned to active27
active27 collected $2.50 from pot
active27: doesn't show hand 
*** SUMMARY ***
Total pot $2.50 | Rake $0 
Seat 1: tintin641 folded before Flop (didn't bet)
Seat 2: LuckyShikari (button) folded before Flop (didn't bet)
Seat 3: acornram (small blind) folded before Flop
Seat 4: Christianzt1 (big blind) folded before Flop
Seat 5: active27 collected ($2.50)
Seat 6: Bejondeiala folded before Flop (didn't bet)



PokerStars Hand #254253150734:  Hold'em No Limit ($0.50/$1.00 USD) - 2025/01/07 22:33:24 WET [2025/01/07 17:33:24 ET]
Table 'Guisan II' 6-max Seat #3 is the button
Seat 1: tintin641 ($101.50 in chips) 
Seat 2: LuckyShikari ($123 in chips) 
Seat 3: acornram ($109.50 in chips) 
Seat 4: Christianzt1 ($103.86 in chips) 
Seat 5: active27 ($190.04 in chips) 
Seat 6: Bejondeiala ($100 in chips) 
Christianzt1: posts small blind $0.50
active27: posts big blind $1
*** HOLE CARDS ***
Bejondeiala: raises $1.10 to $2.10
tintin641: raises $4.90 to $7
LuckyShikari: folds 
acornram: folds 
Christianzt1: folds 
active27: folds 
Bejondeiala: raises $12.50 to $19.50
tintin641: raises $82 to $101.50 and is all-in
Bejondeiala: folds 
Uncalled bet ($82) returned to tintin641
tintin641 collected $40.50 from pot
tintin641: doesn't show hand 
*** SUMMARY ***
Total pot $40.50 | Rake $0 
Seat 1: tintin641 collected ($40.50)
Seat 2: LuckyShikari folded before Flop (didn't bet)
Seat 3: acornram (button) folded before Flop (didn't bet)
Seat 4: Christianzt1 (small blind) folded before Flop
Seat 5: active27 (big blind) folded before Flop
Seat 6: Bejondeiala folded before Flop



PokerStars Hand #254253166915:  Hold'em No Limit ($0.50/$1.00 USD) - 2025/01/07 22:34:15 WET [2025/01/07 17:34:15 ET]
Table 'Guisan II' 6-max Seat #4 is the button
Seat 1: tintin641 ($122.50 in chips) 
Seat 2: LuckyShikari ($123 in chips) 
Seat 3: acornram ($109.50 in chips) 
Seat 4: Christianzt1 ($103.36 in chips) 
Seat 5: active27 ($189.04 in chips) 
Seat 6: Bejondeiala ($100 in chips) 
active27: posts small blind $0.50
Bejondeiala: posts big blind $1
*** HOLE CARDS ***
tintin641: raises $1.50 to $2.50
LuckyShikari: folds 
acornram: folds 
Christianzt1: folds 
active27: calls $2
Bejondeiala: calls $1.50
*** FLOP *** [As Jh Ts]
active27: checks 
Bejondeiala: checks 
tintin641: bets $3.56
active27: folds 
Bejondeiala: folds 
Uncalled bet ($3.56) returned to tintin641
tintin641 collected $7.12 from pot
tintin641: doesn't show hand 
*** SUMMARY ***
Total pot $7.50 | Rake $0.38 
Board [As Jh Ts]
Seat 1: tintin641 collected ($7.12)
Seat 2: LuckyShikari folded before Flop (didn't bet)
Seat 3: acornram folded before Flop (didn't bet)
Seat 4: Christianzt1 (button) folded before Flop (didn't bet)
Seat 5: active27 (small blind) folded on the Flop
Seat 6: Bejondeiala (big blind) folded on the Flop



PokerStars Hand #254253181836:  Hold'em No Limit ($0.50/$1.00 USD) - 2025/01/07 22:35:02 WET [2025/01/07 17:35:02 ET]
Table 'Guisan II' 6-max Seat #5 is the button
Seat 1: tintin641 ($127.12 in chips) 
Seat 2: LuckyShikari ($123 in chips) 
Seat 3: acornram ($109.50 in chips) 
Seat 4: Christianzt1 ($103.36 in chips) 
Seat 5: active27 ($186.54 in chips) 
Seat 6: Bejondeiala ($100 in chips) 
Bejondeiala: posts small blind $0.50
tintin641: posts big blind $1
*** HOLE CARDS ***
LuckyShikari: folds 
acornram: folds 
Christianzt1: folds 
LuckyShikari leaves the table
active27: folds 
Bejondeiala: raises $2 to $3
tintin641: folds 
Uncalled bet ($2) returned to Bejondeiala
Bejondeiala collected $2 from pot
Bejondeiala: doesn't show hand 
*** SUMMARY ***
Total pot $2 | Rake $0 
Seat 1: tintin641 (big blind) folded before Flop
Seat 2: LuckyShikari folded before Flop (didn't bet)
Seat 3: acornram folded before Flop (didn't bet)
Seat 4: Christianzt1 folded before Flop (didn't bet)
Seat 5: active27 (button) folded before Flop (didn't bet)
Seat 6: Bejondeiala (small blind) collected ($2)



PokerStars Hand #254253186159:  Hold'em No Limit ($0.50/$1.00 USD) - 2025/01/07 22:35:16 WET [2025/01/07 17:35:16 ET]
Table 'Guisan II' 6-max Seat #6 is the button
Seat 1: tintin641 ($126.12 in chips) 
Seat 3: acornram ($109.50 in chips) 
Seat 4: Christianzt1 ($103.36 in chips) 
Seat 5: active27 ($186.54 in chips) 
Seat 6: Bejondeiala ($101 in chips) 
tintin641: posts small blind $0.50
acornram: posts big blind $1
*** HOLE CARDS ***
Christianzt1: folds 
active27: raises $2 to $3
Bejondeiala: folds 
tintin641: folds 
acornram: folds 
Uncalled bet ($2) returned to active27
active27 collected $2.50 from pot
active27: doesn't show hand 
*** SUMMARY ***
Total pot $2.50 | Rake $0 
Seat 1: tintin641 (small blind) folded before Flop
Seat 3: acornram (big blind) folded before Flop
Seat 4: Christianzt1 folded before Flop (didn't bet)
Seat 5: active27 collected ($2.50)
Seat 6: Bejondeiala (button) folded before Flop (didn't bet)



PokerStars Hand #254253191583:  Hold'em No Limit ($0.50/$1.00 USD) - 2025/01/07 22:35:33 WET [2025/01/07 17:35:33 ET]
Table 'Guisan II' 6-max Seat #1 is the button
Seat 1: tintin641 ($125.62 in chips) 
Seat 3: acornram ($108.50 in chips) 
Seat 4: Christianzt1 ($103.36 in chips) 
Seat 5: active27 ($188.04 in chips) 
Seat 6: Bejondeiala ($101 in chips) 
acornram: posts small blind $0.50
Christianzt1: posts big blind $1
*** HOLE CARDS ***
active27: raises $2 to $3
Bejondeiala: folds 
tintin641: raises $6 to $9
acornram: calls $8.50
Christianzt1: folds 
active27: calls $6
*** FLOP *** [8s 6h 9c]
acornram: checks 
active27: checks 
tintin641: checks 
*** TURN *** [8s 6h 9c] [As]
acornram: bets $15.30
active27: folds 
tintin641: folds 
Uncalled bet ($15.30) returned to acornram
acornram collected $26.60 from pot
*** SUMMARY ***
Total pot $28 | Rake $1.40 
Board [8s 6h 9c As]
Seat 1: tintin641 (button) folded on the Turn
Seat 3: acornram (small blind) collected ($26.60)
Seat 4: Christianzt1 (big blind) folded before Flop
Seat 5: active27 folded on the Turn
Seat 6: Bejondeiala folded before Flop (didn't bet)



PokerStars Hand #254253216319:  Hold'em No Limit ($0.50/$1.00 USD) - 2025/01/07 22:36:51 WET [2025/01/07 17:36:51 ET]
Table 'Guisan II' 6-max Seat #3 is the button
Seat 1: tintin641 ($116.62 in chips) 
Seat 3: acornram ($126.10 in chips) 
Seat 4: Christianzt1 ($102.36 in chips) 
Seat 5: active27 ($179.04 in chips) 
Seat 6: Bejondeiala ($101 in chips) 
Christianzt1: posts small blind $0.50
active27: posts big blind $1
*** HOLE CARDS ***
Bejondeiala: raises $1.10 to $2.10
tintin641: folds 
acornram: calls $2.10
Christianzt1: folds 
active27: folds 
*** FLOP *** [4s 2c 9c]
Bejondeiala: checks 
acornram: bets $4.71
Bejondeiala: folds 
Uncalled bet ($4.71) returned to acornram
acornram collected $5.42 from pot
*** SUMMARY ***
Total pot $5.70 | Rake $0.28 
Board [4s 2c 9c]
Seat 1: tintin641 folded before Flop (didn't bet)
Seat 3: acornram (button) collected ($5.42)
Seat 4: Christianzt1 (small blind) folded before Flop
Seat 5: active27 (big blind) folded before Flop
Seat 6: Bejondeiala folded on the Flop



PokerStars Hand #254253231408:  Hold'em No Limit ($0.50/$1.00 USD) - 2025/01/07 22:37:39 WET [2025/01/07 17:37:39 ET]
Table 'Guisan II' 6-max Seat #4 is the button
Seat 1: tintin641 ($116.62 in chips) 
Seat 3: acornram ($129.42 in chips) 
Seat 4: Christianzt1 ($101.86 in chips) 
Seat 5: active27 ($178.04 in chips) 
Seat 6: Bejondeiala ($100 in chips) 
active27: posts small blind $0.50
Bejondeiala: posts big blind $1
*** HOLE CARDS ***
tintin641: folds 
acornram: folds 
Christianzt1: folds 
active27: raises $2 to $3
Bejondeiala: folds 
Uncalled bet ($2) returned to active27
active27 collected $2 from pot
active27: doesn't show hand 
*** SUMMARY ***
Total pot $2 | Rake $0 
Seat 1: tintin641 folded before Flop (didn't bet)
Seat 3: acornram folded before Flop (didn't bet)
Seat 4: Christianzt1 (button) folded before Flop (didn't bet)
Seat 5: active27 (small blind) collected ($2)
Seat 6: Bejondeiala (big blind) folded before Flop



PokerStars Hand #254253235529:  Hold'em No Limit ($0.50/$1.00 USD) - 2025/01/07 22:37:52 WET [2025/01/07 17:37:52 ET]
Table 'Guisan II' 6-max Seat #5 is the button
Seat 1: tintin641 ($116.62 in chips) 
Seat 3: acornram ($129.42 in chips) 
Seat 4: Christianzt1 ($101.86 in chips) 
Seat 5: active27 ($179.04 in chips) 
Seat 6: Bejondeiala ($100 in chips) 
Bejondeiala: posts small blind $0.50
tintin641: posts big blind $1
*** HOLE CARDS ***
acornram: folds 
Christianzt1: folds 
active27: folds 
Bejondeiala: folds 
Uncalled bet ($0.50) returned to tintin641
tintin641 collected $1 from pot
tintin641: doesn't show hand 
*** SUMMARY ***
Total pot $1 | Rake $0 
Seat 1: tintin641 (big blind) collected ($1)
Seat 3: acornram folded before Flop (didn't bet)
Seat 4: Christianzt1 folded before Flop (didn't bet)
Seat 5: active27 (button) folded before Flop (didn't bet)
Seat 6: Bejondeiala (small blind) folded before Flop



PokerStars Hand #254253240580:  Hold'em No Limit ($0.50/$1.00 USD) - 2025/01/07 22:38:08 WET [2025/01/07 17:38:08 ET]
Table 'Guisan II' 6-max Seat #6 is the button
Seat 1: tintin641 ($117.12 in chips) 
Seat 3: acornram ($129.42 in chips) 
Seat 4: Christianzt1 ($101.86 in chips) 
Seat 5: active27 ($179.04 in chips) 
Seat 6: Bejondeiala ($100 in chips) 
tintin641: posts small blind $0.50
acornram: posts big blind $1
*** HOLE CARDS ***
Christianzt1: raises $1.40 to $2.40
active27: folds 
Bejondeiala: folds 
tintin641: folds 
acornram: calls $1.40
*** FLOP *** [2s Jh Ac]
acornram: bets $2.52
Christianzt1: raises $6.30 to $8.82
acornram: calls $6.30
*** TURN *** [2s Jh Ac] [Td]
acornram: bets $10.90
Christianzt1: calls $10.90
*** RIVER *** [2s Jh Ac Td] [5d]
acornram: checks 
Christianzt1: bets $79.74 and is all-in
acornram: folds 
Uncalled bet ($79.74) returned to Christianzt1
Christianzt1 collected $42.50 from pot
*** SUMMARY ***
Total pot $44.74 | Rake $2.24 
Board [2s Jh Ac Td 5d]
Seat 1: tintin641 (small blind) folded before Flop
Seat 3: acornram (big blind) folded on the River
Seat 4: Christianzt1 collected ($42.50)
Seat 5: active27 folded before Flop (didn't bet)
Seat 6: Bejondeiala (button) folded before Flop (didn't bet)



PokerStars Hand #254253267315:  Hold'em No Limit ($0.50/$1.00 USD) - 2025/01/07 22:39:34 WET [2025/01/07 17:39:34 ET]
Table 'Guisan II' 6-max Seat #1 is the button
Seat 1: tintin641 ($116.62 in chips) 
Seat 3: acornram ($107.30 in chips) 
Seat 4: Christianzt1 ($122.24 in chips) 
Seat 5: active27 ($179.04 in chips) 
Seat 6: Bejondeiala ($100 in chips) 
acornram: posts small blind $0.50
Christianzt1: posts big blind $1
*** HOLE CARDS ***
active27: folds 
Bejondeiala: raises $1.10 to $2.10
tintin641: folds 
acornram: folds 
Christianzt1: raises $8.90 to $11
Bejondeiala: folds 
Uncalled bet ($8.90) returned to Christianzt1
Christianzt1 collected $4.70 from pot
*** SUMMARY ***
Total pot $4.70 | Rake $0 
Seat 1: tintin641 (button) folded before Flop (didn't bet)
Seat 3: acornram (small blind) folded before Flop
Seat 4: Christianzt1 (big blind) collected ($4.70)
Seat 5: active27 folded before Flop (didn't bet)
Seat 6: Bejondeiala folded before Flop



PokerStars Hand #254253274619:  Hold'em No Limit ($0.50/$1.00 USD) - 2025/01/07 22:39:57 WET [2025/01/07 17:39:57 ET]
Table 'Guisan II' 6-max Seat #3 is the button
Seat 1: tintin641 ($116.62 in chips) 
Seat 3: acornram ($106.80 in chips) 
Seat 4: Christianzt1 ($124.84 in chips) 
Seat 5: active27 ($179.04 in chips) 
Seat 6: Bejondeiala ($100 in chips) 
Christianzt1: posts small blind $0.50
active27: posts big blind $1
*** HOLE CARDS ***
Bejondeiala: folds 
tintin641: folds 
acornram: folds 
Christianzt1: folds 
Uncalled bet ($0.50) returned to active27
active27 collected $1 from pot
active27: doesn't show hand 
*** SUMMARY ***
Total pot $1 | Rake $0 
Seat 1: tintin641 folded before Flop (didn't bet)
Seat 3: acornram (button) folded before Flop (didn't bet)
Seat 4: Christianzt1 (small blind) folded before Flop
Seat 5: active27 (big blind) collected ($1)
Seat 6: Bejondeiala folded before Flop (didn't bet)



PokerStars Hand #254253277824:  Hold'em No Limit ($0.50/$1.00 USD) - 2025/01/07 22:40:07 WET [2025/01/07 17:40:07 ET]
Table 'Guisan II' 6-max Seat #4 is the button
Seat 1: tintin641 ($116.62 in chips) 
Seat 3: acornram ($106.80 in chips) 
Seat 4: Christianzt1 ($124.34 in chips) 
Seat 5: active27 ($179.54 in chips) 
Seat 6: Bejondeiala ($100 in chips) 
active27: posts small blind $0.50
Bejondeiala: posts big blind $1
*** HOLE CARDS ***
tintin641: folds 
acornram: folds 
Christianzt1: folds 
active27: folds 
Uncalled bet ($0.50) returned to Bejondeiala
Bejondeiala collected $1 from pot
Bejondeiala: doesn't show hand 
*** SUMMARY ***
Total pot $1 | Rake $0 
Seat 1: tintin641 folded before Flop (didn't bet)
Seat 3: acornram folded before Flop (didn't bet)
Seat 4: Christianzt1 (button) folded before Flop (didn't bet)
Seat 5: active27 (small blind) folded before Flop
Seat 6: Bejondeiala (big blind) collected ($1)



PokerStars Hand #254253280833:  Hold'em No Limit ($0.50/$1.00 USD) - 2025/01/07 22:40:17 WET [2025/01/07 17:40:17 ET]
Table 'Guisan II' 6-max Seat #5 is the button
Seat 1: tintin641 ($116.62 in chips) 
Seat 3: acornram ($106.80 in chips) 
Seat 4: Christianzt1 ($124.34 in chips) 
Seat 5: active27 ($179.04 in chips) 
Seat 6: Bejondeiala ($100.50 in chips) 
Bejondeiala: posts small blind $0.50
tintin641: posts big blind $1
*** HOLE CARDS ***
acornram: folds 
Christianzt1: folds 
active27: folds 
Bejondeiala: folds 
Uncalled bet ($0.50) returned to tintin641
tintin641 collected $1 from pot
tintin641: doesn't show hand 
*** SUMMARY ***
Total pot $1 | Rake $0 
Seat 1: tintin641 (big blind) collected ($1)
Seat 3: acornram folded before Flop (didn't bet)
Seat 4: Christianzt1 folded before Flop (didn't bet)
Seat 5: active27 (button) folded before Flop (didn't bet)
Seat 6: Bejondeiala (small blind) folded before Flop



PokerStars Hand #254253288164:  Hold'em No Limit ($0.50/$1.00 USD) - 2025/01/07 22:40:41 WET [2025/01/07 17:40:41 ET]
Table 'Guisan II' 6-max Seat #6 is the button
Seat 1: tintin641 ($117.12 in chips) 
Seat 3: acornram ($106.80 in chips) 
Seat 4: Christianzt1 ($124.34 in chips) 
Seat 5: active27 ($179.04 in chips) 
Seat 6: Bejondeiala ($100 in chips) 
tintin641: posts small blind $0.50
acornram: posts big blind $1
*** HOLE CARDS ***
Christianzt1: raises $1.40 to $2.40
active27: folds 
Bejondeiala: folds 
tintin641: folds 
acornram: folds 
Uncalled bet ($1.40) returned to Christianzt1
Christianzt1 collected $2.50 from pot
*** SUMMARY ***
Total pot $2.50 | Rake $0 
Seat 1: tintin641 (small blind) folded before Flop
Seat 3: acornram (big blind) folded before Flop
Seat 4: Christianzt1 collected ($2.50)
Seat 5: active27 folded before Flop (didn't bet)
Seat 6: Bejondeiala (button) folded before Flop (didn't bet)



PokerStars Hand #254253293197:  Hold'em No Limit ($0.50/$1.00 USD) - 2025/01/07 22:40:57 WET [2025/01/07 17:40:57 ET]
Table 'Guisan II' 6-max Seat #1 is the button
Seat 1: tintin641 ($116.62 in chips) 
Seat 3: acornram ($105.80 in chips) 
Seat 4: Christianzt1 ($125.84 in chips) 
Seat 5: active27 ($179.04 in chips) 
Seat 6: Bejondeiala ($100 in chips) 
acornram: posts small blind $0.50
Christianzt1: posts big blind $1
*** HOLE CARDS ***
active27: folds 
Bejondeiala: folds 
tintin641: raises $1.50 to $2.50
acornram: calls $2
Christianzt1: folds 
*** FLOP *** [Qd 4d Qh]
acornram: bets $2.85
tintin641: folds 
Uncalled bet ($2.85) returned to acornram
acornram collected $5.70 from pot
*** SUMMARY ***
Total pot $6 | Rake $0.30 
Board [Qd 4d Qh]
Seat 1: tintin641 (button) folded on the Flop
Seat 3: acornram (small blind) collected ($5.70)
Seat 4: Christianzt1 (big blind) folded before Flop
Seat 5: active27 folded before Flop (didn't bet)
Seat 6: Bejondeiala folded before Flop (didn't bet)



PokerStars Hand #254253302846:  Hold'em No Limit ($0.50/$1.00 USD) - 2025/01/07 22:41:28 WET [2025/01/07 17:41:28 ET]
Table 'Guisan II' 6-max Seat #3 is the button
Seat 1: tintin641 ($114.12 in chips) 
Seat 3: acornram ($109 in chips) 
Seat 4: Christianzt1 ($124.84 in chips) 
Seat 5: active27 ($179.04 in chips) 
Seat 6: Bejondeiala ($100 in chips) 
Christianzt1: posts small blind $0.50
active27: posts big blind $1
*** HOLE CARDS ***
Bejondeiala: raises $1.10 to $2.10
tintin641: folds 
acornram: folds 
Christianzt1: folds 
active27: folds 
Uncalled bet ($1.10) returned to Bejondeiala
Bejondeiala collected $2.50 from pot
Bejondeiala: doesn't show hand 
*** SUMMARY ***
Total pot $2.50 | Rake $0 
Seat 1: tintin641 folded before Flop (didn't bet)
Seat 3: acornram (button) folded before Flop (didn't bet)
Seat 4: Christianzt1 (small blind) folded before Flop
Seat 5: active27 (big blind) folded before Flop
Seat 6: Bejondeiala collected ($2.50)



PokerStars Hand #254253312465:  Hold'em No Limit ($0.50/$1.00 USD) - 2025/01/07 22:41:59 WET [2025/01/07 17:41:59 ET]
Table 'Guisan II' 6-max Seat #4 is the button
Seat 1: tintin641 ($114.12 in chips) 
Seat 3: acornram ($109 in chips) 
Seat 4: Christianzt1 ($124.34 in chips) 
Seat 5: active27 ($178.04 in chips) 
Seat 6: Bejondeiala ($101.50 in chips) 
active27: posts small blind $0.50
Bejondeiala: posts big blind $1
*** HOLE CARDS ***
tintin641: raises $1.50 to $2.50
acornram: calls $2.50
Christianzt1: folds 
active27: folds 
Bejondeiala: folds 
*** FLOP *** [4d 3s 2s]
tintin641: checks 
acornram: bets $4.09
tintin641: raises $7.18 to $11.27
acornram: calls $7.18
*** TURN *** [4d 3s 2s] [5c]
tintin641: checks 
acornram: bets $15.80
tintin641: calls $15.80
*** RIVER *** [4d 3s 2s 5c] [5h]
tintin641: checks 
aoish30 joins the table at seat #2 
acornram: bets $58.14
tintin641: folds 
Uncalled bet ($58.14) returned to acornram
acornram collected $58.14 from pot
*** SUMMARY ***
Total pot $60.64 | Rake $2.50 
Board [4d 3s 2s 5c 5h]
Seat 1: tintin641 folded on the River
Seat 3: acornram collected ($58.14)
Seat 4: Christianzt1 (button) folded before Flop (didn't bet)
Seat 5: active27 (small blind) folded before Flop
Seat 6: Bejondeiala (big blind) folded before Flop



PokerStars Hand #254253339629:  Hold'em No Limit ($0.50/$1.00 USD) - 2025/01/07 22:43:27 WET [2025/01/07 17:43:27 ET]
Table 'Guisan II' 6-max Seat #5 is the button
Seat 2: aoish30 ($100 in chips) is sitting out
Seat 1: tintin641 ($100 in chips) 
Seat 3: acornram ($137.57 in chips) 
Seat 4: Christianzt1 ($124.34 in chips) 
Seat 5: active27 ($177.54 in chips) 
Seat 6: Bejondeiala ($100.50 in chips) 
Bejondeiala: posts small blind $0.50
tintin641: posts big blind $1
aoish30: sits out 
*** HOLE CARDS ***
acornram: raises $1 to $2
Christianzt1: folds 
active27: folds 
Bejondeiala: folds 
tintin641: folds 
Uncalled bet ($1) returned to acornram
acornram collected $2.50 from pot
*** SUMMARY ***
Total pot $2.50 | Rake $0 
Seat 2: aoish30
Seat 1: tintin641 (big blind) folded before Flop
Seat 3: acornram collected ($2.50)
Seat 4: Christianzt1 folded before Flop (didn't bet)
Seat 5: active27 (button) folded before Flop (didn't bet)
Seat 6: Bejondeiala (small blind) folded before Flop



PokerStars Hand #254253343318:  Hold'em No Limit ($0.50/$1.00 USD) - 2025/01/07 22:43:39 WET [2025/01/07 17:43:39 ET]
Table 'Guisan II' 6-max Seat #6 is the button
Seat 1: tintin641 ($100 in chips) 
Seat 2: aoish30 ($100 in chips) 
Seat 3: acornram ($139.07 in chips) 
Seat 4: Christianzt1 ($124.34 in chips) 
Seat 5: active27 ($177.54 in chips) 
Seat 6: Bejondeiala ($100 in chips) 
tintin641: posts small blind $0.50
aoish30: posts big blind $1
*** HOLE CARDS ***
acornram: folds 
Christianzt1: folds 
active27: folds 
Bejondeiala: raises $1.50 to $2.50
acornram leaves the table
tintin641: raises $8.50 to $11
aoish30: folds 
Bejondeiala: folds 
Uncalled bet ($8.50) returned to tintin641
tintin641 collected $6 from pot
tintin641: doesn't show hand 
*** SUMMARY ***
Total pot $6 | Rake $0 
Seat 1: tintin641 (small blind) collected ($6)
Seat 2: aoish30 (big blind) folded before Flop
Seat 3: acornram folded before Flop (didn't bet)
Seat 4: Christianzt1 folded before Flop (didn't bet)
Seat 5: active27 folded before Flop (didn't bet)
Seat 6: Bejondeiala (button) folded before Flop



