PokerStars Hand #254243190840:  Hold'em No Limit ($0.50/$1.00 USD) - 2025/01/07 11:46:57 WET [2025/01/07 6:46:57 ET]
Table 'Alstede' 6-max Seat #1 is the button
Seat 1: Burlica2013 ($100 in chips) 
Seat 5: value_ftw ($100 in chips) 
Seat 6: fedevalle ($40 in chips) 
value_ftw: posts small blind $0.50
fedevalle: posts big blind $1
*** HOLE CARDS ***
Burlica2013: folds 
value_ftw: raises $1.50 to $2.50
fedevalle: folds 
Uncalled bet ($1.50) returned to value_ftw
value_ftw collected $2 from pot
value_ftw: doesn't show hand 
*** SUMMARY ***
Total pot $2 | Rake $0 
Seat 1: Burlica2013 (button) folded before Flop (didn't bet)
Seat 5: value_ftw (small blind) collected ($2)
Seat 6: fedevalle (big blind) folded before Flop



PokerStars Hand #254243192394:  Hold'em No Limit ($0.50/$1.00 USD) - 2025/01/07 11:47:08 WET [2025/01/07 6:47:08 ET]
Table 'Alstede' 6-max Seat #5 is the button
Seat 1: Burlica2013 ($100 in chips) 
Seat 5: value_ftw ($101 in chips) 
Seat 6: fedevalle ($39 in chips) 
fedevalle: posts small blind $0.50
Burlica2013: posts big blind $1
*** HOLE CARDS ***
value_ftw: folds 
Aescul@pius joins the table at seat #4 
fedevalle: folds 
Uncalled bet ($0.50) returned to Burlica2013
Burlica2013 collected $1 from pot
Burlica2013: doesn't show hand 
*** SUMMARY ***
Total pot $1 | Rake $0 
Seat 1: Burlica2013 (big blind) collected ($1)
Seat 5: value_ftw (button) folded before Flop (didn't bet)
Seat 6: fedevalle (small blind) folded before Flop



PokerStars Hand #254243194544:  Hold'em No Limit ($0.50/$1.00 USD) - 2025/01/07 11:47:25 WET [2025/01/07 6:47:25 ET]
Table 'Alstede' 6-max Seat #6 is the button
Seat 1: Burlica2013 ($100.50 in chips) 
Seat 4: Aescul@pius ($100 in chips) 
Seat 5: value_ftw ($101 in chips) 
Seat 6: fedevalle ($38.50 in chips) 
Burlica2013: posts small blind $0.50
Aescul@pius: posts big blind $1
*** HOLE CARDS ***
value_ftw: folds 
fedevalle: folds 
value_ftw leaves the table
Burlica2013: raises $2 to $3
Aescul@pius: calls $2
*** FLOP *** [6c 8s 6d]
Burlica2013: bets $1.88
Aescul@pius: calls $1.88
*** TURN *** [6c 8s 6d] [9h]
Burlica2013: bets $10.38
Aescul@pius: folds 
Uncalled bet ($10.38) returned to Burlica2013
Burlica2013 collected $9.27 from pot
Burlica2013: doesn't show hand 
*** SUMMARY ***
Total pot $9.76 | Rake $0.49 
Board [6c 8s 6d 9h]
Seat 1: Burlica2013 (small blind) collected ($9.27)
Seat 4: Aescul@pius (big blind) folded on the Turn
Seat 5: value_ftw folded before Flop (didn't bet)
Seat 6: fedevalle (button) folded before Flop (didn't bet)



PokerStars Hand #254243204009:  Hold'em No Limit ($0.50/$1.00 USD) - 2025/01/07 11:48:36 WET [2025/01/07 6:48:36 ET]
Table 'Alstede' 6-max Seat #1 is the button
Seat 1: Burlica2013 ($104.89 in chips) 
Seat 4: Aescul@pius ($100 in chips) 
Seat 6: fedevalle ($38.50 in chips) 
Aescul@pius: posts small blind $0.50
fedevalle: posts big blind $1
*** HOLE CARDS ***
Burlica2013: raises $1.50 to $2.50
Aescul@pius: folds 
fedevalle: folds 
Uncalled bet ($1.50) returned to Burlica2013
Burlica2013 collected $2.50 from pot
Burlica2013: doesn't show hand 
*** SUMMARY ***
Total pot $2.50 | Rake $0 
Seat 1: Burlica2013 (button) collected ($2.50)
Seat 4: Aescul@pius (small blind) folded before Flop
Seat 6: fedevalle (big blind) folded before Flop



PokerStars Hand #254243205547:  Hold'em No Limit ($0.50/$1.00 USD) - 2025/01/07 11:48:47 WET [2025/01/07 6:48:47 ET]
Table 'Alstede' 6-max Seat #6 is the button
Seat 1: Burlica2013 ($106.39 in chips) is sitting out
Seat 4: Aescul@pius ($100 in chips) 
Seat 6: fedevalle ($37.50 in chips) 
fedevalle: posts small blind $0.50
Burlica2013: is sitting out 
Aescul@pius: posts big blind $1
*** HOLE CARDS ***
fedevalle: folds 
Uncalled bet ($0.50) returned to Aescul@pius
Aescul@pius collected $1 from pot
Aescul@pius: doesn't show hand 
*** SUMMARY ***
Total pot $1 | Rake $0 
Seat 1: Burlica2013
Seat 4: Aescul@pius (big blind) collected ($1)
Seat 6: fedevalle (button) (small blind) folded before Flop



PokerStars Hand #254243206363:  Hold'em No Limit ($0.50/$1.00 USD) - 2025/01/07 11:48:54 WET [2025/01/07 6:48:54 ET]
Table 'Alstede' 6-max Seat #4 is the button
Seat 1: Burlica2013 ($106.39 in chips) is sitting out
Seat 4: Aescul@pius ($100.50 in chips) 
Seat 6: fedevalle ($37 in chips) 
Aescul@pius: posts small blind $0.50
fedevalle: posts big blind $1
*** HOLE CARDS ***
Aescul@pius: raises $1.20 to $2.20
fedevalle: folds 
Uncalled bet ($1.20) returned to Aescul@pius
Aescul@pius collected $2 from pot
Aescul@pius: doesn't show hand 
*** SUMMARY ***
Total pot $2 | Rake $0 
Seat 1: Burlica2013
Seat 4: Aescul@pius (button) (small blind) collected ($2)
Seat 6: fedevalle (big blind) folded before Flop



