PokerStars Hand #254251080387:  Hold'em No Limit ($0.50/$1.00 USD) - 2025/01/07 20:45:53 WET [2025/01/07 15:45:53 ET]
Table 'Hale-Bopp III' 6-max Seat #1 is the button
Seat 3: EasyGamerrr ($114.20 in chips) is sitting out
Seat 1: HOUGHY2024 ($105.57 in chips) 
Seat 2: tintin641 ($102 in chips) 
Seat 4: michasia ($100 in chips) 
Seat 5: dreimis190 ($100 in chips) 
Seat 6: Manifestorr ($100 in chips) 
tintin641: posts small blind $0.50
EasyGamerrr: is sitting out 
michasia: posts big blind $1
*** HOLE CARDS ***
dreimis190: folds 
Manifestorr: raises $1.20 to $2.20
HOUGHY2024: calls $2.20
EasyGamerrr leaves the table
tintin641: folds 
michasia: folds 
*** FLOP *** [9s 9c 4c]
Nazareno1999 joins the table at seat #3 
Manifestorr: checks 
HOUGHY2024: checks 
*** TURN *** [9s 9c 4c] [Ad]
Manifestorr: checks 
HOUGHY2024: bets $1.79
Manifestorr: folds 
Uncalled bet ($1.79) returned to HOUGHY2024
HOUGHY2024 collected $5.60 from pot
HOUGHY2024: doesn't show hand 
*** SUMMARY ***
Total pot $5.90 | Rake $0.30 
Board [9s 9c 4c Ad]
Seat 3: EasyGamerrr
Seat 1: HOUGHY2024 (button) collected ($5.60)
Seat 2: tintin641 (small blind) folded before Flop
Seat 4: michasia (big blind) folded before Flop
Seat 5: dreimis190 folded before Flop (didn't bet)
Seat 6: Manifestorr folded on the Turn



PokerStars Hand #254251095383:  Hold'em No Limit ($0.50/$1.00 USD) - 2025/01/07 20:46:37 WET [2025/01/07 15:46:37 ET]
Table 'Hale-Bopp III' 6-max Seat #2 is the button
Seat 3: Nazareno1999 ($100 in chips) is sitting out
Seat 1: HOUGHY2024 ($108.97 in chips) 
Seat 2: tintin641 ($101.50 in chips) 
Seat 4: michasia ($100 in chips) 
Seat 5: dreimis190 ($100 in chips) 
Seat 6: Manifestorr ($100 in chips) 
michasia: posts small blind $0.50
dreimis190: posts big blind $1
*** HOLE CARDS ***
Manifestorr: raises $1.20 to $2.20
HOUGHY2024: calls $2.20
tintin641: folds 
michasia: folds 
dreimis190: calls $1.20
*** FLOP *** [Qs 7c 6c]
dreimis190: checks 
Manifestorr: checks 
HOUGHY2024: checks 
*** TURN *** [Qs 7c 6c] [9h]
dreimis190: checks 
Manifestorr: checks 
HOUGHY2024: checks 
*** RIVER *** [Qs 7c 6c 9h] [As]
dreimis190: checks 
Manifestorr: checks 
HOUGHY2024: checks 
*** SHOW DOWN ***
dreimis190: shows [5h 2h] (high card Ace)
Manifestorr: shows [4d 4s] (a pair of Fours)
HOUGHY2024: mucks hand 
Manifestorr collected $6.74 from pot
*** SUMMARY ***
Total pot $7.10 | Rake $0.36 
Board [Qs 7c 6c 9h As]
Seat 3: Nazareno1999
Seat 1: HOUGHY2024 mucked
Seat 2: tintin641 (button) folded before Flop (didn't bet)
Seat 4: michasia (small blind) folded before Flop
Seat 5: dreimis190 (big blind) showed [5h 2h] and lost with high card Ace
Seat 6: Manifestorr showed [4d 4s] and won ($6.74) with a pair of Fours



PokerStars Hand #254251114100:  Hold'em No Limit ($0.50/$1.00 USD) - 2025/01/07 20:47:33 WET [2025/01/07 15:47:33 ET]
Table 'Hale-Bopp III' 6-max Seat #4 is the button
Seat 3: Nazareno1999 ($100 in chips) is sitting out
Seat 1: HOUGHY2024 ($106.77 in chips) 
Seat 2: tintin641 ($101.50 in chips) 
Seat 4: michasia ($100 in chips) 
Seat 5: dreimis190 ($100 in chips) 
Seat 6: Manifestorr ($104.54 in chips) 
dreimis190: posts small blind $0.50
Manifestorr: posts big blind $1
Nazareno1999: sits out 
*** HOLE CARDS ***
HOUGHY2024: folds 
tintin641: raises $1.50 to $2.50
michasia: folds 
dreimis190: folds 
Manifestorr: folds 
Uncalled bet ($1.50) returned to tintin641
tintin641 collected $2.50 from pot
tintin641: doesn't show hand 
*** SUMMARY ***
Total pot $2.50 | Rake $0 
Seat 3: Nazareno1999
Seat 1: HOUGHY2024 folded before Flop (didn't bet)
Seat 2: tintin641 collected ($2.50)
Seat 4: michasia (button) folded before Flop (didn't bet)
Seat 5: dreimis190 (small blind) folded before Flop
Seat 6: Manifestorr (big blind) folded before Flop



PokerStars Hand #254251119954:  Hold'em No Limit ($0.50/$1.00 USD) - 2025/01/07 20:47:51 WET [2025/01/07 15:47:51 ET]
Table 'Hale-Bopp III' 6-max Seat #5 is the button
Seat 3: Nazareno1999 ($100 in chips) is sitting out
Seat 1: HOUGHY2024 ($106.77 in chips) 
Seat 2: tintin641 ($103 in chips) 
Seat 4: michasia ($100 in chips) 
Seat 5: dreimis190 ($100 in chips) 
Seat 6: Manifestorr ($103.54 in chips) 
Manifestorr: posts small blind $0.50
HOUGHY2024: posts big blind $1
Nazareno1999: sits out 
*** HOLE CARDS ***
tintin641: folds 
michasia: folds 
dreimis190: folds 
Manifestorr: folds 
Uncalled bet ($0.50) returned to HOUGHY2024
HOUGHY2024 collected $1 from pot
HOUGHY2024: doesn't show hand 
*** SUMMARY ***
Total pot $1 | Rake $0 
Seat 3: Nazareno1999
Seat 1: HOUGHY2024 (big blind) collected ($1)
Seat 2: tintin641 folded before Flop (didn't bet)
Seat 4: michasia folded before Flop (didn't bet)
Seat 5: dreimis190 (button) folded before Flop (didn't bet)
Seat 6: Manifestorr (small blind) folded before Flop



PokerStars Hand #254251123136:  Hold'em No Limit ($0.50/$1.00 USD) - 2025/01/07 20:48:00 WET [2025/01/07 15:48:00 ET]
Table 'Hale-Bopp III' 6-max Seat #6 is the button
Seat 3: Nazareno1999 ($100 in chips) is sitting out
Seat 1: HOUGHY2024 ($107.27 in chips) 
Seat 2: tintin641 ($103 in chips) 
Seat 4: michasia ($100 in chips) 
Seat 5: dreimis190 ($100 in chips) 
Seat 6: Manifestorr ($103.04 in chips) 
HOUGHY2024: posts small blind $0.50
tintin641: posts big blind $1
Nazareno1999: sits out 
*** HOLE CARDS ***
michasia: folds 
dreimis190: folds 
Manifestorr: folds 
HOUGHY2024: raises $1.60 to $2.60
tintin641: calls $1.60
*** FLOP *** [Tc Ah 9s]
HOUGHY2024: checks 
tintin641: checks 
*** TURN *** [Tc Ah 9s] [2s]
HOUGHY2024: bets $2.42
tintin641: folds 
Uncalled bet ($2.42) returned to HOUGHY2024
HOUGHY2024 collected $4.94 from pot
HOUGHY2024: doesn't show hand 
*** SUMMARY ***
Total pot $5.20 | Rake $0.26 
Board [Tc Ah 9s 2s]
Seat 3: Nazareno1999
Seat 1: HOUGHY2024 (small blind) collected ($4.94)
Seat 2: tintin641 (big blind) folded on the Turn
Seat 4: michasia folded before Flop (didn't bet)
Seat 5: dreimis190 folded before Flop (didn't bet)
Seat 6: Manifestorr (button) folded before Flop (didn't bet)



PokerStars Hand #254251140084:  Hold'em No Limit ($0.50/$1.00 USD) - 2025/01/07 20:48:51 WET [2025/01/07 15:48:51 ET]
Table 'Hale-Bopp III' 6-max Seat #1 is the button
Seat 1: HOUGHY2024 ($109.61 in chips) 
Seat 2: tintin641 ($100.40 in chips) 
Seat 3: Nazareno1999 ($100 in chips) 
Seat 4: michasia ($100 in chips) 
Seat 5: dreimis190 ($100 in chips) 
Seat 6: Manifestorr ($103.04 in chips) 
tintin641: posts small blind $0.50
Nazareno1999: posts big blind $1
*** HOLE CARDS ***
michasia: raises $1.60 to $2.60
dreimis190: folds 
Manifestorr: folds 
HOUGHY2024: folds 
tintin641: raises $8.40 to $11
Nazareno1999: folds 
michasia: calls $8.40
*** FLOP *** [Ks Js 3s]
tintin641: checks 
michasia: bets $7.21
tintin641: calls $7.21
*** TURN *** [Ks Js 3s] [2d]
tintin641: checks 
michasia: bets $23.70
tintin641: calls $23.70
*** RIVER *** [Ks Js 3s 2d] [4c]
tintin641: checks 
michasia: bets $58.09 and is all-in
tintin641: calls $58.09
*** SHOW DOWN ***
michasia: shows [Kh Ad] (a pair of Kings)
tintin641: shows [As Kd] (a pair of Kings)
tintin641 collected $99.25 from pot
michasia collected $99.25 from pot
*** SUMMARY ***
Total pot $201 | Rake $2.50 
Board [Ks Js 3s 2d 4c]
Seat 1: HOUGHY2024 (button) folded before Flop (didn't bet)
Seat 2: tintin641 (small blind) showed [As Kd] and won ($99.25) with a pair of Kings
Seat 3: Nazareno1999 (big blind) folded before Flop
Seat 4: michasia showed [Kh Ad] and won ($99.25) with a pair of Kings
Seat 5: dreimis190 folded before Flop (didn't bet)
Seat 6: Manifestorr folded before Flop (didn't bet)



PokerStars Hand #254251176987:  Hold'em No Limit ($0.50/$1.00 USD) - 2025/01/07 20:50:41 WET [2025/01/07 15:50:41 ET]
Table 'Hale-Bopp III' 6-max Seat #2 is the button
Seat 4: michasia ($100 in chips) is sitting out
Seat 1: HOUGHY2024 ($109.61 in chips) 
Seat 2: tintin641 ($100 in chips) 
Seat 3: Nazareno1999 ($100 in chips) 
Seat 5: dreimis190 ($100 in chips) 
Seat 6: Manifestorr ($103.04 in chips) 
Nazareno1999: posts small blind $0.50
michasia: is sitting out 
dreimis190: posts big blind $1
*** HOLE CARDS ***
Manifestorr: folds 
HOUGHY2024: folds 
michasia leaves the table
tintin641: raises $1.50 to $2.50
illarins joins the table at seat #4 
Nazareno1999: folds 
dreimis190: folds 
Uncalled bet ($1.50) returned to tintin641
tintin641 collected $2.50 from pot
tintin641: doesn't show hand 
*** SUMMARY ***
Total pot $2.50 | Rake $0 
Seat 4: michasia
Seat 1: HOUGHY2024 folded before Flop (didn't bet)
Seat 2: tintin641 (button) collected ($2.50)
Seat 3: Nazareno1999 (small blind) folded before Flop
Seat 5: dreimis190 (big blind) folded before Flop
Seat 6: Manifestorr folded before Flop (didn't bet)



PokerStars Hand #254251181908:  Hold'em No Limit ($0.50/$1.00 USD) - 2025/01/07 20:50:55 WET [2025/01/07 15:50:55 ET]
Table 'Hale-Bopp III' 6-max Seat #3 is the button
Seat 4: illarins ($100 in chips) is sitting out
Seat 1: HOUGHY2024 ($109.61 in chips) 
Seat 2: tintin641 ($101.50 in chips) 
Seat 3: Nazareno1999 ($100 in chips) 
Seat 5: dreimis190 ($100 in chips) 
Seat 6: Manifestorr ($103.04 in chips) 
dreimis190: posts small blind $0.50
Manifestorr: posts big blind $1
*** HOLE CARDS ***
HOUGHY2024: folds 
tintin641: folds 
Nazareno1999: folds 
dreimis190: folds 
Uncalled bet ($0.50) returned to Manifestorr
Manifestorr collected $1 from pot
*** SUMMARY ***
Total pot $1 | Rake $0 
Seat 4: illarins
Seat 1: HOUGHY2024 folded before Flop (didn't bet)
Seat 2: tintin641 folded before Flop (didn't bet)
Seat 3: Nazareno1999 (button) folded before Flop (didn't bet)
Seat 5: dreimis190 (small blind) folded before Flop
Seat 6: Manifestorr (big blind) collected ($1)



PokerStars Hand #254251187607:  Hold'em No Limit ($0.50/$1.00 USD) - 2025/01/07 20:51:12 WET [2025/01/07 15:51:12 ET]
Table 'Hale-Bopp III' 6-max Seat #5 is the button
Seat 4: illarins ($100 in chips) is sitting out
Seat 1: HOUGHY2024 ($109.61 in chips) 
Seat 2: tintin641 ($101.50 in chips) 
Seat 3: Nazareno1999 ($100 in chips) 
Seat 5: dreimis190 ($100 in chips) 
Seat 6: Manifestorr ($103.54 in chips) 
Manifestorr: posts small blind $0.50
HOUGHY2024: posts big blind $1
illarins: sits out 
*** HOLE CARDS ***
tintin641: folds 
Nazareno1999: folds 
dreimis190: folds 
Manifestorr: folds 
Uncalled bet ($0.50) returned to HOUGHY2024
HOUGHY2024 collected $1 from pot
HOUGHY2024: doesn't show hand 
*** SUMMARY ***
Total pot $1 | Rake $0 
Seat 4: illarins
Seat 1: HOUGHY2024 (big blind) collected ($1)
Seat 2: tintin641 folded before Flop (didn't bet)
Seat 3: Nazareno1999 folded before Flop (didn't bet)
Seat 5: dreimis190 (button) folded before Flop (didn't bet)
Seat 6: Manifestorr (small blind) folded before Flop



PokerStars Hand #254251193549:  Hold'em No Limit ($0.50/$1.00 USD) - 2025/01/07 20:51:29 WET [2025/01/07 15:51:29 ET]
Table 'Hale-Bopp III' 6-max Seat #6 is the button
Seat 4: illarins ($100 in chips) is sitting out
Seat 1: HOUGHY2024 ($110.11 in chips) 
Seat 2: tintin641 ($101.50 in chips) 
Seat 3: Nazareno1999 ($100 in chips) 
Seat 5: dreimis190 ($100 in chips) 
Seat 6: Manifestorr ($103.04 in chips) 
HOUGHY2024: posts small blind $0.50
tintin641: posts big blind $1
illarins: sits out 
*** HOLE CARDS ***
Nazareno1999: folds 
dreimis190: raises $1.50 to $2.50
Manifestorr: folds 
HOUGHY2024: calls $2
tintin641: calls $1.50
*** FLOP *** [7c Jc 7d]
HOUGHY2024: checks 
tintin641: checks 
dreimis190: checks 
*** TURN *** [7c Jc 7d] [8d]
HOUGHY2024: bets $4.62
tintin641: calls $4.62
dreimis190: folds 
*** RIVER *** [7c Jc 7d 8d] [Qd]
HOUGHY2024: bets $8.79
tintin641: calls $8.79
*** SHOW DOWN ***
HOUGHY2024: shows [Jd Qc] (two pair, Queens and Jacks)
tintin641: shows [7s As] (three of a kind, Sevens)
tintin641 collected $32.60 from pot
*** SUMMARY ***
Total pot $34.32 | Rake $1.72 
Board [7c Jc 7d 8d Qd]
Seat 4: illarins
Seat 1: HOUGHY2024 (small blind) showed [Jd Qc] and lost with two pair, Queens and Jacks
Seat 2: tintin641 (big blind) showed [7s As] and won ($32.60) with three of a kind, Sevens
Seat 3: Nazareno1999 folded before Flop (didn't bet)
Seat 5: dreimis190 folded on the Turn
Seat 6: Manifestorr (button) folded before Flop (didn't bet)



PokerStars Hand #254251221620:  Hold'em No Limit ($0.50/$1.00 USD) - 2025/01/07 20:52:52 WET [2025/01/07 15:52:52 ET]
Table 'Hale-Bopp III' 6-max Seat #1 is the button
Seat 4: illarins ($100 in chips) is sitting out
Seat 1: HOUGHY2024 ($94.20 in chips) 
Seat 2: tintin641 ($118.19 in chips) 
Seat 3: Nazareno1999 ($100 in chips) 
Seat 5: dreimis190 ($100 in chips) 
Seat 6: Manifestorr ($103.04 in chips) 
tintin641: posts small blind $0.50
Nazareno1999: posts big blind $1
illarins: sits out 
*** HOLE CARDS ***
dreimis190: folds 
Manifestorr: folds 
HOUGHY2024: folds 
tintin641: folds 
Uncalled bet ($0.50) returned to Nazareno1999
Nazareno1999 collected $1 from pot
Nazareno1999: doesn't show hand 
*** SUMMARY ***
Total pot $1 | Rake $0 
Seat 4: illarins
Seat 1: HOUGHY2024 (button) folded before Flop (didn't bet)
Seat 2: tintin641 (small blind) folded before Flop
Seat 3: Nazareno1999 (big blind) collected ($1)
Seat 5: dreimis190 folded before Flop (didn't bet)
Seat 6: Manifestorr folded before Flop (didn't bet)



PokerStars Hand #254251226134:  Hold'em No Limit ($0.50/$1.00 USD) - 2025/01/07 20:53:05 WET [2025/01/07 15:53:05 ET]
Table 'Hale-Bopp III' 6-max Seat #2 is the button
Seat 1: HOUGHY2024 ($94.20 in chips) 
Seat 2: tintin641 ($117.69 in chips) 
Seat 3: Nazareno1999 ($100.50 in chips) 
Seat 4: illarins ($100 in chips) 
Seat 5: dreimis190 ($100 in chips) 
Seat 6: Manifestorr ($103.04 in chips) 
Nazareno1999: posts small blind $0.50
illarins: posts big blind $1
*** HOLE CARDS ***
dreimis190: folds 
Manifestorr: folds 
HOUGHY2024: folds 
tintin641: raises $1.50 to $2.50
Nazareno1999: folds 
illarins: raises $9.50 to $12
tintin641: calls $9.50
*** FLOP *** [Ks 8d Td]
illarins: bets $7.68
tintin641: raises $19.32 to $27
illarins: folds 
Uncalled bet ($19.32) returned to tintin641
tintin641 collected $37.87 from pot
tintin641: doesn't show hand 
*** SUMMARY ***
Total pot $39.86 | Rake $1.99 
Board [Ks 8d Td]
Seat 1: HOUGHY2024 folded before Flop (didn't bet)
Seat 2: tintin641 (button) collected ($37.87)
Seat 3: Nazareno1999 (small blind) folded before Flop
Seat 4: illarins (big blind) folded on the Flop
Seat 5: dreimis190 folded before Flop (didn't bet)
Seat 6: Manifestorr folded before Flop (didn't bet)



PokerStars Hand #254251244616:  Hold'em No Limit ($0.50/$1.00 USD) - 2025/01/07 20:54:00 WET [2025/01/07 15:54:00 ET]
Table 'Hale-Bopp III' 6-max Seat #3 is the button
Seat 1: HOUGHY2024 ($94.20 in chips) 
Seat 2: tintin641 ($135.88 in chips) 
Seat 3: Nazareno1999 ($100 in chips) 
Seat 4: illarins ($100 in chips) 
Seat 5: dreimis190 ($100 in chips) 
Seat 6: Manifestorr ($103.04 in chips) 
illarins: posts small blind $0.50
dreimis190: posts big blind $1
*** HOLE CARDS ***
Manifestorr: folds 
HOUGHY2024: raises $1.40 to $2.40
tintin641: folds 
Nazareno1999: folds 
illarins: folds 
dreimis190: calls $1.40
*** FLOP *** [4h 3c Td]
dreimis190: checks 
HOUGHY2024: bets $2.79
dreimis190: calls $2.79
*** TURN *** [4h 3c Td] [Qd]
dreimis190: checks 
HOUGHY2024: bets $7.89
dreimis190: calls $7.89
*** RIVER *** [4h 3c Td Qd] [Kh]
dreimis190: checks 
HOUGHY2024: checks 
*** SHOW DOWN ***
dreimis190: shows [Tc 9c] (a pair of Tens)
HOUGHY2024: shows [3d 4d] (two pair, Fours and Threes)
HOUGHY2024 collected $25.33 from pot
*** SUMMARY ***
Total pot $26.66 | Rake $1.33 
Board [4h 3c Td Qd Kh]
Seat 1: HOUGHY2024 showed [3d 4d] and won ($25.33) with two pair, Fours and Threes
Seat 2: tintin641 folded before Flop (didn't bet)
Seat 3: Nazareno1999 (button) folded before Flop (didn't bet)
Seat 4: illarins (small blind) folded before Flop
Seat 5: dreimis190 (big blind) showed [Tc 9c] and lost with a pair of Tens
Seat 6: Manifestorr folded before Flop (didn't bet)



PokerStars Hand #254251271053:  Hold'em No Limit ($0.50/$1.00 USD) - 2025/01/07 20:55:24 WET [2025/01/07 15:55:24 ET]
Table 'Hale-Bopp III' 6-max Seat #4 is the button
Seat 1: HOUGHY2024 ($106.45 in chips) 
Seat 2: tintin641 ($135.88 in chips) 
Seat 3: Nazareno1999 ($100 in chips) 
Seat 4: illarins ($100 in chips) 
Seat 5: dreimis190 ($100 in chips) 
Seat 6: Manifestorr ($103.04 in chips) 
dreimis190: posts small blind $0.50
Manifestorr: posts big blind $1
*** HOLE CARDS ***
HOUGHY2024: folds 
tintin641: folds 
Nazareno1999: folds 
illarins: raises $1.50 to $2.50
dreimis190: folds 
Manifestorr: folds 
Uncalled bet ($1.50) returned to illarins
illarins collected $2.50 from pot
illarins: doesn't show hand 
*** SUMMARY ***
Total pot $2.50 | Rake $0 
Seat 1: HOUGHY2024 folded before Flop (didn't bet)
Seat 2: tintin641 folded before Flop (didn't bet)
Seat 3: Nazareno1999 folded before Flop (didn't bet)
Seat 4: illarins (button) collected ($2.50)
Seat 5: dreimis190 (small blind) folded before Flop
Seat 6: Manifestorr (big blind) folded before Flop



PokerStars Hand #254251275460:  Hold'em No Limit ($0.50/$1.00 USD) - 2025/01/07 20:55:43 WET [2025/01/07 15:55:43 ET]
Table 'Hale-Bopp III' 6-max Seat #5 is the button
Seat 1: HOUGHY2024 ($106.45 in chips) 
Seat 2: tintin641 ($135.88 in chips) 
Seat 3: Nazareno1999 ($100 in chips) 
Seat 4: illarins ($101.50 in chips) 
Seat 5: dreimis190 ($100 in chips) 
Seat 6: Manifestorr ($102.04 in chips) 
Manifestorr: posts small blind $0.50
HOUGHY2024: posts big blind $1
*** HOLE CARDS ***
tintin641: folds 
Nazareno1999: folds 
illarins: folds 
dreimis190: raises $1.50 to $2.50
Manifestorr: folds 
HOUGHY2024: calls $1.50
*** FLOP *** [Qd 4c 2c]
HOUGHY2024: checks 
dreimis190: checks 
*** TURN *** [Qd 4c 2c] [6h]
HOUGHY2024: checks 
dreimis190: bets $4.72
HOUGHY2024: folds 
Uncalled bet ($4.72) returned to dreimis190
dreimis190 collected $5.22 from pot
dreimis190: doesn't show hand 
*** SUMMARY ***
Total pot $5.50 | Rake $0.28 
Board [Qd 4c 2c 6h]
Seat 1: HOUGHY2024 (big blind) folded on the Turn
Seat 2: tintin641 folded before Flop (didn't bet)
Seat 3: Nazareno1999 folded before Flop (didn't bet)
Seat 4: illarins folded before Flop (didn't bet)
Seat 5: dreimis190 (button) collected ($5.22)
Seat 6: Manifestorr (small blind) folded before Flop



PokerStars Hand #254251287231:  Hold'em No Limit ($0.50/$1.00 USD) - 2025/01/07 20:56:33 WET [2025/01/07 15:56:33 ET]
Table 'Hale-Bopp III' 6-max Seat #6 is the button
Seat 1: HOUGHY2024 ($103.95 in chips) is sitting out
Seat 2: tintin641 ($135.88 in chips) 
Seat 3: Nazareno1999 ($100 in chips) 
Seat 4: illarins ($101.50 in chips) 
Seat 5: dreimis190 ($102.72 in chips) 
Seat 6: Manifestorr ($101.54 in chips) 
HOUGHY2024 has timed out
HOUGHY2024: is sitting out 
tintin641: posts small blind $0.50
Nazareno1999: posts big blind $1
*** HOLE CARDS ***
illarins: raises $1.50 to $2.50
dreimis190: folds 
Manifestorr: folds 
tintin641: folds 
HOUGHY2024 is disconnected 
Nazareno1999: raises $8.50 to $11
illarins: folds 
Uncalled bet ($8.50) returned to Nazareno1999
Nazareno1999 collected $5.50 from pot
Nazareno1999: doesn't show hand 
*** SUMMARY ***
Total pot $5.50 | Rake $0 
Seat 1: HOUGHY2024
Seat 2: tintin641 (small blind) folded before Flop
Seat 3: Nazareno1999 (big blind) collected ($5.50)
Seat 4: illarins folded before Flop
Seat 5: dreimis190 folded before Flop (didn't bet)
Seat 6: Manifestorr (button) folded before Flop (didn't bet)



PokerStars Hand #254251294100:  Hold'em No Limit ($0.50/$1.00 USD) - 2025/01/07 20:57:03 WET [2025/01/07 15:57:03 ET]
Table 'Hale-Bopp III' 6-max Seat #2 is the button
Seat 1: HOUGHY2024 ($103.95 in chips) is sitting out
Seat 2: tintin641 ($135.38 in chips) 
Seat 3: Nazareno1999 ($103 in chips) 
Seat 4: illarins ($100 in chips) 
Seat 5: dreimis190 ($102.72 in chips) 
Seat 6: Manifestorr ($101.54 in chips) 
Nazareno1999: posts small blind $0.50
illarins: posts big blind $1
*** HOLE CARDS ***
dreimis190: folds 
Manifestorr: folds 
HOUGHY2024 leaves the table
tintin641: raises $1.50 to $2.50
dreimis190 leaves the table
Nazareno1999: folds 
illarins: folds 
Uncalled bet ($1.50) returned to tintin641
tintin641 collected $2.50 from pot
tintin641: doesn't show hand 
xxxZeka joins the table at seat #1 
*** SUMMARY ***
Total pot $2.50 | Rake $0 
Seat 1: HOUGHY2024
Seat 2: tintin641 (button) collected ($2.50)
Seat 3: Nazareno1999 (small blind) folded before Flop
Seat 4: illarins (big blind) folded before Flop
Seat 5: dreimis190 folded before Flop (didn't bet)
Seat 6: Manifestorr folded before Flop (didn't bet)



PokerStars Hand #254251299070:  Hold'em No Limit ($0.50/$1.00 USD) - 2025/01/07 20:57:24 WET [2025/01/07 15:57:24 ET]
Table 'Hale-Bopp III' 6-max Seat #3 is the button
Seat 1: xxxZeka ($100 in chips) is sitting out
Seat 2: tintin641 ($136.88 in chips) 
Seat 3: Nazareno1999 ($102.50 in chips) 
Seat 4: illarins ($100 in chips) 
Seat 6: Manifestorr ($101.54 in chips) 
illarins: posts small blind $0.50
Manifestorr: posts big blind $1
xxxZeka: sits out 
*** HOLE CARDS ***
tintin641: folds 
Nazareno1999: folds 
illarins: folds 
Uncalled bet ($0.50) returned to Manifestorr
Manifestorr collected $1 from pot
*** SUMMARY ***
Total pot $1 | Rake $0 
Seat 1: xxxZeka
Seat 2: tintin641 folded before Flop (didn't bet)
Seat 3: Nazareno1999 (button) folded before Flop (didn't bet)
Seat 4: illarins (small blind) folded before Flop
Seat 6: Manifestorr (big blind) collected ($1)



