PokerStars Hand #254248399152:  Hold'em No Limit ($0.50/$1.00 USD) - 2025/01/07 18:20:24 WET [2025/01/07 13:20:24 ET]
Table 'Zaniah II' 6-max Seat #5 is the button
Seat 1: mr.Jckpot ($100 in chips) 
Seat 2: 3EPH ($100 in chips) 
Seat 4: michasia ($100 in chips) 
Seat 5: ptolejmus ($10 in chips) 
Seat 6: Zvst ($100 in chips) 
Zvst: posts small blind $0.50
mr.Jckpot: posts big blind $1
*** HOLE CARDS ***
3EPH: folds 
michasia: folds 
ptolejmus: folds 
LeeTuffy1988 joins the table at seat #3 
LeeTuffy1988 is disconnected 
Zvst: raises $2 to $3
mr.Jckpot: calls $2
*** FLOP *** [9h Ad Qd]
Zvst: bets $4.20
mr.Jckpot: calls $4.20
*** TURN *** [9h Ad Qd] [6s]
Zvst: checks 
mr.Jckpot: checks 
*** RIVER *** [9h Ad Qd 6s] [2d]
Zvst: checks 
mr.Jckpot: checks 
*** SHOW DOWN ***
Zvst: shows [Kc Th] (high card Ace)
mr.Jckpot: shows [Qc Ts] (a pair of Queens)
mr.Jckpot collected $13.68 from pot
*** SUMMARY ***
Total pot $14.40 | Rake $0.72 
Board [9h Ad Qd 6s 2d]
Seat 1: mr.Jckpot (big blind) showed [Qc Ts] and won ($13.68) with a pair of Queens
Seat 2: 3EPH folded before Flop (didn't bet)
Seat 4: michasia folded before Flop (didn't bet)
Seat 5: ptolejmus (button) folded before Flop (didn't bet)
Seat 6: Zvst (small blind) showed [Kc Th] and lost with high card Ace



PokerStars Hand #254248418461:  Hold'em No Limit ($0.50/$1.00 USD) - 2025/01/07 18:21:29 WET [2025/01/07 13:21:29 ET]
Table 'Zaniah II' 6-max Seat #6 is the button
Seat 3: LeeTuffy1988 ($20.12 in chips) is sitting out
Seat 1: mr.Jckpot ($106.48 in chips) 
Seat 2: 3EPH ($100 in chips) 
Seat 4: michasia ($100 in chips) 
Seat 5: ptolejmus ($10 in chips) 
Seat 6: Zvst ($100 in chips) 
mr.Jckpot: posts small blind $0.50
3EPH: posts big blind $1
LeeTuffy1988: sits out 
*** HOLE CARDS ***
michasia: raises $1.60 to $2.60
ptolejmus: folds 
Zvst: folds 
mr.Jckpot: raises $9.40 to $12
3EPH: folds 
michasia: calls $9.40
*** FLOP *** [4s 3d 9c]
mr.Jckpot: bets $7.84
michasia: calls $7.84
*** TURN *** [4s 3d 9c] [Jh]
mr.Jckpot: bets $30.15
michasia: folds 
Uncalled bet ($30.15) returned to mr.Jckpot
mr.Jckpot collected $38.65 from pot
mr.Jckpot: doesn't show hand 
*** SUMMARY ***
Total pot $40.68 | Rake $2.03 
Board [4s 3d 9c Jh]
Seat 3: LeeTuffy1988
Seat 1: mr.Jckpot (small blind) collected ($38.65)
Seat 2: 3EPH (big blind) folded before Flop
Seat 4: michasia folded on the Turn
Seat 5: ptolejmus folded before Flop (didn't bet)
Seat 6: Zvst (button) folded before Flop (didn't bet)



PokerStars Hand #254248430962:  Hold'em No Limit ($0.50/$1.00 USD) - 2025/01/07 18:22:11 WET [2025/01/07 13:22:11 ET]
Table 'Zaniah II' 6-max Seat #1 is the button
Seat 1: mr.Jckpot ($125.29 in chips) 
Seat 2: 3EPH ($100 in chips) 
Seat 3: LeeTuffy1988 ($20.12 in chips) 
Seat 4: michasia ($100 in chips) 
Seat 5: ptolejmus ($10 in chips) 
Seat 6: Zvst ($100 in chips) 
3EPH: posts small blind $0.50
LeeTuffy1988: posts big blind $1
*** HOLE CARDS ***
michasia: folds 
ptolejmus: folds 
Zvst: raises $1 to $2
mr.Jckpot: folds 
3EPH: folds 
LeeTuffy1988: calls $1
*** FLOP *** [6c Qd 5s]
LeeTuffy1988: checks 
Zvst: checks 
*** TURN *** [6c Qd 5s] [9s]
LeeTuffy1988: checks 
Zvst: checks 
*** RIVER *** [6c Qd 5s 9s] [7c]
LeeTuffy1988: bets $3
Zvst: folds 
Uncalled bet ($3) returned to LeeTuffy1988
LeeTuffy1988 collected $4.28 from pot
*** SUMMARY ***
Total pot $4.50 | Rake $0.22 
Board [6c Qd 5s 9s 7c]
Seat 1: mr.Jckpot (button) folded before Flop (didn't bet)
Seat 2: 3EPH (small blind) folded before Flop
Seat 3: LeeTuffy1988 (big blind) collected ($4.28)
Seat 4: michasia folded before Flop (didn't bet)
Seat 5: ptolejmus folded before Flop (didn't bet)
Seat 6: Zvst folded on the River



PokerStars Hand #254248450190:  Hold'em No Limit ($0.50/$1.00 USD) - 2025/01/07 18:23:15 WET [2025/01/07 13:23:15 ET]
Table 'Zaniah II' 6-max Seat #2 is the button
Seat 1: mr.Jckpot ($125.29 in chips) 
Seat 2: 3EPH ($100 in chips) 
Seat 3: LeeTuffy1988 ($22.40 in chips) 
Seat 4: michasia ($100 in chips) 
Seat 5: ptolejmus ($10 in chips) 
Seat 6: Zvst ($100 in chips) 
LeeTuffy1988: posts small blind $0.50
michasia: posts big blind $1
*** HOLE CARDS ***
ptolejmus: folds 
Zvst: folds 
mr.Jckpot: raises $1.50 to $2.50
3EPH: folds 
LeeTuffy1988: calls $2
michasia: folds 
*** FLOP *** [Th 6c 3h]
LeeTuffy1988: checks 
mr.Jckpot: bets $3.14
LeeTuffy1988: folds 
Uncalled bet ($3.14) returned to mr.Jckpot
mr.Jckpot collected $5.70 from pot
mr.Jckpot: doesn't show hand 
*** SUMMARY ***
Total pot $6 | Rake $0.30 
Board [Th 6c 3h]
Seat 1: mr.Jckpot collected ($5.70)
Seat 2: 3EPH (button) folded before Flop (didn't bet)
Seat 3: LeeTuffy1988 (small blind) folded on the Flop
Seat 4: michasia (big blind) folded before Flop
Seat 5: ptolejmus folded before Flop (didn't bet)
Seat 6: Zvst folded before Flop (didn't bet)



PokerStars Hand #254248459963:  Hold'em No Limit ($0.50/$1.00 USD) - 2025/01/07 18:23:48 WET [2025/01/07 13:23:48 ET]
Table 'Zaniah II' 6-max Seat #3 is the button
Seat 1: mr.Jckpot ($128.49 in chips) 
Seat 2: 3EPH ($100 in chips) 
Seat 3: LeeTuffy1988 ($19.90 in chips) 
Seat 4: michasia ($100 in chips) 
Seat 5: ptolejmus ($10 in chips) 
Seat 6: Zvst ($100 in chips) 
michasia: posts small blind $0.50
ptolejmus: posts big blind $1
*** HOLE CARDS ***
Zvst: folds 
mr.Jckpot: folds 
3EPH: folds 
LeeTuffy1988: calls $1
michasia: raises $4 to $5
ptolejmus: folds 
LeeTuffy1988: raises $4 to $9
michasia: raises $28 to $37
LeeTuffy1988: calls $10.90 and is all-in
Uncalled bet ($17.10) returned to michasia
*** FLOP *** [7c 4s 3d]
*** TURN *** [7c 4s 3d] [3h]
*** RIVER *** [7c 4s 3d 3h] [8s]
*** SHOW DOWN ***
michasia: shows [Ad Ks] (a pair of Threes)
LeeTuffy1988: shows [Th Kd] (a pair of Threes - lower kicker)
michasia collected $38.76 from pot
*** SUMMARY ***
Total pot $40.80 | Rake $2.04 
Board [7c 4s 3d 3h 8s]
Seat 1: mr.Jckpot folded before Flop (didn't bet)
Seat 2: 3EPH folded before Flop (didn't bet)
Seat 3: LeeTuffy1988 (button) showed [Th Kd] and lost with a pair of Threes
Seat 4: michasia (small blind) showed [Ad Ks] and won ($38.76) with a pair of Threes
Seat 5: ptolejmus (big blind) folded before Flop
Seat 6: Zvst folded before Flop (didn't bet)



PokerStars Hand #254248471987:  Hold'em No Limit ($0.50/$1.00 USD) - 2025/01/07 18:24:28 WET [2025/01/07 13:24:28 ET]
Table 'Zaniah II' 6-max Seat #4 is the button
Seat 3: LeeTuffy1988 ($0 in chips) is sitting out
Seat 1: mr.Jckpot ($128.49 in chips) 
Seat 2: 3EPH ($100 in chips) 
Seat 4: michasia ($118.86 in chips) 
Seat 5: ptolejmus ($10 in chips) 
Seat 6: Zvst ($100 in chips) 
ptolejmus: posts small blind $0.50
Zvst: posts big blind $1
*** HOLE CARDS ***
mr.Jckpot: folds 
3EPH: folds 
michasia: folds 
ptolejmus: raises $9 to $10 and is all-in
Zvst: calls $9
*** FLOP *** [Ad 5d Qd]
*** TURN *** [Ad 5d Qd] [Ah]
*** RIVER *** [Ad 5d Qd Ah] [5c]
*** SHOW DOWN ***
ptolejmus: shows [Ts Jc] (two pair, Aces and Fives)
Zvst: shows [As Js] (a full house, Aces full of Fives)
Zvst collected $19 from pot
*** SUMMARY ***
Total pot $20 | Rake $1 
Board [Ad 5d Qd Ah 5c]
Seat 3: LeeTuffy1988
Seat 1: mr.Jckpot folded before Flop (didn't bet)
Seat 2: 3EPH folded before Flop (didn't bet)
Seat 4: michasia (button) folded before Flop (didn't bet)
Seat 5: ptolejmus (small blind) showed [Ts Jc] and lost with two pair, Aces and Fives
Seat 6: Zvst (big blind) showed [As Js] and won ($19) with a full house, Aces full of Fives



PokerStars Hand #254248479260:  Hold'em No Limit ($0.50/$1.00 USD) - 2025/01/07 18:24:52 WET [2025/01/07 13:24:52 ET]
Table 'Zaniah II' 6-max Seat #5 is the button
Seat 1: mr.Jckpot ($128.49 in chips) 
Seat 2: 3EPH ($100 in chips) 
Seat 3: LeeTuffy1988 ($15.37 in chips) 
Seat 4: michasia ($118.86 in chips) 
Seat 5: ptolejmus ($10 in chips) 
Seat 6: Zvst ($109 in chips) 
Zvst: posts small blind $0.50
mr.Jckpot: posts big blind $1
*** HOLE CARDS ***
3EPH: folds 
LeeTuffy1988: calls $1
michasia: folds 
ptolejmus: raises $9 to $10 and is all-in
Zvst: folds 
mr.Jckpot: raises $118.49 to $128.49 and is all-in
LeeTuffy1988: calls $14.37 and is all-in
Uncalled bet ($113.12) returned to mr.Jckpot
*** FLOP *** [7s Jc Th]
*** TURN *** [7s Jc Th] [Jd]
*** RIVER *** [7s Jc Th Jd] [8s]
*** SHOW DOWN ***
mr.Jckpot: shows [9d Ad] (a straight, Seven to Jack)
LeeTuffy1988: shows [5s 6s] (a pair of Jacks)
mr.Jckpot collected $10.20 from side pot
ptolejmus: shows [Ah 7h] (two pair, Jacks and Sevens)
mr.Jckpot collected $28.98 from main pot
*** SUMMARY ***
Total pot $41.24 Main pot $28.98. Side pot $10.20. | Rake $2.06 
Board [7s Jc Th Jd 8s]
Seat 1: mr.Jckpot (big blind) showed [9d Ad] and won ($39.18) with a straight, Seven to Jack
Seat 2: 3EPH folded before Flop (didn't bet)
Seat 3: LeeTuffy1988 showed [5s 6s] and lost with a pair of Jacks
Seat 4: michasia folded before Flop (didn't bet)
Seat 5: ptolejmus (button) showed [Ah 7h] and lost with two pair, Jacks and Sevens
Seat 6: Zvst (small blind) folded before Flop



PokerStars Hand #254248491510:  Hold'em No Limit ($0.50/$1.00 USD) - 2025/01/07 18:25:34 WET [2025/01/07 13:25:34 ET]
Table 'Zaniah II' 6-max Seat #6 is the button
Seat 2: 3EPH ($100 in chips) is sitting out
Seat 3: LeeTuffy1988 ($0 in chips) is sitting out
Seat 1: mr.Jckpot ($152.30 in chips) 
Seat 4: michasia ($118.86 in chips) 
Seat 5: ptolejmus ($10 in chips) 
Seat 6: Zvst ($108.50 in chips) 
mr.Jckpot: posts small blind $0.50
3EPH: is sitting out 
michasia: posts big blind $1
*** HOLE CARDS ***
3EPH leaves the table
ptolejmus: folds 
Zvst: raises $1.50 to $2.50
mr.Jckpot: folds 
sta$igk joins the table at seat #2 
michasia: folds 
Uncalled bet ($1.50) returned to Zvst
Zvst collected $2.50 from pot
Zvst: doesn't show hand 
*** SUMMARY ***
Total pot $2.50 | Rake $0 
Seat 2: 3EPH
Seat 3: LeeTuffy1988
Seat 1: mr.Jckpot (small blind) folded before Flop
Seat 4: michasia (big blind) folded before Flop
Seat 5: ptolejmus folded before Flop (didn't bet)
Seat 6: Zvst (button) collected ($2.50)



PokerStars Hand #254248496282:  Hold'em No Limit ($0.50/$1.00 USD) - 2025/01/07 18:25:49 WET [2025/01/07 13:25:49 ET]
Table 'Zaniah II' 6-max Seat #1 is the button
Seat 2: sta$igk ($100 in chips) is sitting out
Seat 3: LeeTuffy1988 ($15.87 in chips) is sitting out
Seat 1: mr.Jckpot ($151.80 in chips) 
Seat 4: michasia ($117.86 in chips) 
Seat 5: ptolejmus ($10 in chips) 
Seat 6: Zvst ($110 in chips) 
michasia: posts small blind $0.50
ptolejmus: posts big blind $1
*** HOLE CARDS ***
Zvst: folds 
mr.Jckpot: folds 
michasia: folds 
Uncalled bet ($0.50) returned to ptolejmus
ptolejmus collected $1 from pot
*** SUMMARY ***
Total pot $1 | Rake $0 
Seat 2: sta$igk
Seat 3: LeeTuffy1988
Seat 1: mr.Jckpot (button) folded before Flop (didn't bet)
Seat 4: michasia (small blind) folded before Flop
Seat 5: ptolejmus (big blind) collected ($1)
Seat 6: Zvst folded before Flop (didn't bet)



PokerStars Hand #254248498491:  Hold'em No Limit ($0.50/$1.00 USD) - 2025/01/07 18:25:57 WET [2025/01/07 13:25:57 ET]
Table 'Zaniah II' 6-max Seat #4 is the button
Seat 2: sta$igk ($100 in chips) is sitting out
Seat 1: mr.Jckpot ($151.80 in chips) 
Seat 3: LeeTuffy1988 ($15.87 in chips) 
Seat 4: michasia ($117.36 in chips) 
Seat 5: ptolejmus ($10.50 in chips) 
Seat 6: Zvst ($110 in chips) 
ptolejmus: posts small blind $0.50
Zvst: posts big blind $1
sta$igk: sits out 
LeeTuffy1988: posts small & big blinds $1.50
*** HOLE CARDS ***
mr.Jckpot: folds 
LeeTuffy1988: checks 
michasia: folds 
ptolejmus: raises $9.50 to $10.50 and is all-in
Zvst: folds 
LeeTuffy1988: folds 
Uncalled bet ($9.50) returned to ptolejmus
ptolejmus collected $3.50 from pot
*** SUMMARY ***
Total pot $3.50 | Rake $0 
Seat 2: sta$igk
Seat 1: mr.Jckpot folded before Flop (didn't bet)
Seat 3: LeeTuffy1988 folded before Flop (didn't bet)
Seat 4: michasia (button) folded before Flop (didn't bet)
Seat 5: ptolejmus (small blind) collected ($3.50)
Seat 6: Zvst (big blind) folded before Flop



PokerStars Hand #254248508040:  Hold'em No Limit ($0.50/$1.00 USD) - 2025/01/07 18:26:29 WET [2025/01/07 13:26:29 ET]
Table 'Zaniah II' 6-max Seat #5 is the button
Seat 2: sta$igk ($100 in chips) is sitting out
Seat 1: mr.Jckpot ($151.80 in chips) 
Seat 3: LeeTuffy1988 ($14.37 in chips) 
Seat 4: michasia ($117.36 in chips) 
Seat 5: ptolejmus ($13 in chips) 
Seat 6: Zvst ($109 in chips) 
Zvst: posts small blind $0.50
mr.Jckpot: posts big blind $1
sta$igk: sits out 
*** HOLE CARDS ***
LeeTuffy1988: calls $1
michasia: folds 
ptolejmus: folds 
Zvst: folds 
mr.Jckpot: raises $2.50 to $3.50
LeeTuffy1988: calls $2.50
*** FLOP *** [Kd 4c Qs]
mr.Jckpot: bets $2.35
LeeTuffy1988: folds 
Uncalled bet ($2.35) returned to mr.Jckpot
mr.Jckpot collected $7.12 from pot
mr.Jckpot: doesn't show hand 
*** SUMMARY ***
Total pot $7.50 | Rake $0.38 
Board [Kd 4c Qs]
Seat 2: sta$igk
Seat 1: mr.Jckpot (big blind) collected ($7.12)
Seat 3: LeeTuffy1988 folded on the Flop
Seat 4: michasia folded before Flop (didn't bet)
Seat 5: ptolejmus (button) folded before Flop (didn't bet)
Seat 6: Zvst (small blind) folded before Flop



PokerStars Hand #254248524288:  Hold'em No Limit ($0.50/$1.00 USD) - 2025/01/07 18:27:23 WET [2025/01/07 13:27:23 ET]
Table 'Zaniah II' 6-max Seat #6 is the button
Seat 1: mr.Jckpot ($155.42 in chips) 
Seat 2: sta$igk ($100 in chips) 
Seat 3: LeeTuffy1988 ($10.87 in chips) 
Seat 4: michasia ($117.36 in chips) 
Seat 5: ptolejmus ($13 in chips) 
Seat 6: Zvst ($108.50 in chips) 
mr.Jckpot: posts small blind $0.50
sta$igk: posts big blind $1
*** HOLE CARDS ***
LeeTuffy1988: calls $1
michasia: folds 
ptolejmus: folds 
Zvst: folds 
mr.Jckpot: raises $2 to $3
sta$igk: folds 
LeeTuffy1988: calls $2
*** FLOP *** [4s 5d 4d]
mr.Jckpot: checks 
LeeTuffy1988: checks 
*** TURN *** [4s 5d 4d] [7h]
mr.Jckpot: checks 
LeeTuffy1988: bets $3
mr.Jckpot: folds 
Uncalled bet ($3) returned to LeeTuffy1988
LeeTuffy1988 collected $6.65 from pot
*** SUMMARY ***
Total pot $7 | Rake $0.35 
Board [4s 5d 4d 7h]
Seat 1: mr.Jckpot (small blind) folded on the Turn
Seat 2: sta$igk (big blind) folded before Flop
Seat 3: LeeTuffy1988 collected ($6.65)
Seat 4: michasia folded before Flop (didn't bet)
Seat 5: ptolejmus folded before Flop (didn't bet)
Seat 6: Zvst (button) folded before Flop (didn't bet)



PokerStars Hand #254248541263:  Hold'em No Limit ($0.50/$1.00 USD) - 2025/01/07 18:28:20 WET [2025/01/07 13:28:20 ET]
Table 'Zaniah II' 6-max Seat #1 is the button
Seat 1: mr.Jckpot ($152.42 in chips) 
Seat 2: sta$igk ($100 in chips) 
Seat 3: LeeTuffy1988 ($14.52 in chips) 
Seat 4: michasia ($117.36 in chips) 
Seat 5: ptolejmus ($13 in chips) 
Seat 6: Zvst ($108.50 in chips) 
sta$igk: posts small blind $0.50
LeeTuffy1988: posts big blind $1
*** HOLE CARDS ***
michasia: folds 
ptolejmus: folds 
Zvst: folds 
mr.Jckpot: folds 
sta$igk: raises $99 to $100 and is all-in
LeeTuffy1988: folds 
Uncalled bet ($99) returned to sta$igk
sta$igk collected $2 from pot
sta$igk: doesn't show hand 
*** SUMMARY ***
Total pot $2 | Rake $0 
Seat 1: mr.Jckpot (button) folded before Flop (didn't bet)
Seat 2: sta$igk (small blind) collected ($2)
Seat 3: LeeTuffy1988 (big blind) folded before Flop
Seat 4: michasia folded before Flop (didn't bet)
Seat 5: ptolejmus folded before Flop (didn't bet)
Seat 6: Zvst folded before Flop (didn't bet)



PokerStars Hand #254248548779:  Hold'em No Limit ($0.50/$1.00 USD) - 2025/01/07 18:28:46 WET [2025/01/07 13:28:46 ET]
Table 'Zaniah II' 6-max Seat #2 is the button
Seat 1: mr.Jckpot ($152.42 in chips) 
Seat 2: sta$igk ($101 in chips) 
Seat 3: LeeTuffy1988 ($13.52 in chips) 
Seat 4: michasia ($117.36 in chips) 
Seat 5: ptolejmus ($13 in chips) 
Seat 6: Zvst ($108.50 in chips) 
LeeTuffy1988: posts small blind $0.50
michasia: posts big blind $1
*** HOLE CARDS ***
ptolejmus: folds 
Zvst: raises $1 to $2
mr.Jckpot: folds 
sta$igk: folds 
LeeTuffy1988: calls $1.50
michasia: calls $1
*** FLOP *** [Kd 8s 4c]
LeeTuffy1988: checks 
michasia: checks 
Zvst: bets $1.88
LeeTuffy1988: folds 
michasia: folds 
Uncalled bet ($1.88) returned to Zvst
Zvst collected $5.70 from pot
Zvst: doesn't show hand 
*** SUMMARY ***
Total pot $6 | Rake $0.30 
Board [Kd 8s 4c]
Seat 1: mr.Jckpot folded before Flop (didn't bet)
Seat 2: sta$igk (button) folded before Flop (didn't bet)
Seat 3: LeeTuffy1988 (small blind) folded on the Flop
Seat 4: michasia (big blind) folded on the Flop
Seat 5: ptolejmus folded before Flop (didn't bet)
Seat 6: Zvst collected ($5.70)



PokerStars Hand #254248567050:  Hold'em No Limit ($0.50/$1.00 USD) - 2025/01/07 18:29:48 WET [2025/01/07 13:29:48 ET]
Table 'Zaniah II' 6-max Seat #3 is the button
Seat 1: mr.Jckpot ($152.42 in chips) 
Seat 2: sta$igk ($101 in chips) 
Seat 3: LeeTuffy1988 ($11.52 in chips) 
Seat 4: michasia ($115.36 in chips) 
Seat 5: ptolejmus ($13 in chips) 
Seat 6: Zvst ($112.20 in chips) 
michasia: posts small blind $0.50
ptolejmus: posts big blind $1
*** HOLE CARDS ***
Zvst: folds 
mr.Jckpot: folds 
sta$igk: folds 
LeeTuffy1988: calls $1
michasia: raises $4 to $5
ptolejmus: folds 
LeeTuffy1988: folds 
Uncalled bet ($4) returned to michasia
michasia collected $3 from pot
michasia: doesn't show hand 
*** SUMMARY ***
Total pot $3 | Rake $0 
Seat 1: mr.Jckpot folded before Flop (didn't bet)
Seat 2: sta$igk folded before Flop (didn't bet)
Seat 3: LeeTuffy1988 (button) folded before Flop
Seat 4: michasia (small blind) collected ($3)
Seat 5: ptolejmus (big blind) folded before Flop
Seat 6: Zvst folded before Flop (didn't bet)



PokerStars Hand #254248576398:  Hold'em No Limit ($0.50/$1.00 USD) - 2025/01/07 18:30:19 WET [2025/01/07 13:30:19 ET]
Table 'Zaniah II' 6-max Seat #4 is the button
Seat 1: mr.Jckpot ($152.42 in chips) 
Seat 2: sta$igk ($101 in chips) 
Seat 3: LeeTuffy1988 ($10.52 in chips) 
Seat 4: michasia ($117.36 in chips) 
Seat 5: ptolejmus ($12 in chips) 
Seat 6: Zvst ($112.20 in chips) 
ptolejmus: posts small blind $0.50
Zvst: posts big blind $1
*** HOLE CARDS ***
mr.Jckpot: folds 
sta$igk: raises $1 to $2
LeeTuffy1988: calls $2
michasia: folds 
ptolejmus: folds 
Zvst: raises $10.50 to $12.50
sta$igk: folds 
LeeTuffy1988: calls $8.52 and is all-in
Uncalled bet ($1.98) returned to Zvst
*** FLOP *** [Qs Kd 5c]
*** TURN *** [Qs Kd 5c] [Td]
*** RIVER *** [Qs Kd 5c Td] [2c]
*** SHOW DOWN ***
Zvst: shows [Tc Ts] (three of a kind, Tens)
LeeTuffy1988: shows [2s 9s] (a pair of Deuces)
Zvst collected $22.36 from pot
*** SUMMARY ***
Total pot $23.54 | Rake $1.18 
Board [Qs Kd 5c Td 2c]
Seat 1: mr.Jckpot folded before Flop (didn't bet)
Seat 2: sta$igk folded before Flop
Seat 3: LeeTuffy1988 showed [2s 9s] and lost with a pair of Deuces
Seat 4: michasia (button) folded before Flop (didn't bet)
Seat 5: ptolejmus (small blind) folded before Flop
Seat 6: Zvst (big blind) showed [Tc Ts] and won ($22.36) with three of a kind, Tens



PokerStars Hand #254248593180:  Hold'em No Limit ($0.50/$1.00 USD) - 2025/01/07 18:31:14 WET [2025/01/07 13:31:14 ET]
Table 'Zaniah II' 6-max Seat #5 is the button
Seat 3: LeeTuffy1988 ($0 in chips) is sitting out
Seat 1: mr.Jckpot ($152.42 in chips) 
Seat 2: sta$igk ($100 in chips) 
Seat 4: michasia ($117.36 in chips) 
Seat 5: ptolejmus ($11.50 in chips) 
Seat 6: Zvst ($124.04 in chips) 
Zvst: posts small blind $0.50
mr.Jckpot: posts big blind $1
*** HOLE CARDS ***
sta$igk: raises $1 to $2
michasia: folds 
ptolejmus: folds 
Zvst: raises $7 to $9
mr.Jckpot: folds 
sta$igk: folds 
Uncalled bet ($7) returned to Zvst
Zvst collected $5 from pot
Zvst: doesn't show hand 
*** SUMMARY ***
Total pot $5 | Rake $0 
Seat 3: LeeTuffy1988
Seat 1: mr.Jckpot (big blind) folded before Flop
Seat 2: sta$igk folded before Flop
Seat 4: michasia folded before Flop (didn't bet)
Seat 5: ptolejmus (button) folded before Flop (didn't bet)
Seat 6: Zvst (small blind) collected ($5)



PokerStars Hand #254248603565:  Hold'em No Limit ($0.50/$1.00 USD) - 2025/01/07 18:31:49 WET [2025/01/07 13:31:49 ET]
Table 'Zaniah II' 6-max Seat #6 is the button
Seat 2: sta$igk ($100 in chips) is sitting out
Seat 1: mr.Jckpot ($151.42 in chips) 
Seat 3: LeeTuffy1988 ($20.24 in chips) 
Seat 4: michasia ($117.36 in chips) 
Seat 5: ptolejmus ($11.50 in chips) 
Seat 6: Zvst ($127.04 in chips) 
mr.Jckpot: posts small blind $0.50
sta$igk: is sitting out 
LeeTuffy1988: posts big blind $1
*** HOLE CARDS ***
michasia: folds 
ptolejmus: raises $1 to $2
sta$igk leaves the table
Zvst: folds 
mr.Jckpot: folds 
LeeTuffy1988: calls $1
*** FLOP *** [Js 4s Qc]
LeeTuffy1988: checks 
Xenicide joins the table at seat #2 
ptolejmus: bets $1.16
LeeTuffy1988: calls $1.16
*** TURN *** [Js 4s Qc] [Ad]
LeeTuffy1988: checks 
ptolejmus: bets $1.75
LeeTuffy1988: raises $1.75 to $3.50
ptolejmus: raises $4.84 to $8.34 and is all-in
LeeTuffy1988: calls $4.84
*** RIVER *** [Js 4s Qc Ad] [7d]
*** SHOW DOWN ***
LeeTuffy1988: shows [3c Ac] (a pair of Aces)
ptolejmus: shows [Ks Th] (a straight, Ten to Ace)
ptolejmus collected $22.32 from pot
*** SUMMARY ***
Total pot $23.50 | Rake $1.18 
Board [Js 4s Qc Ad 7d]
Seat 2: sta$igk
Seat 1: mr.Jckpot (small blind) folded before Flop
Seat 3: LeeTuffy1988 (big blind) showed [3c Ac] and lost with a pair of Aces
Seat 4: michasia folded before Flop (didn't bet)
Seat 5: ptolejmus showed [Ks Th] and won ($22.32) with a straight, Ten to Ace
Seat 6: Zvst (button) folded before Flop (didn't bet)



PokerStars Hand #254248626476:  Hold'em No Limit ($0.50/$1.00 USD) - 2025/01/07 18:33:04 WET [2025/01/07 13:33:04 ET]
Table 'Zaniah II' 6-max Seat #1 is the button
Seat 2: Xenicide ($100 in chips) is sitting out
Seat 1: mr.Jckpot ($150.92 in chips) 
Seat 3: LeeTuffy1988 ($8.74 in chips) 
Seat 4: michasia ($117.36 in chips) 
Seat 5: ptolejmus ($22.32 in chips) 
Seat 6: Zvst ($127.04 in chips) 
LeeTuffy1988: posts small blind $0.50
michasia: posts big blind $1
*** HOLE CARDS ***
ptolejmus: folds 
ptolejmus leaves the table
Zvst: folds 
mr.Jckpot: raises $1.50 to $2.50
Y_19 joins the table at seat #5 
LeeTuffy1988: folds 
michasia: raises $9.50 to $12
mr.Jckpot: calls $9.50
*** FLOP *** [2c 5d Th]
michasia: checks 
mr.Jckpot: checks 
*** TURN *** [2c 5d Th] [7s]
michasia: checks 
mr.Jckpot: bets $15.36
michasia: folds 
Uncalled bet ($15.36) returned to mr.Jckpot
mr.Jckpot collected $23.28 from pot
mr.Jckpot: doesn't show hand 
*** SUMMARY ***
Total pot $24.50 | Rake $1.22 
Board [2c 5d Th 7s]
Seat 2: Xenicide
Seat 1: mr.Jckpot (button) collected ($23.28)
Seat 3: LeeTuffy1988 (small blind) folded before Flop
Seat 4: michasia (big blind) folded on the Turn
Seat 5: ptolejmus folded before Flop (didn't bet)
Seat 6: Zvst folded before Flop (didn't bet)



PokerStars Hand #254248644811:  Hold'em No Limit ($0.50/$1.00 USD) - 2025/01/07 18:34:04 WET [2025/01/07 13:34:04 ET]
Table 'Zaniah II' 6-max Seat #3 is the button
Seat 2: Xenicide ($100 in chips) is sitting out
Seat 1: mr.Jckpot ($162.20 in chips) 
Seat 3: LeeTuffy1988 ($8.24 in chips) 
Seat 4: michasia ($105.36 in chips) 
Seat 5: Y_19 ($100 in chips) 
Seat 6: Zvst ($127.04 in chips) 
michasia: posts small blind $0.50
Y_19: posts big blind $1
Xenicide: sits out 
*** HOLE CARDS ***
Zvst: folds 
mr.Jckpot: folds 
LeeTuffy1988: calls $1
michasia: folds 
Y_19: raises $9 to $10
LeeTuffy1988: calls $7.24 and is all-in
Uncalled bet ($1.76) returned to Y_19
*** FLOP *** [5h Ks Qh]
*** TURN *** [5h Ks Qh] [9s]
*** RIVER *** [5h Ks Qh 9s] [7h]
*** SHOW DOWN ***
Y_19: shows [Jh Qc] (a pair of Queens)
LeeTuffy1988: shows [Qd 9c] (two pair, Queens and Nines)
LeeTuffy1988 collected $16.13 from pot
*** SUMMARY ***
Total pot $16.98 | Rake $0.85 
Board [5h Ks Qh 9s 7h]
Seat 2: Xenicide
Seat 1: mr.Jckpot folded before Flop (didn't bet)
Seat 3: LeeTuffy1988 (button) showed [Qd 9c] and won ($16.13) with two pair, Queens and Nines
Seat 4: michasia (small blind) folded before Flop
Seat 5: Y_19 (big blind) showed [Jh Qc] and lost with a pair of Queens
Seat 6: Zvst folded before Flop (didn't bet)



PokerStars Hand #254248662174:  Hold'em No Limit ($0.50/$1.00 USD) - 2025/01/07 18:35:02 WET [2025/01/07 13:35:02 ET]
Table 'Zaniah II' 6-max Seat #4 is the button
Seat 2: Xenicide ($100 in chips) is sitting out
Seat 1: mr.Jckpot ($162.20 in chips) 
Seat 3: LeeTuffy1988 ($16.13 in chips) 
Seat 4: michasia ($104.86 in chips) 
Seat 5: Y_19 ($100 in chips) 
Seat 6: Zvst ($127.04 in chips) 
Y_19: posts small blind $0.50
Zvst: posts big blind $1
Xenicide: sits out 
*** HOLE CARDS ***
mr.Jckpot: folds 
LeeTuffy1988: calls $1
michasia: raises $2.50 to $3.50
Y_19: folds 
Zvst: folds 
LeeTuffy1988: calls $2.50
*** FLOP *** [2c Qh 6d]
LeeTuffy1988: checks 
michasia: bets $5.39
LeeTuffy1988: calls $5.39
*** TURN *** [2c Qh 6d] [Tc]
LeeTuffy1988: bets $1
michasia: calls $1
*** RIVER *** [2c Qh 6d Tc] [5d]
LeeTuffy1988: bets $3
michasia: folds 
Uncalled bet ($3) returned to LeeTuffy1988
LeeTuffy1988 collected $20.22 from pot
*** SUMMARY ***
Total pot $21.28 | Rake $1.06 
Board [2c Qh 6d Tc 5d]
Seat 2: Xenicide
Seat 1: mr.Jckpot folded before Flop (didn't bet)
Seat 3: LeeTuffy1988 collected ($20.22)
Seat 4: michasia (button) folded on the River
Seat 5: Y_19 (small blind) folded before Flop
Seat 6: Zvst (big blind) folded before Flop



PokerStars Hand #254248680280:  Hold'em No Limit ($0.50/$1.00 USD) - 2025/01/07 18:36:02 WET [2025/01/07 13:36:02 ET]
Table 'Zaniah II' 6-max Seat #5 is the button
Seat 2: Xenicide ($100 in chips) is sitting out
Seat 1: mr.Jckpot ($162.20 in chips) 
Seat 3: LeeTuffy1988 ($26.46 in chips) 
Seat 4: michasia ($100 in chips) 
Seat 5: Y_19 ($100 in chips) 
Seat 6: Zvst ($126.04 in chips) 
Zvst: posts small blind $0.50
mr.Jckpot: posts big blind $1
Xenicide: sits out 
*** HOLE CARDS ***
LeeTuffy1988: calls $1
michasia: folds 
Y_19: folds 
Zvst: folds 
mr.Jckpot: checks 
*** FLOP *** [Qc Jc Ac]
mr.Jckpot: checks 
LeeTuffy1988: checks 
*** TURN *** [Qc Jc Ac] [4d]
mr.Jckpot: checks 
LeeTuffy1988: checks 
*** RIVER *** [Qc Jc Ac 4d] [5s]
mr.Jckpot: checks 
LeeTuffy1988: checks 
*** SHOW DOWN ***
mr.Jckpot: shows [Ts 6h] (high card Ace)
LeeTuffy1988: shows [9c 4s] (a pair of Fours)
LeeTuffy1988 collected $2.38 from pot
*** SUMMARY ***
Total pot $2.50 | Rake $0.12 
Board [Qc Jc Ac 4d 5s]
Seat 2: Xenicide
Seat 1: mr.Jckpot (big blind) showed [Ts 6h] and lost with high card Ace
Seat 3: LeeTuffy1988 showed [9c 4s] and won ($2.38) with a pair of Fours
Seat 4: michasia folded before Flop (didn't bet)
Seat 5: Y_19 (button) folded before Flop (didn't bet)
Seat 6: Zvst (small blind) folded before Flop



PokerStars Hand #254248702778:  Hold'em No Limit ($0.50/$1.00 USD) - 2025/01/07 18:37:16 WET [2025/01/07 13:37:16 ET]
Table 'Zaniah II' 6-max Seat #6 is the button
Seat 1: mr.Jckpot ($161.20 in chips) 
Seat 2: Xenicide ($100 in chips) 
Seat 3: LeeTuffy1988 ($27.84 in chips) 
Seat 4: michasia ($100 in chips) 
Seat 5: Y_19 ($100 in chips) 
Seat 6: Zvst ($125.54 in chips) 
mr.Jckpot: posts small blind $0.50
Xenicide: posts big blind $1
*** HOLE CARDS ***
LeeTuffy1988: calls $1
michasia: folds 
Y_19: folds 
Zvst: folds 
mr.Jckpot: folds 
Xenicide: checks 
*** FLOP *** [Ac 9d 9h]
Xenicide: checks 
LeeTuffy1988: bets $1
Xenicide: folds 
Uncalled bet ($1) returned to LeeTuffy1988
LeeTuffy1988 collected $2.38 from pot
*** SUMMARY ***
Total pot $2.50 | Rake $0.12 
Board [Ac 9d 9h]
Seat 1: mr.Jckpot (small blind) folded before Flop
Seat 2: Xenicide (big blind) folded on the Flop
Seat 3: LeeTuffy1988 collected ($2.38)
Seat 4: michasia folded before Flop (didn't bet)
Seat 5: Y_19 folded before Flop (didn't bet)
Seat 6: Zvst (button) folded before Flop (didn't bet)



PokerStars Hand #254248714223:  Hold'em No Limit ($0.50/$1.00 USD) - 2025/01/07 18:37:53 WET [2025/01/07 13:37:53 ET]
Table 'Zaniah II' 6-max Seat #1 is the button
Seat 1: mr.Jckpot ($160.70 in chips) 
Seat 2: Xenicide ($100 in chips) 
Seat 3: LeeTuffy1988 ($29.22 in chips) 
Seat 4: michasia ($100 in chips) 
Seat 5: Y_19 ($100 in chips) 
Seat 6: Zvst ($125.54 in chips) 
Xenicide: posts small blind $0.50
LeeTuffy1988: posts big blind $1
*** HOLE CARDS ***
michasia: raises $1.60 to $2.60
Y_19: folds 
Zvst: folds 
mr.Jckpot: folds 
Xenicide: folds 
LeeTuffy1988: calls $1.60
*** FLOP *** [5c Jd 6c]
LeeTuffy1988: checks 
michasia: bets $1.79
LeeTuffy1988: folds 
Uncalled bet ($1.79) returned to michasia
michasia collected $5.42 from pot
michasia: doesn't show hand 
*** SUMMARY ***
Total pot $5.70 | Rake $0.28 
Board [5c Jd 6c]
Seat 1: mr.Jckpot (button) folded before Flop (didn't bet)
Seat 2: Xenicide (small blind) folded before Flop
Seat 3: LeeTuffy1988 (big blind) folded on the Flop
Seat 4: michasia collected ($5.42)
Seat 5: Y_19 folded before Flop (didn't bet)
Seat 6: Zvst folded before Flop (didn't bet)



PokerStars Hand #254248726810:  Hold'em No Limit ($0.50/$1.00 USD) - 2025/01/07 18:38:34 WET [2025/01/07 13:38:34 ET]
Table 'Zaniah II' 6-max Seat #2 is the button
Seat 1: mr.Jckpot ($160.70 in chips) 
Seat 2: Xenicide ($100 in chips) 
Seat 3: LeeTuffy1988 ($26.62 in chips) 
Seat 4: michasia ($102.82 in chips) 
Seat 5: Y_19 ($100 in chips) 
Seat 6: Zvst ($125.54 in chips) 
LeeTuffy1988: posts small blind $0.50
michasia: posts big blind $1
*** HOLE CARDS ***
Y_19: raises $1.23 to $2.23
Zvst: folds 
mr.Jckpot: folds 
Xenicide: folds 
LeeTuffy1988: calls $1.73
michasia: calls $1.23
*** FLOP *** [Ah 8d Kd]
LeeTuffy1988: checks 
michasia: checks 
Y_19: bets $2.10
LeeTuffy1988: folds 
michasia: calls $2.10
*** TURN *** [Ah 8d Kd] [5h]
michasia: checks 
Y_19: bets $7.76
michasia: calls $7.76
*** RIVER *** [Ah 8d Kd 5h] [Qh]
michasia: checks 
Y_19: bets $18.82
michasia: folds 
Uncalled bet ($18.82) returned to Y_19
Y_19 collected $25.09 from pot
Y_19: doesn't show hand 
*** SUMMARY ***
Total pot $26.41 | Rake $1.32 
Board [Ah 8d Kd 5h Qh]
Seat 1: mr.Jckpot folded before Flop (didn't bet)
Seat 2: Xenicide (button) folded before Flop (didn't bet)
Seat 3: LeeTuffy1988 (small blind) folded on the Flop
Seat 4: michasia (big blind) folded on the River
Seat 5: Y_19 collected ($25.09)
Seat 6: Zvst folded before Flop (didn't bet)



PokerStars Hand #254248752828:  Hold'em No Limit ($0.50/$1.00 USD) - 2025/01/07 18:39:58 WET [2025/01/07 13:39:58 ET]
Table 'Zaniah II' 6-max Seat #3 is the button
Seat 1: mr.Jckpot ($160.70 in chips) 
Seat 2: Xenicide ($100 in chips) 
Seat 3: LeeTuffy1988 ($24.39 in chips) 
Seat 4: michasia ($100 in chips) 
Seat 5: Y_19 ($113 in chips) 
Seat 6: Zvst ($125.54 in chips) 
michasia: posts small blind $0.50
Y_19: posts big blind $1
*** HOLE CARDS ***
Zvst: folds 
mr.Jckpot: folds 
Xenicide: folds 
LeeTuffy1988: folds 
michasia: raises $2 to $3
Y_19: calls $2
*** FLOP *** [3d 3h Kc]
michasia: bets $1.88
Y_19: calls $1.88
*** TURN *** [3d 3h Kc] [8d]
michasia: checks 
Y_19: checks 
*** RIVER *** [3d 3h Kc 8d] [Js]
michasia: bets $6.18
Y_19: folds 
Uncalled bet ($6.18) returned to michasia
michasia collected $9.27 from pot
michasia: doesn't show hand 
*** SUMMARY ***
Total pot $9.76 | Rake $0.49 
Board [3d 3h Kc 8d Js]
Seat 1: mr.Jckpot folded before Flop (didn't bet)
Seat 2: Xenicide folded before Flop (didn't bet)
Seat 3: LeeTuffy1988 (button) folded before Flop (didn't bet)
Seat 4: michasia (small blind) collected ($9.27)
Seat 5: Y_19 (big blind) folded on the River
Seat 6: Zvst folded before Flop (didn't bet)



PokerStars Hand #254248776358:  Hold'em No Limit ($0.50/$1.00 USD) - 2025/01/07 18:41:14 WET [2025/01/07 13:41:14 ET]
Table 'Zaniah II' 6-max Seat #4 is the button
Seat 1: mr.Jckpot ($160.70 in chips) 
Seat 2: Xenicide ($100 in chips) 
Seat 3: LeeTuffy1988 ($24.39 in chips) 
Seat 4: michasia ($104.39 in chips) 
Seat 5: Y_19 ($108.12 in chips) 
Seat 6: Zvst ($125.54 in chips) 
Y_19: posts small blind $0.50
Zvst: posts big blind $1
*** HOLE CARDS ***
mr.Jckpot: folds 
Xenicide: folds 
LeeTuffy1988: calls $1
michasia: folds 
Y_19: folds 
Zvst: checks 
*** FLOP *** [6d 8s 9c]
Zvst: bets $1.59
LeeTuffy1988: folds 
Uncalled bet ($1.59) returned to Zvst
Zvst collected $2.38 from pot
Zvst: doesn't show hand 
*** SUMMARY ***
Total pot $2.50 | Rake $0.12 
Board [6d 8s 9c]
Seat 1: mr.Jckpot folded before Flop (didn't bet)
Seat 2: Xenicide folded before Flop (didn't bet)
Seat 3: LeeTuffy1988 folded on the Flop
Seat 4: michasia (button) folded before Flop (didn't bet)
Seat 5: Y_19 (small blind) folded before Flop
Seat 6: Zvst (big blind) collected ($2.38)



PokerStars Hand #254248789904:  Hold'em No Limit ($0.50/$1.00 USD) - 2025/01/07 18:41:58 WET [2025/01/07 13:41:58 ET]
Table 'Zaniah II' 6-max Seat #5 is the button
Seat 4: michasia ($104.39 in chips) is sitting out
Seat 1: mr.Jckpot ($160.70 in chips) 
Seat 2: Xenicide ($100 in chips) 
Seat 3: LeeTuffy1988 ($23.39 in chips) 
Seat 5: Y_19 ($107.62 in chips) 
Seat 6: Zvst ($126.92 in chips) 
Zvst: posts small blind $0.50
mr.Jckpot: posts big blind $1
*** HOLE CARDS ***
Xenicide: folds 
LeeTuffy1988: calls $1
Y_19: raises $3 to $4
Zvst: folds 
mr.Jckpot: folds 
LeeTuffy1988: calls $3
*** FLOP *** [5d 7d 9d]
LeeTuffy1988: checks 
Y_19: bets $2.98
LeeTuffy1988: calls $2.98
*** TURN *** [5d 7d 9d] [9c]
LeeTuffy1988: checks 
Y_19: checks 
*** RIVER *** [5d 7d 9d 9c] [Kh]
LeeTuffy1988: bets $3
Y_19: folds 
Uncalled bet ($3) returned to LeeTuffy1988
LeeTuffy1988 collected $14.69 from pot
*** SUMMARY ***
Total pot $15.46 | Rake $0.77 
Board [5d 7d 9d 9c Kh]
Seat 4: michasia
Seat 1: mr.Jckpot (big blind) folded before Flop
Seat 2: Xenicide folded before Flop (didn't bet)
Seat 3: LeeTuffy1988 collected ($14.69)
Seat 5: Y_19 (button) folded on the River
Seat 6: Zvst (small blind) folded before Flop



PokerStars Hand #254248812384:  Hold'em No Limit ($0.50/$1.00 USD) - 2025/01/07 18:43:12 WET [2025/01/07 13:43:12 ET]
Table 'Zaniah II' 6-max Seat #6 is the button
Seat 4: michasia ($104.39 in chips) is sitting out
Seat 1: mr.Jckpot ($159.70 in chips) 
Seat 2: Xenicide ($100 in chips) 
Seat 3: LeeTuffy1988 ($31.10 in chips) 
Seat 5: Y_19 ($100.64 in chips) 
Seat 6: Zvst ($126.42 in chips) 
mr.Jckpot: posts small blind $0.50
Xenicide: posts big blind $1
*** HOLE CARDS ***
LeeTuffy1988: calls $1
Y_19: raises $3 to $4
Zvst: folds 
mr.Jckpot: folds 
Xenicide: folds 
LeeTuffy1988: calls $3
*** FLOP *** [2c Ks 9s]
LeeTuffy1988: checks 
Y_19: bets $2.98
LeeTuffy1988: folds 
Uncalled bet ($2.98) returned to Y_19
Y_19 collected $9.02 from pot
Y_19: doesn't show hand 
*** SUMMARY ***
Total pot $9.50 | Rake $0.48 
Board [2c Ks 9s]
Seat 4: michasia
Seat 1: mr.Jckpot (small blind) folded before Flop
Seat 2: Xenicide (big blind) folded before Flop
Seat 3: LeeTuffy1988 folded on the Flop
Seat 5: Y_19 collected ($9.02)
Seat 6: Zvst (button) folded before Flop (didn't bet)



PokerStars Hand #254248822150:  Hold'em No Limit ($0.50/$1.00 USD) - 2025/01/07 18:43:44 WET [2025/01/07 13:43:44 ET]
Table 'Zaniah II' 6-max Seat #1 is the button
Seat 4: michasia ($104.39 in chips) is sitting out
Seat 1: mr.Jckpot ($159.20 in chips) 
Seat 2: Xenicide ($100 in chips) 
Seat 3: LeeTuffy1988 ($27.10 in chips) 
Seat 5: Y_19 ($105.66 in chips) 
Seat 6: Zvst ($126.42 in chips) 
Xenicide: posts small blind $0.50
LeeTuffy1988: posts big blind $1
*** HOLE CARDS ***
Y_19: folds 
Zvst: folds 
mr.Jckpot: folds 
Xenicide: raises $2.50 to $3.50
LeeTuffy1988: folds 
Uncalled bet ($2.50) returned to Xenicide
Xenicide collected $2 from pot
*** SUMMARY ***
Total pot $2 | Rake $0 
Seat 4: michasia
Seat 1: mr.Jckpot (button) folded before Flop (didn't bet)
Seat 2: Xenicide (small blind) collected ($2)
Seat 3: LeeTuffy1988 (big blind) folded before Flop
Seat 5: Y_19 folded before Flop (didn't bet)
Seat 6: Zvst folded before Flop (didn't bet)



PokerStars Hand #254248828845:  Hold'em No Limit ($0.50/$1.00 USD) - 2025/01/07 18:44:06 WET [2025/01/07 13:44:06 ET]
Table 'Zaniah II' 6-max Seat #2 is the button
Seat 4: michasia ($104.39 in chips) is sitting out
Seat 1: mr.Jckpot ($159.20 in chips) 
Seat 2: Xenicide ($101 in chips) 
Seat 3: LeeTuffy1988 ($26.10 in chips) 
Seat 5: Y_19 ($105.66 in chips) 
Seat 6: Zvst ($126.42 in chips) 
LeeTuffy1988: posts small blind $0.50
Y_19: posts big blind $1
*** HOLE CARDS ***
Zvst: folds 
mr.Jckpot: folds 
Xenicide: folds 
LeeTuffy1988: calls $0.50
Y_19: checks 
*** FLOP *** [Qd Js 6h]
LeeTuffy1988: checks 
Y_19: checks 
*** TURN *** [Qd Js 6h] [Ts]
LeeTuffy1988: checks 
Y_19: bets $1
LeeTuffy1988: calls $1
*** RIVER *** [Qd Js 6h Ts] [7c]
LeeTuffy1988: checks 
Y_19: bets $1
LeeTuffy1988: calls $1
*** SHOW DOWN ***
Y_19: shows [Jc 3d] (a pair of Jacks)
LeeTuffy1988: mucks hand 
Y_19 collected $5.70 from pot
*** SUMMARY ***
Total pot $6 | Rake $0.30 
Board [Qd Js 6h Ts 7c]
Seat 4: michasia
Seat 1: mr.Jckpot folded before Flop (didn't bet)
Seat 2: Xenicide (button) folded before Flop (didn't bet)
Seat 3: LeeTuffy1988 (small blind) mucked
Seat 5: Y_19 (big blind) showed [Jc 3d] and won ($5.70) with a pair of Jacks
Seat 6: Zvst folded before Flop (didn't bet)



PokerStars Hand #254248843052:  Hold'em No Limit ($0.50/$1.00 USD) - 2025/01/07 18:44:52 WET [2025/01/07 13:44:52 ET]
Table 'Zaniah II' 6-max Seat #3 is the button
Seat 4: michasia ($104.39 in chips) is sitting out
Seat 1: mr.Jckpot ($159.20 in chips) 
Seat 2: Xenicide ($101 in chips) 
Seat 3: LeeTuffy1988 ($23.10 in chips) 
Seat 5: Y_19 ($108.36 in chips) 
Seat 6: Zvst ($126.42 in chips) 
Y_19: posts small blind $0.50
Zvst: posts big blind $1
*** HOLE CARDS ***
mr.Jckpot: raises $1.50 to $2.50
Xenicide: folds 
LeeTuffy1988: calls $2.50
Y_19: folds 
Zvst: folds 
*** FLOP *** [Td 9s 5d]
mr.Jckpot: bets $4.08
LeeTuffy1988: folds 
Uncalled bet ($4.08) returned to mr.Jckpot
mr.Jckpot collected $6.18 from pot
mr.Jckpot: doesn't show hand 
*** SUMMARY ***
Total pot $6.50 | Rake $0.32 
Board [Td 9s 5d]
Seat 4: michasia
Seat 1: mr.Jckpot collected ($6.18)
Seat 2: Xenicide folded before Flop (didn't bet)
Seat 3: LeeTuffy1988 (button) folded on the Flop
Seat 5: Y_19 (small blind) folded before Flop
Seat 6: Zvst (big blind) folded before Flop



PokerStars Hand #254248852213:  Hold'em No Limit ($0.50/$1.00 USD) - 2025/01/07 18:45:22 WET [2025/01/07 13:45:22 ET]
Table 'Zaniah II' 6-max Seat #5 is the button
Seat 4: michasia ($104.39 in chips) is sitting out
Seat 1: mr.Jckpot ($162.88 in chips) 
Seat 2: Xenicide ($101 in chips) 
Seat 3: LeeTuffy1988 ($20.60 in chips) 
Seat 5: Y_19 ($107.86 in chips) 
Seat 6: Zvst ($125.42 in chips) 
Zvst: posts small blind $0.50
mr.Jckpot: posts big blind $1
michasia: sits out 
*** HOLE CARDS ***
Xenicide: folds 
LeeTuffy1988: calls $1
Y_19: folds 
Zvst: folds 
mr.Jckpot: checks 
*** FLOP *** [Ad 8c Td]
mr.Jckpot: checks 
LeeTuffy1988: checks 
*** TURN *** [Ad 8c Td] [2s]
mr.Jckpot: bets $1.57
LeeTuffy1988: calls $1.57
*** RIVER *** [Ad 8c Td 2s] [5h]
mr.Jckpot: bets $3.54
LeeTuffy1988: calls $3.54
*** SHOW DOWN ***
mr.Jckpot: shows [As 7h] (a pair of Aces)
LeeTuffy1988: mucks hand 
mr.Jckpot collected $12.08 from pot
*** SUMMARY ***
Total pot $12.72 | Rake $0.64 
Board [Ad 8c Td 2s 5h]
Seat 4: michasia
Seat 1: mr.Jckpot (big blind) showed [As 7h] and won ($12.08) with a pair of Aces
Seat 2: Xenicide folded before Flop (didn't bet)
Seat 3: LeeTuffy1988 mucked
Seat 5: Y_19 (button) folded before Flop (didn't bet)
Seat 6: Zvst (small blind) folded before Flop



PokerStars Hand #254248866911:  Hold'em No Limit ($0.50/$1.00 USD) - 2025/01/07 18:46:10 WET [2025/01/07 13:46:10 ET]
Table 'Zaniah II' 6-max Seat #6 is the button
Seat 4: michasia ($104.39 in chips) is sitting out
Seat 1: mr.Jckpot ($168.85 in chips) 
Seat 2: Xenicide ($101 in chips) 
Seat 3: LeeTuffy1988 ($14.49 in chips) 
Seat 5: Y_19 ($107.86 in chips) 
Seat 6: Zvst ($124.92 in chips) 
mr.Jckpot: posts small blind $0.50
Xenicide: posts big blind $1
michasia: sits out 
*** HOLE CARDS ***
LeeTuffy1988 has timed out
LeeTuffy1988: folds 
Y_19: folds 
Zvst: raises $1.50 to $2.50
mr.Jckpot: folds 
Xenicide: folds 
Uncalled bet ($1.50) returned to Zvst
LeeTuffy1988 is disconnected 
Zvst collected $2.50 from pot
Zvst: doesn't show hand 
*** SUMMARY ***
Total pot $2.50 | Rake $0 
Seat 4: michasia
Seat 1: mr.Jckpot (small blind) folded before Flop
Seat 2: Xenicide (big blind) folded before Flop
Seat 3: LeeTuffy1988 folded before Flop (didn't bet)
Seat 5: Y_19 folded before Flop (didn't bet)
Seat 6: Zvst (button) collected ($2.50)



PokerStars Hand #254248877778:  Hold'em No Limit ($0.50/$1.00 USD) - 2025/01/07 18:46:46 WET [2025/01/07 13:46:46 ET]
Table 'Zaniah II' 6-max Seat #1 is the button
Seat 3: LeeTuffy1988 ($14.49 in chips) is sitting out
Seat 1: mr.Jckpot ($168.35 in chips) 
Seat 2: Xenicide ($100 in chips) 
Seat 4: michasia ($104.39 in chips) 
Seat 5: Y_19 ($107.86 in chips) 
Seat 6: Zvst ($126.42 in chips) 
Xenicide: posts small blind $0.50
michasia: posts big blind $1
*** HOLE CARDS ***
Y_19: folds 
Zvst: folds 
mr.Jckpot: folds 
Xenicide: raises $2.50 to $3.50
michasia: calls $2.50
*** FLOP *** [5h 3h 7d]
Xenicide: checks 
michasia: bets $2.19
Xenicide: calls $2.19
*** TURN *** [5h 3h 7d] [Ts]
Xenicide: checks 
michasia: bets $16.21
Xenicide: folds 
Uncalled bet ($16.21) returned to michasia
michasia collected $10.81 from pot
michasia: doesn't show hand 
*** SUMMARY ***
Total pot $11.38 | Rake $0.57 
Board [5h 3h 7d Ts]
Seat 3: LeeTuffy1988
Seat 1: mr.Jckpot (button) folded before Flop (didn't bet)
Seat 2: Xenicide (small blind) folded on the Turn
Seat 4: michasia (big blind) collected ($10.81)
Seat 5: Y_19 folded before Flop (didn't bet)
Seat 6: Zvst folded before Flop (didn't bet)



PokerStars Hand #254248889518:  Hold'em No Limit ($0.50/$1.00 USD) - 2025/01/07 18:47:25 WET [2025/01/07 13:47:25 ET]
Table 'Zaniah II' 6-max Seat #2 is the button
Seat 3: LeeTuffy1988 ($14.49 in chips) is sitting out
Seat 1: mr.Jckpot ($168.35 in chips) 
Seat 2: Xenicide ($100 in chips) 
Seat 4: michasia ($109.51 in chips) 
Seat 5: Y_19 ($107.86 in chips) 
Seat 6: Zvst ($126.42 in chips) 
michasia: posts small blind $0.50
Y_19: posts big blind $1
*** HOLE CARDS ***
Zvst: folds 
mr.Jckpot: folds 
Xenicide: folds 
michasia: folds 
Uncalled bet ($0.50) returned to Y_19
Y_19 collected $1 from pot
Y_19: doesn't show hand 
*** SUMMARY ***
Total pot $1 | Rake $0 
Seat 3: LeeTuffy1988
Seat 1: mr.Jckpot folded before Flop (didn't bet)
Seat 2: Xenicide (button) folded before Flop (didn't bet)
Seat 4: michasia (small blind) folded before Flop
Seat 5: Y_19 (big blind) collected ($1)
Seat 6: Zvst folded before Flop (didn't bet)



PokerStars Hand #254248893415:  Hold'em No Limit ($0.50/$1.00 USD) - 2025/01/07 18:47:38 WET [2025/01/07 13:47:38 ET]
Table 'Zaniah II' 6-max Seat #4 is the button
Seat 3: LeeTuffy1988 ($14.49 in chips) is sitting out
Seat 1: mr.Jckpot ($168.35 in chips) 
Seat 2: Xenicide ($100 in chips) 
Seat 4: michasia ($109.01 in chips) 
Seat 5: Y_19 ($108.36 in chips) 
Seat 6: Zvst ($126.42 in chips) 
Y_19: posts small blind $0.50
Zvst: posts big blind $1
*** HOLE CARDS ***
mr.Jckpot: folds 
Xenicide: raises $1 to $2
michasia: folds 
Y_19: folds 
Zvst: folds 
Uncalled bet ($1) returned to Xenicide
Xenicide collected $2.50 from pot
*** SUMMARY ***
Total pot $2.50 | Rake $0 
Seat 3: LeeTuffy1988
Seat 1: mr.Jckpot folded before Flop (didn't bet)
Seat 2: Xenicide collected ($2.50)
Seat 4: michasia (button) folded before Flop (didn't bet)
Seat 5: Y_19 (small blind) folded before Flop
Seat 6: Zvst (big blind) folded before Flop



PokerStars Hand #254248900490:  Hold'em No Limit ($0.50/$1.00 USD) - 2025/01/07 18:48:01 WET [2025/01/07 13:48:01 ET]
Table 'Zaniah II' 6-max Seat #5 is the button
Seat 3: LeeTuffy1988 ($14.49 in chips) is sitting out
Seat 1: mr.Jckpot ($168.35 in chips) 
Seat 2: Xenicide ($101.50 in chips) 
Seat 4: michasia ($109.01 in chips) 
Seat 5: Y_19 ($107.86 in chips) 
Seat 6: Zvst ($125.42 in chips) 
Zvst: posts small blind $0.50
mr.Jckpot: posts big blind $1
*** HOLE CARDS ***
Xenicide: folds 
michasia: folds 
Y_19: raises $1.23 to $2.23
Zvst: folds 
mr.Jckpot: folds 
Uncalled bet ($1.23) returned to Y_19
Y_19 collected $2.50 from pot
Y_19: doesn't show hand 
*** SUMMARY ***
Total pot $2.50 | Rake $0 
Seat 3: LeeTuffy1988
Seat 1: mr.Jckpot (big blind) folded before Flop
Seat 2: Xenicide folded before Flop (didn't bet)
Seat 4: michasia folded before Flop (didn't bet)
Seat 5: Y_19 (button) collected ($2.50)
Seat 6: Zvst (small blind) folded before Flop



PokerStars Hand #254248904545:  Hold'em No Limit ($0.50/$1.00 USD) - 2025/01/07 18:48:14 WET [2025/01/07 13:48:14 ET]
Table 'Zaniah II' 6-max Seat #6 is the button
Seat 3: LeeTuffy1988 ($14.49 in chips) is sitting out
Seat 1: mr.Jckpot ($167.35 in chips) 
Seat 2: Xenicide ($101.50 in chips) 
Seat 4: michasia ($109.01 in chips) 
Seat 5: Y_19 ($109.36 in chips) 
Seat 6: Zvst ($124.92 in chips) 
mr.Jckpot: posts small blind $0.50
Xenicide: posts big blind $1
*** HOLE CARDS ***
michasia: folds 
Y_19: folds 
Zvst: raises $1.50 to $2.50
mr.Jckpot: folds 
Xenicide: folds 
Uncalled bet ($1.50) returned to Zvst
Zvst collected $2.50 from pot
Zvst: doesn't show hand 
*** SUMMARY ***
Total pot $2.50 | Rake $0 
Seat 3: LeeTuffy1988
Seat 1: mr.Jckpot (small blind) folded before Flop
Seat 2: Xenicide (big blind) folded before Flop
Seat 4: michasia folded before Flop (didn't bet)
Seat 5: Y_19 folded before Flop (didn't bet)
Seat 6: Zvst (button) collected ($2.50)



PokerStars Hand #254248914962:  Hold'em No Limit ($0.50/$1.00 USD) - 2025/01/07 18:48:49 WET [2025/01/07 13:48:49 ET]
Table 'Zaniah II' 6-max Seat #1 is the button
Seat 3: LeeTuffy1988 ($14.49 in chips) is sitting out
Seat 1: mr.Jckpot ($166.85 in chips) 
Seat 2: Xenicide ($100.50 in chips) 
Seat 4: michasia ($109.01 in chips) 
Seat 5: Y_19 ($109.36 in chips) 
Seat 6: Zvst ($126.42 in chips) 
Xenicide: posts small blind $0.50
michasia: posts big blind $1
*** HOLE CARDS ***
Y_19: folds 
Zvst: folds 
mr.Jckpot: raises $1.50 to $2.50
Xenicide: folds 
michasia: folds 
Uncalled bet ($1.50) returned to mr.Jckpot
mr.Jckpot collected $2.50 from pot
mr.Jckpot: doesn't show hand 
*** SUMMARY ***
Total pot $2.50 | Rake $0 
Seat 3: LeeTuffy1988
Seat 1: mr.Jckpot (button) collected ($2.50)
Seat 2: Xenicide (small blind) folded before Flop
Seat 4: michasia (big blind) folded before Flop
Seat 5: Y_19 folded before Flop (didn't bet)
Seat 6: Zvst folded before Flop (didn't bet)



PokerStars Hand #254248920323:  Hold'em No Limit ($0.50/$1.00 USD) - 2025/01/07 18:49:07 WET [2025/01/07 13:49:07 ET]
Table 'Zaniah II' 6-max Seat #2 is the button
Seat 3: LeeTuffy1988 ($14.49 in chips) is sitting out
Seat 1: mr.Jckpot ($168.35 in chips) 
Seat 2: Xenicide ($100 in chips) 
Seat 4: michasia ($108.01 in chips) 
Seat 5: Y_19 ($109.36 in chips) 
Seat 6: Zvst ($126.42 in chips) 
michasia: posts small blind $0.50
Y_19: posts big blind $1
*** HOLE CARDS ***
Zvst: folds 
mr.Jckpot: raises $1.50 to $2.50
Xenicide: folds 
michasia: folds 
Y_19: calls $1.50
*** FLOP *** [Kd 9d 3h]
Y_19: checks 
mr.Jckpot: bets $3.50
Y_19: calls $3.50
*** TURN *** [Kd 9d 3h] [Ah]
Y_19: checks 
mr.Jckpot: checks 
*** RIVER *** [Kd 9d 3h Ah] [3d]
Y_19: bets $8.32
mr.Jckpot: folds 
Uncalled bet ($8.32) returned to Y_19
Y_19 collected $11.88 from pot
Y_19: doesn't show hand 
*** SUMMARY ***
Total pot $12.50 | Rake $0.62 
Board [Kd 9d 3h Ah 3d]
Seat 3: LeeTuffy1988
Seat 1: mr.Jckpot folded on the River
Seat 2: Xenicide (button) folded before Flop (didn't bet)
Seat 4: michasia (small blind) folded before Flop
Seat 5: Y_19 (big blind) collected ($11.88)
Seat 6: Zvst folded before Flop (didn't bet)



PokerStars Hand #254248941210:  Hold'em No Limit ($0.50/$1.00 USD) - 2025/01/07 18:50:16 WET [2025/01/07 13:50:16 ET]
Table 'Zaniah II' 6-max Seat #4 is the button
Seat 1: mr.Jckpot ($162.35 in chips) 
Seat 2: Xenicide ($100 in chips) 
Seat 3: LeeTuffy1988 ($14.49 in chips) 
Seat 4: michasia ($107.51 in chips) 
Seat 5: Y_19 ($115.24 in chips) 
Seat 6: Zvst ($126.42 in chips) 
Y_19: posts small blind $0.50
Zvst: posts big blind $1
LeeTuffy1988: posts small & big blinds $1.50
*** HOLE CARDS ***
mr.Jckpot: folds 
Xenicide: raises $2.50 to $3.50
LeeTuffy1988: calls $2.50
michasia: folds 
Y_19: folds 
Zvst: folds 
*** FLOP *** [3c Qd 4s]
Xenicide: bets $13
LeeTuffy1988: folds 
Uncalled bet ($13) returned to Xenicide
Xenicide collected $8.55 from pot
*** SUMMARY ***
Total pot $9 | Rake $0.45 
Board [3c Qd 4s]
Seat 1: mr.Jckpot folded before Flop (didn't bet)
Seat 2: Xenicide collected ($8.55)
Seat 3: LeeTuffy1988 folded on the Flop
Seat 4: michasia (button) folded before Flop (didn't bet)
Seat 5: Y_19 (small blind) folded before Flop
Seat 6: Zvst (big blind) folded before Flop



PokerStars Hand #254248954951:  Hold'em No Limit ($0.50/$1.00 USD) - 2025/01/07 18:51:02 WET [2025/01/07 13:51:02 ET]
Table 'Zaniah II' 6-max Seat #5 is the button
Seat 1: mr.Jckpot ($162.35 in chips) 
Seat 2: Xenicide ($105.05 in chips) 
Seat 3: LeeTuffy1988 ($10.49 in chips) 
Seat 4: michasia ($107.51 in chips) 
Seat 5: Y_19 ($114.74 in chips) 
Seat 6: Zvst ($125.42 in chips) 
Zvst: posts small blind $0.50
mr.Jckpot: posts big blind $1
*** HOLE CARDS ***
Xenicide: folds 
LeeTuffy1988: calls $1
michasia: folds 
Y_19: folds 
Zvst: folds 
mr.Jckpot: checks 
*** FLOP *** [3c 8c Jh]
mr.Jckpot: checks 
LeeTuffy1988: checks 
*** TURN *** [3c 8c Jh] [9s]
mr.Jckpot: checks 
LeeTuffy1988: checks 
*** RIVER *** [3c 8c Jh 9s] [Js]
mr.Jckpot: checks 
LeeTuffy1988: checks 
*** SHOW DOWN ***
mr.Jckpot: shows [6c 4h] (a pair of Jacks)
LeeTuffy1988: shows [6h 2h] (a pair of Jacks)
mr.Jckpot collected $1.19 from pot
LeeTuffy1988 collected $1.19 from pot
*** SUMMARY ***
Total pot $2.50 | Rake $0.12 
Board [3c 8c Jh 9s Js]
Seat 1: mr.Jckpot (big blind) showed [6c 4h] and won ($1.19) with a pair of Jacks
Seat 2: Xenicide folded before Flop (didn't bet)
Seat 3: LeeTuffy1988 showed [6h 2h] and won ($1.19) with a pair of Jacks
Seat 4: michasia folded before Flop (didn't bet)
Seat 5: Y_19 (button) folded before Flop (didn't bet)
Seat 6: Zvst (small blind) folded before Flop



PokerStars Hand #254248966699:  Hold'em No Limit ($0.50/$1.00 USD) - 2025/01/07 18:51:40 WET [2025/01/07 13:51:40 ET]
Table 'Zaniah II' 6-max Seat #6 is the button
Seat 1: mr.Jckpot ($162.54 in chips) 
Seat 2: Xenicide ($105.05 in chips) 
Seat 3: LeeTuffy1988 ($10.68 in chips) 
Seat 4: michasia ($107.51 in chips) 
Seat 5: Y_19 ($114.74 in chips) 
Seat 6: Zvst ($124.92 in chips) 
mr.Jckpot: posts small blind $0.50
Xenicide: posts big blind $1
*** HOLE CARDS ***
LeeTuffy1988: calls $1
michasia: folds 
Y_19: folds 
Zvst: folds 
mr.Jckpot: folds 
Xenicide: checks 
*** FLOP *** [4c 8h Th]
Xenicide: checks 
LeeTuffy1988: checks 
*** TURN *** [4c 8h Th] [2s]
Xenicide: checks 
LeeTuffy1988: checks 
*** RIVER *** [4c 8h Th 2s] [8c]
Xenicide: checks 
LeeTuffy1988: checks 
*** SHOW DOWN ***
Xenicide: shows [Ks 2c] (two pair, Eights and Deuces)
LeeTuffy1988: mucks hand 
Xenicide collected $2.38 from pot
*** SUMMARY ***
Total pot $2.50 | Rake $0.12 
Board [4c 8h Th 2s 8c]
Seat 1: mr.Jckpot (small blind) folded before Flop
Seat 2: Xenicide (big blind) showed [Ks 2c] and won ($2.38) with two pair, Eights and Deuces
Seat 3: LeeTuffy1988 mucked
Seat 4: michasia folded before Flop (didn't bet)
Seat 5: Y_19 folded before Flop (didn't bet)
Seat 6: Zvst (button) folded before Flop (didn't bet)



PokerStars Hand #254248984872:  Hold'em No Limit ($0.50/$1.00 USD) - 2025/01/07 18:52:40 WET [2025/01/07 13:52:40 ET]
Table 'Zaniah II' 6-max Seat #1 is the button
Seat 1: mr.Jckpot ($162.04 in chips) 
Seat 2: Xenicide ($106.43 in chips) 
Seat 3: LeeTuffy1988 ($9.68 in chips) 
Seat 4: michasia ($107.51 in chips) 
Seat 5: Y_19 ($114.74 in chips) 
Seat 6: Zvst ($124.92 in chips) 
Xenicide: posts small blind $0.50
LeeTuffy1988: posts big blind $1
*** HOLE CARDS ***
michasia: folds 
Y_19: folds 
Zvst: folds 
mr.Jckpot: folds 
Xenicide: raises $2.50 to $3.50
LeeTuffy1988 is disconnected 
LeeTuffy1988 has timed out while disconnected
LeeTuffy1988: folds 
Uncalled bet ($2.50) returned to Xenicide
Xenicide collected $2 from pot
*** SUMMARY ***
Total pot $2 | Rake $0 
Seat 1: mr.Jckpot (button) folded before Flop (didn't bet)
Seat 2: Xenicide (small blind) collected ($2)
Seat 3: LeeTuffy1988 (big blind) folded before Flop
Seat 4: michasia folded before Flop (didn't bet)
Seat 5: Y_19 folded before Flop (didn't bet)
Seat 6: Zvst folded before Flop (didn't bet)



PokerStars Hand #254248996329:  Hold'em No Limit ($0.50/$1.00 USD) - 2025/01/07 18:53:19 WET [2025/01/07 13:53:19 ET]
Table 'Zaniah II' 6-max Seat #2 is the button
Seat 3: LeeTuffy1988 ($8.68 in chips) is sitting out
Seat 1: mr.Jckpot ($162.04 in chips) 
Seat 2: Xenicide ($107.43 in chips) 
Seat 4: michasia ($107.51 in chips) 
Seat 5: Y_19 ($114.74 in chips) 
Seat 6: Zvst ($124.92 in chips) 
michasia: posts small blind $0.50
Y_19: posts big blind $1
*** HOLE CARDS ***
Zvst: folds 
mr.Jckpot: raises $1.50 to $2.50
Xenicide: folds 
michasia: raises $9.50 to $12
Y_19: folds 
mr.Jckpot: folds 
Uncalled bet ($9.50) returned to michasia
michasia collected $6 from pot
michasia: doesn't show hand 
*** SUMMARY ***
Total pot $6 | Rake $0 
Seat 3: LeeTuffy1988
Seat 1: mr.Jckpot folded before Flop
Seat 2: Xenicide (button) folded before Flop (didn't bet)
Seat 4: michasia (small blind) collected ($6)
Seat 5: Y_19 (big blind) folded before Flop
Seat 6: Zvst folded before Flop (didn't bet)



PokerStars Hand #254249002274:  Hold'em No Limit ($0.50/$1.00 USD) - 2025/01/07 18:53:38 WET [2025/01/07 13:53:38 ET]
Table 'Zaniah II' 6-max Seat #4 is the button
Seat 3: LeeTuffy1988 ($8.68 in chips) is sitting out
Seat 1: mr.Jckpot ($159.54 in chips) 
Seat 2: Xenicide ($107.43 in chips) 
Seat 4: michasia ($111.01 in chips) 
Seat 5: Y_19 ($113.74 in chips) 
Seat 6: Zvst ($124.92 in chips) 
Y_19: posts small blind $0.50
Zvst: posts big blind $1
*** HOLE CARDS ***
mr.Jckpot: folds 
Xenicide: folds 
michasia: raises $1.80 to $2.80
Y_19: folds 
Zvst: calls $1.80
*** FLOP *** [Jd 5h Jc]
Zvst: checks 
michasia: bets $1.91
Zvst: calls $1.91
*** TURN *** [Jd 5h Jc] [2h]
Zvst: checks 
michasia: checks 
*** RIVER *** [Jd 5h Jc 2h] [2c]
Zvst: checks 
michasia: bets $3.11
Zvst: raises $17.43 to $20.54
michasia: calls $17.43
*** SHOW DOWN ***
Zvst: shows [Js Ts] (a full house, Jacks full of Deuces)
michasia: mucks hand 
Zvst collected $48.50 from pot
*** SUMMARY ***
Total pot $51 | Rake $2.50 
Board [Jd 5h Jc 2h 2c]
Seat 3: LeeTuffy1988
Seat 1: mr.Jckpot folded before Flop (didn't bet)
Seat 2: Xenicide folded before Flop (didn't bet)
Seat 4: michasia (button) mucked
Seat 5: Y_19 (small blind) folded before Flop
Seat 6: Zvst (big blind) showed [Js Ts] and won ($48.50) with a full house, Jacks full of Deuces



PokerStars Hand #254249025158:  Hold'em No Limit ($0.50/$1.00 USD) - 2025/01/07 18:54:56 WET [2025/01/07 13:54:56 ET]
Table 'Zaniah II' 6-max Seat #5 is the button
Seat 3: LeeTuffy1988 ($8.68 in chips) is sitting out
Seat 1: mr.Jckpot ($159.54 in chips) 
Seat 2: Xenicide ($107.43 in chips) 
Seat 4: michasia ($100 in chips) 
Seat 5: Y_19 ($113.24 in chips) 
Seat 6: Zvst ($148.17 in chips) 
Zvst: posts small blind $0.50
mr.Jckpot: posts big blind $1
*** HOLE CARDS ***
Xenicide: folds 
michasia: folds 
Y_19: folds 
Zvst: raises $2 to $3
mr.Jckpot: calls $2
*** FLOP *** [4d Ad Kh]
Zvst: checks 
mr.Jckpot: checks 
*** TURN *** [4d Ad Kh] [3s]
Zvst: checks 
mr.Jckpot: checks 
*** RIVER *** [4d Ad Kh 3s] [Kd]
Zvst: checks 
mr.Jckpot: checks 
*** SHOW DOWN ***
Zvst: shows [Jc 4c] (two pair, Kings and Fours)
mr.Jckpot: mucks hand 
Zvst collected $5.70 from pot
*** SUMMARY ***
Total pot $6 | Rake $0.30 
Board [4d Ad Kh 3s Kd]
Seat 3: LeeTuffy1988
Seat 1: mr.Jckpot (big blind) mucked
Seat 2: Xenicide folded before Flop (didn't bet)
Seat 4: michasia folded before Flop (didn't bet)
Seat 5: Y_19 (button) folded before Flop (didn't bet)
Seat 6: Zvst (small blind) showed [Jc 4c] and won ($5.70) with two pair, Kings and Fours



PokerStars Hand #254249039253:  Hold'em No Limit ($0.50/$1.00 USD) - 2025/01/07 18:55:58 WET [2025/01/07 13:55:58 ET]
Table 'Zaniah II' 6-max Seat #6 is the button
Seat 3: LeeTuffy1988 ($8.68 in chips) is sitting out
Seat 1: mr.Jckpot ($156.54 in chips) 
Seat 2: Xenicide ($107.43 in chips) 
Seat 4: michasia ($100 in chips) 
Seat 5: Y_19 ($113.24 in chips) 
Seat 6: Zvst ($150.87 in chips) 
mr.Jckpot: posts small blind $0.50
Xenicide: posts big blind $1
*** HOLE CARDS ***
michasia: folds 
Y_19: folds 
Zvst: folds 
mr.Jckpot: raises $2 to $3
Xenicide: folds 
Uncalled bet ($2) returned to mr.Jckpot
mr.Jckpot collected $2 from pot
mr.Jckpot: doesn't show hand 
*** SUMMARY ***
Total pot $2 | Rake $0 
Seat 3: LeeTuffy1988
Seat 1: mr.Jckpot (small blind) collected ($2)
Seat 2: Xenicide (big blind) folded before Flop
Seat 4: michasia folded before Flop (didn't bet)
Seat 5: Y_19 folded before Flop (didn't bet)
Seat 6: Zvst (button) folded before Flop (didn't bet)



PokerStars Hand #254249043072:  Hold'em No Limit ($0.50/$1.00 USD) - 2025/01/07 18:56:16 WET [2025/01/07 13:56:16 ET]
Table 'Zaniah II' 6-max Seat #1 is the button
Seat 3: LeeTuffy1988 ($8.68 in chips) is sitting out
Seat 1: mr.Jckpot ($157.54 in chips) 
Seat 2: Xenicide ($106.43 in chips) 
Seat 4: michasia ($100 in chips) 
Seat 5: Y_19 ($113.24 in chips) 
Seat 6: Zvst ($150.87 in chips) 
Xenicide: posts small blind $0.50
michasia: posts big blind $1
*** HOLE CARDS ***
Y_19: folds 
Zvst: folds 
mr.Jckpot: raises $1.50 to $2.50
Xenicide: folds 
michasia: calls $1.50
*** FLOP *** [7h Qc 8s]
michasia: checks 
mr.Jckpot: checks 
*** TURN *** [7h Qc 8s] [Qs]
michasia: bets $3.48
mr.Jckpot: folds 
Uncalled bet ($3.48) returned to michasia
michasia collected $5.22 from pot
michasia: doesn't show hand 
*** SUMMARY ***
Total pot $5.50 | Rake $0.28 
Board [7h Qc 8s Qs]
Seat 3: LeeTuffy1988
Seat 1: mr.Jckpot (button) folded on the Turn
Seat 2: Xenicide (small blind) folded before Flop
Seat 4: michasia (big blind) collected ($5.22)
Seat 5: Y_19 folded before Flop (didn't bet)
Seat 6: Zvst folded before Flop (didn't bet)



PokerStars Hand #254249050522:  Hold'em No Limit ($0.50/$1.00 USD) - 2025/01/07 18:56:51 WET [2025/01/07 13:56:51 ET]
Table 'Zaniah II' 6-max Seat #2 is the button
Seat 3: LeeTuffy1988 ($8.68 in chips) is sitting out
Seat 1: mr.Jckpot ($155.04 in chips) 
Seat 2: Xenicide ($105.93 in chips) 
Seat 4: michasia ($102.72 in chips) 
Seat 5: Y_19 ($113.24 in chips) 
Seat 6: Zvst ($150.87 in chips) 
michasia: posts small blind $0.50
Y_19: posts big blind $1
*** HOLE CARDS ***
Zvst: folds 
mr.Jckpot: folds 
Xenicide: folds 
michasia: folds 
Uncalled bet ($0.50) returned to Y_19
Y_19 collected $1 from pot
Y_19: doesn't show hand 
*** SUMMARY ***
Total pot $1 | Rake $0 
Seat 3: LeeTuffy1988
Seat 1: mr.Jckpot folded before Flop (didn't bet)
Seat 2: Xenicide (button) folded before Flop (didn't bet)
Seat 4: michasia (small blind) folded before Flop
Seat 5: Y_19 (big blind) collected ($1)
Seat 6: Zvst folded before Flop (didn't bet)



PokerStars Hand #254249053552:  Hold'em No Limit ($0.50/$1.00 USD) - 2025/01/07 18:57:05 WET [2025/01/07 13:57:05 ET]
Table 'Zaniah II' 6-max Seat #4 is the button
Seat 3: LeeTuffy1988 ($8.68 in chips) is sitting out
Seat 1: mr.Jckpot ($155.04 in chips) 
Seat 2: Xenicide ($105.93 in chips) 
Seat 4: michasia ($102.22 in chips) 
Seat 5: Y_19 ($113.74 in chips) 
Seat 6: Zvst ($150.87 in chips) 
Y_19: posts small blind $0.50
Zvst: posts big blind $1
*** HOLE CARDS ***
mr.Jckpot: folds 
Xenicide: folds 
michasia: folds 
Y_19: raises $2 to $3
Zvst: folds 
Uncalled bet ($2) returned to Y_19
Y_19 collected $2 from pot
Y_19: doesn't show hand 
*** SUMMARY ***
Total pot $2 | Rake $0 
Seat 3: LeeTuffy1988
Seat 1: mr.Jckpot folded before Flop (didn't bet)
Seat 2: Xenicide folded before Flop (didn't bet)
Seat 4: michasia (button) folded before Flop (didn't bet)
Seat 5: Y_19 (small blind) collected ($2)
Seat 6: Zvst (big blind) folded before Flop



PokerStars Hand #254249059125:  Hold'em No Limit ($0.50/$1.00 USD) - 2025/01/07 18:57:31 WET [2025/01/07 13:57:31 ET]
Table 'Zaniah II' 6-max Seat #5 is the button
Seat 3: LeeTuffy1988 ($8.68 in chips) is sitting out
Seat 1: mr.Jckpot ($155.04 in chips) 
Seat 2: Xenicide ($105.93 in chips) 
Seat 4: michasia ($102.22 in chips) 
Seat 5: Y_19 ($114.74 in chips) 
Seat 6: Zvst ($149.87 in chips) 
Zvst: posts small blind $0.50
mr.Jckpot: posts big blind $1
*** HOLE CARDS ***
Xenicide: folds 
michasia: raises $1.80 to $2.80
Y_19: folds 
Zvst: folds 
mr.Jckpot: raises $9.20 to $12
michasia: calls $9.20
*** FLOP *** [Td Qs 6c]
mr.Jckpot: bets $7.68
michasia: calls $7.68
*** TURN *** [Td Qs 6c] [7h]
mr.Jckpot: bets $18.18
michasia: calls $18.18
*** RIVER *** [Td Qs 6c 7h] [3d]
mr.Jckpot: bets $24.33
michasia: raises $40.03 to $64.36 and is all-in
mr.Jckpot: calls $40.03
*** SHOW DOWN ***
michasia: shows [9s 8s] (a straight, Six to Ten)
mr.Jckpot: shows [Ad Ah] (a pair of Aces)
michasia collected $202.44 from pot
*** SUMMARY ***
Total pot $204.94 | Rake $2.50 
Board [Td Qs 6c 7h 3d]
Seat 3: LeeTuffy1988
Seat 1: mr.Jckpot (big blind) showed [Ad Ah] and lost with a pair of Aces
Seat 2: Xenicide folded before Flop (didn't bet)
Seat 4: michasia showed [9s 8s] and won ($202.44) with a straight, Six to Ten
Seat 5: Y_19 (button) folded before Flop (didn't bet)
Seat 6: Zvst (small blind) folded before Flop



