PokerStars Hand #254246938383:  Hold'em No Limit ($0.50/$1.00 USD) - 2025/01/07 16:46:21 WET [2025/01/07 11:46:21 ET]
Table 'Belinda III' 6-max Seat #5 is the button
Seat 2: CichiChanMarian ($100 in chips) is sitting out
Seat 3: steepfell ($100 in chips) is sitting out
Seat 1: YeeesMan ($100 in chips) 
Seat 4: CapoDiTutti17 ($57.06 in chips) 
Seat 5: blistein ($100 in chips) 
Seat 6: Alinyr ($100 in chips) 
Alinyr: posts small blind $0.50
YeeesMan: posts big blind $1
CichiChanMarian: sits out 
steepfell: sits out 
*** HOLE CARDS ***
CapoDiTutti17: calls $1
blistein: folds 
Alinyr: folds 
YeeesMan: checks 
*** FLOP *** [6s Ac 3h]
YeeesMan: checks 
CapoDiTutti17: checks 
*** TURN *** [6s Ac 3h] [4c]
YeeesMan: checks 
CapoDiTutti17: checks 
*** RIVER *** [6s Ac 3h 4c] [5s]
YeeesMan: checks 
CapoDiTutti17: bets $2.38
YeeesMan: calls $2.38
*** SHOW DOWN ***
CapoDiTutti17: shows [Jd 7c] (a straight, Three to Seven)
YeeesMan: mucks hand 
CapoDiTutti17 collected $6.90 from pot
*** SUMMARY ***
Total pot $7.26 | Rake $0.36 
Board [6s Ac 3h 4c 5s]
Seat 2: CichiChanMarian
Seat 3: steepfell
Seat 1: YeeesMan (big blind) mucked
Seat 4: CapoDiTutti17 showed [Jd 7c] and won ($6.90) with a straight, Three to Seven
Seat 5: blistein (button) folded before Flop (didn't bet)
Seat 6: Alinyr (small blind) folded before Flop



PokerStars Hand #254246952982:  Hold'em No Limit ($0.50/$1.00 USD) - 2025/01/07 16:47:21 WET [2025/01/07 11:47:21 ET]
Table 'Belinda III' 6-max Seat #6 is the button
Seat 3: steepfell ($100 in chips) is sitting out
Seat 1: YeeesMan ($100 in chips) 
Seat 2: CichiChanMarian ($100 in chips) 
Seat 4: CapoDiTutti17 ($60.58 in chips) 
Seat 5: blistein ($100 in chips) 
Seat 6: Alinyr ($100 in chips) 
YeeesMan: posts small blind $0.50
CichiChanMarian: posts big blind $1
steepfell: sits out 
*** HOLE CARDS ***
CapoDiTutti17: calls $1
blistein: folds 
Alinyr: raises $3 to $4
YeeesMan: folds 
CichiChanMarian: folds 
CapoDiTutti17: calls $3
*** FLOP *** [6s 7h 8h]
CapoDiTutti17: checks 
Alinyr: checks 
*** TURN *** [6s 7h 8h] [4d]
CapoDiTutti17: checks 
Alinyr: checks 
*** RIVER *** [6s 7h 8h 4d] [8c]
CapoDiTutti17: checks 
Alinyr: checks 
*** SHOW DOWN ***
CapoDiTutti17: shows [Kh As] (a pair of Eights)
Alinyr: mucks hand 
CapoDiTutti17 collected $9.02 from pot
*** SUMMARY ***
Total pot $9.50 | Rake $0.48 
Board [6s 7h 8h 4d 8c]
Seat 3: steepfell
Seat 1: YeeesMan (small blind) folded before Flop
Seat 2: CichiChanMarian (big blind) folded before Flop
Seat 4: CapoDiTutti17 showed [Kh As] and won ($9.02) with a pair of Eights
Seat 5: blistein folded before Flop (didn't bet)
Seat 6: Alinyr (button) mucked



PokerStars Hand #254246964609:  Hold'em No Limit ($0.50/$1.00 USD) - 2025/01/07 16:48:11 WET [2025/01/07 11:48:11 ET]
Table 'Belinda III' 6-max Seat #1 is the button
Seat 1: YeeesMan ($100 in chips) 
Seat 2: CichiChanMarian ($100 in chips) 
Seat 3: steepfell ($100 in chips) 
Seat 4: CapoDiTutti17 ($65.60 in chips) 
Seat 5: blistein ($100 in chips) 
Seat 6: Alinyr ($100 in chips) 
CichiChanMarian: posts small blind $0.50
steepfell: posts big blind $1
*** HOLE CARDS ***
CapoDiTutti17: calls $1
blistein: raises $2.50 to $3.50
Alinyr: folds 
YeeesMan: folds 
CichiChanMarian: folds 
steepfell: folds 
CapoDiTutti17: calls $2.50
*** FLOP *** [Jd Jc 9c]
CapoDiTutti17: checks 
blistein: bets $4.04
CapoDiTutti17: folds 
Uncalled bet ($4.04) returned to blistein
blistein collected $8.08 from pot
blistein: doesn't show hand 
*** SUMMARY ***
Total pot $8.50 | Rake $0.42 
Board [Jd Jc 9c]
Seat 1: YeeesMan (button) folded before Flop (didn't bet)
Seat 2: CichiChanMarian (small blind) folded before Flop
Seat 3: steepfell (big blind) folded before Flop
Seat 4: CapoDiTutti17 folded on the Flop
Seat 5: blistein collected ($8.08)
Seat 6: Alinyr folded before Flop (didn't bet)



PokerStars Hand #254246982270:  Hold'em No Limit ($0.50/$1.00 USD) - 2025/01/07 16:49:24 WET [2025/01/07 11:49:24 ET]
Table 'Belinda III' 6-max Seat #2 is the button
Seat 1: YeeesMan ($100 in chips) 
Seat 2: CichiChanMarian ($100 in chips) 
Seat 3: steepfell ($100 in chips) 
Seat 4: CapoDiTutti17 ($62.10 in chips) 
Seat 5: blistein ($104.58 in chips) 
Seat 6: Alinyr ($100 in chips) 
steepfell: posts small blind $0.50
CapoDiTutti17: posts big blind $1
*** HOLE CARDS ***
blistein: folds 
Alinyr: folds 
YeeesMan: raises $1.50 to $2.50
CichiChanMarian: raises $5.50 to $8
steepfell: folds 
CapoDiTutti17: folds 
YeeesMan: calls $5.50
*** FLOP *** [7h 5h 8s]
YeeesMan: checks 
CichiChanMarian: bets $8.31
YeeesMan: raises $17.62 to $25.93
CichiChanMarian: folds 
Uncalled bet ($17.62) returned to YeeesMan
YeeesMan collected $32.41 from pot
YeeesMan: doesn't show hand 
*** SUMMARY ***
Total pot $34.12 | Rake $1.71 
Board [7h 5h 8s]
Seat 1: YeeesMan collected ($32.41)
Seat 2: CichiChanMarian (button) folded on the Flop
Seat 3: steepfell (small blind) folded before Flop
Seat 4: CapoDiTutti17 (big blind) folded before Flop
Seat 5: blistein folded before Flop (didn't bet)
Seat 6: Alinyr folded before Flop (didn't bet)



PokerStars Hand #254246996192:  Hold'em No Limit ($0.50/$1.00 USD) - 2025/01/07 16:50:21 WET [2025/01/07 11:50:21 ET]
Table 'Belinda III' 6-max Seat #3 is the button
Seat 1: YeeesMan ($116.10 in chips) 
Seat 2: CichiChanMarian ($100 in chips) 
Seat 3: steepfell ($100 in chips) 
Seat 4: CapoDiTutti17 ($61.10 in chips) 
Seat 5: blistein ($104.58 in chips) 
Seat 6: Alinyr ($100 in chips) 
CapoDiTutti17: posts small blind $0.50
blistein: posts big blind $1
*** HOLE CARDS ***
Alinyr: folds 
YeeesMan: folds 
CichiChanMarian: raises $1.50 to $2.50
steepfell: folds 
CapoDiTutti17: calls $2
blistein: folds 
*** FLOP *** [Kh 6s Js]
CapoDiTutti17: checks 
CichiChanMarian: bets $1.88
CapoDiTutti17: calls $1.88
*** TURN *** [Kh 6s Js] [Ac]
CapoDiTutti17: checks 
CichiChanMarian: bets $6.95
CapoDiTutti17: calls $6.95
*** RIVER *** [Kh 6s Js Ac] [5s]
CapoDiTutti17: checks 
CichiChanMarian: checks 
*** SHOW DOWN ***
CapoDiTutti17: shows [Td Ts] (a pair of Tens)
CichiChanMarian: shows [Qh Ah] (a pair of Aces)
CichiChanMarian collected $22.48 from pot
*** SUMMARY ***
Total pot $23.66 | Rake $1.18 
Board [Kh 6s Js Ac 5s]
Seat 1: YeeesMan folded before Flop (didn't bet)
Seat 2: CichiChanMarian showed [Qh Ah] and won ($22.48) with a pair of Aces
Seat 3: steepfell (button) folded before Flop (didn't bet)
Seat 4: CapoDiTutti17 (small blind) showed [Td Ts] and lost with a pair of Tens
Seat 5: blistein (big blind) folded before Flop
Seat 6: Alinyr folded before Flop (didn't bet)



PokerStars Hand #254247011965:  Hold'em No Limit ($0.50/$1.00 USD) - 2025/01/07 16:51:27 WET [2025/01/07 11:51:27 ET]
Table 'Belinda III' 6-max Seat #4 is the button
Seat 1: YeeesMan ($116.10 in chips) 
Seat 2: CichiChanMarian ($111.15 in chips) 
Seat 3: steepfell ($100 in chips) 
Seat 4: CapoDiTutti17 ($49.77 in chips) 
Seat 5: blistein ($103.58 in chips) 
Seat 6: Alinyr ($100 in chips) 
blistein: posts small blind $0.50
Alinyr: posts big blind $1
*** HOLE CARDS ***
YeeesMan: folds 
CichiChanMarian: folds 
steepfell: folds 
CapoDiTutti17: folds 
blistein: folds 
Uncalled bet ($0.50) returned to Alinyr
Alinyr collected $1 from pot
Alinyr: doesn't show hand 
*** SUMMARY ***
Total pot $1 | Rake $0 
Seat 1: YeeesMan folded before Flop (didn't bet)
Seat 2: CichiChanMarian folded before Flop (didn't bet)
Seat 3: steepfell folded before Flop (didn't bet)
Seat 4: CapoDiTutti17 (button) folded before Flop (didn't bet)
Seat 5: blistein (small blind) folded before Flop
Seat 6: Alinyr (big blind) collected ($1)



PokerStars Hand #254247016711:  Hold'em No Limit ($0.50/$1.00 USD) - 2025/01/07 16:51:47 WET [2025/01/07 11:51:47 ET]
Table 'Belinda III' 6-max Seat #5 is the button
Seat 1: YeeesMan ($116.10 in chips) 
Seat 2: CichiChanMarian ($111.15 in chips) 
Seat 3: steepfell ($100 in chips) 
Seat 4: CapoDiTutti17 ($49.77 in chips) 
Seat 5: blistein ($103.08 in chips) 
Seat 6: Alinyr ($100.50 in chips) 
Alinyr: posts small blind $0.50
YeeesMan: posts big blind $1
*** HOLE CARDS ***
CichiChanMarian: folds 
steepfell: folds 
CapoDiTutti17: calls $1
blistein: raises $2.50 to $3.50
Alinyr: folds 
YeeesMan: folds 
CapoDiTutti17: calls $2.50
*** FLOP *** [Jh 6s Ac]
CapoDiTutti17: checks 
blistein: bets $2.02
CapoDiTutti17: calls $2.02
*** TURN *** [Jh 6s Ac] [9s]
CapoDiTutti17: checks 
blistein: checks 
*** RIVER *** [Jh 6s Ac 9s] [7h]
CapoDiTutti17: checks 
blistein: checks 
*** SHOW DOWN ***
CapoDiTutti17: shows [Jc Qs] (a pair of Jacks)
blistein: mucks hand 
CapoDiTutti17 collected $11.91 from pot
*** SUMMARY ***
Total pot $12.54 | Rake $0.63 
Board [Jh 6s Ac 9s 7h]
Seat 1: YeeesMan (big blind) folded before Flop
Seat 2: CichiChanMarian folded before Flop (didn't bet)
Seat 3: steepfell folded before Flop (didn't bet)
Seat 4: CapoDiTutti17 showed [Jc Qs] and won ($11.91) with a pair of Jacks
Seat 5: blistein (button) mucked
Seat 6: Alinyr (small blind) folded before Flop



PokerStars Hand #254247027816:  Hold'em No Limit ($0.50/$1.00 USD) - 2025/01/07 16:52:34 WET [2025/01/07 11:52:34 ET]
Table 'Belinda III' 6-max Seat #6 is the button
Seat 1: YeeesMan ($115.10 in chips) 
Seat 2: CichiChanMarian ($111.15 in chips) 
Seat 3: steepfell ($100 in chips) 
Seat 4: CapoDiTutti17 ($56.16 in chips) 
Seat 5: blistein ($100 in chips) 
Seat 6: Alinyr ($100 in chips) 
YeeesMan: posts small blind $0.50
CichiChanMarian: posts big blind $1
*** HOLE CARDS ***
steepfell: folds 
CapoDiTutti17: calls $1
blistein: folds 
Alinyr: folds 
YeeesMan: calls $0.50
CichiChanMarian: checks 
*** FLOP *** [Tc Ts Kh]
YeeesMan: checks 
CichiChanMarian: checks 
CapoDiTutti17: checks 
*** TURN *** [Tc Ts Kh] [Ah]
YeeesMan: checks 
CichiChanMarian: checks 
CapoDiTutti17: bets $1.43
YeeesMan: folds 
CichiChanMarian: folds 
Uncalled bet ($1.43) returned to CapoDiTutti17
CapoDiTutti17 collected $2.85 from pot
*** SUMMARY ***
Total pot $3 | Rake $0.15 
Board [Tc Ts Kh Ah]
Seat 1: YeeesMan (small blind) folded on the Turn
Seat 2: CichiChanMarian (big blind) folded on the Turn
Seat 3: steepfell folded before Flop (didn't bet)
Seat 4: CapoDiTutti17 collected ($2.85)
Seat 5: blistein folded before Flop (didn't bet)
Seat 6: Alinyr (button) folded before Flop (didn't bet)



PokerStars Hand #254247048240:  Hold'em No Limit ($0.50/$1.00 USD) - 2025/01/07 16:53:59 WET [2025/01/07 11:53:59 ET]
Table 'Belinda III' 6-max Seat #1 is the button
Seat 1: YeeesMan ($114.10 in chips) 
Seat 2: CichiChanMarian ($110.15 in chips) 
Seat 3: steepfell ($100 in chips) 
Seat 4: CapoDiTutti17 ($58.01 in chips) 
Seat 5: blistein ($100 in chips) 
Seat 6: Alinyr ($100 in chips) 
CichiChanMarian: posts small blind $0.50
steepfell: posts big blind $1
*** HOLE CARDS ***
CapoDiTutti17: folds 
blistein: folds 
Alinyr: folds 
YeeesMan: raises $1.50 to $2.50
CichiChanMarian: folds 
steepfell: folds 
Uncalled bet ($1.50) returned to YeeesMan
YeeesMan collected $2.50 from pot
YeeesMan: doesn't show hand 
*** SUMMARY ***
Total pot $2.50 | Rake $0 
Seat 1: YeeesMan (button) collected ($2.50)
Seat 2: CichiChanMarian (small blind) folded before Flop
Seat 3: steepfell (big blind) folded before Flop
Seat 4: CapoDiTutti17 folded before Flop (didn't bet)
Seat 5: blistein folded before Flop (didn't bet)
Seat 6: Alinyr folded before Flop (didn't bet)



PokerStars Hand #254247053920:  Hold'em No Limit ($0.50/$1.00 USD) - 2025/01/07 16:54:22 WET [2025/01/07 11:54:22 ET]
Table 'Belinda III' 6-max Seat #2 is the button
Seat 1: YeeesMan ($115.60 in chips) 
Seat 2: CichiChanMarian ($109.65 in chips) 
Seat 3: steepfell ($100 in chips) 
Seat 4: CapoDiTutti17 ($58.01 in chips) 
Seat 5: blistein ($100 in chips) 
Seat 6: Alinyr ($100 in chips) 
steepfell: posts small blind $0.50
CapoDiTutti17: posts big blind $1
*** HOLE CARDS ***
blistein: folds 
Alinyr: folds 
YeeesMan: raises $1.50 to $2.50
CichiChanMarian: raises $5.50 to $8
steepfell: folds 
CapoDiTutti17: folds 
YeeesMan: calls $5.50
*** FLOP *** [Kh 2c 3s]
YeeesMan: checks 
CichiChanMarian: bets $5.48
YeeesMan: calls $5.48
*** TURN *** [Kh 2c 3s] [2h]
YeeesMan: checks 
CichiChanMarian: checks 
*** RIVER *** [Kh 2c 3s 2h] [Th]
YeeesMan: checks 
CichiChanMarian: checks 
*** SHOW DOWN ***
YeeesMan: shows [Jc Kc] (two pair, Kings and Deuces)
CichiChanMarian: mucks hand 
YeeesMan collected $27.04 from pot
*** SUMMARY ***
Total pot $28.46 | Rake $1.42 
Board [Kh 2c 3s 2h Th]
Seat 1: YeeesMan showed [Jc Kc] and won ($27.04) with two pair, Kings and Deuces
Seat 2: CichiChanMarian (button) mucked
Seat 3: steepfell (small blind) folded before Flop
Seat 4: CapoDiTutti17 (big blind) folded before Flop
Seat 5: blistein folded before Flop (didn't bet)
Seat 6: Alinyr folded before Flop (didn't bet)



PokerStars Hand #254247077958:  Hold'em No Limit ($0.50/$1.00 USD) - 2025/01/07 16:56:17 WET [2025/01/07 11:56:17 ET]
Table 'Belinda III' 6-max Seat #3 is the button
Seat 1: YeeesMan ($129.16 in chips) 
Seat 2: CichiChanMarian ($100 in chips) 
Seat 3: steepfell ($100 in chips) 
Seat 4: CapoDiTutti17 ($57.01 in chips) 
Seat 5: blistein ($100 in chips) 
Seat 6: Alinyr ($100 in chips) 
CapoDiTutti17: posts small blind $0.50
blistein: posts big blind $1
*** HOLE CARDS ***
Alinyr: folds 
YeeesMan: folds 
CichiChanMarian: folds 
steepfell: raises $1.50 to $2.50
CapoDiTutti17: calls $2
blistein: folds 
*** FLOP *** [Ts 7d Jd]
CapoDiTutti17: checks 
steepfell: checks 
*** TURN *** [Ts 7d Jd] [4h]
CapoDiTutti17: checks 
steepfell: checks 
*** RIVER *** [Ts 7d Jd 4h] [8d]
CapoDiTutti17: bets $2.85
steepfell: folds 
Uncalled bet ($2.85) returned to CapoDiTutti17
CapoDiTutti17 collected $5.70 from pot
*** SUMMARY ***
Total pot $6 | Rake $0.30 
Board [Ts 7d Jd 4h 8d]
Seat 1: YeeesMan folded before Flop (didn't bet)
Seat 2: CichiChanMarian folded before Flop (didn't bet)
Seat 3: steepfell (button) folded on the River
Seat 4: CapoDiTutti17 (small blind) collected ($5.70)
Seat 5: blistein (big blind) folded before Flop
Seat 6: Alinyr folded before Flop (didn't bet)



PokerStars Hand #254247087959:  Hold'em No Limit ($0.50/$1.00 USD) - 2025/01/07 16:57:11 WET [2025/01/07 11:57:11 ET]
Table 'Belinda III' 6-max Seat #4 is the button
Seat 1: YeeesMan ($129.16 in chips) 
Seat 2: CichiChanMarian ($100 in chips) 
Seat 3: steepfell ($100 in chips) 
Seat 4: CapoDiTutti17 ($60.21 in chips) 
Seat 5: blistein ($100 in chips) 
Seat 6: Alinyr ($100 in chips) 
blistein: posts small blind $0.50
Alinyr: posts big blind $1
*** HOLE CARDS ***
YeeesMan: raises $1.50 to $2.50
CichiChanMarian: folds 
steepfell: folds 
CapoDiTutti17: calls $2.50
blistein: folds 
Alinyr: calls $1.50
*** FLOP *** [8d 8h Qc]
Alinyr: checks 
YeeesMan: checks 
CapoDiTutti17: checks 
*** TURN *** [8d 8h Qc] [3s]
Alinyr: checks 
YeeesMan: checks 
CapoDiTutti17: checks 
*** RIVER *** [8d 8h Qc 3s] [Kh]
Alinyr: checks 
YeeesMan: checks 
CapoDiTutti17: bets $3.80
Alinyr: folds 
YeeesMan: calls $3.80
*** SHOW DOWN ***
CapoDiTutti17: shows [6h 5d] (a pair of Eights)
YeeesMan: shows [Jd Qd] (two pair, Queens and Eights)
YeeesMan collected $14.82 from pot
*** SUMMARY ***
Total pot $15.60 | Rake $0.78 
Board [8d 8h Qc 3s Kh]
Seat 1: YeeesMan showed [Jd Qd] and won ($14.82) with two pair, Queens and Eights
Seat 2: CichiChanMarian folded before Flop (didn't bet)
Seat 3: steepfell folded before Flop (didn't bet)
Seat 4: CapoDiTutti17 (button) showed [6h 5d] and lost with a pair of Eights
Seat 5: blistein (small blind) folded before Flop
Seat 6: Alinyr (big blind) folded on the River



PokerStars Hand #254247102781:  Hold'em No Limit ($0.50/$1.00 USD) - 2025/01/07 16:58:30 WET [2025/01/07 11:58:30 ET]
Table 'Belinda III' 6-max Seat #5 is the button
Seat 1: YeeesMan ($137.68 in chips) 
Seat 2: CichiChanMarian ($100 in chips) 
Seat 3: steepfell ($100 in chips) 
Seat 4: CapoDiTutti17 ($53.91 in chips) 
Seat 5: blistein ($100 in chips) 
Seat 6: Alinyr ($100 in chips) 
Alinyr: posts small blind $0.50
YeeesMan: posts big blind $1
*** HOLE CARDS ***
CichiChanMarian: folds 
steepfell: folds 
CapoDiTutti17: calls $1
blistein: raises $2.50 to $3.50
Alinyr: folds 
YeeesMan: folds 
CapoDiTutti17: folds 
Uncalled bet ($2.50) returned to blistein
blistein collected $3.50 from pot
blistein: doesn't show hand 
*** SUMMARY ***
Total pot $3.50 | Rake $0 
Seat 1: YeeesMan (big blind) folded before Flop
Seat 2: CichiChanMarian folded before Flop (didn't bet)
Seat 3: steepfell folded before Flop (didn't bet)
Seat 4: CapoDiTutti17 folded before Flop
Seat 5: blistein (button) collected ($3.50)
Seat 6: Alinyr (small blind) folded before Flop



PokerStars Hand #254247109809:  Hold'em No Limit ($0.50/$1.00 USD) - 2025/01/07 16:59:08 WET [2025/01/07 11:59:08 ET]
Table 'Belinda III' 6-max Seat #6 is the button
Seat 1: YeeesMan ($136.68 in chips) 
Seat 2: CichiChanMarian ($100 in chips) 
Seat 3: steepfell ($100 in chips) 
Seat 4: CapoDiTutti17 ($52.91 in chips) 
Seat 5: blistein ($102.50 in chips) 
Seat 6: Alinyr ($100 in chips) 
YeeesMan: posts small blind $0.50
CichiChanMarian: posts big blind $1
*** HOLE CARDS ***
steepfell: folds 
CapoDiTutti17: calls $1
blistein: raises $2.50 to $3.50
Alinyr: folds 
YeeesMan: folds 
CichiChanMarian: folds 
CapoDiTutti17: calls $2.50
*** FLOP *** [9d 4d Kd]
CapoDiTutti17: checks 
blistein: bets $2.02
CapoDiTutti17: calls $2.02
*** TURN *** [9d 4d Kd] [Js]
CapoDiTutti17: checks 
blistein: checks 
*** RIVER *** [9d 4d Kd Js] [8c]
CapoDiTutti17: checks 
blistein: bets $12
CapoDiTutti17: folds 
Uncalled bet ($12) returned to blistein
blistein collected $11.91 from pot
blistein: doesn't show hand 
*** SUMMARY ***
Total pot $12.54 | Rake $0.63 
Board [9d 4d Kd Js 8c]
Seat 1: YeeesMan (small blind) folded before Flop
Seat 2: CichiChanMarian (big blind) folded before Flop
Seat 3: steepfell folded before Flop (didn't bet)
Seat 4: CapoDiTutti17 folded on the River
Seat 5: blistein collected ($11.91)
Seat 6: Alinyr (button) folded before Flop (didn't bet)



PokerStars Hand #254247125276:  Hold'em No Limit ($0.50/$1.00 USD) - 2025/01/07 17:00:30 WET [2025/01/07 12:00:30 ET]
Table 'Belinda III' 6-max Seat #1 is the button
Seat 1: YeeesMan ($136.18 in chips) 
Seat 2: CichiChanMarian ($100 in chips) 
Seat 3: steepfell ($100 in chips) 
Seat 4: CapoDiTutti17 ($47.39 in chips) 
Seat 5: blistein ($108.89 in chips) 
Seat 6: Alinyr ($100 in chips) 
CichiChanMarian: posts small blind $0.50
steepfell: posts big blind $1
*** HOLE CARDS ***
CapoDiTutti17: folds 
blistein: folds 
Alinyr: folds 
YeeesMan: raises $1.50 to $2.50
CichiChanMarian: folds 
steepfell: folds 
Uncalled bet ($1.50) returned to YeeesMan
YeeesMan collected $2.50 from pot
YeeesMan: doesn't show hand 
*** SUMMARY ***
Total pot $2.50 | Rake $0 
Seat 1: YeeesMan (button) collected ($2.50)
Seat 2: CichiChanMarian (small blind) folded before Flop
Seat 3: steepfell (big blind) folded before Flop
Seat 4: CapoDiTutti17 folded before Flop (didn't bet)
Seat 5: blistein folded before Flop (didn't bet)
Seat 6: Alinyr folded before Flop (didn't bet)



PokerStars Hand #254247128681:  Hold'em No Limit ($0.50/$1.00 USD) - 2025/01/07 17:00:46 WET [2025/01/07 12:00:46 ET]
Table 'Belinda III' 6-max Seat #2 is the button
Seat 4: CapoDiTutti17 ($47.39 in chips) is sitting out
Seat 1: YeeesMan ($137.68 in chips) 
Seat 2: CichiChanMarian ($100 in chips) 
Seat 3: steepfell ($100 in chips) 
Seat 5: blistein ($108.89 in chips) 
Seat 6: Alinyr ($100 in chips) 
steepfell: posts small blind $0.50
CapoDiTutti17 has timed out
CapoDiTutti17: is sitting out 
blistein: posts big blind $1
*** HOLE CARDS ***
Alinyr: raises $1.05 to $2.05
CapoDiTutti17 is disconnected 
YeeesMan: folds 
CichiChanMarian: raises $5.12 to $7.17
steepfell: folds 
blistein: folds 
Alinyr: calls $5.12
*** FLOP *** [Ac 9d 4d]
Alinyr: checks 
CichiChanMarian: bets $4.97
Alinyr: raises $10.25 to $15.22
CichiChanMarian: calls $10.25
*** TURN *** [Ac 9d 4d] [Qd]
Alinyr: checks 
CichiChanMarian: bets $10.99
Alinyr: folds 
Uncalled bet ($10.99) returned to CichiChanMarian
CichiChanMarian collected $43.97 from pot
CichiChanMarian: doesn't show hand 
*** SUMMARY ***
Total pot $46.28 | Rake $2.31 
Board [Ac 9d 4d Qd]
Seat 4: CapoDiTutti17
Seat 1: YeeesMan folded before Flop (didn't bet)
Seat 2: CichiChanMarian (button) collected ($43.97)
Seat 3: steepfell (small blind) folded before Flop
Seat 5: blistein (big blind) folded before Flop
Seat 6: Alinyr folded on the Turn



PokerStars Hand #254247155741:  Hold'em No Limit ($0.50/$1.00 USD) - 2025/01/07 17:02:47 WET [2025/01/07 12:02:47 ET]
Table 'Belinda III' 6-max Seat #3 is the button
Seat 4: CapoDiTutti17 ($47.39 in chips) is sitting out
Seat 1: YeeesMan ($137.68 in chips) 
Seat 2: CichiChanMarian ($121.58 in chips) 
Seat 3: steepfell ($100 in chips) 
Seat 5: blistein ($107.89 in chips) 
Seat 6: Alinyr ($100 in chips) 
blistein: posts small blind $0.50
Alinyr: posts big blind $1
*** HOLE CARDS ***
CapoDiTutti17 is disconnected 
YeeesMan: raises $1.50 to $2.50
CichiChanMarian: raises $5.50 to $8
steepfell: folds 
blistein: folds 
Alinyr: folds 
YeeesMan: folds 
Uncalled bet ($5.50) returned to CichiChanMarian
CichiChanMarian collected $6.50 from pot
CichiChanMarian: doesn't show hand 
*** SUMMARY ***
Total pot $6.50 | Rake $0 
Seat 4: CapoDiTutti17
Seat 1: YeeesMan folded before Flop
Seat 2: CichiChanMarian collected ($6.50)
Seat 3: steepfell (button) folded before Flop (didn't bet)
Seat 5: blistein (small blind) folded before Flop
Seat 6: Alinyr (big blind) folded before Flop



PokerStars Hand #254247163295:  Hold'em No Limit ($0.50/$1.00 USD) - 2025/01/07 17:03:18 WET [2025/01/07 12:03:18 ET]
Table 'Belinda III' 6-max Seat #5 is the button
Seat 1: YeeesMan ($135.18 in chips) 
Seat 2: CichiChanMarian ($125.58 in chips) 
Seat 3: steepfell ($100 in chips) 
Seat 4: CapoDiTutti17 ($47.39 in chips) 
Seat 5: blistein ($107.39 in chips) 
Seat 6: Alinyr ($100 in chips) 
Alinyr: posts small blind $0.50
YeeesMan: posts big blind $1
CapoDiTutti17: posts small & big blinds $1.50
*** HOLE CARDS ***
CichiChanMarian: folds 
steepfell: folds 
CapoDiTutti17: raises $1 to $2
blistein: folds 
Alinyr: calls $1.50
YeeesMan: folds 
*** FLOP *** [7d 8d Ts]
Alinyr: checks 
CapoDiTutti17: checks 
*** TURN *** [7d 8d Ts] [3s]
Alinyr: bets $2.66
CapoDiTutti17: calls $2.66
*** RIVER *** [7d 8d Ts 3s] [5s]
Alinyr: bets $10.38
CapoDiTutti17 has timed out
CapoDiTutti17: folds 
Uncalled bet ($10.38) returned to Alinyr
Alinyr collected $10.28 from pot
Alinyr: doesn't show hand 
*** SUMMARY ***
Total pot $10.82 | Rake $0.54 
Board [7d 8d Ts 3s 5s]
Seat 1: YeeesMan (big blind) folded before Flop
Seat 2: CichiChanMarian folded before Flop (didn't bet)
Seat 3: steepfell folded before Flop (didn't bet)
Seat 4: CapoDiTutti17 folded on the River
Seat 5: blistein (button) folded before Flop (didn't bet)
Seat 6: Alinyr (small blind) collected ($10.28)



PokerStars Hand #254247183855:  Hold'em No Limit ($0.50/$1.00 USD) - 2025/01/07 17:04:42 WET [2025/01/07 12:04:42 ET]
Table 'Belinda III' 6-max Seat #6 is the button
Seat 1: YeeesMan ($134.18 in chips) 
Seat 2: CichiChanMarian ($125.58 in chips) 
Seat 3: steepfell ($100 in chips) 
Seat 4: CapoDiTutti17 ($42.23 in chips) 
Seat 5: blistein ($107.39 in chips) 
Seat 6: Alinyr ($105.62 in chips) 
YeeesMan: posts small blind $0.50
CichiChanMarian: posts big blind $1
*** HOLE CARDS ***
steepfell: folds 
CapoDiTutti17: folds 
blistein: raises $1.30 to $2.30
Alinyr: folds 
YeeesMan: folds 
CichiChanMarian: folds 
Uncalled bet ($1.30) returned to blistein
blistein collected $2.50 from pot
blistein: doesn't show hand 
*** SUMMARY ***
Total pot $2.50 | Rake $0 
Seat 1: YeeesMan (small blind) folded before Flop
Seat 2: CichiChanMarian (big blind) folded before Flop
Seat 3: steepfell folded before Flop (didn't bet)
Seat 4: CapoDiTutti17 folded before Flop (didn't bet)
Seat 5: blistein collected ($2.50)
Seat 6: Alinyr (button) folded before Flop (didn't bet)



PokerStars Hand #254247189361:  Hold'em No Limit ($0.50/$1.00 USD) - 2025/01/07 17:05:04 WET [2025/01/07 12:05:04 ET]
Table 'Belinda III' 6-max Seat #1 is the button
Seat 1: YeeesMan ($133.68 in chips) 
Seat 2: CichiChanMarian ($124.58 in chips) 
Seat 3: steepfell ($100 in chips) 
Seat 4: CapoDiTutti17 ($42.23 in chips) 
Seat 5: blistein ($108.89 in chips) 
Seat 6: Alinyr ($105.62 in chips) 
CichiChanMarian: posts small blind $0.50
steepfell: posts big blind $1
*** HOLE CARDS ***
CapoDiTutti17: calls $1
blistein: folds 
Alinyr: raises $3 to $4
YeeesMan: folds 
CichiChanMarian: folds 
steepfell: folds 
CapoDiTutti17: folds 
Uncalled bet ($3) returned to Alinyr
Alinyr collected $3.50 from pot
Alinyr: doesn't show hand 
*** SUMMARY ***
Total pot $3.50 | Rake $0 
Seat 1: YeeesMan (button) folded before Flop (didn't bet)
Seat 2: CichiChanMarian (small blind) folded before Flop
Seat 3: steepfell (big blind) folded before Flop
Seat 4: CapoDiTutti17 folded before Flop
Seat 5: blistein folded before Flop (didn't bet)
Seat 6: Alinyr collected ($3.50)



PokerStars Hand #254247198054:  Hold'em No Limit ($0.50/$1.00 USD) - 2025/01/07 17:05:39 WET [2025/01/07 12:05:39 ET]
Table 'Belinda III' 6-max Seat #2 is the button
Seat 1: YeeesMan ($133.68 in chips) 
Seat 2: CichiChanMarian ($124.08 in chips) 
Seat 3: steepfell ($100 in chips) 
Seat 4: CapoDiTutti17 ($41.23 in chips) 
Seat 5: blistein ($108.89 in chips) 
Seat 6: Alinyr ($108.12 in chips) 
steepfell: posts small blind $0.50
CapoDiTutti17: posts big blind $1
*** HOLE CARDS ***
blistein: folds 
Alinyr: folds 
YeeesMan: folds 
CichiChanMarian: folds 
steepfell: folds 
Uncalled bet ($0.50) returned to CapoDiTutti17
CapoDiTutti17 collected $1 from pot
*** SUMMARY ***
Total pot $1 | Rake $0 
Seat 1: YeeesMan folded before Flop (didn't bet)
Seat 2: CichiChanMarian (button) folded before Flop (didn't bet)
Seat 3: steepfell (small blind) folded before Flop
Seat 4: CapoDiTutti17 (big blind) collected ($1)
Seat 5: blistein folded before Flop (didn't bet)
Seat 6: Alinyr folded before Flop (didn't bet)



PokerStars Hand #254247201896:  Hold'em No Limit ($0.50/$1.00 USD) - 2025/01/07 17:05:55 WET [2025/01/07 12:05:55 ET]
Table 'Belinda III' 6-max Seat #3 is the button
Seat 1: YeeesMan ($133.68 in chips) 
Seat 2: CichiChanMarian ($124.08 in chips) 
Seat 3: steepfell ($100 in chips) 
Seat 4: CapoDiTutti17 ($41.73 in chips) 
Seat 5: blistein ($108.89 in chips) 
Seat 6: Alinyr ($108.12 in chips) 
CapoDiTutti17: posts small blind $0.50
blistein: posts big blind $1
*** HOLE CARDS ***
Alinyr: raises $1.05 to $2.05
YeeesMan: folds 
CichiChanMarian: folds 
steepfell: folds 
CapoDiTutti17: calls $1.55
blistein: calls $1.05
*** FLOP *** [3c 6h Tc]
CapoDiTutti17: checks 
blistein: checks 
Alinyr: bets $1.93
CapoDiTutti17: folds 
blistein: calls $1.93
*** TURN *** [3c 6h Tc] [As]
blistein: checks 
Alinyr: checks 
*** RIVER *** [3c 6h Tc As] [2d]
blistein: checks 
Alinyr: checks 
*** SHOW DOWN ***
blistein: shows [Kd Qc] (high card Ace)
Alinyr: shows [Th Qh] (a pair of Tens)
Alinyr collected $9.51 from pot
*** SUMMARY ***
Total pot $10.01 | Rake $0.50 
Board [3c 6h Tc As 2d]
Seat 1: YeeesMan folded before Flop (didn't bet)
Seat 2: CichiChanMarian folded before Flop (didn't bet)
Seat 3: steepfell (button) folded before Flop (didn't bet)
Seat 4: CapoDiTutti17 (small blind) folded on the Flop
Seat 5: blistein (big blind) showed [Kd Qc] and lost with high card Ace
Seat 6: Alinyr showed [Th Qh] and won ($9.51) with a pair of Tens



PokerStars Hand #254247225857:  Hold'em No Limit ($0.50/$1.00 USD) - 2025/01/07 17:07:32 WET [2025/01/07 12:07:32 ET]
Table 'Belinda III' 6-max Seat #4 is the button
Seat 1: YeeesMan ($133.68 in chips) 
Seat 2: CichiChanMarian ($124.08 in chips) 
Seat 3: steepfell ($100 in chips) 
Seat 4: CapoDiTutti17 ($39.68 in chips) 
Seat 5: blistein ($104.91 in chips) 
Seat 6: Alinyr ($113.65 in chips) 
blistein: posts small blind $0.50
Alinyr: posts big blind $1
*** HOLE CARDS ***
YeeesMan: folds 
CichiChanMarian: raises $1.50 to $2.50
steepfell: folds 
CapoDiTutti17: calls $2.50
blistein: folds 
Alinyr: folds 
*** FLOP *** [Kh 3h 3s]
CichiChanMarian: checks 
CapoDiTutti17: checks 
*** TURN *** [Kh 3h 3s] [7c]
CichiChanMarian: checks 
CapoDiTutti17: bets $3.09
CichiChanMarian: calls $3.09
*** RIVER *** [Kh 3h 3s 7c] [9s]
CichiChanMarian: checks 
CapoDiTutti17: bets $6.03
CichiChanMarian: calls $6.03
*** SHOW DOWN ***
CapoDiTutti17: shows [Kd Qs] (two pair, Kings and Threes)
CichiChanMarian: mucks hand 
CapoDiTutti17 collected $23.50 from pot
*** SUMMARY ***
Total pot $24.74 | Rake $1.24 
Board [Kh 3h 3s 7c 9s]
Seat 1: YeeesMan folded before Flop (didn't bet)
Seat 2: CichiChanMarian mucked
Seat 3: steepfell folded before Flop (didn't bet)
Seat 4: CapoDiTutti17 (button) showed [Kd Qs] and won ($23.50) with two pair, Kings and Threes
Seat 5: blistein (small blind) folded before Flop
Seat 6: Alinyr (big blind) folded before Flop



PokerStars Hand #254247233168:  Hold'em No Limit ($0.50/$1.00 USD) - 2025/01/07 17:08:02 WET [2025/01/07 12:08:02 ET]
Table 'Belinda III' 6-max Seat #5 is the button
Seat 1: YeeesMan ($133.68 in chips) 
Seat 2: CichiChanMarian ($112.46 in chips) 
Seat 3: steepfell ($100 in chips) 
Seat 4: CapoDiTutti17 ($51.56 in chips) 
Seat 5: blistein ($104.41 in chips) 
Seat 6: Alinyr ($112.65 in chips) 
Alinyr: posts small blind $0.50
YeeesMan: posts big blind $1
*** HOLE CARDS ***
CichiChanMarian: folds 
steepfell: folds 
CapoDiTutti17: folds 
blistein: folds 
Alinyr: folds 
Uncalled bet ($0.50) returned to YeeesMan
YeeesMan collected $1 from pot
YeeesMan: doesn't show hand 
*** SUMMARY ***
Total pot $1 | Rake $0 
Seat 1: YeeesMan (big blind) collected ($1)
Seat 2: CichiChanMarian folded before Flop (didn't bet)
Seat 3: steepfell folded before Flop (didn't bet)
Seat 4: CapoDiTutti17 folded before Flop (didn't bet)
Seat 5: blistein (button) folded before Flop (didn't bet)
Seat 6: Alinyr (small blind) folded before Flop



PokerStars Hand #254247238387:  Hold'em No Limit ($0.50/$1.00 USD) - 2025/01/07 17:08:23 WET [2025/01/07 12:08:23 ET]
Table 'Belinda III' 6-max Seat #6 is the button
Seat 1: YeeesMan ($134.18 in chips) 
Seat 2: CichiChanMarian ($112.46 in chips) 
Seat 3: steepfell ($100 in chips) 
Seat 4: CapoDiTutti17 ($51.56 in chips) 
Seat 5: blistein ($104.41 in chips) 
Seat 6: Alinyr ($112.15 in chips) 
YeeesMan: posts small blind $0.50
CichiChanMarian: posts big blind $1
*** HOLE CARDS ***
steepfell: folds 
CapoDiTutti17: calls $1
blistein: raises $2.50 to $3.50
Alinyr: folds 
YeeesMan: folds 
CichiChanMarian: folds 
CapoDiTutti17: calls $2.50
*** FLOP *** [Js 5d 4d]
CapoDiTutti17: checks 
blistein: checks 
*** TURN *** [Js 5d 4d] [7d]
CapoDiTutti17: checks 
blistein: bets $2.02
CapoDiTutti17: calls $2.02
*** RIVER *** [Js 5d 4d 7d] [7h]
CapoDiTutti17: checks 
blistein: checks 
*** SHOW DOWN ***
CapoDiTutti17: shows [Jh Ts] (two pair, Jacks and Sevens)
blistein: mucks hand 
CapoDiTutti17 collected $11.91 from pot
*** SUMMARY ***
Total pot $12.54 | Rake $0.63 
Board [Js 5d 4d 7d 7h]
Seat 1: YeeesMan (small blind) folded before Flop
Seat 2: CichiChanMarian (big blind) folded before Flop
Seat 3: steepfell folded before Flop (didn't bet)
Seat 4: CapoDiTutti17 showed [Jh Ts] and won ($11.91) with two pair, Jacks and Sevens
Seat 5: blistein mucked
Seat 6: Alinyr (button) folded before Flop (didn't bet)



PokerStars Hand #254247251862:  Hold'em No Limit ($0.50/$1.00 USD) - 2025/01/07 17:09:18 WET [2025/01/07 12:09:18 ET]
Table 'Belinda III' 6-max Seat #1 is the button
Seat 1: YeeesMan ($133.68 in chips) 
Seat 2: CichiChanMarian ($111.46 in chips) 
Seat 3: steepfell ($100 in chips) 
Seat 4: CapoDiTutti17 ($57.95 in chips) 
Seat 5: blistein ($100 in chips) 
Seat 6: Alinyr ($112.15 in chips) 
CichiChanMarian: posts small blind $0.50
steepfell: posts big blind $1
*** HOLE CARDS ***
CapoDiTutti17: folds 
blistein: folds 
Alinyr: folds 
YeeesMan: raises $1.50 to $2.50
CichiChanMarian: folds 
steepfell: folds 
Uncalled bet ($1.50) returned to YeeesMan
YeeesMan collected $2.50 from pot
YeeesMan: doesn't show hand 
*** SUMMARY ***
Total pot $2.50 | Rake $0 
Seat 1: YeeesMan (button) collected ($2.50)
Seat 2: CichiChanMarian (small blind) folded before Flop
Seat 3: steepfell (big blind) folded before Flop
Seat 4: CapoDiTutti17 folded before Flop (didn't bet)
Seat 5: blistein folded before Flop (didn't bet)
Seat 6: Alinyr folded before Flop (didn't bet)



PokerStars Hand #254247257315:  Hold'em No Limit ($0.50/$1.00 USD) - 2025/01/07 17:09:39 WET [2025/01/07 12:09:39 ET]
Table 'Belinda III' 6-max Seat #2 is the button
Seat 1: YeeesMan ($135.18 in chips) 
Seat 2: CichiChanMarian ($110.96 in chips) 
Seat 3: steepfell ($100 in chips) 
Seat 4: CapoDiTutti17 ($57.95 in chips) 
Seat 5: blistein ($100 in chips) 
Seat 6: Alinyr ($112.15 in chips) 
steepfell: posts small blind $0.50
CapoDiTutti17: posts big blind $1
*** HOLE CARDS ***
blistein: folds 
Alinyr: folds 
YeeesMan: folds 
CichiChanMarian: raises $1.50 to $2.50
steepfell: raises $8.50 to $11
CapoDiTutti17: folds 
CichiChanMarian: folds 
Uncalled bet ($8.50) returned to steepfell
steepfell collected $6 from pot
steepfell: doesn't show hand 
*** SUMMARY ***
Total pot $6 | Rake $0 
Seat 1: YeeesMan folded before Flop (didn't bet)
Seat 2: CichiChanMarian (button) folded before Flop
Seat 3: steepfell (small blind) collected ($6)
Seat 4: CapoDiTutti17 (big blind) folded before Flop
Seat 5: blistein folded before Flop (didn't bet)
Seat 6: Alinyr folded before Flop (didn't bet)



PokerStars Hand #254247265028:  Hold'em No Limit ($0.50/$1.00 USD) - 2025/01/07 17:10:10 WET [2025/01/07 12:10:10 ET]
Table 'Belinda III' 6-max Seat #3 is the button
Seat 1: YeeesMan ($135.18 in chips) 
Seat 2: CichiChanMarian ($108.46 in chips) 
Seat 3: steepfell ($103.50 in chips) 
Seat 4: CapoDiTutti17 ($56.95 in chips) 
Seat 5: blistein ($100 in chips) 
Seat 6: Alinyr ($112.15 in chips) 
CapoDiTutti17: posts small blind $0.50
blistein: posts big blind $1
*** HOLE CARDS ***
Alinyr: folds 
YeeesMan: raises $1.50 to $2.50
CichiChanMarian: folds 
steepfell: folds 
CapoDiTutti17: calls $2
blistein: folds 
*** FLOP *** [6s 3c 7s]
CapoDiTutti17: checks 
YeeesMan: checks 
*** TURN *** [6s 3c 7s] [4h]
CapoDiTutti17: checks 
YeeesMan: bets $1.88
CapoDiTutti17: calls $1.88
*** RIVER *** [6s 3c 7s 4h] [As]
CapoDiTutti17: bets $9.27
YeeesMan: calls $9.27
*** SHOW DOWN ***
CapoDiTutti17: shows [3s 5s] (a flush, Ace high)
YeeesMan: mucks hand 
CapoDiTutti17 collected $26.88 from pot
*** SUMMARY ***
Total pot $28.30 | Rake $1.42 
Board [6s 3c 7s 4h As]
Seat 1: YeeesMan mucked
Seat 2: CichiChanMarian folded before Flop (didn't bet)
Seat 3: steepfell (button) folded before Flop (didn't bet)
Seat 4: CapoDiTutti17 (small blind) showed [3s 5s] and won ($26.88) with a flush, Ace high
Seat 5: blistein (big blind) folded before Flop
Seat 6: Alinyr folded before Flop (didn't bet)



PokerStars Hand #254247279481:  Hold'em No Limit ($0.50/$1.00 USD) - 2025/01/07 17:11:07 WET [2025/01/07 12:11:07 ET]
Table 'Belinda III' 6-max Seat #4 is the button
Seat 1: YeeesMan ($121.53 in chips) 
Seat 2: CichiChanMarian ($108.46 in chips) 
Seat 3: steepfell ($103.50 in chips) 
Seat 4: CapoDiTutti17 ($70.18 in chips) 
Seat 5: blistein ($100 in chips) 
Seat 6: Alinyr ($112.15 in chips) 
blistein: posts small blind $0.50
Alinyr: posts big blind $1
*** HOLE CARDS ***
YeeesMan: folds 
CichiChanMarian: raises $1.50 to $2.50
steepfell: folds 
CapoDiTutti17: folds 
blistein: folds 
Alinyr: calls $1.50
*** FLOP *** [9h Jd Tc]
Alinyr: checks 
CichiChanMarian: checks 
*** TURN *** [9h Jd Tc] [Ac]
Alinyr: checks 
CichiChanMarian: bets $3.92
Alinyr: folds 
Uncalled bet ($3.92) returned to CichiChanMarian
CichiChanMarian collected $5.22 from pot
CichiChanMarian: doesn't show hand 
*** SUMMARY ***
Total pot $5.50 | Rake $0.28 
Board [9h Jd Tc Ac]
Seat 1: YeeesMan folded before Flop (didn't bet)
Seat 2: CichiChanMarian collected ($5.22)
Seat 3: steepfell folded before Flop (didn't bet)
Seat 4: CapoDiTutti17 (button) folded before Flop (didn't bet)
Seat 5: blistein (small blind) folded before Flop
Seat 6: Alinyr (big blind) folded on the Turn



PokerStars Hand #254247295589:  Hold'em No Limit ($0.50/$1.00 USD) - 2025/01/07 17:12:11 WET [2025/01/07 12:12:11 ET]
Table 'Belinda III' 6-max Seat #5 is the button
Seat 1: YeeesMan ($121.53 in chips) 
Seat 2: CichiChanMarian ($111.18 in chips) 
Seat 3: steepfell ($103.50 in chips) 
Seat 4: CapoDiTutti17 ($70.18 in chips) 
Seat 5: blistein ($100 in chips) 
Seat 6: Alinyr ($109.65 in chips) 
Alinyr: posts small blind $0.50
YeeesMan: posts big blind $1
*** HOLE CARDS ***
CichiChanMarian: folds 
steepfell: folds 
CapoDiTutti17: folds 
blistein: folds 
Alinyr: raises $2 to $3
YeeesMan: folds 
Uncalled bet ($2) returned to Alinyr
Alinyr collected $2 from pot
Alinyr: doesn't show hand 
*** SUMMARY ***
Total pot $2 | Rake $0 
Seat 1: YeeesMan (big blind) folded before Flop
Seat 2: CichiChanMarian folded before Flop (didn't bet)
Seat 3: steepfell folded before Flop (didn't bet)
Seat 4: CapoDiTutti17 folded before Flop (didn't bet)
Seat 5: blistein (button) folded before Flop (didn't bet)
Seat 6: Alinyr (small blind) collected ($2)



PokerStars Hand #254247301440:  Hold'em No Limit ($0.50/$1.00 USD) - 2025/01/07 17:12:34 WET [2025/01/07 12:12:34 ET]
Table 'Belinda III' 6-max Seat #6 is the button
Seat 1: YeeesMan ($120.53 in chips) 
Seat 2: CichiChanMarian ($111.18 in chips) 
Seat 3: steepfell ($103.50 in chips) 
Seat 4: CapoDiTutti17 ($70.18 in chips) 
Seat 5: blistein ($100 in chips) 
Seat 6: Alinyr ($110.65 in chips) 
YeeesMan: posts small blind $0.50
CichiChanMarian: posts big blind $1
*** HOLE CARDS ***
steepfell: folds 
CapoDiTutti17: folds 
blistein: raises $1.30 to $2.30
Alinyr: folds 
YeeesMan: folds 
CichiChanMarian: calls $1.30
*** FLOP *** [9c 7s 2c]
CichiChanMarian: checks 
blistein: checks 
*** TURN *** [9c 7s 2c] [As]
CichiChanMarian: checks 
blistein: bets $6.05
CichiChanMarian: calls $6.05
*** RIVER *** [9c 7s 2c As] [Kd]
CichiChanMarian: checks 
blistein: bets $28.59
CichiChanMarian: folds 
Uncalled bet ($28.59) returned to blistein
blistein collected $16.34 from pot
blistein: doesn't show hand 
*** SUMMARY ***
Total pot $17.20 | Rake $0.86 
Board [9c 7s 2c As Kd]
Seat 1: YeeesMan (small blind) folded before Flop
Seat 2: CichiChanMarian (big blind) folded on the River
Seat 3: steepfell folded before Flop (didn't bet)
Seat 4: CapoDiTutti17 folded before Flop (didn't bet)
Seat 5: blistein collected ($16.34)
Seat 6: Alinyr (button) folded before Flop (didn't bet)



PokerStars Hand #254247332891:  Hold'em No Limit ($0.50/$1.00 USD) - 2025/01/07 17:14:37 WET [2025/01/07 12:14:37 ET]
Table 'Belinda III' 6-max Seat #1 is the button
Seat 1: YeeesMan ($120.03 in chips) 
Seat 2: CichiChanMarian ($102.83 in chips) 
Seat 3: steepfell ($103.50 in chips) 
Seat 4: CapoDiTutti17 ($70.18 in chips) 
Seat 5: blistein ($107.99 in chips) 
Seat 6: Alinyr ($110.65 in chips) 
CichiChanMarian: posts small blind $0.50
steepfell: posts big blind $1
*** HOLE CARDS ***
CapoDiTutti17: folds 
blistein: folds 
Alinyr: folds 
YeeesMan: raises $1.50 to $2.50
CichiChanMarian: folds 
CapoDiTutti17 leaves the table
steepfell: folds 
Uncalled bet ($1.50) returned to YeeesMan
blistein leaves the table
YeeesMan collected $2.50 from pot
YeeesMan: doesn't show hand 
*** SUMMARY ***
Total pot $2.50 | Rake $0 
Seat 1: YeeesMan (button) collected ($2.50)
Seat 2: CichiChanMarian (small blind) folded before Flop
Seat 3: steepfell (big blind) folded before Flop
Seat 4: CapoDiTutti17 folded before Flop (didn't bet)
Seat 5: blistein folded before Flop (didn't bet)
Seat 6: Alinyr folded before Flop (didn't bet)



PokerStars Hand #254247338821:  Hold'em No Limit ($0.50/$1.00 USD) - 2025/01/07 17:15:00 WET [2025/01/07 12:15:00 ET]
Table 'Belinda III' 6-max Seat #3 is the button
Seat 1: YeeesMan ($121.53 in chips) is sitting out
Seat 6: Alinyr ($110.65 in chips) is sitting out
Seat 2: CichiChanMarian ($102.33 in chips) 
Seat 3: steepfell ($102.50 in chips) 
steepfell: posts small blind $0.50
Alinyr: is sitting out 
YeeesMan: is sitting out 
CichiChanMarian: posts big blind $1
*** HOLE CARDS ***
Alinyr leaves the table
steepfell: raises $1.50 to $2.50
CichiChanMarian: calls $1.50
*** FLOP *** [8c Kd Kh]
CichiChanMarian: checks 
YeeesMan leaves the table
steepfell: bets $1.57
CichiChanMarian: folds 
Uncalled bet ($1.57) returned to steepfell
steepfell collected $4.75 from pot
steepfell: doesn't show hand 
*** SUMMARY ***
Total pot $5 | Rake $0.25 
Board [8c Kd Kh]
Seat 1: YeeesMan
Seat 6: Alinyr
Seat 2: CichiChanMarian (big blind) folded on the Flop
Seat 3: steepfell (button) (small blind) collected ($4.75)



PokerStars Hand #254247343420:  Hold'em No Limit ($0.50/$1.00 USD) - 2025/01/07 17:15:18 WET [2025/01/07 12:15:18 ET]
Table 'Belinda III' 6-max Seat #2 is the button
Seat 2: CichiChanMarian ($100 in chips) 
Seat 3: steepfell ($104.75 in chips) 
CichiChanMarian: posts small blind $0.50
steepfell: posts big blind $1
*** HOLE CARDS ***
CichiChanMarian: raises $2 to $3
steepfell: calls $2
*** FLOP *** [Jc Jh 6d]
steepfell: checks 
CichiChanMarian: checks 
*** TURN *** [Jc Jh 6d] [7h]
steepfell: checks 
CichiChanMarian: checks 
*** RIVER *** [Jc Jh 6d 7h] [3s]
steepfell: checks 
CichiChanMarian: bets $2.85
petermcg2403 joins the table at seat #6 
petermcg2403 is disconnected 
blistein joins the table at seat #1 
steepfell: folds 
Uncalled bet ($2.85) returned to CichiChanMarian
CichiChanMarian collected $5.70 from pot
CichiChanMarian: doesn't show hand 
Twistenko joins the table at seat #5 
*** SUMMARY ***
Total pot $6 | Rake $0.30 
Board [Jc Jh 6d 7h 3s]
Seat 2: CichiChanMarian (button) (small blind) collected ($5.70)
Seat 3: steepfell (big blind) folded on the River



PokerStars Hand #254247353795:  Hold'em No Limit ($0.50/$1.00 USD) - 2025/01/07 17:15:58 WET [2025/01/07 12:15:58 ET]
Table 'Belinda III' 6-max Seat #2 is the button
Seat 1: blistein ($107.99 in chips) is sitting out
Seat 6: petermcg2403 ($60.40 in chips) is sitting out
Seat 2: CichiChanMarian ($102.70 in chips) 
Seat 3: steepfell ($101.75 in chips) 
Seat 5: Twistenko ($100 in chips) 
steepfell: posts small blind $0.50
Twistenko: posts big blind $1
petermcg2403: sits out 
blistein: sits out 
*** HOLE CARDS ***
CichiChanMarian: raises $1.50 to $2.50
steepfell: folds 
Twistenko: calls $1.50
*** FLOP *** [3d 8s Td]
Twistenko: checks 
Tibibacsi joins the table at seat #4 
CichiChanMarian: bets $1.72
Twistenko: folds 
Uncalled bet ($1.72) returned to CichiChanMarian
CichiChanMarian collected $5.22 from pot
CichiChanMarian: doesn't show hand 
*** SUMMARY ***
Total pot $5.50 | Rake $0.28 
Board [3d 8s Td]
Seat 1: blistein
Seat 6: petermcg2403
Seat 2: CichiChanMarian (button) collected ($5.22)
Seat 3: steepfell (small blind) folded before Flop
Seat 5: Twistenko (big blind) folded on the Flop



PokerStars Hand #254247361629:  Hold'em No Limit ($0.50/$1.00 USD) - 2025/01/07 17:16:29 WET [2025/01/07 12:16:29 ET]
Table 'Belinda III' 6-max Seat #3 is the button
Seat 1: blistein ($107.99 in chips) is sitting out
Seat 4: Tibibacsi ($100 in chips) is sitting out
Seat 2: CichiChanMarian ($105.42 in chips) 
Seat 3: steepfell ($101.25 in chips) 
Seat 5: Twistenko ($100 in chips) 
Seat 6: petermcg2403 ($60.40 in chips) 
Twistenko: posts small blind $0.50
petermcg2403: posts big blind $1
blistein: sits out 
*** HOLE CARDS ***
CichiChanMarian: folds 
steepfell: folds 
Twistenko: raises $2 to $3
petermcg2403: calls $2
*** FLOP *** [Js 9h 8s]
Twistenko: bets $1.88
petermcg2403: folds 
Uncalled bet ($1.88) returned to Twistenko
Twistenko collected $5.70 from pot
Twistenko: doesn't show hand 
*** SUMMARY ***
Total pot $6 | Rake $0.30 
Board [Js 9h 8s]
Seat 1: blistein
Seat 4: Tibibacsi
Seat 2: CichiChanMarian folded before Flop (didn't bet)
Seat 3: steepfell (button) folded before Flop (didn't bet)
Seat 5: Twistenko (small blind) collected ($5.70)
Seat 6: petermcg2403 (big blind) folded on the Flop



PokerStars Hand #254247367136:  Hold'em No Limit ($0.50/$1.00 USD) - 2025/01/07 17:16:50 WET [2025/01/07 12:16:50 ET]
Table 'Belinda III' 6-max Seat #5 is the button
Seat 4: Tibibacsi ($100 in chips) is sitting out
Seat 1: blistein ($107.99 in chips) 
Seat 2: CichiChanMarian ($105.42 in chips) 
Seat 3: steepfell ($101.25 in chips) 
Seat 5: Twistenko ($102.70 in chips) 
Seat 6: petermcg2403 ($57.40 in chips) 
petermcg2403: posts small blind $0.50
blistein: posts big blind $1
Tibibacsi: sits out 
*** HOLE CARDS ***
CichiChanMarian: folds 
steepfell: folds 
Twistenko: raises $2 to $3
petermcg2403: folds 
blistein: folds 
Uncalled bet ($2) returned to Twistenko
Twistenko collected $2.50 from pot
Twistenko: doesn't show hand 
*** SUMMARY ***
Total pot $2.50 | Rake $0 
Seat 4: Tibibacsi
Seat 1: blistein (big blind) folded before Flop
Seat 2: CichiChanMarian folded before Flop (didn't bet)
Seat 3: steepfell folded before Flop (didn't bet)
Seat 5: Twistenko (button) collected ($2.50)
Seat 6: petermcg2403 (small blind) folded before Flop



PokerStars Hand #254247373183:  Hold'em No Limit ($0.50/$1.00 USD) - 2025/01/07 17:17:14 WET [2025/01/07 12:17:14 ET]
Table 'Belinda III' 6-max Seat #6 is the button
Seat 4: Tibibacsi ($100 in chips) is sitting out
Seat 1: blistein ($106.99 in chips) 
Seat 2: CichiChanMarian ($105.42 in chips) 
Seat 3: steepfell ($101.25 in chips) 
Seat 5: Twistenko ($104.20 in chips) 
Seat 6: petermcg2403 ($56.90 in chips) 
blistein: posts small blind $0.50
CichiChanMarian: posts big blind $1
Tibibacsi: sits out 
*** HOLE CARDS ***
steepfell: folds 
Twistenko: raises $1.50 to $2.50
petermcg2403: calls $2.50
blistein: folds 
CichiChanMarian: calls $1.50
*** FLOP *** [3h Ah 5c]
CichiChanMarian: checks 
Twistenko: bets $2.51
petermcg2403: calls $2.51
CichiChanMarian: calls $2.51
*** TURN *** [3h Ah 5c] [5h]
CichiChanMarian: checks 
Twistenko: bets $11.06
petermcg2403: folds 
CichiChanMarian: folds 
Uncalled bet ($11.06) returned to Twistenko
Twistenko collected $14.75 from pot
Twistenko: doesn't show hand 
*** SUMMARY ***
Total pot $15.53 | Rake $0.78 
Board [3h Ah 5c 5h]
Seat 4: Tibibacsi
Seat 1: blistein (small blind) folded before Flop
Seat 2: CichiChanMarian (big blind) folded on the Turn
Seat 3: steepfell folded before Flop (didn't bet)
Seat 5: Twistenko collected ($14.75)
Seat 6: petermcg2403 (button) folded on the Turn



PokerStars Hand #254247383857:  Hold'em No Limit ($0.50/$1.00 USD) - 2025/01/07 17:17:55 WET [2025/01/07 12:17:55 ET]
Table 'Belinda III' 6-max Seat #1 is the button
Seat 3: steepfell ($101.25 in chips) is sitting out
Seat 1: blistein ($106.49 in chips) 
Seat 2: CichiChanMarian ($100.41 in chips) 
Seat 4: Tibibacsi ($100 in chips) 
Seat 5: Twistenko ($113.94 in chips) 
Seat 6: petermcg2403 ($51.89 in chips) 
CichiChanMarian: posts small blind $0.50
steepfell: is sitting out 
Tibibacsi: posts big blind $1
*** HOLE CARDS ***
steepfell leaves the table
Twistenko: folds 
petermcg2403: calls $1
blistein: folds 
CichiChanMarian: folds 
Tibibacsi: checks 
*** FLOP *** [7s Ks Qc]
Tibibacsi: checks 
petermcg2403: checks 
*** TURN *** [7s Ks Qc] [As]
Tibibacsi: checks 
petermcg2403: checks 
*** RIVER *** [7s Ks Qc As] [Qh]
Tibibacsi: checks 
petermcg2403: checks 
*** SHOW DOWN ***
Tibibacsi: shows [5s 5d] (two pair, Queens and Fives)
petermcg2403: mucks hand 
Tibibacsi collected $2.38 from pot
*** SUMMARY ***
Total pot $2.50 | Rake $0.12 
Board [7s Ks Qc As Qh]
Seat 3: steepfell
Seat 1: blistein (button) folded before Flop (didn't bet)
Seat 2: CichiChanMarian (small blind) folded before Flop
Seat 4: Tibibacsi (big blind) showed [5s 5d] and won ($2.38) with two pair, Queens and Fives
Seat 5: Twistenko folded before Flop (didn't bet)
Seat 6: petermcg2403 mucked



PokerStars Hand #254247391149:  Hold'em No Limit ($0.50/$1.00 USD) - 2025/01/07 17:18:23 WET [2025/01/07 12:18:23 ET]
Table 'Belinda III' 6-max Seat #2 is the button
Seat 1: blistein ($106.49 in chips) 
Seat 2: CichiChanMarian ($100 in chips) 
Seat 4: Tibibacsi ($101.38 in chips) 
Seat 5: Twistenko ($113.94 in chips) 
Seat 6: petermcg2403 ($50.89 in chips) 
Tibibacsi: posts small blind $0.50
Twistenko: posts big blind $1
*** HOLE CARDS ***
petermcg2403: calls $1
blistein: folds 
CichiChanMarian: folds 
Tibibacsi: folds 
vadjkeee joins the table at seat #3 
Twistenko: checks 
*** FLOP *** [9d 3h Qd]
Twistenko has timed out
Twistenko: checks 
petermcg2403: bets $3
Twistenko: folds 
Uncalled bet ($3) returned to petermcg2403
petermcg2403 collected $2.38 from pot
*** SUMMARY ***
Total pot $2.50 | Rake $0.12 
Board [9d 3h Qd]
Seat 1: blistein folded before Flop (didn't bet)
Seat 2: CichiChanMarian (button) folded before Flop (didn't bet)
Seat 4: Tibibacsi (small blind) folded before Flop
Seat 5: Twistenko (big blind) folded on the Flop
Seat 6: petermcg2403 collected ($2.38)



PokerStars Hand #254247408133:  Hold'em No Limit ($0.50/$1.00 USD) - 2025/01/07 17:19:29 WET [2025/01/07 12:19:29 ET]
Table 'Belinda III' 6-max Seat #4 is the button
Seat 3: vadjkeee ($100 in chips) is sitting out
Seat 1: blistein ($106.49 in chips) 
Seat 2: CichiChanMarian ($100 in chips) 
Seat 4: Tibibacsi ($100.88 in chips) 
Seat 5: Twistenko ($112.94 in chips) 
Seat 6: petermcg2403 ($52.27 in chips) 
Twistenko: posts small blind $0.50
petermcg2403: posts big blind $1
vadjkeee: sits out 
*** HOLE CARDS ***
blistein: folds 
CichiChanMarian: folds 
Tibibacsi: folds 
Twistenko: folds 
Uncalled bet ($0.50) returned to petermcg2403
petermcg2403 collected $1 from pot
*** SUMMARY ***
Total pot $1 | Rake $0 
Seat 3: vadjkeee
Seat 1: blistein folded before Flop (didn't bet)
Seat 2: CichiChanMarian folded before Flop (didn't bet)
Seat 4: Tibibacsi (button) folded before Flop (didn't bet)
Seat 5: Twistenko (small blind) folded before Flop
Seat 6: petermcg2403 (big blind) collected ($1)



PokerStars Hand #254247413112:  Hold'em No Limit ($0.50/$1.00 USD) - 2025/01/07 17:19:47 WET [2025/01/07 12:19:47 ET]
Table 'Belinda III' 6-max Seat #5 is the button
Seat 3: vadjkeee ($100 in chips) is sitting out
Seat 1: blistein ($106.49 in chips) 
Seat 2: CichiChanMarian ($100 in chips) 
Seat 4: Tibibacsi ($100.88 in chips) 
Seat 5: Twistenko ($112.44 in chips) 
Seat 6: petermcg2403 ($52.77 in chips) 
petermcg2403: posts small blind $0.50
blistein: posts big blind $1
vadjkeee: sits out 
*** HOLE CARDS ***
CichiChanMarian: folds 
Tibibacsi: folds 
Twistenko: folds 
petermcg2403: calls $0.50
blistein: checks 
*** FLOP *** [9s Kd 6d]
petermcg2403: checks 
blistein: checks 
*** TURN *** [9s Kd 6d] [5d]
petermcg2403: checks 
blistein: checks 
*** RIVER *** [9s Kd 6d 5d] [6h]
petermcg2403: bets $3
blistein: folds 
Uncalled bet ($3) returned to petermcg2403
petermcg2403 collected $1.90 from pot
*** SUMMARY ***
Total pot $2 | Rake $0.10 
Board [9s Kd 6d 5d 6h]
Seat 3: vadjkeee
Seat 1: blistein (big blind) folded on the River
Seat 2: CichiChanMarian folded before Flop (didn't bet)
Seat 4: Tibibacsi folded before Flop (didn't bet)
Seat 5: Twistenko (button) folded before Flop (didn't bet)
Seat 6: petermcg2403 (small blind) collected ($1.90)



PokerStars Hand #254247426334:  Hold'em No Limit ($0.50/$1.00 USD) - 2025/01/07 17:20:38 WET [2025/01/07 12:20:38 ET]
Table 'Belinda III' 6-max Seat #6 is the button
Seat 3: vadjkeee ($100 in chips) is sitting out
Seat 1: blistein ($105.49 in chips) 
Seat 2: CichiChanMarian ($100 in chips) 
Seat 4: Tibibacsi ($100.88 in chips) 
Seat 5: Twistenko ($112.44 in chips) 
Seat 6: petermcg2403 ($53.67 in chips) 
blistein: posts small blind $0.50
CichiChanMarian: posts big blind $1
vadjkeee: sits out 
*** HOLE CARDS ***
Tibibacsi: folds 
Twistenko: raises $1.50 to $2.50
petermcg2403: calls $2.50
blistein: folds 
CichiChanMarian: folds 
*** FLOP *** [5d 2s 8d]
Twistenko: checks 
petermcg2403: bets $3
Twistenko: folds 
Uncalled bet ($3) returned to petermcg2403
petermcg2403 collected $6.18 from pot
*** SUMMARY ***
Total pot $6.50 | Rake $0.32 
Board [5d 2s 8d]
Seat 3: vadjkeee
Seat 1: blistein (small blind) folded before Flop
Seat 2: CichiChanMarian (big blind) folded before Flop
Seat 4: Tibibacsi folded before Flop (didn't bet)
Seat 5: Twistenko folded on the Flop
Seat 6: petermcg2403 (button) collected ($6.18)



PokerStars Hand #254247432929:  Hold'em No Limit ($0.50/$1.00 USD) - 2025/01/07 17:21:03 WET [2025/01/07 12:21:03 ET]
Table 'Belinda III' 6-max Seat #1 is the button
Seat 1: blistein ($104.99 in chips) 
Seat 2: CichiChanMarian ($100 in chips) 
Seat 3: vadjkeee ($100 in chips) 
Seat 4: Tibibacsi ($100.88 in chips) 
Seat 5: Twistenko ($109.94 in chips) 
Seat 6: petermcg2403 ($57.35 in chips) 
CichiChanMarian: posts small blind $0.50
vadjkeee: posts big blind $1
*** HOLE CARDS ***
Tibibacsi: folds 
Twistenko: folds 
petermcg2403: calls $1
blistein: folds 
CichiChanMarian: folds 
vadjkeee: checks 
*** FLOP *** [Ts 7c 9s]
vadjkeee: checks 
petermcg2403: checks 
*** TURN *** [Ts 7c 9s] [Jh]
vadjkeee: checks 
petermcg2403: checks 
*** RIVER *** [Ts 7c 9s Jh] [9c]
vadjkeee: bets $4.50
petermcg2403: folds 
Uncalled bet ($4.50) returned to vadjkeee
vadjkeee collected $2.38 from pot
vadjkeee: doesn't show hand 
*** SUMMARY ***
Total pot $2.50 | Rake $0.12 
Board [Ts 7c 9s Jh 9c]
Seat 1: blistein (button) folded before Flop (didn't bet)
Seat 2: CichiChanMarian (small blind) folded before Flop
Seat 3: vadjkeee (big blind) collected ($2.38)
Seat 4: Tibibacsi folded before Flop (didn't bet)
Seat 5: Twistenko folded before Flop (didn't bet)
Seat 6: petermcg2403 folded on the River



PokerStars Hand #254247445027:  Hold'em No Limit ($0.50/$1.00 USD) - 2025/01/07 17:21:49 WET [2025/01/07 12:21:49 ET]
Table 'Belinda III' 6-max Seat #2 is the button
Seat 1: blistein ($104.99 in chips) 
Seat 2: CichiChanMarian ($100 in chips) 
Seat 3: vadjkeee ($101.38 in chips) 
Seat 4: Tibibacsi ($100.88 in chips) 
Seat 5: Twistenko ($109.94 in chips) 
Seat 6: petermcg2403 ($56.35 in chips) 
vadjkeee: posts small blind $0.50
Tibibacsi: posts big blind $1
*** HOLE CARDS ***
Twistenko: folds 
petermcg2403: calls $1
blistein: folds 
CichiChanMarian: raises $3 to $4
vadjkeee: folds 
Tibibacsi: folds 
petermcg2403: folds 
Uncalled bet ($3) returned to CichiChanMarian
CichiChanMarian collected $3.50 from pot
CichiChanMarian: doesn't show hand 
*** SUMMARY ***
Total pot $3.50 | Rake $0 
Seat 1: blistein folded before Flop (didn't bet)
Seat 2: CichiChanMarian (button) collected ($3.50)
Seat 3: vadjkeee (small blind) folded before Flop
Seat 4: Tibibacsi (big blind) folded before Flop
Seat 5: Twistenko folded before Flop (didn't bet)
Seat 6: petermcg2403 folded before Flop



PokerStars Hand #254247450738:  Hold'em No Limit ($0.50/$1.00 USD) - 2025/01/07 17:22:11 WET [2025/01/07 12:22:11 ET]
Table 'Belinda III' 6-max Seat #3 is the button
Seat 1: blistein ($104.99 in chips) 
Seat 2: CichiChanMarian ($102.50 in chips) 
Seat 3: vadjkeee ($100.88 in chips) 
Seat 4: Tibibacsi ($100 in chips) 
Seat 5: Twistenko ($109.94 in chips) 
Seat 6: petermcg2403 ($55.35 in chips) 
Tibibacsi: posts small blind $0.50
Twistenko: posts big blind $1
*** HOLE CARDS ***
petermcg2403: calls $1
blistein: raises $2.50 to $3.50
CichiChanMarian: folds 
vadjkeee: folds 
Tibibacsi: folds 
Twistenko: folds 
petermcg2403: calls $2.50
*** FLOP *** [4c Jc 5d]
petermcg2403: bets $4
blistein: folds 
Uncalled bet ($4) returned to petermcg2403
petermcg2403 collected $8.08 from pot
*** SUMMARY ***
Total pot $8.50 | Rake $0.42 
Board [4c Jc 5d]
Seat 1: blistein folded on the Flop
Seat 2: CichiChanMarian folded before Flop (didn't bet)
Seat 3: vadjkeee (button) folded before Flop (didn't bet)
Seat 4: Tibibacsi (small blind) folded before Flop
Seat 5: Twistenko (big blind) folded before Flop
Seat 6: petermcg2403 collected ($8.08)



PokerStars Hand #254247458317:  Hold'em No Limit ($0.50/$1.00 USD) - 2025/01/07 17:22:39 WET [2025/01/07 12:22:39 ET]
Table 'Belinda III' 6-max Seat #4 is the button
Seat 1: blistein ($101.49 in chips) 
Seat 2: CichiChanMarian ($102.50 in chips) 
Seat 3: vadjkeee ($100.88 in chips) 
Seat 4: Tibibacsi ($100 in chips) 
Seat 5: Twistenko ($108.94 in chips) 
Seat 6: petermcg2403 ($59.93 in chips) 
Twistenko: posts small blind $0.50
petermcg2403: posts big blind $1
*** HOLE CARDS ***
blistein: raises $1.20 to $2.20
CichiChanMarian: folds 
vadjkeee: folds 
Tibibacsi: folds 
Twistenko: folds 
petermcg2403: calls $1.20
*** FLOP *** [6h 2h Js]
petermcg2403: bets $2
blistein: folds 
Uncalled bet ($2) returned to petermcg2403
petermcg2403 collected $4.66 from pot
*** SUMMARY ***
Total pot $4.90 | Rake $0.24 
Board [6h 2h Js]
Seat 1: blistein folded on the Flop
Seat 2: CichiChanMarian folded before Flop (didn't bet)
Seat 3: vadjkeee folded before Flop (didn't bet)
Seat 4: Tibibacsi (button) folded before Flop (didn't bet)
Seat 5: Twistenko (small blind) folded before Flop
Seat 6: petermcg2403 (big blind) collected ($4.66)



PokerStars Hand #254247465216:  Hold'em No Limit ($0.50/$1.00 USD) - 2025/01/07 17:23:05 WET [2025/01/07 12:23:05 ET]
Table 'Belinda III' 6-max Seat #5 is the button
Seat 1: blistein ($100 in chips) 
Seat 2: CichiChanMarian ($102.50 in chips) 
Seat 3: vadjkeee ($100.88 in chips) 
Seat 4: Tibibacsi ($100 in chips) 
Seat 5: Twistenko ($108.44 in chips) 
Seat 6: petermcg2403 ($62.39 in chips) 
petermcg2403: posts small blind $0.50
blistein: posts big blind $1
*** HOLE CARDS ***
CichiChanMarian: folds 
vadjkeee: folds 
Tibibacsi: folds 
Twistenko: folds 
petermcg2403: calls $0.50
blistein: raises $2.50 to $3.50
petermcg2403: calls $2.50
*** FLOP *** [5c 6s 4c]
petermcg2403: bets $2
blistein: folds 
Uncalled bet ($2) returned to petermcg2403
petermcg2403 collected $6.65 from pot
*** SUMMARY ***
Total pot $7 | Rake $0.35 
Board [5c 6s 4c]
Seat 1: blistein (big blind) folded on the Flop
Seat 2: CichiChanMarian folded before Flop (didn't bet)
Seat 3: vadjkeee folded before Flop (didn't bet)
Seat 4: Tibibacsi folded before Flop (didn't bet)
Seat 5: Twistenko (button) folded before Flop (didn't bet)
Seat 6: petermcg2403 (small blind) collected ($6.65)



PokerStars Hand #254247474016:  Hold'em No Limit ($0.50/$1.00 USD) - 2025/01/07 17:23:39 WET [2025/01/07 12:23:39 ET]
Table 'Belinda III' 6-max Seat #6 is the button
Seat 1: blistein ($100 in chips) 
Seat 2: CichiChanMarian ($102.50 in chips) 
Seat 3: vadjkeee ($100.88 in chips) 
Seat 4: Tibibacsi ($100 in chips) 
Seat 5: Twistenko ($108.44 in chips) 
Seat 6: petermcg2403 ($65.54 in chips) 
blistein: posts small blind $0.50
CichiChanMarian: posts big blind $1
*** HOLE CARDS ***
vadjkeee: folds 
Tibibacsi: folds 
Twistenko: raises $1.50 to $2.50
petermcg2403: calls $2.50
blistein: folds 
CichiChanMarian: calls $1.50
*** FLOP *** [Ac Ah 7d]
CichiChanMarian: checks 
Twistenko: checks 
petermcg2403: checks 
*** TURN *** [Ac Ah 7d] [Jd]
CichiChanMarian: checks 
Twistenko: bets $2.51
petermcg2403: folds 
CichiChanMarian: calls $2.51
*** RIVER *** [Ac Ah 7d Jd] [7s]
CichiChanMarian: checks 
Twistenko: checks 
*** SHOW DOWN ***
CichiChanMarian: shows [Qd 8d] (two pair, Aces and Sevens)
Twistenko: shows [Ts Jc] (two pair, Aces and Jacks)
Twistenko collected $12.37 from pot
*** SUMMARY ***
Total pot $13.02 | Rake $0.65 
Board [Ac Ah 7d Jd 7s]
Seat 1: blistein (small blind) folded before Flop
Seat 2: CichiChanMarian (big blind) showed [Qd 8d] and lost with two pair, Aces and Sevens
Seat 3: vadjkeee folded before Flop (didn't bet)
Seat 4: Tibibacsi folded before Flop (didn't bet)
Seat 5: Twistenko showed [Ts Jc] and won ($12.37) with two pair, Aces and Jacks
Seat 6: petermcg2403 (button) folded on the Turn



PokerStars Hand #254247486828:  Hold'em No Limit ($0.50/$1.00 USD) - 2025/01/07 17:24:28 WET [2025/01/07 12:24:28 ET]
Table 'Belinda III' 6-max Seat #1 is the button
Seat 1: blistein ($100 in chips) 
Seat 2: CichiChanMarian ($100 in chips) 
Seat 3: vadjkeee ($100.88 in chips) 
Seat 4: Tibibacsi ($100 in chips) 
Seat 5: Twistenko ($115.80 in chips) 
Seat 6: petermcg2403 ($63.04 in chips) 
CichiChanMarian: posts small blind $0.50
vadjkeee: posts big blind $1
*** HOLE CARDS ***
Tibibacsi: folds 
Twistenko: raises $1.50 to $2.50
petermcg2403: calls $2.50
blistein: folds 
CichiChanMarian: folds 
vadjkeee: folds 
*** FLOP *** [9d 7c Tc]
Twistenko: checks 
petermcg2403: bets $3
Twistenko: folds 
Uncalled bet ($3) returned to petermcg2403
petermcg2403 collected $6.18 from pot
*** SUMMARY ***
Total pot $6.50 | Rake $0.32 
Board [9d 7c Tc]
Seat 1: blistein (button) folded before Flop (didn't bet)
Seat 2: CichiChanMarian (small blind) folded before Flop
Seat 3: vadjkeee (big blind) folded before Flop
Seat 4: Tibibacsi folded before Flop (didn't bet)
Seat 5: Twistenko folded on the Flop
Seat 6: petermcg2403 collected ($6.18)



PokerStars Hand #254247495667:  Hold'em No Limit ($0.50/$1.00 USD) - 2025/01/07 17:25:01 WET [2025/01/07 12:25:01 ET]
Table 'Belinda III' 6-max Seat #2 is the button
Seat 1: blistein ($100 in chips) 
Seat 2: CichiChanMarian ($100 in chips) 
Seat 3: vadjkeee ($100 in chips) 
Seat 4: Tibibacsi ($100 in chips) 
Seat 5: Twistenko ($113.30 in chips) 
Seat 6: petermcg2403 ($66.72 in chips) 
vadjkeee: posts small blind $0.50
Tibibacsi: posts big blind $1
*** HOLE CARDS ***
Twistenko: folds 
petermcg2403: calls $1
blistein: folds 
CichiChanMarian: raises $3 to $4
vadjkeee: folds 
Tibibacsi: folds 
petermcg2403: folds 
Uncalled bet ($3) returned to CichiChanMarian
CichiChanMarian collected $3.50 from pot
CichiChanMarian: doesn't show hand 
*** SUMMARY ***
Total pot $3.50 | Rake $0 
Seat 1: blistein folded before Flop (didn't bet)
Seat 2: CichiChanMarian (button) collected ($3.50)
Seat 3: vadjkeee (small blind) folded before Flop
Seat 4: Tibibacsi (big blind) folded before Flop
Seat 5: Twistenko folded before Flop (didn't bet)
Seat 6: petermcg2403 folded before Flop



PokerStars Hand #254247504480:  Hold'em No Limit ($0.50/$1.00 USD) - 2025/01/07 17:25:34 WET [2025/01/07 12:25:34 ET]
Table 'Belinda III' 6-max Seat #3 is the button
Seat 1: blistein ($100 in chips) 
Seat 2: CichiChanMarian ($102.50 in chips) 
Seat 3: vadjkeee ($100 in chips) 
Seat 4: Tibibacsi ($100 in chips) 
Seat 5: Twistenko ($113.30 in chips) 
Seat 6: petermcg2403 ($65.72 in chips) 
Tibibacsi: posts small blind $0.50
Twistenko: posts big blind $1
*** HOLE CARDS ***
petermcg2403: raises $1 to $2
blistein: folds 
CichiChanMarian: folds 
vadjkeee: folds 
Tibibacsi: folds 
Twistenko: raises $8.50 to $10.50
petermcg2403: raises $8.50 to $19
Twistenko: calls $8.50
*** FLOP *** [6d Ts 4d]
Twistenko: checks 
petermcg2403: bets $36.58
Twistenko: folds 
Uncalled bet ($36.58) returned to petermcg2403
petermcg2403 collected $36.58 from pot
*** SUMMARY ***
Total pot $38.50 | Rake $1.92 
Board [6d Ts 4d]
Seat 1: blistein folded before Flop (didn't bet)
Seat 2: CichiChanMarian folded before Flop (didn't bet)
Seat 3: vadjkeee (button) folded before Flop (didn't bet)
Seat 4: Tibibacsi (small blind) folded before Flop
Seat 5: Twistenko (big blind) folded on the Flop
Seat 6: petermcg2403 collected ($36.58)



PokerStars Hand #254247516311:  Hold'em No Limit ($0.50/$1.00 USD) - 2025/01/07 17:26:19 WET [2025/01/07 12:26:19 ET]
Table 'Belinda III' 6-max Seat #4 is the button
Seat 1: blistein ($100 in chips) 
Seat 2: CichiChanMarian ($102.50 in chips) 
Seat 3: vadjkeee ($100 in chips) 
Seat 4: Tibibacsi ($100 in chips) 
Seat 5: Twistenko ($100 in chips) 
Seat 6: petermcg2403 ($83.30 in chips) 
Twistenko: posts small blind $0.50
petermcg2403: posts big blind $1
*** HOLE CARDS ***
blistein: folds 
CichiChanMarian: raises $1.50 to $2.50
vadjkeee: folds 
Tibibacsi: calls $2.50
Twistenko: folds 
petermcg2403: calls $1.50
*** FLOP *** [2d As 5h]
petermcg2403: bets $2
CichiChanMarian: calls $2
Tibibacsi: folds 
*** TURN *** [2d As 5h] [Kh]
petermcg2403: bets $2
CichiChanMarian: calls $2
*** RIVER *** [2d As 5h Kh] [3c]
petermcg2403: bets $1
CichiChanMarian: raises $15.20 to $16.20
petermcg2403: folds 
Uncalled bet ($15.20) returned to CichiChanMarian
CichiChanMarian collected $17.10 from pot
CichiChanMarian: doesn't show hand 
*** SUMMARY ***
Total pot $18 | Rake $0.90 
Board [2d As 5h Kh 3c]
Seat 1: blistein folded before Flop (didn't bet)
Seat 2: CichiChanMarian collected ($17.10)
Seat 3: vadjkeee folded before Flop (didn't bet)
Seat 4: Tibibacsi (button) folded on the Flop
Seat 5: Twistenko (small blind) folded before Flop
Seat 6: petermcg2403 (big blind) folded on the River



PokerStars Hand #254247529292:  Hold'em No Limit ($0.50/$1.00 USD) - 2025/01/07 17:27:08 WET [2025/01/07 12:27:08 ET]
Table 'Belinda III' 6-max Seat #5 is the button
Seat 1: blistein ($100 in chips) 
Seat 2: CichiChanMarian ($112.10 in chips) 
Seat 3: vadjkeee ($100 in chips) 
Seat 4: Tibibacsi ($100 in chips) 
Seat 5: Twistenko ($100 in chips) 
Seat 6: petermcg2403 ($75.80 in chips) 
petermcg2403: posts small blind $0.50
blistein: posts big blind $1
*** HOLE CARDS ***
CichiChanMarian: folds 
vadjkeee: folds 
Tibibacsi: raises $1 to $2
Twistenko: folds 
petermcg2403: calls $1.50
blistein: folds 
*** FLOP *** [As Ad 3s]
petermcg2403: checks 
Tibibacsi: bets $1.19
petermcg2403: calls $1.19
*** TURN *** [As Ad 3s] [5h]
petermcg2403: checks 
Tibibacsi: bets $3.51
petermcg2403: calls $3.51
*** RIVER *** [As Ad 3s 5h] [7s]
petermcg2403: bets $7
Tibibacsi: folds 
Uncalled bet ($7) returned to petermcg2403
petermcg2403 collected $13.68 from pot
*** SUMMARY ***
Total pot $14.40 | Rake $0.72 
Board [As Ad 3s 5h 7s]
Seat 1: blistein (big blind) folded before Flop
Seat 2: CichiChanMarian folded before Flop (didn't bet)
Seat 3: vadjkeee folded before Flop (didn't bet)
Seat 4: Tibibacsi folded on the River
Seat 5: Twistenko (button) folded before Flop (didn't bet)
Seat 6: petermcg2403 (small blind) collected ($13.68)



PokerStars Hand #254247546588:  Hold'em No Limit ($0.50/$1.00 USD) - 2025/01/07 17:28:12 WET [2025/01/07 12:28:12 ET]
Table 'Belinda III' 6-max Seat #6 is the button
Seat 1: blistein ($100 in chips) 
Seat 2: CichiChanMarian ($112.10 in chips) 
Seat 3: vadjkeee ($100 in chips) 
Seat 4: Tibibacsi ($100 in chips) 
Seat 5: Twistenko ($100 in chips) 
Seat 6: petermcg2403 ($82.78 in chips) 
blistein: posts small blind $0.50
CichiChanMarian: posts big blind $1
*** HOLE CARDS ***
vadjkeee: folds 
Tibibacsi: folds 
Twistenko: folds 
petermcg2403: raises $1 to $2
blistein: folds 
CichiChanMarian: folds 
Uncalled bet ($1) returned to petermcg2403
petermcg2403 collected $2.50 from pot
*** SUMMARY ***
Total pot $2.50 | Rake $0 
Seat 1: blistein (small blind) folded before Flop
Seat 2: CichiChanMarian (big blind) folded before Flop
Seat 3: vadjkeee folded before Flop (didn't bet)
Seat 4: Tibibacsi folded before Flop (didn't bet)
Seat 5: Twistenko folded before Flop (didn't bet)
Seat 6: petermcg2403 (button) collected ($2.50)



PokerStars Hand #254247675526:  Hold'em No Limit ($0.50/$1.00 USD) - 2025/01/07 17:36:04 WET [2025/01/07 12:36:04 ET]
Table 'Belinda III' 6-max Seat #4 is the button
Seat 5: Twistenko ($123.35 in chips) is sitting out
Seat 1: blistein ($103.51 in chips) 
Seat 2: whlzor ($100 in chips) 
Seat 3: Tibibacsi ($100 in chips) 
Seat 4: sta$igk ($100 in chips) 
Seat 6: petermcg2403 ($92.61 in chips) 
petermcg2403: posts small blind $0.50
blistein: posts big blind $1
*** HOLE CARDS ***
whlzor: raises $1.50 to $2.50
Tibibacsi: folds 
sta$igk: folds 
petermcg2403: folds 
blistein: folds 
Uncalled bet ($1.50) returned to whlzor
whlzor collected $2.50 from pot
whlzor: doesn't show hand 
*** SUMMARY ***
Total pot $2.50 | Rake $0 
Seat 5: Twistenko
Seat 1: blistein (big blind) folded before Flop
Seat 2: whlzor collected ($2.50)
Seat 3: Tibibacsi folded before Flop (didn't bet)
Seat 4: sta$igk (button) folded before Flop (didn't bet)
Seat 6: petermcg2403 (small blind) folded before Flop



PokerStars Hand #254247679668:  Hold'em No Limit ($0.50/$1.00 USD) - 2025/01/07 17:36:19 WET [2025/01/07 12:36:19 ET]
Table 'Belinda III' 6-max Seat #6 is the button
Seat 5: Twistenko ($123.35 in chips) is sitting out
Seat 1: blistein ($102.51 in chips) 
Seat 2: whlzor ($101.50 in chips) 
Seat 3: Tibibacsi ($100 in chips) 
Seat 4: sta$igk ($100 in chips) 
Seat 6: petermcg2403 ($92.11 in chips) 
blistein: posts small blind $0.50
whlzor: posts big blind $1
*** HOLE CARDS ***
Tibibacsi: folds 
sta$igk: folds 
petermcg2403: calls $1
blistein: calls $0.50
whlzor: checks 
*** FLOP *** [8s 7s 6c]
blistein: checks 
whlzor: checks 
petermcg2403: bets $3
blistein: calls $3
whlzor: folds 
*** TURN *** [8s 7s 6c] [As]
blistein: checks 
petermcg2403: bets $3
blistein: raises $6 to $9
petermcg2403: calls $6
*** RIVER *** [8s 7s 6c As] [Td]
blistein: bets $22.50
petermcg2403: folds 
Uncalled bet ($22.50) returned to blistein
blistein collected $25.65 from pot
blistein: doesn't show hand 
*** SUMMARY ***
Total pot $27 | Rake $1.35 
Board [8s 7s 6c As Td]
Seat 5: Twistenko
Seat 1: blistein (small blind) collected ($25.65)
Seat 2: whlzor (big blind) folded on the Flop
Seat 3: Tibibacsi folded before Flop (didn't bet)
Seat 4: sta$igk folded before Flop (didn't bet)
Seat 6: petermcg2403 (button) folded on the River



PokerStars Hand #254247703097:  Hold'em No Limit ($0.50/$1.00 USD) - 2025/01/07 17:37:45 WET [2025/01/07 12:37:45 ET]
Table 'Belinda III' 6-max Seat #1 is the button
Seat 5: Twistenko ($123.35 in chips) is sitting out
Seat 1: blistein ($115.16 in chips) 
Seat 2: whlzor ($100.50 in chips) 
Seat 3: Tibibacsi ($100 in chips) 
Seat 4: sta$igk ($100 in chips) 
Seat 6: petermcg2403 ($79.11 in chips) 
whlzor: posts small blind $0.50
Tibibacsi: posts big blind $1
*** HOLE CARDS ***
sta$igk: folds 
petermcg2403: calls $1
blistein: folds 
whlzor: folds 
Tibibacsi: checks 
*** FLOP *** [Ah 4s 5c]
Tibibacsi: bets $1
petermcg2403: calls $1
*** TURN *** [Ah 4s 5c] [5s]
Tibibacsi: bets $2.14
petermcg2403: folds 
Uncalled bet ($2.14) returned to Tibibacsi
Tibibacsi collected $4.28 from pot
Tibibacsi: doesn't show hand 
*** SUMMARY ***
Total pot $4.50 | Rake $0.22 
Board [Ah 4s 5c 5s]
Seat 5: Twistenko
Seat 1: blistein (button) folded before Flop (didn't bet)
Seat 2: whlzor (small blind) folded before Flop
Seat 3: Tibibacsi (big blind) collected ($4.28)
Seat 4: sta$igk folded before Flop (didn't bet)
Seat 6: petermcg2403 folded on the Turn



PokerStars Hand #254247713261:  Hold'em No Limit ($0.50/$1.00 USD) - 2025/01/07 17:38:21 WET [2025/01/07 12:38:21 ET]
Table 'Belinda III' 6-max Seat #2 is the button
Seat 5: Twistenko ($123.35 in chips) is sitting out
Seat 1: blistein ($115.16 in chips) 
Seat 2: whlzor ($100 in chips) 
Seat 3: Tibibacsi ($102.28 in chips) 
Seat 4: sta$igk ($100 in chips) 
Seat 6: petermcg2403 ($77.11 in chips) 
Tibibacsi: posts small blind $0.50
sta$igk: posts big blind $1
*** HOLE CARDS ***
petermcg2403: calls $1
blistein: folds 
whlzor: raises $4 to $5
Tibibacsi: folds 
sta$igk: folds 
petermcg2403: calls $4
*** FLOP *** [6s Th 8d]
petermcg2403: bets $5
whlzor: calls $5
*** TURN *** [6s Th 8d] [Jd]
petermcg2403: bets $1
whlzor: calls $1
*** RIVER *** [6s Th 8d Jd] [3d]
petermcg2403: checks 
whlzor: checks 
*** SHOW DOWN ***
petermcg2403: shows [9s Ac] (high card Ace)
whlzor: shows [8h Kh] (a pair of Eights)
whlzor collected $22.32 from pot
*** SUMMARY ***
Total pot $23.50 | Rake $1.18 
Board [6s Th 8d Jd 3d]
Seat 5: Twistenko
Seat 1: blistein folded before Flop (didn't bet)
Seat 2: whlzor (button) showed [8h Kh] and won ($22.32) with a pair of Eights
Seat 3: Tibibacsi (small blind) folded before Flop
Seat 4: sta$igk (big blind) folded before Flop
Seat 6: petermcg2403 showed [9s Ac] and lost with high card Ace



PokerStars Hand #254247732629:  Hold'em No Limit ($0.50/$1.00 USD) - 2025/01/07 17:39:31 WET [2025/01/07 12:39:31 ET]
Table 'Belinda III' 6-max Seat #3 is the button
Seat 5: Twistenko ($123.35 in chips) is sitting out
Seat 1: blistein ($115.16 in chips) 
Seat 2: whlzor ($111.32 in chips) 
Seat 3: Tibibacsi ($101.78 in chips) 
Seat 4: sta$igk ($100 in chips) 
Seat 6: petermcg2403 ($66.11 in chips) 
sta$igk: posts small blind $0.50
petermcg2403: posts big blind $1
*** HOLE CARDS ***
blistein: folds 
whlzor: folds 
Tibibacsi: raises $1.50 to $2.50
sta$igk: raises $8.50 to $11
petermcg2403: calls $10
Tibibacsi: folds 
*** FLOP *** [7d 9s Ac]
sta$igk: checks 
petermcg2403: bets $14
sta$igk: folds 
Uncalled bet ($14) returned to petermcg2403
petermcg2403 collected $23.28 from pot
*** SUMMARY ***
Total pot $24.50 | Rake $1.22 
Board [7d 9s Ac]
Seat 5: Twistenko
Seat 1: blistein folded before Flop (didn't bet)
Seat 2: whlzor folded before Flop (didn't bet)
Seat 3: Tibibacsi (button) folded before Flop
Seat 4: sta$igk (small blind) folded on the Flop
Seat 6: petermcg2403 (big blind) collected ($23.28)



PokerStars Hand #254247745901:  Hold'em No Limit ($0.50/$1.00 USD) - 2025/01/07 17:40:19 WET [2025/01/07 12:40:19 ET]
Table 'Belinda III' 6-max Seat #4 is the button
Seat 5: Twistenko ($123.35 in chips) is sitting out
Seat 1: blistein ($115.16 in chips) 
Seat 2: whlzor ($111.32 in chips) 
Seat 3: Tibibacsi ($100 in chips) 
Seat 4: sta$igk ($100 in chips) 
Seat 6: petermcg2403 ($78.39 in chips) 
petermcg2403: posts small blind $0.50
blistein: posts big blind $1
*** HOLE CARDS ***
whlzor: raises $1.50 to $2.50
Tibibacsi: folds 
sta$igk: folds 
petermcg2403: calls $2
blistein: folds 
*** FLOP *** [Ah 2c 9h]
petermcg2403: checks 
whlzor: bets $1.88
petermcg2403: calls $1.88
*** TURN *** [Ah 2c 9h] [8h]
petermcg2403: checks 
whlzor: checks 
*** RIVER *** [Ah 2c 9h 8h] [4d]
petermcg2403: bets $5
whlzor: folds 
Uncalled bet ($5) returned to petermcg2403
petermcg2403 collected $9.27 from pot
*** SUMMARY ***
Total pot $9.76 | Rake $0.49 
Board [Ah 2c 9h 8h 4d]
Seat 5: Twistenko
Seat 1: blistein (big blind) folded before Flop
Seat 2: whlzor folded on the River
Seat 3: Tibibacsi folded before Flop (didn't bet)
Seat 4: sta$igk (button) folded before Flop (didn't bet)
Seat 6: petermcg2403 (small blind) collected ($9.27)



PokerStars Hand #254247759473:  Hold'em No Limit ($0.50/$1.00 USD) - 2025/01/07 17:41:08 WET [2025/01/07 12:41:08 ET]
Table 'Belinda III' 6-max Seat #6 is the button
Seat 5: Twistenko ($123.35 in chips) is sitting out
Seat 1: blistein ($114.16 in chips) 
Seat 2: whlzor ($106.94 in chips) 
Seat 3: Tibibacsi ($100 in chips) 
Seat 4: sta$igk ($100 in chips) 
Seat 6: petermcg2403 ($83.28 in chips) 
blistein: posts small blind $0.50
whlzor: posts big blind $1
*** HOLE CARDS ***
Tibibacsi: folds 
sta$igk: raises $1.50 to $2.50
petermcg2403: folds 
blistein: folds 
whlzor: folds 
Uncalled bet ($1.50) returned to sta$igk
sta$igk collected $2.50 from pot
sta$igk: doesn't show hand 
*** SUMMARY ***
Total pot $2.50 | Rake $0 
Seat 5: Twistenko
Seat 1: blistein (small blind) folded before Flop
Seat 2: whlzor (big blind) folded before Flop
Seat 3: Tibibacsi folded before Flop (didn't bet)
Seat 4: sta$igk collected ($2.50)
Seat 6: petermcg2403 (button) folded before Flop (didn't bet)



PokerStars Hand #254247763543:  Hold'em No Limit ($0.50/$1.00 USD) - 2025/01/07 17:41:22 WET [2025/01/07 12:41:22 ET]
Table 'Belinda III' 6-max Seat #1 is the button
Seat 5: Twistenko ($123.35 in chips) is sitting out
Seat 1: blistein ($113.66 in chips) 
Seat 2: whlzor ($105.94 in chips) 
Seat 3: Tibibacsi ($100 in chips) 
Seat 4: sta$igk ($101.50 in chips) 
Seat 6: petermcg2403 ($83.28 in chips) 
whlzor: posts small blind $0.50
Tibibacsi: posts big blind $1
*** HOLE CARDS ***
sta$igk: raises $1.50 to $2.50
petermcg2403: calls $2.50
blistein: folds 
whlzor: folds 
Tibibacsi: folds 
*** FLOP *** [4h Ts Kd]
sta$igk: checks 
petermcg2403: checks 
*** TURN *** [4h Ts Kd] [6h]
sta$igk: bets $2.04
petermcg2403: calls $2.04
*** RIVER *** [4h Ts Kd 6h] [8c]
sta$igk: bets $3.32
petermcg2403: raises $6.32 to $9.64
sta$igk: calls $6.32
*** SHOW DOWN ***
petermcg2403: shows [Ad Kc] (a pair of Kings)
sta$igk: mucks hand 
petermcg2403 collected $28.37 from pot
*** SUMMARY ***
Total pot $29.86 | Rake $1.49 
Board [4h Ts Kd 6h 8c]
Seat 5: Twistenko
Seat 1: blistein (button) folded before Flop (didn't bet)
Seat 2: whlzor (small blind) folded before Flop
Seat 3: Tibibacsi (big blind) folded before Flop
Seat 4: sta$igk mucked
Seat 6: petermcg2403 showed [Ad Kc] and won ($28.37) with a pair of Kings



PokerStars Hand #254247784431:  Hold'em No Limit ($0.50/$1.00 USD) - 2025/01/07 17:42:37 WET [2025/01/07 12:42:37 ET]
Table 'Belinda III' 6-max Seat #2 is the button
Seat 5: Twistenko ($123.35 in chips) is sitting out
Seat 1: blistein ($113.66 in chips) 
Seat 2: whlzor ($105.44 in chips) 
Seat 3: Tibibacsi ($100 in chips) 
Seat 4: sta$igk ($100 in chips) 
Seat 6: petermcg2403 ($97.47 in chips) 
Tibibacsi: posts small blind $0.50
sta$igk: posts big blind $1
*** HOLE CARDS ***
petermcg2403: calls $1
blistein: folds 
whlzor: folds 
Tibibacsi: raises $3.50 to $4.50
sta$igk: folds 
petermcg2403: calls $3.50
*** FLOP *** [9h 3c Kc]
Tibibacsi: bets $2.38
petermcg2403: folds 
Uncalled bet ($2.38) returned to Tibibacsi
Tibibacsi collected $9.50 from pot
Tibibacsi: doesn't show hand 
*** SUMMARY ***
Total pot $10 | Rake $0.50 
Board [9h 3c Kc]
Seat 5: Twistenko
Seat 1: blistein folded before Flop (didn't bet)
Seat 2: whlzor (button) folded before Flop (didn't bet)
Seat 3: Tibibacsi (small blind) collected ($9.50)
Seat 4: sta$igk (big blind) folded before Flop
Seat 6: petermcg2403 folded on the Flop



PokerStars Hand #254247794722:  Hold'em No Limit ($0.50/$1.00 USD) - 2025/01/07 17:43:14 WET [2025/01/07 12:43:14 ET]
Table 'Belinda III' 6-max Seat #3 is the button
Seat 5: Twistenko ($123.35 in chips) is sitting out
Seat 1: blistein ($113.66 in chips) 
Seat 2: whlzor ($105.44 in chips) 
Seat 3: Tibibacsi ($105 in chips) 
Seat 4: sta$igk ($100 in chips) 
Seat 6: petermcg2403 ($92.97 in chips) 
sta$igk: posts small blind $0.50
petermcg2403: posts big blind $1
*** HOLE CARDS ***
blistein: folds 
whlzor: folds 
Tibibacsi: raises $1.50 to $2.50
sta$igk: folds 
petermcg2403: raises $2.50 to $5
Tibibacsi: calls $2.50
*** FLOP *** [Ts Jh Kd]
petermcg2403: bets $5
Tibibacsi: folds [4c]
Uncalled bet ($5) returned to petermcg2403
petermcg2403 collected $9.98 from pot
*** SUMMARY ***
Total pot $10.50 | Rake $0.52 
Board [Ts Jh Kd]
Seat 5: Twistenko
Seat 1: blistein folded before Flop (didn't bet)
Seat 2: whlzor folded before Flop (didn't bet)
Seat 3: Tibibacsi (button) folded on the Flop
Seat 4: sta$igk (small blind) folded before Flop
Seat 6: petermcg2403 (big blind) collected ($9.98)



PokerStars Hand #254247803642:  Hold'em No Limit ($0.50/$1.00 USD) - 2025/01/07 17:43:46 WET [2025/01/07 12:43:46 ET]
Table 'Belinda III' 6-max Seat #4 is the button
Seat 5: Twistenko ($123.35 in chips) is sitting out
Seat 1: blistein ($113.66 in chips) 
Seat 2: whlzor ($105.44 in chips) 
Seat 3: Tibibacsi ($100 in chips) 
Seat 4: sta$igk ($100 in chips) 
Seat 6: petermcg2403 ($97.95 in chips) 
petermcg2403: posts small blind $0.50
blistein: posts big blind $1
*** HOLE CARDS ***
whlzor: folds 
Tibibacsi: raises $1.50 to $2.50
sta$igk: folds 
petermcg2403: calls $2
blistein: folds 
*** FLOP *** [6s 8h 7c]
petermcg2403: bets $1
Tibibacsi: calls $1
*** TURN *** [6s 8h 7c] [4c]
petermcg2403: bets $3
Tibibacsi: calls $3
*** RIVER *** [6s 8h 7c 4c] [8d]
petermcg2403: checks 
Tibibacsi: checks 
*** SHOW DOWN ***
petermcg2403: shows [3d 4s] (two pair, Eights and Fours)
Tibibacsi: mucks hand 
petermcg2403 collected $13.30 from pot
*** SUMMARY ***
Total pot $14 | Rake $0.70 
Board [6s 8h 7c 4c 8d]
Seat 5: Twistenko
Seat 1: blistein (big blind) folded before Flop
Seat 2: whlzor folded before Flop (didn't bet)
Seat 3: Tibibacsi mucked
Seat 4: sta$igk (button) folded before Flop (didn't bet)
Seat 6: petermcg2403 (small blind) showed [3d 4s] and won ($13.30) with two pair, Eights and Fours



PokerStars Hand #254247817024:  Hold'em No Limit ($0.50/$1.00 USD) - 2025/01/07 17:44:34 WET [2025/01/07 12:44:34 ET]
Table 'Belinda III' 6-max Seat #6 is the button
Seat 5: Twistenko ($123.35 in chips) is sitting out
Seat 1: blistein ($112.66 in chips) 
Seat 2: whlzor ($105.44 in chips) 
Seat 3: Tibibacsi ($100 in chips) 
Seat 4: sta$igk ($100 in chips) 
Seat 6: petermcg2403 ($104.75 in chips) 
blistein: posts small blind $0.50
whlzor: posts big blind $1
Twistenko: sits out 
*** HOLE CARDS ***
Tibibacsi: folds 
sta$igk: folds 
petermcg2403: folds 
petermcg2403 leaves the table
blistein: folds 
Uncalled bet ($0.50) returned to whlzor
whlzor collected $1 from pot
whlzor: doesn't show hand 
*** SUMMARY ***
Total pot $1 | Rake $0 
Seat 5: Twistenko
Seat 1: blistein (small blind) folded before Flop
Seat 2: whlzor (big blind) collected ($1)
Seat 3: Tibibacsi folded before Flop (didn't bet)
Seat 4: sta$igk folded before Flop (didn't bet)
Seat 6: petermcg2403 (button) folded before Flop (didn't bet)



PokerStars Hand #254247819929:  Hold'em No Limit ($0.50/$1.00 USD) - 2025/01/07 17:44:44 WET [2025/01/07 12:44:44 ET]
Table 'Belinda III' 6-max Seat #1 is the button
Seat 5: Twistenko ($123.35 in chips) is sitting out
Seat 1: blistein ($112.16 in chips) 
Seat 2: whlzor ($105.94 in chips) 
Seat 3: Tibibacsi ($100 in chips) 
Seat 4: sta$igk ($100 in chips) 
whlzor: posts small blind $0.50
Tibibacsi: posts big blind $1
Twistenko: sits out 
*** HOLE CARDS ***
sta$igk: folds 
Unipoker11 joins the table at seat #6 
blistein: folds 
whlzor: raises $2 to $3
Tibibacsi: folds 
Uncalled bet ($2) returned to whlzor
whlzor collected $2 from pot
whlzor: doesn't show hand 
*** SUMMARY ***
Total pot $2 | Rake $0 
Seat 5: Twistenko
Seat 1: blistein (button) folded before Flop (didn't bet)
Seat 2: whlzor (small blind) collected ($2)
Seat 3: Tibibacsi (big blind) folded before Flop
Seat 4: sta$igk folded before Flop (didn't bet)



PokerStars Hand #254247822915:  Hold'em No Limit ($0.50/$1.00 USD) - 2025/01/07 17:44:55 WET [2025/01/07 12:44:55 ET]
Table 'Belinda III' 6-max Seat #2 is the button
Seat 4: sta$igk ($100 in chips) is sitting out
Seat 6: Unipoker11 ($100 in chips) is sitting out
Seat 1: blistein ($112.16 in chips) 
Seat 2: whlzor ($106.94 in chips) 
Seat 3: Tibibacsi ($100 in chips) 
Seat 5: Twistenko ($123.35 in chips) 
Tibibacsi: posts small blind $0.50
sta$igk: is sitting out 
Twistenko: posts big blind $1
Unipoker11: sits out 
*** HOLE CARDS ***
blistein: folds 
sta$igk leaves the table
whlzor: folds 
Tibibacsi: folds 
Uncalled bet ($0.50) returned to Twistenko
Twistenko collected $1 from pot
Twistenko: doesn't show hand 
*** SUMMARY ***
Total pot $1 | Rake $0 
Seat 4: sta$igk
Seat 6: Unipoker11
Seat 1: blistein folded before Flop (didn't bet)
Seat 2: whlzor (button) folded before Flop (didn't bet)
Seat 3: Tibibacsi (small blind) folded before Flop
Seat 5: Twistenko (big blind) collected ($1)



PokerStars Hand #254247825693:  Hold'em No Limit ($0.50/$1.00 USD) - 2025/01/07 17:45:05 WET [2025/01/07 12:45:05 ET]
Table 'Belinda III' 6-max Seat #3 is the button
Seat 1: blistein ($112.16 in chips) 
Seat 2: whlzor ($106.94 in chips) 
Seat 3: Tibibacsi ($100 in chips) 
Seat 5: Twistenko ($123.85 in chips) 
Seat 6: Unipoker11 ($100 in chips) 
Twistenko: posts small blind $0.50
Unipoker11: posts big blind $1
*** HOLE CARDS ***
blistein: folds 
whlzor: folds 
Tibibacsi: folds 
Twistenko: raises $2 to $3
Unipoker11: raises $6 to $9
Twistenko: folds 
Uncalled bet ($6) returned to Unipoker11
Unipoker11 collected $6 from pot
Unipoker11: doesn't show hand 
*** SUMMARY ***
Total pot $6 | Rake $0 
Seat 1: blistein folded before Flop (didn't bet)
Seat 2: whlzor folded before Flop (didn't bet)
Seat 3: Tibibacsi (button) folded before Flop (didn't bet)
Seat 5: Twistenko (small blind) folded before Flop
Seat 6: Unipoker11 (big blind) collected ($6)



