PokerStars Hand #254246464287:  Hold'em No Limit ($0.50/$1.00 USD) - 2025/01/07 16:12:37 WET [2025/01/07 11:12:37 ET]
Table 'Field II' 6-max Seat #4 is the button
Seat 2: dreimis190 ($100 in chips) is sitting out
Seat 1: YeeesMan ($100 in chips) 
Seat 3: blistein ($100 in chips) 
Seat 4: CichiChanMarian ($135.13 in chips) 
Seat 5: PayTaxOrDie ($100 in chips) 
Seat 6: sicileMafia1 ($49.90 in chips) 
PayTaxOrDie: posts small blind $0.50
sicileMafia1: posts big blind $1
dreimis190: sits out 
*** HOLE CARDS ***
YeeesMan: folds 
blistein: raises $1.30 to $2.30
CichiChanMarian: folds 
PayTaxOrDie: folds 
sicileMafia1: calls $1.30
*** FLOP *** [9h Kc 6c]
sicileMafia1: checks 
blistein: bets $2.50
sicileMafia1: folds 
Uncalled bet ($2.50) returned to blistein
blistein collected $4.84 from pot
blistein: doesn't show hand 
*** SUMMARY ***
Total pot $5.10 | Rake $0.26 
Board [9h Kc 6c]
Seat 2: dreimis190
Seat 1: YeeesMan folded before Flop (didn't bet)
Seat 3: blistein collected ($4.84)
Seat 4: CichiChanMarian (button) folded before Flop (didn't bet)
Seat 5: PayTaxOrDie (small blind) folded before Flop
Seat 6: sicileMafia1 (big blind) folded on the Flop



PokerStars Hand #254246473926:  Hold'em No Limit ($0.50/$1.00 USD) - 2025/01/07 16:13:19 WET [2025/01/07 11:13:19 ET]
Table 'Field II' 6-max Seat #5 is the button
Seat 2: dreimis190 ($100 in chips) is sitting out
Seat 1: YeeesMan ($100 in chips) 
Seat 3: blistein ($102.54 in chips) 
Seat 4: CichiChanMarian ($135.13 in chips) 
Seat 5: PayTaxOrDie ($100 in chips) 
Seat 6: sicileMafia1 ($47.60 in chips) 
sicileMafia1: posts small blind $0.50
YeeesMan: posts big blind $1
dreimis190: sits out 
*** HOLE CARDS ***
blistein: folds 
CichiChanMarian: folds 
PayTaxOrDie: raises $1.50 to $2.50
sicileMafia1: calls $2
YeeesMan: calls $1.50
*** FLOP *** [2h 5h 5c]
sicileMafia1: checks 
YeeesMan: checks 
PayTaxOrDie: bets $1.78
sicileMafia1: folds 
YeeesMan: folds 
Uncalled bet ($1.78) returned to PayTaxOrDie
PayTaxOrDie collected $7.12 from pot
PayTaxOrDie: doesn't show hand 
*** SUMMARY ***
Total pot $7.50 | Rake $0.38 
Board [2h 5h 5c]
Seat 2: dreimis190
Seat 1: YeeesMan (big blind) folded on the Flop
Seat 3: blistein folded before Flop (didn't bet)
Seat 4: CichiChanMarian folded before Flop (didn't bet)
Seat 5: PayTaxOrDie (button) collected ($7.12)
Seat 6: sicileMafia1 (small blind) folded on the Flop



PokerStars Hand #254246484991:  Hold'em No Limit ($0.50/$1.00 USD) - 2025/01/07 16:14:07 WET [2025/01/07 11:14:07 ET]
Table 'Field II' 6-max Seat #6 is the button
Seat 1: YeeesMan ($100 in chips) 
Seat 2: dreimis190 ($100 in chips) 
Seat 3: blistein ($102.54 in chips) 
Seat 4: CichiChanMarian ($135.13 in chips) 
Seat 5: PayTaxOrDie ($104.62 in chips) 
Seat 6: sicileMafia1 ($45.10 in chips) 
YeeesMan: posts small blind $0.50
dreimis190: posts big blind $1
*** HOLE CARDS ***
blistein: folds 
CichiChanMarian: folds 
PayTaxOrDie: folds 
sicileMafia1: calls $1
YeeesMan: folds 
dreimis190: checks 
*** FLOP *** [7h 3h Js]
dreimis190: checks 
sicileMafia1: checks 
*** TURN *** [7h 3h Js] [Ah]
dreimis190: checks 
sicileMafia1: checks 
*** RIVER *** [7h 3h Js Ah] [Jc]
dreimis190: checks 
sicileMafia1: bets $1
dreimis190: folds 
Uncalled bet ($1) returned to sicileMafia1
sicileMafia1 collected $2.38 from pot
*** SUMMARY ***
Total pot $2.50 | Rake $0.12 
Board [7h 3h Js Ah Jc]
Seat 1: YeeesMan (small blind) folded before Flop
Seat 2: dreimis190 (big blind) folded on the River
Seat 3: blistein folded before Flop (didn't bet)
Seat 4: CichiChanMarian folded before Flop (didn't bet)
Seat 5: PayTaxOrDie folded before Flop (didn't bet)
Seat 6: sicileMafia1 (button) collected ($2.38)



PokerStars Hand #254246497509:  Hold'em No Limit ($0.50/$1.00 USD) - 2025/01/07 16:15:00 WET [2025/01/07 11:15:00 ET]
Table 'Field II' 6-max Seat #1 is the button
Seat 1: YeeesMan ($100 in chips) 
Seat 2: dreimis190 ($100 in chips) 
Seat 3: blistein ($102.54 in chips) 
Seat 4: CichiChanMarian ($135.13 in chips) 
Seat 5: PayTaxOrDie ($104.62 in chips) 
Seat 6: sicileMafia1 ($46.48 in chips) 
dreimis190: posts small blind $0.50
blistein: posts big blind $1
*** HOLE CARDS ***
CichiChanMarian: raises $1.50 to $2.50
PayTaxOrDie: folds 
sicileMafia1: folds 
YeeesMan: folds 
dreimis190: folds 
blistein: folds 
Uncalled bet ($1.50) returned to CichiChanMarian
CichiChanMarian collected $2.50 from pot
CichiChanMarian: doesn't show hand 
*** SUMMARY ***
Total pot $2.50 | Rake $0 
Seat 1: YeeesMan (button) folded before Flop (didn't bet)
Seat 2: dreimis190 (small blind) folded before Flop
Seat 3: blistein (big blind) folded before Flop
Seat 4: CichiChanMarian collected ($2.50)
Seat 5: PayTaxOrDie folded before Flop (didn't bet)
Seat 6: sicileMafia1 folded before Flop (didn't bet)



PokerStars Hand #254246500152:  Hold'em No Limit ($0.50/$1.00 USD) - 2025/01/07 16:15:12 WET [2025/01/07 11:15:12 ET]
Table 'Field II' 6-max Seat #2 is the button
Seat 1: YeeesMan ($100 in chips) 
Seat 2: dreimis190 ($100 in chips) 
Seat 3: blistein ($101.54 in chips) 
Seat 4: CichiChanMarian ($136.63 in chips) 
Seat 5: PayTaxOrDie ($104.62 in chips) 
Seat 6: sicileMafia1 ($46.48 in chips) 
blistein: posts small blind $0.50
CichiChanMarian: posts big blind $1
*** HOLE CARDS ***
PayTaxOrDie: folds 
sicileMafia1: folds 
YeeesMan: raises $1.50 to $2.50
dreimis190: folds 
blistein: folds 
CichiChanMarian: folds 
Uncalled bet ($1.50) returned to YeeesMan
YeeesMan collected $2.50 from pot
YeeesMan: doesn't show hand 
*** SUMMARY ***
Total pot $2.50 | Rake $0 
Seat 1: YeeesMan collected ($2.50)
Seat 2: dreimis190 (button) folded before Flop (didn't bet)
Seat 3: blistein (small blind) folded before Flop
Seat 4: CichiChanMarian (big blind) folded before Flop
Seat 5: PayTaxOrDie folded before Flop (didn't bet)
Seat 6: sicileMafia1 folded before Flop (didn't bet)



PokerStars Hand #254246504757:  Hold'em No Limit ($0.50/$1.00 USD) - 2025/01/07 16:15:32 WET [2025/01/07 11:15:32 ET]
Table 'Field II' 6-max Seat #3 is the button
Seat 1: YeeesMan ($101.50 in chips) 
Seat 2: dreimis190 ($100 in chips) 
Seat 3: blistein ($101.04 in chips) 
Seat 4: CichiChanMarian ($135.63 in chips) 
Seat 5: PayTaxOrDie ($104.62 in chips) 
Seat 6: sicileMafia1 ($46.48 in chips) 
CichiChanMarian: posts small blind $0.50
PayTaxOrDie: posts big blind $1
*** HOLE CARDS ***
sicileMafia1: calls $1
YeeesMan: raises $2.50 to $3.50
dreimis190: folds 
blistein: folds 
CichiChanMarian: folds 
PayTaxOrDie: calls $2.50
sicileMafia1: calls $2.50
*** FLOP *** [Qc Ts 2h]
PayTaxOrDie: checks 
sicileMafia1: checks 
YeeesMan: bets $7.84
PayTaxOrDie: folds 
sicileMafia1: folds 
Uncalled bet ($7.84) returned to YeeesMan
YeeesMan collected $10.45 from pot
YeeesMan: doesn't show hand 
*** SUMMARY ***
Total pot $11 | Rake $0.55 
Board [Qc Ts 2h]
Seat 1: YeeesMan collected ($10.45)
Seat 2: dreimis190 folded before Flop (didn't bet)
Seat 3: blistein (button) folded before Flop (didn't bet)
Seat 4: CichiChanMarian (small blind) folded before Flop
Seat 5: PayTaxOrDie (big blind) folded on the Flop
Seat 6: sicileMafia1 folded on the Flop



PokerStars Hand #254246516819:  Hold'em No Limit ($0.50/$1.00 USD) - 2025/01/07 16:16:23 WET [2025/01/07 11:16:23 ET]
Table 'Field II' 6-max Seat #4 is the button
Seat 1: YeeesMan ($108.45 in chips) 
Seat 2: dreimis190 ($100 in chips) 
Seat 3: blistein ($101.04 in chips) 
Seat 4: CichiChanMarian ($135.13 in chips) 
Seat 5: PayTaxOrDie ($101.12 in chips) 
Seat 6: sicileMafia1 ($42.98 in chips) 
PayTaxOrDie: posts small blind $0.50
sicileMafia1: posts big blind $1
*** HOLE CARDS ***
YeeesMan: folds 
dreimis190: folds 
blistein: folds 
CichiChanMarian: raises $1.50 to $2.50
PayTaxOrDie: folds 
sicileMafia1: folds 
Uncalled bet ($1.50) returned to CichiChanMarian
CichiChanMarian collected $2.50 from pot
CichiChanMarian: doesn't show hand 
*** SUMMARY ***
Total pot $2.50 | Rake $0 
Seat 1: YeeesMan folded before Flop (didn't bet)
Seat 2: dreimis190 folded before Flop (didn't bet)
Seat 3: blistein folded before Flop (didn't bet)
Seat 4: CichiChanMarian (button) collected ($2.50)
Seat 5: PayTaxOrDie (small blind) folded before Flop
Seat 6: sicileMafia1 (big blind) folded before Flop



PokerStars Hand #254246520953:  Hold'em No Limit ($0.50/$1.00 USD) - 2025/01/07 16:16:41 WET [2025/01/07 11:16:41 ET]
Table 'Field II' 6-max Seat #5 is the button
Seat 1: YeeesMan ($108.45 in chips) 
Seat 2: dreimis190 ($100 in chips) 
Seat 3: blistein ($101.04 in chips) 
Seat 4: CichiChanMarian ($136.63 in chips) 
Seat 5: PayTaxOrDie ($100.62 in chips) 
Seat 6: sicileMafia1 ($41.98 in chips) 
sicileMafia1: posts small blind $0.50
YeeesMan: posts big blind $1
*** HOLE CARDS ***
dreimis190: folds 
blistein: folds 
CichiChanMarian: folds 
PayTaxOrDie: folds 
sicileMafia1: calls $0.50
YeeesMan: raises $2.50 to $3.50
sicileMafia1: folds 
Uncalled bet ($2.50) returned to YeeesMan
YeeesMan collected $2 from pot
YeeesMan: doesn't show hand 
*** SUMMARY ***
Total pot $2 | Rake $0 
Seat 1: YeeesMan (big blind) collected ($2)
Seat 2: dreimis190 folded before Flop (didn't bet)
Seat 3: blistein folded before Flop (didn't bet)
Seat 4: CichiChanMarian folded before Flop (didn't bet)
Seat 5: PayTaxOrDie (button) folded before Flop (didn't bet)
Seat 6: sicileMafia1 (small blind) folded before Flop



PokerStars Hand #254246526373:  Hold'em No Limit ($0.50/$1.00 USD) - 2025/01/07 16:17:04 WET [2025/01/07 11:17:04 ET]
Table 'Field II' 6-max Seat #6 is the button
Seat 1: YeeesMan ($109.45 in chips) 
Seat 2: dreimis190 ($100 in chips) 
Seat 3: blistein ($101.04 in chips) 
Seat 4: CichiChanMarian ($136.63 in chips) 
Seat 5: PayTaxOrDie ($100.62 in chips) 
Seat 6: sicileMafia1 ($40.98 in chips) 
YeeesMan: posts small blind $0.50
dreimis190: posts big blind $1
*** HOLE CARDS ***
blistein: folds 
CichiChanMarian: raises $1.50 to $2.50
PayTaxOrDie has timed out
PayTaxOrDie: folds 
sicileMafia1: folds 
YeeesMan: folds 
dreimis190: folds 
Uncalled bet ($1.50) returned to CichiChanMarian
CichiChanMarian collected $2.50 from pot
CichiChanMarian: doesn't show hand 
*** SUMMARY ***
Total pot $2.50 | Rake $0 
Seat 1: YeeesMan (small blind) folded before Flop
Seat 2: dreimis190 (big blind) folded before Flop
Seat 3: blistein folded before Flop (didn't bet)
Seat 4: CichiChanMarian collected ($2.50)
Seat 5: PayTaxOrDie folded before Flop (didn't bet)
Seat 6: sicileMafia1 (button) folded before Flop (didn't bet)



PokerStars Hand #254246533332:  Hold'em No Limit ($0.50/$1.00 USD) - 2025/01/07 16:17:34 WET [2025/01/07 11:17:34 ET]
Table 'Field II' 6-max Seat #1 is the button
Seat 1: YeeesMan ($108.95 in chips) 
Seat 2: dreimis190 ($100 in chips) 
Seat 3: blistein ($101.04 in chips) 
Seat 4: CichiChanMarian ($138.13 in chips) 
Seat 5: PayTaxOrDie ($100.62 in chips) 
Seat 6: sicileMafia1 ($40.98 in chips) 
dreimis190: posts small blind $0.50
blistein: posts big blind $1
*** HOLE CARDS ***
CichiChanMarian: raises $1.50 to $2.50
PayTaxOrDie: folds 
sicileMafia1: calls $2.50
YeeesMan: folds 
dreimis190: raises $10.50 to $13
blistein: folds 
CichiChanMarian: calls $10.50
sicileMafia1: calls $10.50
*** FLOP *** [7d 6h 7c]
dreimis190: checks 
CichiChanMarian: checks 
sicileMafia1: checks 
*** TURN *** [7d 6h 7c] [5h]
dreimis190: checks 
CichiChanMarian: bets $28.50
sicileMafia1: folds 
dreimis190: folds 
Uncalled bet ($28.50) returned to CichiChanMarian
CichiChanMarian collected $38 from pot
CichiChanMarian: doesn't show hand 
*** SUMMARY ***
Total pot $40 | Rake $2 
Board [7d 6h 7c 5h]
Seat 1: YeeesMan (button) folded before Flop (didn't bet)
Seat 2: dreimis190 (small blind) folded on the Turn
Seat 3: blistein (big blind) folded before Flop
Seat 4: CichiChanMarian collected ($38)
Seat 5: PayTaxOrDie folded before Flop (didn't bet)
Seat 6: sicileMafia1 folded on the Turn



PokerStars Hand #254246555303:  Hold'em No Limit ($0.50/$1.00 USD) - 2025/01/07 16:19:09 WET [2025/01/07 11:19:09 ET]
Table 'Field II' 6-max Seat #2 is the button
Seat 1: YeeesMan ($108.95 in chips) 
Seat 2: dreimis190 ($100 in chips) 
Seat 3: blistein ($100.04 in chips) 
Seat 4: CichiChanMarian ($163.13 in chips) 
Seat 5: PayTaxOrDie ($100.62 in chips) 
Seat 6: sicileMafia1 ($27.98 in chips) 
blistein: posts small blind $0.50
CichiChanMarian: posts big blind $1
*** HOLE CARDS ***
PayTaxOrDie: folds 
sicileMafia1: raises $1 to $2
YeeesMan: folds 
dreimis190: folds 
blistein: folds 
CichiChanMarian: calls $1
*** FLOP *** [7h Qd 8d]
CichiChanMarian: checks 
sicileMafia1: bets $2
CichiChanMarian: folds 
Uncalled bet ($2) returned to sicileMafia1
sicileMafia1 collected $4.28 from pot
*** SUMMARY ***
Total pot $4.50 | Rake $0.22 
Board [7h Qd 8d]
Seat 1: YeeesMan folded before Flop (didn't bet)
Seat 2: dreimis190 (button) folded before Flop (didn't bet)
Seat 3: blistein (small blind) folded before Flop
Seat 4: CichiChanMarian (big blind) folded on the Flop
Seat 5: PayTaxOrDie folded before Flop (didn't bet)
Seat 6: sicileMafia1 collected ($4.28)



PokerStars Hand #254246561693:  Hold'em No Limit ($0.50/$1.00 USD) - 2025/01/07 16:19:37 WET [2025/01/07 11:19:37 ET]
Table 'Field II' 6-max Seat #3 is the button
Seat 1: YeeesMan ($108.95 in chips) 
Seat 2: dreimis190 ($100 in chips) 
Seat 3: blistein ($100 in chips) 
Seat 4: CichiChanMarian ($161.13 in chips) 
Seat 5: PayTaxOrDie ($100.62 in chips) 
Seat 6: sicileMafia1 ($30.26 in chips) 
CichiChanMarian: posts small blind $0.50
PayTaxOrDie: posts big blind $1
*** HOLE CARDS ***
sicileMafia1: folds 
YeeesMan: folds 
dreimis190: folds 
blistein: raises $1.50 to $2.50
CichiChanMarian: folds 
PayTaxOrDie: folds 
Uncalled bet ($1.50) returned to blistein
blistein collected $2.50 from pot
blistein: doesn't show hand 
*** SUMMARY ***
Total pot $2.50 | Rake $0 
Seat 1: YeeesMan folded before Flop (didn't bet)
Seat 2: dreimis190 folded before Flop (didn't bet)
Seat 3: blistein (button) collected ($2.50)
Seat 4: CichiChanMarian (small blind) folded before Flop
Seat 5: PayTaxOrDie (big blind) folded before Flop
Seat 6: sicileMafia1 folded before Flop (didn't bet)



PokerStars Hand #254246565130:  Hold'em No Limit ($0.50/$1.00 USD) - 2025/01/07 16:19:51 WET [2025/01/07 11:19:51 ET]
Table 'Field II' 6-max Seat #4 is the button
Seat 1: YeeesMan ($108.95 in chips) 
Seat 2: dreimis190 ($100 in chips) 
Seat 3: blistein ($101.50 in chips) 
Seat 4: CichiChanMarian ($160.63 in chips) 
Seat 5: PayTaxOrDie ($100 in chips) 
Seat 6: sicileMafia1 ($30.26 in chips) 
PayTaxOrDie: posts small blind $0.50
sicileMafia1: posts big blind $1
*** HOLE CARDS ***
YeeesMan: folds 
dreimis190: folds 
blistein: folds 
CichiChanMarian: folds 
PayTaxOrDie: folds 
Uncalled bet ($0.50) returned to sicileMafia1
sicileMafia1 collected $1 from pot
*** SUMMARY ***
Total pot $1 | Rake $0 
Seat 1: YeeesMan folded before Flop (didn't bet)
Seat 2: dreimis190 folded before Flop (didn't bet)
Seat 3: blistein folded before Flop (didn't bet)
Seat 4: CichiChanMarian (button) folded before Flop (didn't bet)
Seat 5: PayTaxOrDie (small blind) folded before Flop
Seat 6: sicileMafia1 (big blind) collected ($1)



PokerStars Hand #254246569623:  Hold'em No Limit ($0.50/$1.00 USD) - 2025/01/07 16:20:10 WET [2025/01/07 11:20:10 ET]
Table 'Field II' 6-max Seat #5 is the button
Seat 1: YeeesMan ($108.95 in chips) 
Seat 2: dreimis190 ($100 in chips) 
Seat 3: blistein ($101.50 in chips) 
Seat 4: CichiChanMarian ($160.63 in chips) 
Seat 5: PayTaxOrDie ($100 in chips) 
Seat 6: sicileMafia1 ($30.76 in chips) 
sicileMafia1: posts small blind $0.50
YeeesMan: posts big blind $1
*** HOLE CARDS ***
dreimis190: folds 
blistein: folds 
CichiChanMarian: folds 
PayTaxOrDie: raises $1.50 to $2.50
sicileMafia1: calls $2
YeeesMan: folds 
*** FLOP *** [Ad 7d Js]
sicileMafia1: checks 
PayTaxOrDie: checks 
*** TURN *** [Ad 7d Js] [Jc]
sicileMafia1: bets $2
PayTaxOrDie: folds 
Uncalled bet ($2) returned to sicileMafia1
sicileMafia1 collected $5.70 from pot
*** SUMMARY ***
Total pot $6 | Rake $0.30 
Board [Ad 7d Js Jc]
Seat 1: YeeesMan (big blind) folded before Flop
Seat 2: dreimis190 folded before Flop (didn't bet)
Seat 3: blistein folded before Flop (didn't bet)
Seat 4: CichiChanMarian folded before Flop (didn't bet)
Seat 5: PayTaxOrDie (button) folded on the Turn
Seat 6: sicileMafia1 (small blind) collected ($5.70)



PokerStars Hand #254246579202:  Hold'em No Limit ($0.50/$1.00 USD) - 2025/01/07 16:20:52 WET [2025/01/07 11:20:52 ET]
Table 'Field II' 6-max Seat #6 is the button
Seat 1: YeeesMan ($107.95 in chips) 
Seat 2: dreimis190 ($100 in chips) 
Seat 3: blistein ($101.50 in chips) 
Seat 4: CichiChanMarian ($160.63 in chips) 
Seat 5: PayTaxOrDie ($100 in chips) 
Seat 6: sicileMafia1 ($33.96 in chips) 
YeeesMan: posts small blind $0.50
dreimis190: posts big blind $1
*** HOLE CARDS ***
blistein: raises $1.20 to $2.20
CichiChanMarian: folds 
PayTaxOrDie: folds 
sicileMafia1: calls $2.20
YeeesMan: folds 
dreimis190: folds 
*** FLOP *** [2d 4d 2h]
blistein: checks 
sicileMafia1: bets $5
blistein: folds 
Uncalled bet ($5) returned to sicileMafia1
sicileMafia1 collected $5.60 from pot
*** SUMMARY ***
Total pot $5.90 | Rake $0.30 
Board [2d 4d 2h]
Seat 1: YeeesMan (small blind) folded before Flop
Seat 2: dreimis190 (big blind) folded before Flop
Seat 3: blistein folded on the Flop
Seat 4: CichiChanMarian folded before Flop (didn't bet)
Seat 5: PayTaxOrDie folded before Flop (didn't bet)
Seat 6: sicileMafia1 (button) collected ($5.60)



PokerStars Hand #254246594085:  Hold'em No Limit ($0.50/$1.00 USD) - 2025/01/07 16:21:56 WET [2025/01/07 11:21:56 ET]
Table 'Field II' 6-max Seat #1 is the button
Seat 1: YeeesMan ($107.45 in chips) 
Seat 2: dreimis190 ($100 in chips) 
Seat 3: blistein ($100 in chips) 
Seat 4: CichiChanMarian ($160.63 in chips) 
Seat 5: PayTaxOrDie ($100 in chips) 
Seat 6: sicileMafia1 ($37.36 in chips) 
dreimis190: posts small blind $0.50
blistein: posts big blind $1
*** HOLE CARDS ***
CichiChanMarian: folds 
PayTaxOrDie: folds 
sicileMafia1: calls $1
YeeesMan: folds 
dreimis190: folds 
blistein: checks 
*** FLOP *** [Qd 8h 9d]
blistein: checks 
sicileMafia1: checks 
*** TURN *** [Qd 8h 9d] [8d]
blistein: bets $1
sicileMafia1: calls $1
*** RIVER *** [Qd 8h 9d 8d] [Jh]
blistein: checks 
sicileMafia1: bets $5
blistein: folds 
Uncalled bet ($5) returned to sicileMafia1
sicileMafia1 collected $4.28 from pot
*** SUMMARY ***
Total pot $4.50 | Rake $0.22 
Board [Qd 8h 9d 8d Jh]
Seat 1: YeeesMan (button) folded before Flop (didn't bet)
Seat 2: dreimis190 (small blind) folded before Flop
Seat 3: blistein (big blind) folded on the River
Seat 4: CichiChanMarian folded before Flop (didn't bet)
Seat 5: PayTaxOrDie folded before Flop (didn't bet)
Seat 6: sicileMafia1 collected ($4.28)



PokerStars Hand #254246605180:  Hold'em No Limit ($0.50/$1.00 USD) - 2025/01/07 16:22:45 WET [2025/01/07 11:22:45 ET]
Table 'Field II' 6-max Seat #2 is the button
Seat 1: YeeesMan ($107.45 in chips) 
Seat 2: dreimis190 ($100 in chips) 
Seat 3: blistein ($100 in chips) 
Seat 4: CichiChanMarian ($160.63 in chips) 
Seat 5: PayTaxOrDie ($100 in chips) 
Seat 6: sicileMafia1 ($39.64 in chips) 
blistein: posts small blind $0.50
CichiChanMarian: posts big blind $1
*** HOLE CARDS ***
PayTaxOrDie: folds 
sicileMafia1: raises $2 to $3
YeeesMan: raises $6 to $9
dreimis190: folds 
blistein: folds 
CichiChanMarian: folds 
sicileMafia1: calls $6
*** FLOP *** [5c 4d Th]
sicileMafia1: checks 
YeeesMan: bets $9.26
sicileMafia1: folds 
Uncalled bet ($9.26) returned to YeeesMan
YeeesMan collected $18.52 from pot
YeeesMan: doesn't show hand 
*** SUMMARY ***
Total pot $19.50 | Rake $0.98 
Board [5c 4d Th]
Seat 1: YeeesMan collected ($18.52)
Seat 2: dreimis190 (button) folded before Flop (didn't bet)
Seat 3: blistein (small blind) folded before Flop
Seat 4: CichiChanMarian (big blind) folded before Flop
Seat 5: PayTaxOrDie folded before Flop (didn't bet)
Seat 6: sicileMafia1 folded on the Flop



PokerStars Hand #254246615019:  Hold'em No Limit ($0.50/$1.00 USD) - 2025/01/07 16:23:27 WET [2025/01/07 11:23:27 ET]
Table 'Field II' 6-max Seat #3 is the button
Seat 1: YeeesMan ($116.97 in chips) 
Seat 2: dreimis190 ($100 in chips) 
Seat 3: blistein ($100 in chips) 
Seat 4: CichiChanMarian ($159.63 in chips) 
Seat 5: PayTaxOrDie ($100 in chips) 
Seat 6: sicileMafia1 ($30.64 in chips) 
CichiChanMarian: posts small blind $0.50
PayTaxOrDie: posts big blind $1
*** HOLE CARDS ***
sicileMafia1: raises $9 to $10
YeeesMan: folds 
dreimis190: folds 
blistein: folds 
CichiChanMarian: raises $12.50 to $22.50
PayTaxOrDie: folds 
sicileMafia1: raises $8.14 to $30.64 and is all-in
CichiChanMarian: calls $8.14
*** FLOP *** [Jd Jh Tc]
*** TURN *** [Jd Jh Tc] [7d]
*** RIVER *** [Jd Jh Tc 7d] [Js]
*** SHOW DOWN ***
CichiChanMarian: shows [Qd As] (three of a kind, Jacks)
sicileMafia1: shows [2s Ah] (three of a kind, Jacks - lower kicker)
CichiChanMarian collected $59.78 from pot
*** SUMMARY ***
Total pot $62.28 | Rake $2.50 
Board [Jd Jh Tc 7d Js]
Seat 1: YeeesMan folded before Flop (didn't bet)
Seat 2: dreimis190 folded before Flop (didn't bet)
Seat 3: blistein (button) folded before Flop (didn't bet)
Seat 4: CichiChanMarian (small blind) showed [Qd As] and won ($59.78) with three of a kind, Jacks
Seat 5: PayTaxOrDie (big blind) folded before Flop
Seat 6: sicileMafia1 showed [2s Ah] and lost with three of a kind, Jacks



PokerStars Hand #254246623473:  Hold'em No Limit ($0.50/$1.00 USD) - 2025/01/07 16:24:04 WET [2025/01/07 11:24:04 ET]
Table 'Field II' 6-max Seat #4 is the button
Seat 6: sicileMafia1 ($0 in chips) is sitting out
Seat 1: YeeesMan ($116.97 in chips) 
Seat 2: dreimis190 ($100 in chips) 
Seat 3: blistein ($100 in chips) 
Seat 4: CichiChanMarian ($188.77 in chips) 
Seat 5: PayTaxOrDie ($100 in chips) 
PayTaxOrDie: posts small blind $0.50
YeeesMan: posts big blind $1
*** HOLE CARDS ***
sicileMafia1 is disconnected 
dreimis190: folds 
blistein: folds 
CichiChanMarian: folds 
PayTaxOrDie: folds 
Uncalled bet ($0.50) returned to YeeesMan
YeeesMan collected $1 from pot
YeeesMan: doesn't show hand 
*** SUMMARY ***
Total pot $1 | Rake $0 
Seat 6: sicileMafia1
Seat 1: YeeesMan (big blind) collected ($1)
Seat 2: dreimis190 folded before Flop (didn't bet)
Seat 3: blistein folded before Flop (didn't bet)
Seat 4: CichiChanMarian (button) folded before Flop (didn't bet)
Seat 5: PayTaxOrDie (small blind) folded before Flop



PokerStars Hand #254246626346:  Hold'em No Limit ($0.50/$1.00 USD) - 2025/01/07 16:24:16 WET [2025/01/07 11:24:16 ET]
Table 'Field II' 6-max Seat #5 is the button
Seat 6: sicileMafia1 ($0 in chips) is sitting out
Seat 1: YeeesMan ($117.47 in chips) 
Seat 2: dreimis190 ($100 in chips) 
Seat 3: blistein ($100 in chips) 
Seat 4: CichiChanMarian ($188.77 in chips) 
Seat 5: PayTaxOrDie ($100 in chips) 
YeeesMan: posts small blind $0.50
dreimis190: posts big blind $1
*** HOLE CARDS ***
blistein: folds 
CichiChanMarian: folds 
PayTaxOrDie: folds 
YeeesMan: folds 
Uncalled bet ($0.50) returned to dreimis190
dreimis190 collected $1 from pot
dreimis190: doesn't show hand 
*** SUMMARY ***
Total pot $1 | Rake $0 
Seat 6: sicileMafia1
Seat 1: YeeesMan (small blind) folded before Flop
Seat 2: dreimis190 (big blind) collected ($1)
Seat 3: blistein folded before Flop (didn't bet)
Seat 4: CichiChanMarian folded before Flop (didn't bet)
Seat 5: PayTaxOrDie (button) folded before Flop (didn't bet)



PokerStars Hand #254246630413:  Hold'em No Limit ($0.50/$1.00 USD) - 2025/01/07 16:24:34 WET [2025/01/07 11:24:34 ET]
Table 'Field II' 6-max Seat #1 is the button
Seat 6: sicileMafia1 ($0 in chips) is sitting out
Seat 1: YeeesMan ($116.97 in chips) 
Seat 2: dreimis190 ($100.50 in chips) 
Seat 3: blistein ($100 in chips) 
Seat 4: CichiChanMarian ($188.77 in chips) 
Seat 5: PayTaxOrDie ($100 in chips) 
dreimis190: posts small blind $0.50
blistein: posts big blind $1
*** HOLE CARDS ***
CichiChanMarian: folds 
PayTaxOrDie: folds 
YeeesMan: folds 
dreimis190: folds 
Uncalled bet ($0.50) returned to blistein
blistein collected $1 from pot
blistein: doesn't show hand 
*** SUMMARY ***
Total pot $1 | Rake $0 
Seat 6: sicileMafia1
Seat 1: YeeesMan (button) folded before Flop (didn't bet)
Seat 2: dreimis190 (small blind) folded before Flop
Seat 3: blistein (big blind) collected ($1)
Seat 4: CichiChanMarian folded before Flop (didn't bet)
Seat 5: PayTaxOrDie folded before Flop (didn't bet)



PokerStars Hand #254246633435:  Hold'em No Limit ($0.50/$1.00 USD) - 2025/01/07 16:24:47 WET [2025/01/07 11:24:47 ET]
Table 'Field II' 6-max Seat #3 is the button
Seat 1: YeeesMan ($116.97 in chips) is sitting out
Seat 4: CichiChanMarian ($188.77 in chips) is sitting out
Seat 5: PayTaxOrDie ($100 in chips) is sitting out
Seat 6: sicileMafia1 ($0 in chips) is sitting out
Seat 2: dreimis190 ($100 in chips) 
Seat 3: blistein ($100.50 in chips) 
blistein: posts small blind $0.50
CichiChanMarian: is sitting out 
PayTaxOrDie: is sitting out 
YeeesMan: is sitting out 
dreimis190: posts big blind $1
*** HOLE CARDS ***
blistein: folds 
Uncalled bet ($0.50) returned to dreimis190
PayTaxOrDie leaves the table
dreimis190 collected $1 from pot
dreimis190: doesn't show hand 
*** SUMMARY ***
Total pot $1 | Rake $0 
Seat 1: YeeesMan
Seat 4: CichiChanMarian
Seat 5: PayTaxOrDie
Seat 6: sicileMafia1
Seat 2: dreimis190 (big blind) collected ($1)
Seat 3: blistein (button) (small blind) folded before Flop



PokerStars Hand #254246634944:  Hold'em No Limit ($0.50/$1.00 USD) - 2025/01/07 16:24:53 WET [2025/01/07 11:24:53 ET]
Table 'Field II' 6-max Seat #2 is the button
Seat 1: YeeesMan ($116.97 in chips) is sitting out
Seat 4: CichiChanMarian ($188.77 in chips) is sitting out
Seat 6: sicileMafia1 ($0 in chips) is sitting out
Seat 2: dreimis190 ($100.50 in chips) 
Seat 3: blistein ($100 in chips) 
dreimis190: posts small blind $0.50
blistein: posts big blind $1
*** HOLE CARDS ***
CichiChanMarian leaves the table
dreimis190: raises $1.50 to $2.50
blistein: calls $1.50
*** FLOP *** [Qc 4h 9c]
YeeesMan leaves the table
blistein: checks 
dreimis190: bets $1.57
blistein: calls $1.57
*** TURN *** [Qc 4h 9c] [3h]
blistein: checks 
CEZAR09 joins the table at seat #1 
dreimis190: checks 
*** RIVER *** [Qc 4h 9c 3h] [3s]
blistein: bets $1.93
dreimis190: folds 
Uncalled bet ($1.93) returned to blistein
blistein collected $7.73 from pot
blistein: doesn't show hand 
*** SUMMARY ***
Total pot $8.14 | Rake $0.41 
Board [Qc 4h 9c 3h 3s]
Seat 1: YeeesMan
Seat 4: CichiChanMarian
Seat 6: sicileMafia1
Seat 2: dreimis190 (button) (small blind) folded on the River
Seat 3: blistein (big blind) collected ($7.73)



PokerStars Hand #254246655288:  Hold'em No Limit ($0.50/$1.00 USD) - 2025/01/07 16:26:20 WET [2025/01/07 11:26:20 ET]
Table 'Field II' 6-max Seat #2 is the button
Seat 6: sicileMafia1 ($0 in chips) is sitting out
Seat 1: CEZAR09 ($50 in chips) 
Seat 2: dreimis190 ($100 in chips) 
Seat 3: blistein ($103.66 in chips) 
blistein: posts small blind $0.50
CEZAR09: posts big blind $1
*** HOLE CARDS ***
dreimis190: raises $1.50 to $2.50
blistein: raises $9.50 to $12
CEZAR09: folds 
dreimis190: calls $9.50
*** FLOP *** [8h Ad Jc]
blistein: bets $4.80
Dr. Fvinagre joins the table at seat #4 
Dr. Fvinagre is disconnected 
dreimis190: calls $4.80
*** TURN *** [8h Ad Jc] [4d]
blistein: checks 
joaquin612 joins the table at seat #5 
dreimis190: checks 
*** RIVER *** [8h Ad Jc 4d] [3h]
blistein: checks 
dreimis190: bets $25.20
blistein: folds 
Uncalled bet ($25.20) returned to dreimis190
dreimis190 collected $33.60 from pot
dreimis190: doesn't show hand 
*** SUMMARY ***
Total pot $34.60 | Rake $1 
Board [8h Ad Jc 4d 3h]
Seat 6: sicileMafia1
Seat 1: CEZAR09 (big blind) folded before Flop
Seat 2: dreimis190 (button) collected ($33.60)
Seat 3: blistein (small blind) folded on the River



PokerStars Hand #254246685762:  Hold'em No Limit ($0.50/$1.00 USD) - 2025/01/07 16:28:32 WET [2025/01/07 11:28:32 ET]
Table 'Field II' 6-max Seat #3 is the button
Seat 4: Dr. Fvinagre ($17.87 in chips) is sitting out
Seat 5: joaquin612 ($100 in chips) is sitting out
Seat 6: sicileMafia1 ($0 in chips) is sitting out
Seat 1: CEZAR09 ($49 in chips) 
Seat 2: dreimis190 ($116.80 in chips) 
Seat 3: blistein ($100 in chips) 
CEZAR09: posts small blind $0.50
dreimis190: posts big blind $1
*** HOLE CARDS ***
blistein: folds 
CEZAR09: folds 
Uncalled bet ($0.50) returned to dreimis190
dreimis190 collected $1 from pot
dreimis190: doesn't show hand 
*** SUMMARY ***
Total pot $1 | Rake $0 
Seat 4: Dr. Fvinagre
Seat 5: joaquin612
Seat 6: sicileMafia1
Seat 1: CEZAR09 (small blind) folded before Flop
Seat 2: dreimis190 (big blind) collected ($1)
Seat 3: blistein (button) folded before Flop (didn't bet)



PokerStars Hand #254246689250:  Hold'em No Limit ($0.50/$1.00 USD) - 2025/01/07 16:28:47 WET [2025/01/07 11:28:47 ET]
Table 'Field II' 6-max Seat #1 is the button
Seat 4: Dr. Fvinagre ($17.87 in chips) is sitting out
Seat 5: joaquin612 ($100 in chips) is sitting out
Seat 6: sicileMafia1 ($0 in chips) is sitting out
Seat 1: CEZAR09 ($48.50 in chips) 
Seat 2: dreimis190 ($117.30 in chips) 
Seat 3: blistein ($100 in chips) 
dreimis190: posts small blind $0.50
blistein: posts big blind $1
Dr. Fvinagre: sits out 
joaquin612: sits out 
*** HOLE CARDS ***
CEZAR09: folds 
dreimis190: raises $2 to $3
blistein: raises $7 to $10
dreimis190: raises $11.50 to $21.50
blistein: raises $78.50 to $100 and is all-in
dreimis190: folds 
Uncalled bet ($78.50) returned to blistein
blistein collected $43 from pot
blistein: doesn't show hand 
*** SUMMARY ***
Total pot $43 | Rake $0 
Seat 4: Dr. Fvinagre
Seat 5: joaquin612
Seat 6: sicileMafia1
Seat 1: CEZAR09 (button) folded before Flop (didn't bet)
Seat 2: dreimis190 (small blind) folded before Flop
Seat 3: blistein (big blind) collected ($43)



PokerStars Hand #254246700723:  Hold'em No Limit ($0.50/$1.00 USD) - 2025/01/07 16:29:37 WET [2025/01/07 11:29:37 ET]
Table 'Field II' 6-max Seat #2 is the button
Seat 5: joaquin612 ($100 in chips) is sitting out
Seat 6: sicileMafia1 ($0 in chips) is sitting out
Seat 1: CEZAR09 ($48.50 in chips) 
Seat 2: dreimis190 ($100 in chips) 
Seat 3: blistein ($121.50 in chips) 
Seat 4: Dr. Fvinagre ($17.87 in chips) 
blistein: posts small blind $0.50
Dr. Fvinagre: posts big blind $1
joaquin612: sits out 
*** HOLE CARDS ***
CEZAR09: raises $1 to $2
dreimis190: folds 
blistein: folds 
Dr. Fvinagre: calls $1
*** FLOP *** [6c 4d Kh]
Dr. Fvinagre: checks 
CEZAR09: bets $2
Dr. Fvinagre: raises $13.87 to $15.87 and is all-in
CEZAR09: folds 
Uncalled bet ($13.87) returned to Dr. Fvinagre
Dr. Fvinagre collected $8.08 from pot
*** SUMMARY ***
Total pot $8.50 | Rake $0.42 
Board [6c 4d Kh]
Seat 5: joaquin612
Seat 6: sicileMafia1
Seat 1: CEZAR09 folded on the Flop
Seat 2: dreimis190 (button) folded before Flop (didn't bet)
Seat 3: blistein (small blind) folded before Flop
Seat 4: Dr. Fvinagre (big blind) collected ($8.08)



PokerStars Hand #254246707109:  Hold'em No Limit ($0.50/$1.00 USD) - 2025/01/07 16:30:04 WET [2025/01/07 11:30:04 ET]
Table 'Field II' 6-max Seat #3 is the button
Seat 6: sicileMafia1 ($0 in chips) is sitting out
Seat 1: CEZAR09 ($44.50 in chips) 
Seat 2: dreimis190 ($100 in chips) 
Seat 3: blistein ($121 in chips) 
Seat 4: Dr. Fvinagre ($21.95 in chips) 
Seat 5: joaquin612 ($100 in chips) 
Dr. Fvinagre: posts small blind $0.50
joaquin612: posts big blind $1
*** HOLE CARDS ***
CEZAR09: folds 
dreimis190: folds 
blistein: folds 
Dr. Fvinagre: calls $0.50
joaquin612: checks 
*** FLOP *** [Ks 5s 6c]
Dr. Fvinagre: bets $1
joaquin612: folds 
Uncalled bet ($1) returned to Dr. Fvinagre
Dr. Fvinagre collected $1.90 from pot
*** SUMMARY ***
Total pot $2 | Rake $0.10 
Board [Ks 5s 6c]
Seat 6: sicileMafia1
Seat 1: CEZAR09 folded before Flop (didn't bet)
Seat 2: dreimis190 folded before Flop (didn't bet)
Seat 3: blistein (button) folded before Flop (didn't bet)
Seat 4: Dr. Fvinagre (small blind) collected ($1.90)
Seat 5: joaquin612 (big blind) folded on the Flop



PokerStars Hand #254246713928:  Hold'em No Limit ($0.50/$1.00 USD) - 2025/01/07 16:30:33 WET [2025/01/07 11:30:33 ET]
Table 'Field II' 6-max Seat #4 is the button
Seat 6: sicileMafia1 ($0 in chips) is sitting out
Seat 1: CEZAR09 ($44.50 in chips) 
Seat 2: dreimis190 ($100 in chips) 
Seat 3: blistein ($121 in chips) 
Seat 4: Dr. Fvinagre ($22.85 in chips) 
Seat 5: joaquin612 ($100 in chips) 
joaquin612: posts small blind $0.50
CEZAR09: posts big blind $1
*** HOLE CARDS ***
dreimis190: folds 
blistein: folds 
Dr. Fvinagre: folds 
joaquin612: raises $2 to $3
CEZAR09: folds 
Uncalled bet ($2) returned to joaquin612
joaquin612 collected $2 from pot
sicileMafia1 leaves the table
joaquin612: doesn't show hand 
*** SUMMARY ***
Total pot $2 | Rake $0 
Seat 6: sicileMafia1
Seat 1: CEZAR09 (big blind) folded before Flop
Seat 2: dreimis190 folded before Flop (didn't bet)
Seat 3: blistein folded before Flop (didn't bet)
Seat 4: Dr. Fvinagre (button) folded before Flop (didn't bet)
Seat 5: joaquin612 (small blind) collected ($2)



PokerStars Hand #254246717409:  Hold'em No Limit ($0.50/$1.00 USD) - 2025/01/07 16:30:49 WET [2025/01/07 11:30:49 ET]
Table 'Field II' 6-max Seat #5 is the button
Seat 1: CEZAR09 ($43.50 in chips) 
Seat 2: dreimis190 ($100 in chips) 
Seat 3: blistein ($121 in chips) 
Seat 4: Dr. Fvinagre ($22.85 in chips) 
Seat 5: joaquin612 ($101 in chips) 
CEZAR09: posts small blind $0.50
dreimis190: posts big blind $1
*** HOLE CARDS ***
blistein: folds 
BoyLoc0 joins the table at seat #6 
Dr. Fvinagre: calls $1
joaquin612: folds 
CEZAR09: folds 
dreimis190: checks 
*** FLOP *** [Ac Qs 9h]
dreimis190: checks 
Dr. Fvinagre: bets $1
dreimis190: folds 
Uncalled bet ($1) returned to Dr. Fvinagre
Dr. Fvinagre collected $2.38 from pot
*** SUMMARY ***
Total pot $2.50 | Rake $0.12 
Board [Ac Qs 9h]
Seat 1: CEZAR09 (small blind) folded before Flop
Seat 2: dreimis190 (big blind) folded on the Flop
Seat 3: blistein folded before Flop (didn't bet)
Seat 4: Dr. Fvinagre collected ($2.38)
Seat 5: joaquin612 (button) folded before Flop (didn't bet)



PokerStars Hand #254246724177:  Hold'em No Limit ($0.50/$1.00 USD) - 2025/01/07 16:31:18 WET [2025/01/07 11:31:18 ET]
Table 'Field II' 6-max Seat #1 is the button
Seat 6: BoyLoc0 ($100 in chips) is sitting out
Seat 1: CEZAR09 ($43 in chips) 
Seat 2: dreimis190 ($100 in chips) 
Seat 3: blistein ($121 in chips) 
Seat 4: Dr. Fvinagre ($24.23 in chips) 
Seat 5: joaquin612 ($101 in chips) 
dreimis190: posts small blind $0.50
blistein: posts big blind $1
BoyLoc0: sits out 
*** HOLE CARDS ***
Dr. Fvinagre has timed out
Dr. Fvinagre: folds 
joaquin612: folds 
CEZAR09: raises $1 to $2
dreimis190: folds 
blistein: folds 
Uncalled bet ($1) returned to CEZAR09
CEZAR09 collected $2.50 from pot
CEZAR09: doesn't show hand 
*** SUMMARY ***
Total pot $2.50 | Rake $0 
Seat 6: BoyLoc0
Seat 1: CEZAR09 (button) collected ($2.50)
Seat 2: dreimis190 (small blind) folded before Flop
Seat 3: blistein (big blind) folded before Flop
Seat 4: Dr. Fvinagre folded before Flop (didn't bet)
Seat 5: joaquin612 folded before Flop (didn't bet)



PokerStars Hand #254246732533:  Hold'em No Limit ($0.50/$1.00 USD) - 2025/01/07 16:31:54 WET [2025/01/07 11:31:54 ET]
Table 'Field II' 6-max Seat #2 is the button
Seat 4: Dr. Fvinagre ($24.23 in chips) is sitting out
Seat 6: BoyLoc0 ($100 in chips) is sitting out
Seat 1: CEZAR09 ($44.50 in chips) 
Seat 2: dreimis190 ($100 in chips) 
Seat 3: blistein ($120 in chips) 
Seat 5: joaquin612 ($101 in chips) 
blistein: posts small blind $0.50
joaquin612: posts big blind $1
BoyLoc0: sits out 
*** HOLE CARDS ***
CEZAR09: folds 
dreimis190: folds 
blistein: folds 
Uncalled bet ($0.50) returned to joaquin612
joaquin612 collected $1 from pot
joaquin612: doesn't show hand 
*** SUMMARY ***
Total pot $1 | Rake $0 
Seat 4: Dr. Fvinagre
Seat 6: BoyLoc0
Seat 1: CEZAR09 folded before Flop (didn't bet)
Seat 2: dreimis190 (button) folded before Flop (didn't bet)
Seat 3: blistein (small blind) folded before Flop
Seat 5: joaquin612 (big blind) collected ($1)



PokerStars Hand #254246734511:  Hold'em No Limit ($0.50/$1.00 USD) - 2025/01/07 16:32:03 WET [2025/01/07 11:32:03 ET]
Table 'Field II' 6-max Seat #3 is the button
Seat 4: Dr. Fvinagre ($24.23 in chips) is sitting out
Seat 1: CEZAR09 ($44.50 in chips) 
Seat 2: dreimis190 ($100 in chips) 
Seat 3: blistein ($119.50 in chips) 
Seat 5: joaquin612 ($101.50 in chips) 
Seat 6: BoyLoc0 ($100 in chips) 
joaquin612: posts small blind $0.50
BoyLoc0: posts big blind $1
*** HOLE CARDS ***
CEZAR09: folds 
dreimis190: raises $1.50 to $2.50
blistein: folds 
joaquin612: folds 
BoyLoc0: folds 
Uncalled bet ($1.50) returned to dreimis190
dreimis190 collected $2.50 from pot
dreimis190: doesn't show hand 
*** SUMMARY ***
Total pot $2.50 | Rake $0 
Seat 4: Dr. Fvinagre
Seat 1: CEZAR09 folded before Flop (didn't bet)
Seat 2: dreimis190 collected ($2.50)
Seat 3: blistein (button) folded before Flop (didn't bet)
Seat 5: joaquin612 (small blind) folded before Flop
Seat 6: BoyLoc0 (big blind) folded before Flop



PokerStars Hand #254246740461:  Hold'em No Limit ($0.50/$1.00 USD) - 2025/01/07 16:32:28 WET [2025/01/07 11:32:28 ET]
Table 'Field II' 6-max Seat #5 is the button
Seat 1: CEZAR09 ($44.50 in chips) 
Seat 2: dreimis190 ($101.50 in chips) 
Seat 3: blistein ($119.50 in chips) 
Seat 4: Dr. Fvinagre ($24.23 in chips) 
Seat 5: joaquin612 ($101 in chips) 
Seat 6: BoyLoc0 ($100 in chips) 
BoyLoc0: posts small blind $0.50
CEZAR09: posts big blind $1
Dr. Fvinagre: posts small & big blinds $1.50
*** HOLE CARDS ***
dreimis190: folds 
blistein: folds 
Dr. Fvinagre: checks 
joaquin612: raises $1.50 to $2.50
BoyLoc0: folds 
CEZAR09: calls $1.50
Dr. Fvinagre: folds 
*** FLOP *** [Kc 2h 3h]
CEZAR09: checks 
joaquin612: checks 
*** TURN *** [Kc 2h 3h] [6c]
CEZAR09: bets $4
joaquin612: folds 
Uncalled bet ($4) returned to CEZAR09
CEZAR09 collected $6.65 from pot
CEZAR09: doesn't show hand 
*** SUMMARY ***
Total pot $7 | Rake $0.35 
Board [Kc 2h 3h 6c]
Seat 1: CEZAR09 (big blind) collected ($6.65)
Seat 2: dreimis190 folded before Flop (didn't bet)
Seat 3: blistein folded before Flop (didn't bet)
Seat 4: Dr. Fvinagre folded before Flop (didn't bet)
Seat 5: joaquin612 (button) folded on the Turn
Seat 6: BoyLoc0 (small blind) folded before Flop



PokerStars Hand #254246749331:  Hold'em No Limit ($0.50/$1.00 USD) - 2025/01/07 16:33:06 WET [2025/01/07 11:33:06 ET]
Table 'Field II' 6-max Seat #6 is the button
Seat 1: CEZAR09 ($48.65 in chips) 
Seat 2: dreimis190 ($101.50 in chips) 
Seat 3: blistein ($119.50 in chips) 
Seat 4: Dr. Fvinagre ($22.73 in chips) 
Seat 5: joaquin612 ($100 in chips) 
Seat 6: BoyLoc0 ($100 in chips) 
CEZAR09: posts small blind $0.50
dreimis190: posts big blind $1
*** HOLE CARDS ***
blistein: folds 
Dr. Fvinagre: folds 
joaquin612: folds 
BoyLoc0: folds 
CEZAR09: raises $1 to $2
dreimis190: calls $1
*** FLOP *** [As 2d Qd]
CEZAR09: bets $2
blistein leaves the table
dreimis190: calls $2
*** TURN *** [As 2d Qd] [7s]
b2k-Snick joins the table at seat #3 
CEZAR09: bets $2
dreimis190: folds 
Uncalled bet ($2) returned to CEZAR09
CEZAR09 collected $7.60 from pot
CEZAR09: doesn't show hand 
*** SUMMARY ***
Total pot $8 | Rake $0.40 
Board [As 2d Qd 7s]
Seat 1: CEZAR09 (small blind) collected ($7.60)
Seat 2: dreimis190 (big blind) folded on the Turn
Seat 3: blistein folded before Flop (didn't bet)
Seat 4: Dr. Fvinagre folded before Flop (didn't bet)
Seat 5: joaquin612 folded before Flop (didn't bet)
Seat 6: BoyLoc0 (button) folded before Flop (didn't bet)



PokerStars Hand #254246757854:  Hold'em No Limit ($0.50/$1.00 USD) - 2025/01/07 16:33:42 WET [2025/01/07 11:33:42 ET]
Table 'Field II' 6-max Seat #1 is the button
Seat 1: CEZAR09 ($52.25 in chips) 
Seat 2: dreimis190 ($100 in chips) 
Seat 3: b2k-Snick ($100 in chips) 
Seat 4: Dr. Fvinagre ($22.73 in chips) 
Seat 5: joaquin612 ($100 in chips) 
Seat 6: BoyLoc0 ($100 in chips) 
dreimis190: posts small blind $0.50
b2k-Snick: posts big blind $1
*** HOLE CARDS ***
Dr. Fvinagre: folds 
joaquin612: folds 
BoyLoc0: raises $1.50 to $2.50
CEZAR09: folds 
dreimis190: folds 
b2k-Snick: folds 
Uncalled bet ($1.50) returned to BoyLoc0
BoyLoc0 collected $2.50 from pot
BoyLoc0: doesn't show hand 
*** SUMMARY ***
Total pot $2.50 | Rake $0 
Seat 1: CEZAR09 (button) folded before Flop (didn't bet)
Seat 2: dreimis190 (small blind) folded before Flop
Seat 3: b2k-Snick (big blind) folded before Flop
Seat 4: Dr. Fvinagre folded before Flop (didn't bet)
Seat 5: joaquin612 folded before Flop (didn't bet)
Seat 6: BoyLoc0 collected ($2.50)



PokerStars Hand #254246761534:  Hold'em No Limit ($0.50/$1.00 USD) - 2025/01/07 16:33:58 WET [2025/01/07 11:33:58 ET]
Table 'Field II' 6-max Seat #2 is the button
Seat 1: CEZAR09 ($52.25 in chips) 
Seat 2: dreimis190 ($100 in chips) 
Seat 3: b2k-Snick ($100 in chips) 
Seat 4: Dr. Fvinagre ($22.73 in chips) 
Seat 5: joaquin612 ($100 in chips) 
Seat 6: BoyLoc0 ($101.50 in chips) 
b2k-Snick: posts small blind $0.50
Dr. Fvinagre: posts big blind $1
*** HOLE CARDS ***
joaquin612: raises $1.50 to $2.50
BoyLoc0: folds 
CEZAR09: folds 
dreimis190: folds 
b2k-Snick: folds 
Dr. Fvinagre: calls $1.50
*** FLOP *** [4s 5s Qh]
Dr. Fvinagre: checks 
joaquin612: bets $1.72
Dr. Fvinagre: raises $18.51 to $20.23 and is all-in
joaquin612: folds 
Uncalled bet ($18.51) returned to Dr. Fvinagre
Dr. Fvinagre collected $8.49 from pot
*** SUMMARY ***
Total pot $8.94 | Rake $0.45 
Board [4s 5s Qh]
Seat 1: CEZAR09 folded before Flop (didn't bet)
Seat 2: dreimis190 (button) folded before Flop (didn't bet)
Seat 3: b2k-Snick (small blind) folded before Flop
Seat 4: Dr. Fvinagre (big blind) collected ($8.49)
Seat 5: joaquin612 folded on the Flop
Seat 6: BoyLoc0 folded before Flop (didn't bet)



PokerStars Hand #254246769425:  Hold'em No Limit ($0.50/$1.00 USD) - 2025/01/07 16:34:31 WET [2025/01/07 11:34:31 ET]
Table 'Field II' 6-max Seat #3 is the button
Seat 1: CEZAR09 ($52.25 in chips) 
Seat 2: dreimis190 ($100 in chips) 
Seat 3: b2k-Snick ($100 in chips) 
Seat 4: Dr. Fvinagre ($27 in chips) 
Seat 5: joaquin612 ($100 in chips) 
Seat 6: BoyLoc0 ($101.50 in chips) 
Dr. Fvinagre: posts small blind $0.50
joaquin612: posts big blind $1
*** HOLE CARDS ***
BoyLoc0: folds 
CEZAR09: raises $1 to $2
dreimis190: folds 
b2k-Snick: folds 
Dr. Fvinagre: folds 
joaquin612: folds 
Uncalled bet ($1) returned to CEZAR09
CEZAR09 collected $2.50 from pot
CEZAR09: doesn't show hand 
*** SUMMARY ***
Total pot $2.50 | Rake $0 
Seat 1: CEZAR09 collected ($2.50)
Seat 2: dreimis190 folded before Flop (didn't bet)
Seat 3: b2k-Snick (button) folded before Flop (didn't bet)
Seat 4: Dr. Fvinagre (small blind) folded before Flop
Seat 5: joaquin612 (big blind) folded before Flop
Seat 6: BoyLoc0 folded before Flop (didn't bet)



PokerStars Hand #254246772786:  Hold'em No Limit ($0.50/$1.00 USD) - 2025/01/07 16:34:45 WET [2025/01/07 11:34:45 ET]
Table 'Field II' 6-max Seat #4 is the button
Seat 1: CEZAR09 ($53.75 in chips) 
Seat 2: dreimis190 ($100 in chips) 
Seat 3: b2k-Snick ($100 in chips) 
Seat 4: Dr. Fvinagre ($26.50 in chips) 
Seat 5: joaquin612 ($100 in chips) 
Seat 6: BoyLoc0 ($101.50 in chips) 
joaquin612: posts small blind $0.50
BoyLoc0: posts big blind $1
*** HOLE CARDS ***
CEZAR09: folds 
dreimis190: folds 
b2k-Snick: folds 
Dr. Fvinagre: raises $1 to $2
joaquin612: folds 
BoyLoc0: folds 
Uncalled bet ($1) returned to Dr. Fvinagre
Dr. Fvinagre collected $2.50 from pot
*** SUMMARY ***
Total pot $2.50 | Rake $0 
Seat 1: CEZAR09 folded before Flop (didn't bet)
Seat 2: dreimis190 folded before Flop (didn't bet)
Seat 3: b2k-Snick folded before Flop (didn't bet)
Seat 4: Dr. Fvinagre (button) collected ($2.50)
Seat 5: joaquin612 (small blind) folded before Flop
Seat 6: BoyLoc0 (big blind) folded before Flop



PokerStars Hand #254246777180:  Hold'em No Limit ($0.50/$1.00 USD) - 2025/01/07 16:35:03 WET [2025/01/07 11:35:03 ET]
Table 'Field II' 6-max Seat #5 is the button
Seat 1: CEZAR09 ($53.75 in chips) 
Seat 2: dreimis190 ($100 in chips) 
Seat 3: b2k-Snick ($100 in chips) 
Seat 4: Dr. Fvinagre ($28 in chips) 
Seat 5: joaquin612 ($100 in chips) 
Seat 6: BoyLoc0 ($100.50 in chips) 
BoyLoc0: posts small blind $0.50
CEZAR09: posts big blind $1
*** HOLE CARDS ***
dreimis190: folds 
b2k-Snick: folds 
Dr. Fvinagre: folds 
joaquin612: raises $1.50 to $2.50
Dr. Fvinagre leaves the table
BoyLoc0: folds 
CEZAR09: calls $1.50
*** FLOP *** [Jh 3c Ad]
CEZAR09: checks 
joaquin612: bets $2.87
CEZAR09: folds 
Uncalled bet ($2.87) returned to joaquin612
joaquin612 collected $5.22 from pot
joaquin612: doesn't show hand 
*** SUMMARY ***
Total pot $5.50 | Rake $0.28 
Board [Jh 3c Ad]
Seat 1: CEZAR09 (big blind) folded on the Flop
Seat 2: dreimis190 folded before Flop (didn't bet)
Seat 3: b2k-Snick folded before Flop (didn't bet)
Seat 4: Dr. Fvinagre folded before Flop (didn't bet)
Seat 5: joaquin612 (button) collected ($5.22)
Seat 6: BoyLoc0 (small blind) folded before Flop



PokerStars Hand #254246784213:  Hold'em No Limit ($0.50/$1.00 USD) - 2025/01/07 16:35:32 WET [2025/01/07 11:35:32 ET]
Table 'Field II' 6-max Seat #6 is the button
Seat 1: CEZAR09 ($51.25 in chips) 
Seat 2: dreimis190 ($100 in chips) 
Seat 3: b2k-Snick ($100 in chips) 
Seat 5: joaquin612 ($102.72 in chips) 
Seat 6: BoyLoc0 ($100 in chips) 
CEZAR09: posts small blind $0.50
dreimis190: posts big blind $1
*** HOLE CARDS ***
b2k-Snick: folds 
joaquin612: folds 
BoyLoc0: raises $1.50 to $2.50
CEZAR09: folds 
dreimis190: raises $10.50 to $13
Pon4uk.ua joins the table at seat #4 
BoyLoc0: calls $10.50
*** FLOP *** [7c 3s 6h]
dreimis190: bets $18.89
BoyLoc0: calls $18.89
*** TURN *** [7c 3s 6h] [Qc]
dreimis190: bets $20.39
BoyLoc0: folds 
Uncalled bet ($20.39) returned to dreimis190
dreimis190 collected $61.78 from pot
dreimis190: doesn't show hand 
*** SUMMARY ***
Total pot $64.28 | Rake $2.50 
Board [7c 3s 6h Qc]
Seat 1: CEZAR09 (small blind) folded before Flop
Seat 2: dreimis190 (big blind) collected ($61.78)
Seat 3: b2k-Snick folded before Flop (didn't bet)
Seat 5: joaquin612 folded before Flop (didn't bet)
Seat 6: BoyLoc0 (button) folded on the Turn



PokerStars Hand #254246799667:  Hold'em No Limit ($0.50/$1.00 USD) - 2025/01/07 16:36:37 WET [2025/01/07 11:36:37 ET]
Table 'Field II' 6-max Seat #1 is the button
Seat 4: Pon4uk.ua ($100 in chips) is sitting out
Seat 1: CEZAR09 ($50.75 in chips) 
Seat 2: dreimis190 ($129.89 in chips) 
Seat 3: b2k-Snick ($100 in chips) 
Seat 5: joaquin612 ($102.72 in chips) 
Seat 6: BoyLoc0 ($100 in chips) 
dreimis190: posts small blind $0.50
b2k-Snick: posts big blind $1
Pon4uk.ua: sits out 
*** HOLE CARDS ***
joaquin612: folds 
BoyLoc0: folds 
CEZAR09: folds 
dreimis190: folds 
Uncalled bet ($0.50) returned to b2k-Snick
b2k-Snick collected $1 from pot
b2k-Snick: doesn't show hand 
*** SUMMARY ***
Total pot $1 | Rake $0 
Seat 4: Pon4uk.ua
Seat 1: CEZAR09 (button) folded before Flop (didn't bet)
Seat 2: dreimis190 (small blind) folded before Flop
Seat 3: b2k-Snick (big blind) collected ($1)
Seat 5: joaquin612 folded before Flop (didn't bet)
Seat 6: BoyLoc0 folded before Flop (didn't bet)



PokerStars Hand #254246804290:  Hold'em No Limit ($0.50/$1.00 USD) - 2025/01/07 16:36:57 WET [2025/01/07 11:36:57 ET]
Table 'Field II' 6-max Seat #2 is the button
Seat 1: CEZAR09 ($50.75 in chips) 
Seat 2: dreimis190 ($129.39 in chips) 
Seat 3: b2k-Snick ($100.50 in chips) 
Seat 4: Pon4uk.ua ($100 in chips) 
Seat 5: joaquin612 ($102.72 in chips) 
Seat 6: BoyLoc0 ($100 in chips) 
b2k-Snick: posts small blind $0.50
Pon4uk.ua: posts big blind $1
*** HOLE CARDS ***
joaquin612: folds 
joaquin612 leaves the table
BoyLoc0: raises $1.50 to $2.50
CEZAR09: calls $2.50
dreimis190: folds 
b2k-Snick: folds 
Pon4uk.ua: calls $1.50
*** FLOP *** [9s 3s 8c]
Pon4uk.ua: checks 
BoyLoc0: bets $2.51
CEZAR09: calls $2.51
Pon4uk.ua: folds 
*** TURN *** [9s 3s 8c] [8s]
Christianzt1 joins the table at seat #5 
BoyLoc0: bets $4.08
CEZAR09: calls $4.08
*** RIVER *** [9s 3s 8c 8s] [5h]
BoyLoc0: checks 
CEZAR09: bets $22
BoyLoc0: folds 
Uncalled bet ($22) returned to CEZAR09
CEZAR09 collected $20.12 from pot
CEZAR09: doesn't show hand 
*** SUMMARY ***
Total pot $21.18 | Rake $1.06 
Board [9s 3s 8c 8s 5h]
Seat 1: CEZAR09 collected ($20.12)
Seat 2: dreimis190 (button) folded before Flop (didn't bet)
Seat 3: b2k-Snick (small blind) folded before Flop
Seat 4: Pon4uk.ua (big blind) folded on the Flop
Seat 5: joaquin612 folded before Flop (didn't bet)
Seat 6: BoyLoc0 folded on the River



PokerStars Hand #254246823969:  Hold'em No Limit ($0.50/$1.00 USD) - 2025/01/07 16:38:20 WET [2025/01/07 11:38:20 ET]
Table 'Field II' 6-max Seat #3 is the button
Seat 1: CEZAR09 ($61.78 in chips) 
Seat 2: dreimis190 ($129.39 in chips) 
Seat 3: b2k-Snick ($100 in chips) 
Seat 4: Pon4uk.ua ($100 in chips) 
Seat 5: Christianzt1 ($100 in chips) 
Seat 6: BoyLoc0 ($100 in chips) 
Pon4uk.ua: posts small blind $0.50
Christianzt1: posts big blind $1
*** HOLE CARDS ***
BoyLoc0: folds 
CEZAR09: folds 
dreimis190: raises $1.50 to $2.50
b2k-Snick: folds 
Pon4uk.ua: folds 
Christianzt1: folds 
Uncalled bet ($1.50) returned to dreimis190
dreimis190 collected $2.50 from pot
dreimis190: doesn't show hand 
*** SUMMARY ***
Total pot $2.50 | Rake $0 
Seat 1: CEZAR09 folded before Flop (didn't bet)
Seat 2: dreimis190 collected ($2.50)
Seat 3: b2k-Snick (button) folded before Flop (didn't bet)
Seat 4: Pon4uk.ua (small blind) folded before Flop
Seat 5: Christianzt1 (big blind) folded before Flop
Seat 6: BoyLoc0 folded before Flop (didn't bet)



PokerStars Hand #254246828899:  Hold'em No Limit ($0.50/$1.00 USD) - 2025/01/07 16:38:41 WET [2025/01/07 11:38:41 ET]
Table 'Field II' 6-max Seat #4 is the button
Seat 1: CEZAR09 ($61.78 in chips) 
Seat 2: dreimis190 ($130.89 in chips) 
Seat 3: b2k-Snick ($100 in chips) 
Seat 4: Pon4uk.ua ($100 in chips) 
Seat 5: Christianzt1 ($100 in chips) 
Seat 6: BoyLoc0 ($100 in chips) 
Christianzt1: posts small blind $0.50
BoyLoc0: posts big blind $1
*** HOLE CARDS ***
CEZAR09: folds 
dreimis190: folds 
b2k-Snick: raises $1.50 to $2.50
Pon4uk.ua: raises $5 to $7.50
Christianzt1: folds 
BoyLoc0: folds 
b2k-Snick: raises $13.50 to $21
Pon4uk.ua: calls $13.50
*** FLOP *** [7s 2d 4c]
b2k-Snick: bets $11.25
Pon4uk.ua: calls $11.25
*** TURN *** [7s 2d 4c] [Kh]
b2k-Snick: bets $13.97
Pon4uk.ua: folds 
Uncalled bet ($13.97) returned to b2k-Snick
b2k-Snick collected $63.50 from pot
b2k-Snick: doesn't show hand 
*** SUMMARY ***
Total pot $66 | Rake $2.50 
Board [7s 2d 4c Kh]
Seat 1: CEZAR09 folded before Flop (didn't bet)
Seat 2: dreimis190 folded before Flop (didn't bet)
Seat 3: b2k-Snick collected ($63.50)
Seat 4: Pon4uk.ua (button) folded on the Turn
Seat 5: Christianzt1 (small blind) folded before Flop
Seat 6: BoyLoc0 (big blind) folded before Flop



PokerStars Hand #254246851369:  Hold'em No Limit ($0.50/$1.00 USD) - 2025/01/07 16:40:15 WET [2025/01/07 11:40:15 ET]
Table 'Field II' 6-max Seat #5 is the button
Seat 1: CEZAR09 ($61.78 in chips) 
Seat 2: dreimis190 ($130.89 in chips) 
Seat 3: b2k-Snick ($131.25 in chips) 
Seat 4: Pon4uk.ua ($100 in chips) 
Seat 5: Christianzt1 ($100 in chips) 
Seat 6: BoyLoc0 ($100 in chips) 
BoyLoc0: posts small blind $0.50
CEZAR09: posts big blind $1
*** HOLE CARDS ***
dreimis190: folds 
b2k-Snick: folds 
Pon4uk.ua: raises $1.50 to $2.50
Christianzt1: folds 
BoyLoc0: folds 
CEZAR09: calls $1.50
*** FLOP *** [6d 2c 4d]
CEZAR09: checks 
Pon4uk.ua: bets $2.61
CEZAR09: calls $2.61
*** TURN *** [6d 2c 4d] [3c]
CEZAR09: checks 
Pon4uk.ua: bets $10.18
CEZAR09: folds 
Uncalled bet ($10.18) returned to Pon4uk.ua
Pon4uk.ua collected $10.18 from pot
Pon4uk.ua: doesn't show hand 
*** SUMMARY ***
Total pot $10.72 | Rake $0.54 
Board [6d 2c 4d 3c]
Seat 1: CEZAR09 (big blind) folded on the Turn
Seat 2: dreimis190 folded before Flop (didn't bet)
Seat 3: b2k-Snick folded before Flop (didn't bet)
Seat 4: Pon4uk.ua collected ($10.18)
Seat 5: Christianzt1 (button) folded before Flop (didn't bet)
Seat 6: BoyLoc0 (small blind) folded before Flop



PokerStars Hand #254246860646:  Hold'em No Limit ($0.50/$1.00 USD) - 2025/01/07 16:40:54 WET [2025/01/07 11:40:54 ET]
Table 'Field II' 6-max Seat #6 is the button
Seat 1: CEZAR09 ($56.67 in chips) 
Seat 2: dreimis190 ($130.89 in chips) 
Seat 3: b2k-Snick ($131.25 in chips) 
Seat 4: Pon4uk.ua ($105.07 in chips) 
Seat 5: Christianzt1 ($100 in chips) 
Seat 6: BoyLoc0 ($100 in chips) 
CEZAR09: posts small blind $0.50
dreimis190: posts big blind $1
*** HOLE CARDS ***
b2k-Snick: raises $1.10 to $2.10
Pon4uk.ua: folds 
Christianzt1: folds 
BoyLoc0: folds 
CEZAR09: calls $1.60
dreimis190: folds 
*** FLOP *** [6c 6d 9c]
CEZAR09: checks 
b2k-Snick: bets $3
CEZAR09: folds 
Uncalled bet ($3) returned to b2k-Snick
b2k-Snick collected $4.94 from pot
b2k-Snick: doesn't show hand 
*** SUMMARY ***
Total pot $5.20 | Rake $0.26 
Board [6c 6d 9c]
Seat 1: CEZAR09 (small blind) folded on the Flop
Seat 2: dreimis190 (big blind) folded before Flop
Seat 3: b2k-Snick collected ($4.94)
Seat 4: Pon4uk.ua folded before Flop (didn't bet)
Seat 5: Christianzt1 folded before Flop (didn't bet)
Seat 6: BoyLoc0 (button) folded before Flop (didn't bet)



PokerStars Hand #254246865718:  Hold'em No Limit ($0.50/$1.00 USD) - 2025/01/07 16:41:15 WET [2025/01/07 11:41:15 ET]
Table 'Field II' 6-max Seat #1 is the button
Seat 1: CEZAR09 ($54.57 in chips) 
Seat 2: dreimis190 ($129.89 in chips) 
Seat 3: b2k-Snick ($134.09 in chips) 
Seat 4: Pon4uk.ua ($105.07 in chips) 
Seat 5: Christianzt1 ($100 in chips) 
Seat 6: BoyLoc0 ($100 in chips) 
dreimis190: posts small blind $0.50
b2k-Snick: posts big blind $1
*** HOLE CARDS ***
Pon4uk.ua: folds 
Christianzt1: folds 
BoyLoc0: folds 
CEZAR09: raises $2 to $3
dreimis190: folds 
b2k-Snick: folds 
Uncalled bet ($2) returned to CEZAR09
CEZAR09 collected $2.50 from pot
CEZAR09: doesn't show hand 
*** SUMMARY ***
Total pot $2.50 | Rake $0 
Seat 1: CEZAR09 (button) collected ($2.50)
Seat 2: dreimis190 (small blind) folded before Flop
Seat 3: b2k-Snick (big blind) folded before Flop
Seat 4: Pon4uk.ua folded before Flop (didn't bet)
Seat 5: Christianzt1 folded before Flop (didn't bet)
Seat 6: BoyLoc0 folded before Flop (didn't bet)



PokerStars Hand #254246869875:  Hold'em No Limit ($0.50/$1.00 USD) - 2025/01/07 16:41:33 WET [2025/01/07 11:41:33 ET]
Table 'Field II' 6-max Seat #2 is the button
Seat 1: CEZAR09 ($56.07 in chips) 
Seat 2: dreimis190 ($129.39 in chips) 
Seat 3: b2k-Snick ($133.09 in chips) 
Seat 4: Pon4uk.ua ($105.07 in chips) 
Seat 5: Christianzt1 ($100 in chips) 
Seat 6: BoyLoc0 ($100 in chips) 
b2k-Snick: posts small blind $0.50
Pon4uk.ua: posts big blind $1
*** HOLE CARDS ***
Christianzt1: folds 
BoyLoc0: folds 
CEZAR09: folds 
dreimis190: folds 
b2k-Snick: raises $2 to $3
Pon4uk.ua: folds 
Uncalled bet ($2) returned to b2k-Snick
b2k-Snick collected $2 from pot
b2k-Snick: doesn't show hand 
*** SUMMARY ***
Total pot $2 | Rake $0 
Seat 1: CEZAR09 folded before Flop (didn't bet)
Seat 2: dreimis190 (button) folded before Flop (didn't bet)
Seat 3: b2k-Snick (small blind) collected ($2)
Seat 4: Pon4uk.ua (big blind) folded before Flop
Seat 5: Christianzt1 folded before Flop (didn't bet)
Seat 6: BoyLoc0 folded before Flop (didn't bet)



PokerStars Hand #254246877449:  Hold'em No Limit ($0.50/$1.00 USD) - 2025/01/07 16:42:05 WET [2025/01/07 11:42:05 ET]
Table 'Field II' 6-max Seat #3 is the button
Seat 1: CEZAR09 ($56.07 in chips) 
Seat 2: dreimis190 ($129.39 in chips) 
Seat 3: b2k-Snick ($134.09 in chips) 
Seat 4: Pon4uk.ua ($104.07 in chips) 
Seat 5: Christianzt1 ($100 in chips) 
Seat 6: BoyLoc0 ($100 in chips) 
Pon4uk.ua: posts small blind $0.50
Christianzt1: posts big blind $1
*** HOLE CARDS ***
BoyLoc0: folds 
CEZAR09: folds 
dreimis190: folds 
b2k-Snick: raises $1.50 to $2.50
Pon4uk.ua: folds 
Christianzt1: folds 
Uncalled bet ($1.50) returned to b2k-Snick
b2k-Snick collected $2.50 from pot
b2k-Snick: doesn't show hand 
*** SUMMARY ***
Total pot $2.50 | Rake $0 
Seat 1: CEZAR09 folded before Flop (didn't bet)
Seat 2: dreimis190 folded before Flop (didn't bet)
Seat 3: b2k-Snick (button) collected ($2.50)
Seat 4: Pon4uk.ua (small blind) folded before Flop
Seat 5: Christianzt1 (big blind) folded before Flop
Seat 6: BoyLoc0 folded before Flop (didn't bet)



PokerStars Hand #254246883599:  Hold'em No Limit ($0.50/$1.00 USD) - 2025/01/07 16:42:30 WET [2025/01/07 11:42:30 ET]
Table 'Field II' 6-max Seat #4 is the button
Seat 1: CEZAR09 ($56.07 in chips) 
Seat 2: dreimis190 ($129.39 in chips) 
Seat 3: b2k-Snick ($135.59 in chips) 
Seat 4: Pon4uk.ua ($103.57 in chips) 
Seat 5: Christianzt1 ($100 in chips) 
Seat 6: BoyLoc0 ($100 in chips) 
Christianzt1: posts small blind $0.50
BoyLoc0: posts big blind $1
*** HOLE CARDS ***
CEZAR09: folds 
dreimis190: folds 
b2k-Snick: folds 
Pon4uk.ua: raises $1.50 to $2.50
Christianzt1: folds 
BoyLoc0: calls $1.50
*** FLOP *** [Kc 5s 9c]
BoyLoc0: checks 
Pon4uk.ua: bets $1.72
BoyLoc0: calls $1.72
*** TURN *** [Kc 5s 9c] [Qs]
BoyLoc0: checks 
Pon4uk.ua: checks 
*** RIVER *** [Kc 5s 9c Qs] [5d]
BoyLoc0: bets $6.37
Pon4uk.ua: folds 
Uncalled bet ($6.37) returned to BoyLoc0
BoyLoc0 collected $8.49 from pot
BoyLoc0: doesn't show hand 
*** SUMMARY ***
Total pot $8.94 | Rake $0.45 
Board [Kc 5s 9c Qs 5d]
Seat 1: CEZAR09 folded before Flop (didn't bet)
Seat 2: dreimis190 folded before Flop (didn't bet)
Seat 3: b2k-Snick folded before Flop (didn't bet)
Seat 4: Pon4uk.ua (button) folded on the River
Seat 5: Christianzt1 (small blind) folded before Flop
Seat 6: BoyLoc0 (big blind) collected ($8.49)



PokerStars Hand #254246895934:  Hold'em No Limit ($0.50/$1.00 USD) - 2025/01/07 16:43:22 WET [2025/01/07 11:43:22 ET]
Table 'Field II' 6-max Seat #5 is the button
Seat 1: CEZAR09 ($56.07 in chips) 
Seat 2: dreimis190 ($129.39 in chips) 
Seat 3: b2k-Snick ($135.59 in chips) 
Seat 4: Pon4uk.ua ($100 in chips) 
Seat 5: Christianzt1 ($100 in chips) 
Seat 6: BoyLoc0 ($104.27 in chips) 
BoyLoc0: posts small blind $0.50
CEZAR09: posts big blind $1
*** HOLE CARDS ***
dreimis190: folds 
b2k-Snick: raises $1.50 to $2.50
Pon4uk.ua: folds 
Christianzt1: folds 
BoyLoc0: folds 
CEZAR09: calls $1.50
*** FLOP *** [3h Tc Ts]
CEZAR09: checks 
b2k-Snick: bets $1.72
CEZAR09: calls $1.72
*** TURN *** [3h Tc Ts] [Qh]
CEZAR09: checks 
b2k-Snick: bets $7.50
CEZAR09: folds 
Uncalled bet ($7.50) returned to b2k-Snick
b2k-Snick collected $8.49 from pot
b2k-Snick: doesn't show hand 
*** SUMMARY ***
Total pot $8.94 | Rake $0.45 
Board [3h Tc Ts Qh]
Seat 1: CEZAR09 (big blind) folded on the Turn
Seat 2: dreimis190 folded before Flop (didn't bet)
Seat 3: b2k-Snick collected ($8.49)
Seat 4: Pon4uk.ua folded before Flop (didn't bet)
Seat 5: Christianzt1 (button) folded before Flop (didn't bet)
Seat 6: BoyLoc0 (small blind) folded before Flop



PokerStars Hand #254246904978:  Hold'em No Limit ($0.50/$1.00 USD) - 2025/01/07 16:44:00 WET [2025/01/07 11:44:00 ET]
Table 'Field II' 6-max Seat #6 is the button
Seat 1: CEZAR09 ($51.85 in chips) 
Seat 2: dreimis190 ($129.39 in chips) 
Seat 3: b2k-Snick ($139.86 in chips) 
Seat 4: Pon4uk.ua ($100 in chips) 
Seat 5: Christianzt1 ($100 in chips) 
Seat 6: BoyLoc0 ($103.77 in chips) 
CEZAR09: posts small blind $0.50
dreimis190: posts big blind $1
*** HOLE CARDS ***
b2k-Snick: folds 
Pon4uk.ua: folds 
Christianzt1: folds 
BoyLoc0: folds 
CEZAR09: raises $1 to $2
dreimis190: calls $1
*** FLOP *** [Ad 4c 3h]
CEZAR09: bets $2
dreimis190: calls $2
*** TURN *** [Ad 4c 3h] [Qs]
CEZAR09: bets $2
dreimis190: folds 
Uncalled bet ($2) returned to CEZAR09
CEZAR09 collected $7.60 from pot
CEZAR09: doesn't show hand 
*** SUMMARY ***
Total pot $8 | Rake $0.40 
Board [Ad 4c 3h Qs]
Seat 1: CEZAR09 (small blind) collected ($7.60)
Seat 2: dreimis190 (big blind) folded on the Turn
Seat 3: b2k-Snick folded before Flop (didn't bet)
Seat 4: Pon4uk.ua folded before Flop (didn't bet)
Seat 5: Christianzt1 folded before Flop (didn't bet)
Seat 6: BoyLoc0 (button) folded before Flop (didn't bet)



PokerStars Hand #254246916852:  Hold'em No Limit ($0.50/$1.00 USD) - 2025/01/07 16:44:50 WET [2025/01/07 11:44:50 ET]
Table 'Field II' 6-max Seat #1 is the button
Seat 1: CEZAR09 ($55.45 in chips) 
Seat 2: dreimis190 ($125.39 in chips) 
Seat 3: b2k-Snick ($139.86 in chips) 
Seat 4: Pon4uk.ua ($100 in chips) 
Seat 5: Christianzt1 ($100 in chips) 
Seat 6: BoyLoc0 ($103.77 in chips) 
dreimis190: posts small blind $0.50
b2k-Snick: posts big blind $1
*** HOLE CARDS ***
Pon4uk.ua: folds 
Christianzt1: folds 
BoyLoc0: raises $1.50 to $2.50
CEZAR09: folds 
dreimis190: folds 
b2k-Snick: folds 
Uncalled bet ($1.50) returned to BoyLoc0
BoyLoc0 collected $2.50 from pot
BoyLoc0: doesn't show hand 
*** SUMMARY ***
Total pot $2.50 | Rake $0 
Seat 1: CEZAR09 (button) folded before Flop (didn't bet)
Seat 2: dreimis190 (small blind) folded before Flop
Seat 3: b2k-Snick (big blind) folded before Flop
Seat 4: Pon4uk.ua folded before Flop (didn't bet)
Seat 5: Christianzt1 folded before Flop (didn't bet)
Seat 6: BoyLoc0 collected ($2.50)



PokerStars Hand #254246920609:  Hold'em No Limit ($0.50/$1.00 USD) - 2025/01/07 16:45:05 WET [2025/01/07 11:45:05 ET]
Table 'Field II' 6-max Seat #2 is the button
Seat 1: CEZAR09 ($55.45 in chips) 
Seat 2: dreimis190 ($124.89 in chips) 
Seat 3: b2k-Snick ($138.86 in chips) 
Seat 4: Pon4uk.ua ($100 in chips) 
Seat 5: Christianzt1 ($100 in chips) 
Seat 6: BoyLoc0 ($105.27 in chips) 
b2k-Snick: posts small blind $0.50
Pon4uk.ua: posts big blind $1
*** HOLE CARDS ***
Christianzt1: folds 
BoyLoc0: folds 
CEZAR09: folds 
dreimis190: folds 
b2k-Snick: folds 
Uncalled bet ($0.50) returned to Pon4uk.ua
Pon4uk.ua collected $1 from pot
Pon4uk.ua: doesn't show hand 
*** SUMMARY ***
Total pot $1 | Rake $0 
Seat 1: CEZAR09 folded before Flop (didn't bet)
Seat 2: dreimis190 (button) folded before Flop (didn't bet)
Seat 3: b2k-Snick (small blind) folded before Flop
Seat 4: Pon4uk.ua (big blind) collected ($1)
Seat 5: Christianzt1 folded before Flop (didn't bet)
Seat 6: BoyLoc0 folded before Flop (didn't bet)



PokerStars Hand #254246925599:  Hold'em No Limit ($0.50/$1.00 USD) - 2025/01/07 16:45:27 WET [2025/01/07 11:45:27 ET]
Table 'Field II' 6-max Seat #3 is the button
Seat 1: CEZAR09 ($55.45 in chips) 
Seat 2: dreimis190 ($124.89 in chips) 
Seat 3: b2k-Snick ($138.36 in chips) 
Seat 4: Pon4uk.ua ($100.50 in chips) 
Seat 5: Christianzt1 ($100 in chips) 
Seat 6: BoyLoc0 ($105.27 in chips) 
Pon4uk.ua: posts small blind $0.50
Christianzt1: posts big blind $1
*** HOLE CARDS ***
BoyLoc0: folds 
CEZAR09: raises $1 to $2
dreimis190: folds 
b2k-Snick: folds 
Pon4uk.ua: folds 
Christianzt1: folds 
Uncalled bet ($1) returned to CEZAR09
CEZAR09 collected $2.50 from pot
CEZAR09: doesn't show hand 
*** SUMMARY ***
Total pot $2.50 | Rake $0 
Seat 1: CEZAR09 collected ($2.50)
Seat 2: dreimis190 folded before Flop (didn't bet)
Seat 3: b2k-Snick (button) folded before Flop (didn't bet)
Seat 4: Pon4uk.ua (small blind) folded before Flop
Seat 5: Christianzt1 (big blind) folded before Flop
Seat 6: BoyLoc0 folded before Flop (didn't bet)



PokerStars Hand #254246930192:  Hold'em No Limit ($0.50/$1.00 USD) - 2025/01/07 16:45:46 WET [2025/01/07 11:45:46 ET]
Table 'Field II' 6-max Seat #4 is the button
Seat 1: CEZAR09 ($56.95 in chips) 
Seat 2: dreimis190 ($124.89 in chips) 
Seat 3: b2k-Snick ($138.36 in chips) 
Seat 4: Pon4uk.ua ($100 in chips) 
Seat 5: Christianzt1 ($100 in chips) 
Seat 6: BoyLoc0 ($105.27 in chips) 
Christianzt1: posts small blind $0.50
BoyLoc0: posts big blind $1
*** HOLE CARDS ***
CEZAR09: raises $1 to $2
dreimis190: folds 
b2k-Snick: folds 
Pon4uk.ua: folds 
Christianzt1: folds 
BoyLoc0: folds 
Uncalled bet ($1) returned to CEZAR09
CEZAR09 collected $2.50 from pot
CEZAR09: doesn't show hand 
*** SUMMARY ***
Total pot $2.50 | Rake $0 
Seat 1: CEZAR09 collected ($2.50)
Seat 2: dreimis190 folded before Flop (didn't bet)
Seat 3: b2k-Snick folded before Flop (didn't bet)
Seat 4: Pon4uk.ua (button) folded before Flop (didn't bet)
Seat 5: Christianzt1 (small blind) folded before Flop
Seat 6: BoyLoc0 (big blind) folded before Flop



PokerStars Hand #254246936248:  Hold'em No Limit ($0.50/$1.00 USD) - 2025/01/07 16:46:12 WET [2025/01/07 11:46:12 ET]
Table 'Field II' 6-max Seat #5 is the button
Seat 1: CEZAR09 ($58.45 in chips) 
Seat 2: dreimis190 ($124.89 in chips) 
Seat 3: b2k-Snick ($138.36 in chips) 
Seat 4: Pon4uk.ua ($100 in chips) 
Seat 5: Christianzt1 ($100 in chips) 
Seat 6: BoyLoc0 ($104.27 in chips) 
BoyLoc0: posts small blind $0.50
CEZAR09: posts big blind $1
*** HOLE CARDS ***
dreimis190: folds 
b2k-Snick: raises $1.10 to $2.10
Pon4uk.ua: calls $2.10
Christianzt1: folds 
BoyLoc0: folds 
CEZAR09: folds 
*** FLOP *** [Th 5c 9d]
b2k-Snick: checks 
Pon4uk.ua: checks 
*** TURN *** [Th 5c 9d] [3h]
b2k-Snick: bets $7.50
Pon4uk.ua: calls $7.50
*** RIVER *** [Th 5c 9d 3h] [9c]
b2k-Snick: checks 
Pon4uk.ua: bets $24
b2k-Snick: folds 
Uncalled bet ($24) returned to Pon4uk.ua
Pon4uk.ua collected $19.66 from pot
Pon4uk.ua: doesn't show hand 
*** SUMMARY ***
Total pot $20.70 | Rake $1.04 
Board [Th 5c 9d 3h 9c]
Seat 1: CEZAR09 (big blind) folded before Flop
Seat 2: dreimis190 folded before Flop (didn't bet)
Seat 3: b2k-Snick folded on the River
Seat 4: Pon4uk.ua collected ($19.66)
Seat 5: Christianzt1 (button) folded before Flop (didn't bet)
Seat 6: BoyLoc0 (small blind) folded before Flop



PokerStars Hand #254246953997:  Hold'em No Limit ($0.50/$1.00 USD) - 2025/01/07 16:47:26 WET [2025/01/07 11:47:26 ET]
Table 'Field II' 6-max Seat #6 is the button
Seat 1: CEZAR09 ($57.45 in chips) 
Seat 2: dreimis190 ($124.89 in chips) 
Seat 3: b2k-Snick ($128.76 in chips) 
Seat 4: Pon4uk.ua ($110.06 in chips) 
Seat 5: Christianzt1 ($100 in chips) 
Seat 6: BoyLoc0 ($103.77 in chips) 
CEZAR09: posts small blind $0.50
dreimis190: posts big blind $1
*** HOLE CARDS ***
b2k-Snick: folds 
Pon4uk.ua: folds 
Christianzt1: folds 
BoyLoc0: folds 
CEZAR09: raises $1 to $2
dreimis190: calls $1
*** FLOP *** [Jd 8s 5h]
CEZAR09: bets $2
dreimis190: folds 
Uncalled bet ($2) returned to CEZAR09
CEZAR09 collected $3.80 from pot
CEZAR09: doesn't show hand 
*** SUMMARY ***
Total pot $4 | Rake $0.20 
Board [Jd 8s 5h]
Seat 1: CEZAR09 (small blind) collected ($3.80)
Seat 2: dreimis190 (big blind) folded on the Flop
Seat 3: b2k-Snick folded before Flop (didn't bet)
Seat 4: Pon4uk.ua folded before Flop (didn't bet)
Seat 5: Christianzt1 folded before Flop (didn't bet)
Seat 6: BoyLoc0 (button) folded before Flop (didn't bet)



PokerStars Hand #254246963924:  Hold'em No Limit ($0.50/$1.00 USD) - 2025/01/07 16:48:08 WET [2025/01/07 11:48:08 ET]
Table 'Field II' 6-max Seat #1 is the button
Seat 3: b2k-Snick ($128.76 in chips) is sitting out
Seat 1: CEZAR09 ($59.25 in chips) 
Seat 2: dreimis190 ($122.89 in chips) 
Seat 4: Pon4uk.ua ($110.06 in chips) 
Seat 5: Christianzt1 ($100 in chips) 
Seat 6: BoyLoc0 ($103.77 in chips) 
dreimis190: posts small blind $0.50
b2k-Snick: is sitting out 
Pon4uk.ua: posts big blind $1
*** HOLE CARDS ***
b2k-Snick leaves the table
Christianzt1: folds 
BoyLoc0: folds 
CEZAR09: folds 
dreimis190: raises $2 to $3
Pon4uk.ua: calls $2
*** FLOP *** [7c 6d Qs]
dreimis190: checks 
Pon4uk.ua: checks 
*** TURN *** [7c 6d Qs] [Ks]
xcinaz joins the table at seat #3 
dreimis190: checks 
Pon4uk.ua: checks 
*** RIVER *** [7c 6d Qs Ks] [3s]
dreimis190: bets $2.35
Pon4uk.ua: folds 
Uncalled bet ($2.35) returned to dreimis190
dreimis190 collected $5.70 from pot
dreimis190: doesn't show hand 
*** SUMMARY ***
Total pot $6 | Rake $0.30 
Board [7c 6d Qs Ks 3s]
Seat 3: b2k-Snick
Seat 1: CEZAR09 (button) folded before Flop (didn't bet)
Seat 2: dreimis190 (small blind) collected ($5.70)
Seat 4: Pon4uk.ua (big blind) folded on the River
Seat 5: Christianzt1 folded before Flop (didn't bet)
Seat 6: BoyLoc0 folded before Flop (didn't bet)



PokerStars Hand #254246977337:  Hold'em No Limit ($0.50/$1.00 USD) - 2025/01/07 16:49:04 WET [2025/01/07 11:49:04 ET]
Table 'Field II' 6-max Seat #2 is the button
Seat 3: xcinaz ($100 in chips) is sitting out
Seat 1: CEZAR09 ($59.25 in chips) 
Seat 2: dreimis190 ($125.59 in chips) 
Seat 4: Pon4uk.ua ($107.06 in chips) 
Seat 5: Christianzt1 ($100 in chips) 
Seat 6: BoyLoc0 ($103.77 in chips) 
Pon4uk.ua: posts small blind $0.50
Christianzt1: posts big blind $1
*** HOLE CARDS ***
BoyLoc0: folds 
CEZAR09: folds 
dreimis190: raises $1.50 to $2.50
Pon4uk.ua: folds 
Christianzt1: raises $10.50 to $13
dreimis190: raises $14.50 to $27.50
Christianzt1: folds 
Uncalled bet ($14.50) returned to dreimis190
dreimis190 collected $26.50 from pot
dreimis190: doesn't show hand 
*** SUMMARY ***
Total pot $26.50 | Rake $0 
Seat 3: xcinaz
Seat 1: CEZAR09 folded before Flop (didn't bet)
Seat 2: dreimis190 (button) collected ($26.50)
Seat 4: Pon4uk.ua (small blind) folded before Flop
Seat 5: Christianzt1 (big blind) folded before Flop
Seat 6: BoyLoc0 folded before Flop (didn't bet)



PokerStars Hand #254246989074:  Hold'em No Limit ($0.50/$1.00 USD) - 2025/01/07 16:49:52 WET [2025/01/07 11:49:52 ET]
Table 'Field II' 6-max Seat #4 is the button
Seat 3: xcinaz ($100 in chips) is sitting out
Seat 1: CEZAR09 ($59.25 in chips) 
Seat 2: dreimis190 ($139.09 in chips) 
Seat 4: Pon4uk.ua ($106.56 in chips) 
Seat 5: Christianzt1 ($100 in chips) 
Seat 6: BoyLoc0 ($103.77 in chips) 
Christianzt1: posts small blind $0.50
BoyLoc0: posts big blind $1
xcinaz: sits out 
*** HOLE CARDS ***
CEZAR09: raises $1 to $2
dreimis190: folds 
Pon4uk.ua: raises $4.50 to $6.50
Christianzt1: folds 
BoyLoc0: folds 
CEZAR09: calls $4.50
*** FLOP *** [Ad Kd 7s]
CEZAR09: checks 
Pon4uk.ua: checks 
*** TURN *** [Ad Kd 7s] [8h]
CEZAR09: bets $6
Pon4uk.ua: calls $6
*** RIVER *** [Ad Kd 7s 8h] [Ks]
CEZAR09: bets $17
Pon4uk.ua: folds 
Uncalled bet ($17) returned to CEZAR09
CEZAR09 collected $25.18 from pot
CEZAR09: doesn't show hand 
*** SUMMARY ***
Total pot $26.50 | Rake $1.32 
Board [Ad Kd 7s 8h Ks]
Seat 3: xcinaz
Seat 1: CEZAR09 collected ($25.18)
Seat 2: dreimis190 folded before Flop (didn't bet)
Seat 4: Pon4uk.ua (button) folded on the River
Seat 5: Christianzt1 (small blind) folded before Flop
Seat 6: BoyLoc0 (big blind) folded before Flop



PokerStars Hand #254246998676:  Hold'em No Limit ($0.50/$1.00 USD) - 2025/01/07 16:50:32 WET [2025/01/07 11:50:32 ET]
Table 'Field II' 6-max Seat #5 is the button
Seat 3: xcinaz ($100 in chips) is sitting out
Seat 1: CEZAR09 ($71.93 in chips) 
Seat 2: dreimis190 ($139.09 in chips) 
Seat 4: Pon4uk.ua ($100 in chips) 
Seat 5: Christianzt1 ($100 in chips) 
Seat 6: BoyLoc0 ($102.77 in chips) 
BoyLoc0: posts small blind $0.50
CEZAR09: posts big blind $1
xcinaz: sits out 
*** HOLE CARDS ***
dreimis190: raises $1 to $2
Pon4uk.ua: folds 
Christianzt1: folds 
BoyLoc0: folds 
CEZAR09: calls $1
*** FLOP *** [9h Qc Ts]
CEZAR09: checks 
dreimis190: bets $2.14
CEZAR09: folds 
Uncalled bet ($2.14) returned to dreimis190
dreimis190 collected $4.28 from pot
dreimis190: doesn't show hand 
*** SUMMARY ***
Total pot $4.50 | Rake $0.22 
Board [9h Qc Ts]
Seat 3: xcinaz
Seat 1: CEZAR09 (big blind) folded on the Flop
Seat 2: dreimis190 collected ($4.28)
Seat 4: Pon4uk.ua folded before Flop (didn't bet)
Seat 5: Christianzt1 (button) folded before Flop (didn't bet)
Seat 6: BoyLoc0 (small blind) folded before Flop



PokerStars Hand #254247003210:  Hold'em No Limit ($0.50/$1.00 USD) - 2025/01/07 16:50:51 WET [2025/01/07 11:50:51 ET]
Table 'Field II' 6-max Seat #6 is the button
Seat 3: xcinaz ($100 in chips) is sitting out
Seat 1: CEZAR09 ($69.93 in chips) 
Seat 2: dreimis190 ($141.37 in chips) 
Seat 4: Pon4uk.ua ($100 in chips) 
Seat 5: Christianzt1 ($100 in chips) 
Seat 6: BoyLoc0 ($102.27 in chips) 
CEZAR09: posts small blind $0.50
dreimis190: posts big blind $1
xcinaz: sits out 
*** HOLE CARDS ***
Pon4uk.ua: raises $1 to $2
Christianzt1: folds 
BoyLoc0: folds 
CEZAR09: folds 
dreimis190: calls $1
*** FLOP *** [Th 4s Qs]
dreimis190: checks 
Pon4uk.ua: bets $3.21
dreimis190: calls $3.21
*** TURN *** [Th 4s Qs] [Ac]
dreimis190: checks 
Pon4uk.ua: bets $14
dreimis190: folds 
Uncalled bet ($14) returned to Pon4uk.ua
Pon4uk.ua collected $10.37 from pot
Pon4uk.ua: doesn't show hand 
*** SUMMARY ***
Total pot $10.92 | Rake $0.55 
Board [Th 4s Qs Ac]
Seat 3: xcinaz
Seat 1: CEZAR09 (small blind) folded before Flop
Seat 2: dreimis190 (big blind) folded on the Turn
Seat 4: Pon4uk.ua collected ($10.37)
Seat 5: Christianzt1 folded before Flop (didn't bet)
Seat 6: BoyLoc0 (button) folded before Flop (didn't bet)



PokerStars Hand #254247016098:  Hold'em No Limit ($0.50/$1.00 USD) - 2025/01/07 16:51:45 WET [2025/01/07 11:51:45 ET]
Table 'Field II' 6-max Seat #1 is the button
Seat 1: CEZAR09 ($69.43 in chips) 
Seat 2: dreimis190 ($136.16 in chips) 
Seat 3: xcinaz ($100 in chips) 
Seat 4: Pon4uk.ua ($105.16 in chips) 
Seat 5: Christianzt1 ($100 in chips) 
Seat 6: BoyLoc0 ($102.27 in chips) 
dreimis190: posts small blind $0.50
xcinaz: posts big blind $1
*** HOLE CARDS ***
Pon4uk.ua: folds 
Christianzt1: raises $1.40 to $2.40
BoyLoc0: folds 
CEZAR09: folds 
dreimis190: folds 
xcinaz: folds 
Uncalled bet ($1.40) returned to Christianzt1
Christianzt1 collected $2.50 from pot
*** SUMMARY ***
Total pot $2.50 | Rake $0 
Seat 1: CEZAR09 (button) folded before Flop (didn't bet)
Seat 2: dreimis190 (small blind) folded before Flop
Seat 3: xcinaz (big blind) folded before Flop
Seat 4: Pon4uk.ua folded before Flop (didn't bet)
Seat 5: Christianzt1 collected ($2.50)
Seat 6: BoyLoc0 folded before Flop (didn't bet)



PokerStars Hand #254247022383:  Hold'em No Limit ($0.50/$1.00 USD) - 2025/01/07 16:52:11 WET [2025/01/07 11:52:11 ET]
Table 'Field II' 6-max Seat #2 is the button
Seat 1: CEZAR09 ($69.43 in chips) 
Seat 2: dreimis190 ($135.66 in chips) 
Seat 3: xcinaz ($100 in chips) 
Seat 4: Pon4uk.ua ($105.16 in chips) 
Seat 5: Christianzt1 ($101.50 in chips) 
Seat 6: BoyLoc0 ($102.27 in chips) 
xcinaz: posts small blind $0.50
Pon4uk.ua: posts big blind $1
*** HOLE CARDS ***
Christianzt1: folds 
BoyLoc0: folds 
CEZAR09: raises $2 to $3
dreimis190: folds 
xcinaz: folds 
Pon4uk.ua: calls $2
*** FLOP *** [Kc 8s 9h]
Pon4uk.ua: checks 
CEZAR09: bets $5
Pon4uk.ua: folds 
Uncalled bet ($5) returned to CEZAR09
CEZAR09 collected $6.18 from pot
CEZAR09: doesn't show hand 
*** SUMMARY ***
Total pot $6.50 | Rake $0.32 
Board [Kc 8s 9h]
Seat 1: CEZAR09 collected ($6.18)
Seat 2: dreimis190 (button) folded before Flop (didn't bet)
Seat 3: xcinaz (small blind) folded before Flop
Seat 4: Pon4uk.ua (big blind) folded on the Flop
Seat 5: Christianzt1 folded before Flop (didn't bet)
Seat 6: BoyLoc0 folded before Flop (didn't bet)



PokerStars Hand #254247028349:  Hold'em No Limit ($0.50/$1.00 USD) - 2025/01/07 16:52:36 WET [2025/01/07 11:52:36 ET]
Table 'Field II' 6-max Seat #3 is the button
Seat 1: CEZAR09 ($72.61 in chips) 
Seat 2: dreimis190 ($135.66 in chips) 
Seat 3: xcinaz ($100 in chips) 
Seat 4: Pon4uk.ua ($102.16 in chips) 
Seat 5: Christianzt1 ($101.50 in chips) 
Seat 6: BoyLoc0 ($102.27 in chips) 
Pon4uk.ua: posts small blind $0.50
Christianzt1: posts big blind $1
*** HOLE CARDS ***
BoyLoc0: folds 
CEZAR09: folds 
dreimis190: folds 
xcinaz: folds 
Pon4uk.ua: raises $1.75 to $2.75
Christianzt1: folds 
Uncalled bet ($1.75) returned to Pon4uk.ua
Pon4uk.ua collected $2 from pot
Pon4uk.ua: doesn't show hand 
*** SUMMARY ***
Total pot $2 | Rake $0 
Seat 1: CEZAR09 folded before Flop (didn't bet)
Seat 2: dreimis190 folded before Flop (didn't bet)
Seat 3: xcinaz (button) folded before Flop (didn't bet)
Seat 4: Pon4uk.ua (small blind) collected ($2)
Seat 5: Christianzt1 (big blind) folded before Flop
Seat 6: BoyLoc0 folded before Flop (didn't bet)



PokerStars Hand #254247033000:  Hold'em No Limit ($0.50/$1.00 USD) - 2025/01/07 16:52:55 WET [2025/01/07 11:52:55 ET]
Table 'Field II' 6-max Seat #4 is the button
Seat 1: CEZAR09 ($72.61 in chips) 
Seat 2: dreimis190 ($135.66 in chips) 
Seat 3: xcinaz ($100 in chips) 
Seat 4: Pon4uk.ua ($103.16 in chips) 
Seat 5: Christianzt1 ($100.50 in chips) 
Seat 6: BoyLoc0 ($102.27 in chips) 
Christianzt1: posts small blind $0.50
BoyLoc0: posts big blind $1
*** HOLE CARDS ***
CEZAR09: raises $1 to $2
dreimis190: folds 
xcinaz: folds 
Pon4uk.ua has timed out
Pon4uk.ua: folds 
Christianzt1: folds 
BoyLoc0: calls $1
*** FLOP *** [5s As Jc]
BoyLoc0: checks 
CEZAR09: checks 
*** TURN *** [5s As Jc] [4s]
BoyLoc0: bets $3.21
CEZAR09: folds 
Uncalled bet ($3.21) returned to BoyLoc0
BoyLoc0 collected $4.28 from pot
BoyLoc0: doesn't show hand 
*** SUMMARY ***
Total pot $4.50 | Rake $0.22 
Board [5s As Jc 4s]
Seat 1: CEZAR09 folded on the Turn
Seat 2: dreimis190 folded before Flop (didn't bet)
Seat 3: xcinaz folded before Flop (didn't bet)
Seat 4: Pon4uk.ua (button) folded before Flop (didn't bet)
Seat 5: Christianzt1 (small blind) folded before Flop
Seat 6: BoyLoc0 (big blind) collected ($4.28)



PokerStars Hand #254247044188:  Hold'em No Limit ($0.50/$1.00 USD) - 2025/01/07 16:53:42 WET [2025/01/07 11:53:42 ET]
Table 'Field II' 6-max Seat #5 is the button
Seat 1: CEZAR09 ($70.61 in chips) 
Seat 2: dreimis190 ($135.66 in chips) 
Seat 3: xcinaz ($100 in chips) 
Seat 4: Pon4uk.ua ($103.16 in chips) 
Seat 5: Christianzt1 ($100 in chips) 
Seat 6: BoyLoc0 ($104.55 in chips) 
BoyLoc0: posts small blind $0.50
CEZAR09: posts big blind $1
*** HOLE CARDS ***
dreimis190: raises $1 to $2
xcinaz: folds 
Pon4uk.ua: folds 
Christianzt1: folds 
BoyLoc0: raises $7 to $9
CEZAR09: folds 
dreimis190: calls $7
*** FLOP *** [Qd 2h Th]
BoyLoc0: bets $5.96
dreimis190: folds 
Uncalled bet ($5.96) returned to BoyLoc0
BoyLoc0 collected $18.05 from pot
BoyLoc0: doesn't show hand 
*** SUMMARY ***
Total pot $19 | Rake $0.95 
Board [Qd 2h Th]
Seat 1: CEZAR09 (big blind) folded before Flop
Seat 2: dreimis190 folded on the Flop
Seat 3: xcinaz folded before Flop (didn't bet)
Seat 4: Pon4uk.ua folded before Flop (didn't bet)
Seat 5: Christianzt1 (button) folded before Flop (didn't bet)
Seat 6: BoyLoc0 (small blind) collected ($18.05)



PokerStars Hand #254247055534:  Hold'em No Limit ($0.50/$1.00 USD) - 2025/01/07 16:54:28 WET [2025/01/07 11:54:28 ET]
Table 'Field II' 6-max Seat #6 is the button
Seat 1: CEZAR09 ($69.61 in chips) 
Seat 2: dreimis190 ($126.66 in chips) 
Seat 3: xcinaz ($100 in chips) 
Seat 4: Pon4uk.ua ($103.16 in chips) 
Seat 5: Christianzt1 ($100 in chips) 
Seat 6: BoyLoc0 ($113.60 in chips) 
CEZAR09: posts small blind $0.50
dreimis190: posts big blind $1
*** HOLE CARDS ***
xcinaz: folds 
Pon4uk.ua: raises $1 to $2
Christianzt1: folds 
BoyLoc0: folds 
CEZAR09: calls $1.50
dreimis190: folds 
*** FLOP *** [7c 3d 5d]
CEZAR09: checks 
Pon4uk.ua: bets $2
CEZAR09: calls $2
*** TURN *** [7c 3d 5d] [Kh]
CEZAR09: checks 
Pon4uk.ua: checks 
*** RIVER *** [7c 3d 5d Kh] [8d]
CEZAR09: checks 
Pon4uk.ua: checks 
*** SHOW DOWN ***
CEZAR09: shows [Ad 5s] (a pair of Fives)
Pon4uk.ua: mucks hand 
CEZAR09 collected $8.55 from pot
*** SUMMARY ***
Total pot $9 | Rake $0.45 
Board [7c 3d 5d Kh 8d]
Seat 1: CEZAR09 (small blind) showed [Ad 5s] and won ($8.55) with a pair of Fives
Seat 2: dreimis190 (big blind) folded before Flop
Seat 3: xcinaz folded before Flop (didn't bet)
Seat 4: Pon4uk.ua mucked
Seat 5: Christianzt1 folded before Flop (didn't bet)
Seat 6: BoyLoc0 (button) folded before Flop (didn't bet)



PokerStars Hand #254247066470:  Hold'em No Limit ($0.50/$1.00 USD) - 2025/01/07 16:55:15 WET [2025/01/07 11:55:15 ET]
Table 'Field II' 6-max Seat #1 is the button
Seat 1: CEZAR09 ($74.16 in chips) 
Seat 2: dreimis190 ($125.66 in chips) 
Seat 3: xcinaz ($100 in chips) 
Seat 4: Pon4uk.ua ($100 in chips) 
Seat 5: Christianzt1 ($100 in chips) 
Seat 6: BoyLoc0 ($113.60 in chips) 
dreimis190: posts small blind $0.50
xcinaz: posts big blind $1
*** HOLE CARDS ***
Pon4uk.ua: folds 
Christianzt1: raises $3 to $4
BoyLoc0: folds 
CEZAR09: folds 
dreimis190: folds 
xcinaz: folds 
Uncalled bet ($3) returned to Christianzt1
Christianzt1 collected $2.50 from pot
*** SUMMARY ***
Total pot $2.50 | Rake $0 
Seat 1: CEZAR09 (button) folded before Flop (didn't bet)
Seat 2: dreimis190 (small blind) folded before Flop
Seat 3: xcinaz (big blind) folded before Flop
Seat 4: Pon4uk.ua folded before Flop (didn't bet)
Seat 5: Christianzt1 collected ($2.50)
Seat 6: BoyLoc0 folded before Flop (didn't bet)



PokerStars Hand #254247069345:  Hold'em No Limit ($0.50/$1.00 USD) - 2025/01/07 16:55:30 WET [2025/01/07 11:55:30 ET]
Table 'Field II' 6-max Seat #2 is the button
Seat 1: CEZAR09 ($74.16 in chips) 
Seat 2: dreimis190 ($125.16 in chips) 
Seat 3: xcinaz ($100 in chips) 
Seat 4: Pon4uk.ua ($100 in chips) 
Seat 5: Christianzt1 ($101.50 in chips) 
Seat 6: BoyLoc0 ($113.60 in chips) 
xcinaz: posts small blind $0.50
Pon4uk.ua: posts big blind $1
*** HOLE CARDS ***
Christianzt1: folds 
BoyLoc0: folds 
CEZAR09: raises $1 to $2
dreimis190: folds 
xcinaz: folds 
Pon4uk.ua: calls $1
*** FLOP *** [Kh 3s Jh]
Pon4uk.ua: checks 
CEZAR09: bets $2
Pon4uk.ua: folds 
Uncalled bet ($2) returned to CEZAR09
CEZAR09 collected $4.28 from pot
CEZAR09: doesn't show hand 
*** SUMMARY ***
Total pot $4.50 | Rake $0.22 
Board [Kh 3s Jh]
Seat 1: CEZAR09 collected ($4.28)
Seat 2: dreimis190 (button) folded before Flop (didn't bet)
Seat 3: xcinaz (small blind) folded before Flop
Seat 4: Pon4uk.ua (big blind) folded on the Flop
Seat 5: Christianzt1 folded before Flop (didn't bet)
Seat 6: BoyLoc0 folded before Flop (didn't bet)



PokerStars Hand #254247074934:  Hold'em No Limit ($0.50/$1.00 USD) - 2025/01/07 16:56:01 WET [2025/01/07 11:56:01 ET]
Table 'Field II' 6-max Seat #3 is the button
Seat 1: CEZAR09 ($76.44 in chips) 
Seat 2: dreimis190 ($125.16 in chips) 
Seat 3: xcinaz ($100 in chips) 
Seat 4: Pon4uk.ua ($100 in chips) 
Seat 5: Christianzt1 ($101.50 in chips) 
Seat 6: BoyLoc0 ($113.60 in chips) 
Pon4uk.ua: posts small blind $0.50
Christianzt1: posts big blind $1
*** HOLE CARDS ***
BoyLoc0: raises $1.50 to $2.50
CEZAR09: calls $2.50
dreimis190: folds 
xcinaz: folds 
Pon4uk.ua: folds 
Christianzt1: folds 
*** FLOP *** [7c Ah Kd]
BoyLoc0: bets $3.09
CEZAR09: folds 
Uncalled bet ($3.09) returned to BoyLoc0
BoyLoc0 collected $6.18 from pot
BoyLoc0: doesn't show hand 
*** SUMMARY ***
Total pot $6.50 | Rake $0.32 
Board [7c Ah Kd]
Seat 1: CEZAR09 folded on the Flop
Seat 2: dreimis190 folded before Flop (didn't bet)
Seat 3: xcinaz (button) folded before Flop (didn't bet)
Seat 4: Pon4uk.ua (small blind) folded before Flop
Seat 5: Christianzt1 (big blind) folded before Flop
Seat 6: BoyLoc0 collected ($6.18)



PokerStars Hand #254247079364:  Hold'em No Limit ($0.50/$1.00 USD) - 2025/01/07 16:56:25 WET [2025/01/07 11:56:25 ET]
Table 'Field II' 6-max Seat #4 is the button
Seat 1: CEZAR09 ($73.94 in chips) 
Seat 2: dreimis190 ($125.16 in chips) 
Seat 3: xcinaz ($100 in chips) 
Seat 4: Pon4uk.ua ($100 in chips) 
Seat 5: Christianzt1 ($100.50 in chips) 
Seat 6: BoyLoc0 ($117.28 in chips) 
Christianzt1: posts small blind $0.50
BoyLoc0: posts big blind $1
*** HOLE CARDS ***
CEZAR09: raises $1 to $2
dreimis190: folds 
xcinaz: folds 
Pon4uk.ua: folds 
Christianzt1: raises $4 to $6
BoyLoc0: folds 
CEZAR09: calls $4
*** FLOP *** [Ts Js 9s]
Christianzt1: checks 
CEZAR09: checks 
*** TURN *** [Ts Js 9s] [Kd]
Christianzt1: bets $3
CEZAR09: calls $3
*** RIVER *** [Ts Js 9s Kd] [4s]
Christianzt1: checks 
CEZAR09: bets $10
Christianzt1: folds 
Uncalled bet ($10) returned to CEZAR09
CEZAR09 collected $18.05 from pot
CEZAR09: doesn't show hand 
*** SUMMARY ***
Total pot $19 | Rake $0.95 
Board [Ts Js 9s Kd 4s]
Seat 1: CEZAR09 collected ($18.05)
Seat 2: dreimis190 folded before Flop (didn't bet)
Seat 3: xcinaz folded before Flop (didn't bet)
Seat 4: Pon4uk.ua (button) folded before Flop (didn't bet)
Seat 5: Christianzt1 (small blind) folded on the River
Seat 6: BoyLoc0 (big blind) folded before Flop



PokerStars Hand #254247094545:  Hold'em No Limit ($0.50/$1.00 USD) - 2025/01/07 16:57:46 WET [2025/01/07 11:57:46 ET]
Table 'Field II' 6-max Seat #5 is the button
Seat 1: CEZAR09 ($82.99 in chips) 
Seat 2: dreimis190 ($125.16 in chips) 
Seat 3: xcinaz ($100 in chips) 
Seat 4: Pon4uk.ua ($100 in chips) 
Seat 5: Christianzt1 ($100 in chips) 
Seat 6: BoyLoc0 ($116.28 in chips) 
BoyLoc0: posts small blind $0.50
CEZAR09: posts big blind $1
*** HOLE CARDS ***
dreimis190: folds 
xcinaz: raises $1 to $2
Pon4uk.ua: folds 
Christianzt1: raises $5 to $7
BoyLoc0: folds 
CEZAR09: folds 
xcinaz: folds 
Uncalled bet ($5) returned to Christianzt1
Christianzt1 collected $5.50 from pot
*** SUMMARY ***
Total pot $5.50 | Rake $0 
Seat 1: CEZAR09 (big blind) folded before Flop
Seat 2: dreimis190 folded before Flop (didn't bet)
Seat 3: xcinaz folded before Flop
Seat 4: Pon4uk.ua folded before Flop (didn't bet)
Seat 5: Christianzt1 (button) collected ($5.50)
Seat 6: BoyLoc0 (small blind) folded before Flop



PokerStars Hand #254247100147:  Hold'em No Limit ($0.50/$1.00 USD) - 2025/01/07 16:58:16 WET [2025/01/07 11:58:16 ET]
Table 'Field II' 6-max Seat #6 is the button
Seat 1: CEZAR09 ($81.99 in chips) 
Seat 2: dreimis190 ($125.16 in chips) 
Seat 3: xcinaz ($100 in chips) 
Seat 4: Pon4uk.ua ($100 in chips) 
Seat 5: Christianzt1 ($103.50 in chips) 
Seat 6: BoyLoc0 ($115.78 in chips) 
CEZAR09: posts small blind $0.50
dreimis190: posts big blind $1
*** HOLE CARDS ***
xcinaz: raises $1 to $2
Pon4uk.ua: folds 
Christianzt1: folds 
BoyLoc0: raises $5 to $7
CEZAR09: folds 
dreimis190: folds 
xcinaz: folds 
Uncalled bet ($5) returned to BoyLoc0
BoyLoc0 collected $5.50 from pot
BoyLoc0: doesn't show hand 
*** SUMMARY ***
Total pot $5.50 | Rake $0 
Seat 1: CEZAR09 (small blind) folded before Flop
Seat 2: dreimis190 (big blind) folded before Flop
Seat 3: xcinaz folded before Flop
Seat 4: Pon4uk.ua folded before Flop (didn't bet)
Seat 5: Christianzt1 folded before Flop (didn't bet)
Seat 6: BoyLoc0 (button) collected ($5.50)



PokerStars Hand #254247105501:  Hold'em No Limit ($0.50/$1.00 USD) - 2025/01/07 16:58:45 WET [2025/01/07 11:58:45 ET]
Table 'Field II' 6-max Seat #1 is the button
Seat 1: CEZAR09 ($81.49 in chips) 
Seat 2: dreimis190 ($124.16 in chips) 
Seat 3: xcinaz ($100 in chips) 
Seat 4: Pon4uk.ua ($100 in chips) 
Seat 5: Christianzt1 ($103.50 in chips) 
Seat 6: BoyLoc0 ($119.28 in chips) 
dreimis190: posts small blind $0.50
xcinaz: posts big blind $1
*** HOLE CARDS ***
Pon4uk.ua: folds 
Christianzt1: folds 
BoyLoc0: raises $1.50 to $2.50
CEZAR09: folds 
dreimis190: folds 
xcinaz: calls $1.50
*** FLOP *** [Ah Qh 6s]
xcinaz: checks 
BoyLoc0: bets $1.72
xcinaz: folds 
Uncalled bet ($1.72) returned to BoyLoc0
BoyLoc0 collected $5.22 from pot
BoyLoc0: doesn't show hand 
*** SUMMARY ***
Total pot $5.50 | Rake $0.28 
Board [Ah Qh 6s]
Seat 1: CEZAR09 (button) folded before Flop (didn't bet)
Seat 2: dreimis190 (small blind) folded before Flop
Seat 3: xcinaz (big blind) folded on the Flop
Seat 4: Pon4uk.ua folded before Flop (didn't bet)
Seat 5: Christianzt1 folded before Flop (didn't bet)
Seat 6: BoyLoc0 collected ($5.22)



PokerStars Hand #254247113055:  Hold'em No Limit ($0.50/$1.00 USD) - 2025/01/07 16:59:25 WET [2025/01/07 11:59:25 ET]
Table 'Field II' 6-max Seat #2 is the button
Seat 4: Pon4uk.ua ($100 in chips) is sitting out
Seat 1: CEZAR09 ($81.49 in chips) 
Seat 2: dreimis190 ($123.66 in chips) 
Seat 3: xcinaz ($100 in chips) 
Seat 5: Christianzt1 ($103.50 in chips) 
Seat 6: BoyLoc0 ($122 in chips) 
xcinaz: posts small blind $0.50
Pon4uk.ua: is sitting out 
Pon4uk.ua leaves the table
Christianzt1: posts big blind $1
*** HOLE CARDS ***
BoyLoc0: folds 
CEZAR09: raises $1 to $2
OhMuckItPlz joins the table at seat #4 
dreimis190: raises $5 to $7
xcinaz: folds 
Christianzt1: folds 
CEZAR09: folds 
Uncalled bet ($5) returned to dreimis190
dreimis190 collected $5.50 from pot
dreimis190: doesn't show hand 
*** SUMMARY ***
Total pot $5.50 | Rake $0 
Seat 4: Pon4uk.ua
Seat 1: CEZAR09 folded before Flop
Seat 2: dreimis190 (button) collected ($5.50)
Seat 3: xcinaz (small blind) folded before Flop
Seat 5: Christianzt1 (big blind) folded before Flop
Seat 6: BoyLoc0 folded before Flop (didn't bet)



PokerStars Hand #254247116841:  Hold'em No Limit ($0.50/$1.00 USD) - 2025/01/07 16:59:45 WET [2025/01/07 11:59:45 ET]
Table 'Field II' 6-max Seat #3 is the button
Seat 4: OhMuckItPlz ($100 in chips) is sitting out
Seat 1: CEZAR09 ($79.49 in chips) 
Seat 2: dreimis190 ($127.16 in chips) 
Seat 3: xcinaz ($100 in chips) 
Seat 5: Christianzt1 ($102.50 in chips) 
Seat 6: BoyLoc0 ($122 in chips) 
Christianzt1: posts small blind $0.50
BoyLoc0: posts big blind $1
*** HOLE CARDS ***
CEZAR09: raises $1 to $2
dreimis190: raises $4.50 to $6.50
xcinaz: folds 
Christianzt1: folds 
BoyLoc0: folds 
CEZAR09: calls $4.50
*** FLOP *** [3d 7c Kd]
CEZAR09: checks 
dreimis190: bets $5.50
CEZAR09: calls $5.50
*** TURN *** [3d 7c Kd] [4c]
CEZAR09: checks 
dreimis190: bets $24.22
CEZAR09: folds 
Uncalled bet ($24.22) returned to dreimis190
dreimis190 collected $24.22 from pot
dreimis190: doesn't show hand 
*** SUMMARY ***
Total pot $25.50 | Rake $1.28 
Board [3d 7c Kd 4c]
Seat 4: OhMuckItPlz
Seat 1: CEZAR09 folded on the Turn
Seat 2: dreimis190 collected ($24.22)
Seat 3: xcinaz (button) folded before Flop (didn't bet)
Seat 5: Christianzt1 (small blind) folded before Flop
Seat 6: BoyLoc0 (big blind) folded before Flop



PokerStars Hand #254247127692:  Hold'em No Limit ($0.50/$1.00 USD) - 2025/01/07 17:00:42 WET [2025/01/07 12:00:42 ET]
Table 'Field II' 6-max Seat #5 is the button
Seat 4: OhMuckItPlz ($100 in chips) is sitting out
Seat 1: CEZAR09 ($67.49 in chips) 
Seat 2: dreimis190 ($139.38 in chips) 
Seat 3: xcinaz ($100 in chips) 
Seat 5: Christianzt1 ($102 in chips) 
Seat 6: BoyLoc0 ($121 in chips) 
BoyLoc0: posts small blind $0.50
CEZAR09: posts big blind $1
OhMuckItPlz: sits out 
*** HOLE CARDS ***
dreimis190: folds 
xcinaz: folds 
Christianzt1: folds 
BoyLoc0: raises $2 to $3
CEZAR09: folds 
Uncalled bet ($2) returned to BoyLoc0
BoyLoc0 collected $2 from pot
BoyLoc0: doesn't show hand 
*** SUMMARY ***
Total pot $2 | Rake $0 
Seat 4: OhMuckItPlz
Seat 1: CEZAR09 (big blind) folded before Flop
Seat 2: dreimis190 folded before Flop (didn't bet)
Seat 3: xcinaz folded before Flop (didn't bet)
Seat 5: Christianzt1 (button) folded before Flop (didn't bet)
Seat 6: BoyLoc0 (small blind) collected ($2)



PokerStars Hand #254247131185:  Hold'em No Limit ($0.50/$1.00 USD) - 2025/01/07 17:00:58 WET [2025/01/07 12:00:58 ET]
Table 'Field II' 6-max Seat #6 is the button
Seat 4: OhMuckItPlz ($100 in chips) is sitting out
Seat 1: CEZAR09 ($66.49 in chips) 
Seat 2: dreimis190 ($139.38 in chips) 
Seat 3: xcinaz ($100 in chips) 
Seat 5: Christianzt1 ($102 in chips) 
Seat 6: BoyLoc0 ($122 in chips) 
CEZAR09: posts small blind $0.50
dreimis190: posts big blind $1
OhMuckItPlz: sits out 
*** HOLE CARDS ***
xcinaz: folds 
Christianzt1: raises $1.40 to $2.40
BoyLoc0: folds 
CEZAR09: calls $1.90
dreimis190: folds 
*** FLOP *** [9c Jc 9s]
CEZAR09: checks 
Christianzt1: bets $2
CEZAR09: calls $2
*** TURN *** [9c Jc 9s] [6h]
CEZAR09: checks 
Christianzt1: bets $4.66
CEZAR09: folds 
Uncalled bet ($4.66) returned to Christianzt1
Christianzt1 collected $9.31 from pot
*** SUMMARY ***
Total pot $9.80 | Rake $0.49 
Board [9c Jc 9s 6h]
Seat 4: OhMuckItPlz
Seat 1: CEZAR09 (small blind) folded on the Turn
Seat 2: dreimis190 (big blind) folded before Flop
Seat 3: xcinaz folded before Flop (didn't bet)
Seat 5: Christianzt1 collected ($9.31)
Seat 6: BoyLoc0 (button) folded before Flop (didn't bet)



PokerStars Hand #254247138806:  Hold'em No Limit ($0.50/$1.00 USD) - 2025/01/07 17:01:33 WET [2025/01/07 12:01:33 ET]
Table 'Field II' 6-max Seat #1 is the button
Seat 4: OhMuckItPlz ($100 in chips) is sitting out
Seat 1: CEZAR09 ($62.09 in chips) 
Seat 2: dreimis190 ($138.38 in chips) 
Seat 3: xcinaz ($100 in chips) 
Seat 5: Christianzt1 ($106.91 in chips) 
Seat 6: BoyLoc0 ($122 in chips) 
dreimis190: posts small blind $0.50
xcinaz: posts big blind $1
OhMuckItPlz: sits out 
*** HOLE CARDS ***
Christianzt1: folds 
BoyLoc0: raises $1.50 to $2.50
CEZAR09: folds 
dreimis190: folds 
xcinaz: calls $1.50
*** FLOP *** [6d 3c 2d]
xcinaz: checks 
BoyLoc0: checks 
*** TURN *** [6d 3c 2d] [Js]
xcinaz: bets $1.72
BoyLoc0: calls $1.72
*** RIVER *** [6d 3c 2d Js] [Kh]
xcinaz: checks 
BoyLoc0: checks 
*** SHOW DOWN ***
xcinaz: shows [6h 9h] (a pair of Sixes)
BoyLoc0: mucks hand 
xcinaz collected $8.49 from pot
*** SUMMARY ***
Total pot $8.94 | Rake $0.45 
Board [6d 3c 2d Js Kh]
Seat 4: OhMuckItPlz
Seat 1: CEZAR09 (button) folded before Flop (didn't bet)
Seat 2: dreimis190 (small blind) folded before Flop
Seat 3: xcinaz (big blind) showed [6h 9h] and won ($8.49) with a pair of Sixes
Seat 5: Christianzt1 folded before Flop (didn't bet)
Seat 6: BoyLoc0 mucked



PokerStars Hand #254247155063:  Hold'em No Limit ($0.50/$1.00 USD) - 2025/01/07 17:02:44 WET [2025/01/07 12:02:44 ET]
Table 'Field II' 6-max Seat #2 is the button
Seat 1: CEZAR09 ($62.09 in chips) 
Seat 2: dreimis190 ($137.88 in chips) 
Seat 3: xcinaz ($104.27 in chips) 
Seat 4: OhMuckItPlz ($100 in chips) 
Seat 5: Christianzt1 ($106.91 in chips) 
Seat 6: BoyLoc0 ($117.78 in chips) 
xcinaz: posts small blind $0.50
OhMuckItPlz: posts big blind $1
*** HOLE CARDS ***
Christianzt1: folds 
BoyLoc0: folds 
CEZAR09: raises $2 to $3
dreimis190: raises $6 to $9
xcinaz: folds 
OhMuckItPlz: folds 
CEZAR09: calls $6
*** FLOP *** [Qs Td 3d]
CEZAR09: checks 
dreimis190: bets $4.61
CEZAR09: calls $4.61
*** TURN *** [Qs Td 3d] [3c]
CEZAR09: checks 
dreimis190: checks 
*** RIVER *** [Qs Td 3d 3c] [2c]
CEZAR09: bets $24
dreimis190: folds 
Uncalled bet ($24) returned to CEZAR09
CEZAR09 collected $27.28 from pot
CEZAR09: doesn't show hand 
*** SUMMARY ***
Total pot $28.72 | Rake $1.44 
Board [Qs Td 3d 3c 2c]
Seat 1: CEZAR09 collected ($27.28)
Seat 2: dreimis190 (button) folded on the River
Seat 3: xcinaz (small blind) folded before Flop
Seat 4: OhMuckItPlz (big blind) folded before Flop
Seat 5: Christianzt1 folded before Flop (didn't bet)
Seat 6: BoyLoc0 folded before Flop (didn't bet)



PokerStars Hand #254247179381:  Hold'em No Limit ($0.50/$1.00 USD) - 2025/01/07 17:04:24 WET [2025/01/07 12:04:24 ET]
Table 'Field II' 6-max Seat #3 is the button
Seat 1: CEZAR09 ($75.76 in chips) 
Seat 2: dreimis190 ($124.27 in chips) 
Seat 3: xcinaz ($103.77 in chips) 
Seat 4: OhMuckItPlz ($100 in chips) 
Seat 5: Christianzt1 ($106.91 in chips) 
Seat 6: BoyLoc0 ($117.78 in chips) 
OhMuckItPlz: posts small blind $0.50
Christianzt1: posts big blind $1
*** HOLE CARDS ***
BoyLoc0: folds 
CEZAR09: folds 
dreimis190: folds 
xcinaz: raises $1.50 to $2.50
OhMuckItPlz: folds 
Christianzt1: calls $1.50
*** FLOP *** [Kc Js 6d]
Christianzt1: checks 
xcinaz: checks 
*** TURN *** [Kc Js 6d] [Tc]
Christianzt1: checks 
xcinaz: bets $4.44
Christianzt1: calls $4.44
*** RIVER *** [Kc Js 6d Tc] [2d]
Christianzt1: bets $1.37
xcinaz: raises $16.63 to $18
Christianzt1: calls $16.63
*** SHOW DOWN ***
xcinaz: shows [Td Kh] (two pair, Kings and Tens)
Christianzt1: mucks hand 
xcinaz collected $47.88 from pot
*** SUMMARY ***
Total pot $50.38 | Rake $2.50 
Board [Kc Js 6d Tc 2d]
Seat 1: CEZAR09 folded before Flop (didn't bet)
Seat 2: dreimis190 folded before Flop (didn't bet)
Seat 3: xcinaz (button) showed [Td Kh] and won ($47.88) with two pair, Kings and Tens
Seat 4: OhMuckItPlz (small blind) folded before Flop
Seat 5: Christianzt1 (big blind) mucked
Seat 6: BoyLoc0 folded before Flop (didn't bet)



PokerStars Hand #254247201238:  Hold'em No Limit ($0.50/$1.00 USD) - 2025/01/07 17:05:52 WET [2025/01/07 12:05:52 ET]
Table 'Field II' 6-max Seat #4 is the button
Seat 1: CEZAR09 ($75.76 in chips) 
Seat 2: dreimis190 ($124.27 in chips) 
Seat 3: xcinaz ($126.71 in chips) 
Seat 4: OhMuckItPlz ($100 in chips) 
Seat 5: Christianzt1 ($100 in chips) 
Seat 6: BoyLoc0 ($117.78 in chips) 
Christianzt1: posts small blind $0.50
BoyLoc0: posts big blind $1
*** HOLE CARDS ***
CEZAR09: folds 
dreimis190: folds 
xcinaz: folds 
OhMuckItPlz: raises $1.50 to $2.50
Christianzt1: folds 
BoyLoc0: raises $10.50 to $13
OhMuckItPlz: raises $14 to $27
BoyLoc0: raises $90.78 to $117.78 and is all-in
OhMuckItPlz: calls $73 and is all-in
Uncalled bet ($17.78) returned to BoyLoc0
*** FLOP *** [Jd Jc 4h]
*** TURN *** [Jd Jc 4h] [7c]
*** RIVER *** [Jd Jc 4h 7c] [4c]
*** SHOW DOWN ***
BoyLoc0: shows [Ah Kh] (two pair, Jacks and Fours)
OhMuckItPlz: shows [Th Tc] (two pair, Jacks and Tens)
OhMuckItPlz collected $198 from pot
*** SUMMARY ***
Total pot $200.50 | Rake $2.50 
Board [Jd Jc 4h 7c 4c]
Seat 1: CEZAR09 folded before Flop (didn't bet)
Seat 2: dreimis190 folded before Flop (didn't bet)
Seat 3: xcinaz folded before Flop (didn't bet)
Seat 4: OhMuckItPlz (button) showed [Th Tc] and won ($198) with two pair, Jacks and Tens
Seat 5: Christianzt1 (small blind) folded before Flop
Seat 6: BoyLoc0 (big blind) showed [Ah Kh] and lost with two pair, Jacks and Fours



PokerStars Hand #254247213016:  Hold'em No Limit ($0.50/$1.00 USD) - 2025/01/07 17:06:39 WET [2025/01/07 12:06:39 ET]
Table 'Field II' 6-max Seat #5 is the button
Seat 1: CEZAR09 ($75.76 in chips) 
Seat 2: dreimis190 ($124.27 in chips) 
Seat 3: xcinaz ($126.71 in chips) 
Seat 4: OhMuckItPlz ($198 in chips) 
Seat 5: Christianzt1 ($100 in chips) 
Seat 6: BoyLoc0 ($100 in chips) 
BoyLoc0: posts small blind $0.50
CEZAR09: posts big blind $1
*** HOLE CARDS ***
dreimis190: folds 
xcinaz: folds 
OhMuckItPlz: folds 
Christianzt1: folds 
BoyLoc0: raises $2 to $3
CEZAR09: raises $6 to $9
BoyLoc0: folds 
Uncalled bet ($6) returned to CEZAR09
CEZAR09 collected $6 from pot
CEZAR09: doesn't show hand 
*** SUMMARY ***
Total pot $6 | Rake $0 
Seat 1: CEZAR09 (big blind) collected ($6)
Seat 2: dreimis190 folded before Flop (didn't bet)
Seat 3: xcinaz folded before Flop (didn't bet)
Seat 4: OhMuckItPlz folded before Flop (didn't bet)
Seat 5: Christianzt1 (button) folded before Flop (didn't bet)
Seat 6: BoyLoc0 (small blind) folded before Flop



PokerStars Hand #254247222207:  Hold'em No Limit ($0.50/$1.00 USD) - 2025/01/07 17:07:17 WET [2025/01/07 12:07:17 ET]
Table 'Field II' 6-max Seat #6 is the button
Seat 2: dreimis190 ($124.27 in chips) is sitting out
Seat 1: CEZAR09 ($78.76 in chips) 
Seat 3: xcinaz ($126.71 in chips) 
Seat 4: OhMuckItPlz ($198 in chips) 
Seat 5: Christianzt1 ($100 in chips) 
Seat 6: BoyLoc0 ($100 in chips) 
CEZAR09: posts small blind $0.50
dreimis190: is sitting out 
xcinaz: posts big blind $1
*** HOLE CARDS ***
OhMuckItPlz: folds 
Christianzt1: folds 
BoyLoc0: raises $1.50 to $2.50
CEZAR09: folds 
xcinaz: folds 
Uncalled bet ($1.50) returned to BoyLoc0
BoyLoc0 collected $2.50 from pot
BoyLoc0: doesn't show hand 
*** SUMMARY ***
Total pot $2.50 | Rake $0 
Seat 2: dreimis190
Seat 1: CEZAR09 (small blind) folded before Flop
Seat 3: xcinaz (big blind) folded before Flop
Seat 4: OhMuckItPlz folded before Flop (didn't bet)
Seat 5: Christianzt1 folded before Flop (didn't bet)
Seat 6: BoyLoc0 (button) collected ($2.50)



PokerStars Hand #254247228140:  Hold'em No Limit ($0.50/$1.00 USD) - 2025/01/07 17:07:41 WET [2025/01/07 12:07:41 ET]
Table 'Field II' 6-max Seat #1 is the button
Seat 2: dreimis190 ($124.27 in chips) is sitting out
Seat 1: CEZAR09 ($78.26 in chips) 
Seat 3: xcinaz ($125.71 in chips) 
Seat 4: OhMuckItPlz ($198 in chips) 
Seat 5: Christianzt1 ($100 in chips) 
Seat 6: BoyLoc0 ($101.50 in chips) 
xcinaz: posts small blind $0.50
OhMuckItPlz: posts big blind $1
*** HOLE CARDS ***
Christianzt1: folds 
BoyLoc0: raises $1.50 to $2.50
CEZAR09: folds 
xcinaz: folds 
OhMuckItPlz: folds 
Uncalled bet ($1.50) returned to BoyLoc0
BoyLoc0 collected $2.50 from pot
BoyLoc0: doesn't show hand 
*** SUMMARY ***
Total pot $2.50 | Rake $0 
Seat 2: dreimis190
Seat 1: CEZAR09 (button) folded before Flop (didn't bet)
Seat 3: xcinaz (small blind) folded before Flop
Seat 4: OhMuckItPlz (big blind) folded before Flop
Seat 5: Christianzt1 folded before Flop (didn't bet)
Seat 6: BoyLoc0 collected ($2.50)



PokerStars Hand #254247231872:  Hold'em No Limit ($0.50/$1.00 USD) - 2025/01/07 17:07:56 WET [2025/01/07 12:07:56 ET]
Table 'Field II' 6-max Seat #3 is the button
Seat 2: dreimis190 ($124.27 in chips) is sitting out
Seat 1: CEZAR09 ($78.26 in chips) 
Seat 3: xcinaz ($125.21 in chips) 
Seat 4: OhMuckItPlz ($197 in chips) 
Seat 5: Christianzt1 ($100 in chips) 
Seat 6: BoyLoc0 ($103 in chips) 
OhMuckItPlz: posts small blind $0.50
Christianzt1: posts big blind $1
*** HOLE CARDS ***
BoyLoc0: folds 
CEZAR09: raises $1 to $2
xcinaz: folds 
OhMuckItPlz: folds 
Christianzt1: folds 
Uncalled bet ($1) returned to CEZAR09
CEZAR09 collected $2.50 from pot
CEZAR09: doesn't show hand 
*** SUMMARY ***
Total pot $2.50 | Rake $0 
Seat 2: dreimis190
Seat 1: CEZAR09 collected ($2.50)
Seat 3: xcinaz (button) folded before Flop (didn't bet)
Seat 4: OhMuckItPlz (small blind) folded before Flop
Seat 5: Christianzt1 (big blind) folded before Flop
Seat 6: BoyLoc0 folded before Flop (didn't bet)



PokerStars Hand #254247236406:  Hold'em No Limit ($0.50/$1.00 USD) - 2025/01/07 17:08:15 WET [2025/01/07 12:08:15 ET]
Table 'Field II' 6-max Seat #4 is the button
Seat 2: dreimis190 ($124.27 in chips) is sitting out
Seat 1: CEZAR09 ($79.76 in chips) 
Seat 3: xcinaz ($125.21 in chips) 
Seat 4: OhMuckItPlz ($196.50 in chips) 
Seat 5: Christianzt1 ($100 in chips) 
Seat 6: BoyLoc0 ($103 in chips) 
Christianzt1: posts small blind $0.50
BoyLoc0: posts big blind $1
*** HOLE CARDS ***
CEZAR09: folds 
xcinaz: folds 
OhMuckItPlz: folds 
Christianzt1: folds 
Uncalled bet ($0.50) returned to BoyLoc0
BoyLoc0 collected $1 from pot
BoyLoc0: doesn't show hand 
*** SUMMARY ***
Total pot $1 | Rake $0 
Seat 2: dreimis190
Seat 1: CEZAR09 folded before Flop (didn't bet)
Seat 3: xcinaz folded before Flop (didn't bet)
Seat 4: OhMuckItPlz (button) folded before Flop (didn't bet)
Seat 5: Christianzt1 (small blind) folded before Flop
Seat 6: BoyLoc0 (big blind) collected ($1)



PokerStars Hand #254247240615:  Hold'em No Limit ($0.50/$1.00 USD) - 2025/01/07 17:08:31 WET [2025/01/07 12:08:31 ET]
Table 'Field II' 6-max Seat #5 is the button
Seat 2: dreimis190 ($124.27 in chips) is sitting out
Seat 1: CEZAR09 ($79.76 in chips) 
Seat 3: xcinaz ($125.21 in chips) 
Seat 4: OhMuckItPlz ($196.50 in chips) 
Seat 5: Christianzt1 ($100 in chips) 
Seat 6: BoyLoc0 ($103.50 in chips) 
BoyLoc0: posts small blind $0.50
CEZAR09: posts big blind $1
*** HOLE CARDS ***
xcinaz: raises $1 to $2
OhMuckItPlz: folds 
Christianzt1: raises $5 to $7
BoyLoc0: folds 
CEZAR09: folds 
xcinaz: calls $5
*** FLOP *** [Qc 8s Qs]
xcinaz: checks 
Christianzt1: bets $3.68
xcinaz: folds 
Uncalled bet ($3.68) returned to Christianzt1
Christianzt1 collected $14.72 from pot
*** SUMMARY ***
Total pot $15.50 | Rake $0.78 
Board [Qc 8s Qs]
Seat 2: dreimis190
Seat 1: CEZAR09 (big blind) folded before Flop
Seat 3: xcinaz folded on the Flop
Seat 4: OhMuckItPlz folded before Flop (didn't bet)
Seat 5: Christianzt1 (button) collected ($14.72)
Seat 6: BoyLoc0 (small blind) folded before Flop



PokerStars Hand #254247250606:  Hold'em No Limit ($0.50/$1.00 USD) - 2025/01/07 17:09:12 WET [2025/01/07 12:09:12 ET]
Table 'Field II' 6-max Seat #6 is the button
Seat 2: dreimis190 ($124.27 in chips) is sitting out
Seat 1: CEZAR09 ($78.76 in chips) 
Seat 3: xcinaz ($118.21 in chips) 
Seat 4: OhMuckItPlz ($196.50 in chips) 
Seat 5: Christianzt1 ($107.72 in chips) 
Seat 6: BoyLoc0 ($103 in chips) 
CEZAR09: posts small blind $0.50
xcinaz: posts big blind $1
*** HOLE CARDS ***
OhMuckItPlz: folds 
Christianzt1: folds 
BoyLoc0: folds 
CEZAR09: raises $1 to $2
xcinaz: folds 
Uncalled bet ($1) returned to CEZAR09
CEZAR09 collected $2 from pot
CEZAR09: doesn't show hand 
*** SUMMARY ***
Total pot $2 | Rake $0 
Seat 2: dreimis190
Seat 1: CEZAR09 (small blind) collected ($2)
Seat 3: xcinaz (big blind) folded before Flop
Seat 4: OhMuckItPlz folded before Flop (didn't bet)
Seat 5: Christianzt1 folded before Flop (didn't bet)
Seat 6: BoyLoc0 (button) folded before Flop (didn't bet)



PokerStars Hand #254247253981:  Hold'em No Limit ($0.50/$1.00 USD) - 2025/01/07 17:09:26 WET [2025/01/07 12:09:26 ET]
Table 'Field II' 6-max Seat #1 is the button
Seat 2: dreimis190 ($124.27 in chips) is sitting out
Seat 1: CEZAR09 ($79.76 in chips) 
Seat 3: xcinaz ($117.21 in chips) 
Seat 4: OhMuckItPlz ($196.50 in chips) 
Seat 5: Christianzt1 ($107.72 in chips) 
Seat 6: BoyLoc0 ($103 in chips) 
xcinaz: posts small blind $0.50
OhMuckItPlz: posts big blind $1
*** HOLE CARDS ***
Christianzt1: folds 
BoyLoc0: folds 
CEZAR09: folds 
xcinaz: raises $2 to $3
OhMuckItPlz: folds 
Uncalled bet ($2) returned to xcinaz
xcinaz collected $2 from pot
xcinaz: doesn't show hand 
*** SUMMARY ***
Total pot $2 | Rake $0 
Seat 2: dreimis190
Seat 1: CEZAR09 (button) folded before Flop (didn't bet)
Seat 3: xcinaz (small blind) collected ($2)
Seat 4: OhMuckItPlz (big blind) folded before Flop
Seat 5: Christianzt1 folded before Flop (didn't bet)
Seat 6: BoyLoc0 folded before Flop (didn't bet)



PokerStars Hand #254247259067:  Hold'em No Limit ($0.50/$1.00 USD) - 2025/01/07 17:09:46 WET [2025/01/07 12:09:46 ET]
Table 'Field II' 6-max Seat #3 is the button
Seat 2: dreimis190 ($124.27 in chips) is sitting out
Seat 1: CEZAR09 ($79.76 in chips) 
Seat 3: xcinaz ($118.21 in chips) 
Seat 4: OhMuckItPlz ($195.50 in chips) 
Seat 5: Christianzt1 ($107.72 in chips) 
Seat 6: BoyLoc0 ($103 in chips) 
OhMuckItPlz: posts small blind $0.50
Christianzt1: posts big blind $1
*** HOLE CARDS ***
BoyLoc0: folds 
CEZAR09: raises $1 to $2
xcinaz: folds 
OhMuckItPlz: folds 
Christianzt1: folds 
Uncalled bet ($1) returned to CEZAR09
CEZAR09 collected $2.50 from pot
CEZAR09: doesn't show hand 
*** SUMMARY ***
Total pot $2.50 | Rake $0 
Seat 2: dreimis190
Seat 1: CEZAR09 collected ($2.50)
Seat 3: xcinaz (button) folded before Flop (didn't bet)
Seat 4: OhMuckItPlz (small blind) folded before Flop
Seat 5: Christianzt1 (big blind) folded before Flop
Seat 6: BoyLoc0 folded before Flop (didn't bet)



PokerStars Hand #254247265621:  Hold'em No Limit ($0.50/$1.00 USD) - 2025/01/07 17:10:12 WET [2025/01/07 12:10:12 ET]
Table 'Field II' 6-max Seat #4 is the button
Seat 2: dreimis190 ($124.27 in chips) is sitting out
Seat 1: CEZAR09 ($81.26 in chips) 
Seat 3: xcinaz ($118.21 in chips) 
Seat 4: OhMuckItPlz ($195 in chips) 
Seat 5: Christianzt1 ($106.72 in chips) 
Seat 6: BoyLoc0 ($103 in chips) 
Christianzt1: posts small blind $0.50
BoyLoc0: posts big blind $1
dreimis190: sits out 
*** HOLE CARDS ***
CEZAR09: folds 
xcinaz: raises $1.20 to $2.20
OhMuckItPlz: folds 
Christianzt1: folds 
BoyLoc0: folds 
Uncalled bet ($1.20) returned to xcinaz
xcinaz collected $2.50 from pot
xcinaz: doesn't show hand 
*** SUMMARY ***
Total pot $2.50 | Rake $0 
Seat 2: dreimis190
Seat 1: CEZAR09 folded before Flop (didn't bet)
Seat 3: xcinaz collected ($2.50)
Seat 4: OhMuckItPlz (button) folded before Flop (didn't bet)
Seat 5: Christianzt1 (small blind) folded before Flop
Seat 6: BoyLoc0 (big blind) folded before Flop



PokerStars Hand #254247268569:  Hold'em No Limit ($0.50/$1.00 USD) - 2025/01/07 17:10:24 WET [2025/01/07 12:10:24 ET]
Table 'Field II' 6-max Seat #5 is the button
Seat 2: dreimis190 ($124.27 in chips) is sitting out
Seat 1: CEZAR09 ($81.26 in chips) 
Seat 3: xcinaz ($119.71 in chips) 
Seat 4: OhMuckItPlz ($195 in chips) 
Seat 5: Christianzt1 ($106.22 in chips) 
Seat 6: BoyLoc0 ($102 in chips) 
BoyLoc0: posts small blind $0.50
CEZAR09: posts big blind $1
dreimis190: sits out 
*** HOLE CARDS ***
xcinaz: raises $1 to $2
OhMuckItPlz: folds 
Christianzt1: folds 
BoyLoc0: folds 
CEZAR09: calls $1
*** FLOP *** [Ah 2c 9h]
CEZAR09: checks 
xcinaz: bets $1.07
CEZAR09: folds 
Uncalled bet ($1.07) returned to xcinaz
xcinaz collected $4.28 from pot
xcinaz: doesn't show hand 
*** SUMMARY ***
Total pot $4.50 | Rake $0.22 
Board [Ah 2c 9h]
Seat 2: dreimis190
Seat 1: CEZAR09 (big blind) folded on the Flop
Seat 3: xcinaz collected ($4.28)
Seat 4: OhMuckItPlz folded before Flop (didn't bet)
Seat 5: Christianzt1 (button) folded before Flop (didn't bet)
Seat 6: BoyLoc0 (small blind) folded before Flop



PokerStars Hand #254247276274:  Hold'em No Limit ($0.50/$1.00 USD) - 2025/01/07 17:10:55 WET [2025/01/07 12:10:55 ET]
Table 'Field II' 6-max Seat #6 is the button
Seat 1: CEZAR09 ($79.26 in chips) 
Seat 2: dreimis190 ($124.27 in chips) 
Seat 3: xcinaz ($121.99 in chips) 
Seat 4: OhMuckItPlz ($195 in chips) 
Seat 5: Christianzt1 ($106.22 in chips) 
Seat 6: BoyLoc0 ($101.50 in chips) 
CEZAR09: posts small blind $0.50
dreimis190: posts big blind $1
*** HOLE CARDS ***
xcinaz: folds 
OhMuckItPlz: folds 
Christianzt1: raises $1.40 to $2.40
BoyLoc0: folds 
CEZAR09: folds 
dreimis190: raises $10.60 to $13
Christianzt1: folds 
Uncalled bet ($10.60) returned to dreimis190
dreimis190 collected $5.30 from pot
dreimis190: doesn't show hand 
*** SUMMARY ***
Total pot $5.30 | Rake $0 
Seat 1: CEZAR09 (small blind) folded before Flop
Seat 2: dreimis190 (big blind) collected ($5.30)
Seat 3: xcinaz folded before Flop (didn't bet)
Seat 4: OhMuckItPlz folded before Flop (didn't bet)
Seat 5: Christianzt1 folded before Flop
Seat 6: BoyLoc0 (button) folded before Flop (didn't bet)



PokerStars Hand #254247285305:  Hold'em No Limit ($0.50/$1.00 USD) - 2025/01/07 17:11:30 WET [2025/01/07 12:11:30 ET]
Table 'Field II' 6-max Seat #1 is the button
Seat 1: CEZAR09 ($78.76 in chips) 
Seat 2: dreimis190 ($127.17 in chips) 
Seat 3: xcinaz ($121.99 in chips) 
Seat 4: OhMuckItPlz ($195 in chips) 
Seat 5: Christianzt1 ($103.82 in chips) 
Seat 6: BoyLoc0 ($101.50 in chips) 
dreimis190: posts small blind $0.50
xcinaz: posts big blind $1
*** HOLE CARDS ***
OhMuckItPlz: folds 
Christianzt1: folds 
BoyLoc0: folds 
CEZAR09: folds 
dreimis190: raises $2 to $3
xcinaz: folds 
Uncalled bet ($2) returned to dreimis190
dreimis190 collected $2 from pot
dreimis190: doesn't show hand 
*** SUMMARY ***
Total pot $2 | Rake $0 
Seat 1: CEZAR09 (button) folded before Flop (didn't bet)
Seat 2: dreimis190 (small blind) collected ($2)
Seat 3: xcinaz (big blind) folded before Flop
Seat 4: OhMuckItPlz folded before Flop (didn't bet)
Seat 5: Christianzt1 folded before Flop (didn't bet)
Seat 6: BoyLoc0 folded before Flop (didn't bet)



PokerStars Hand #254247288832:  Hold'em No Limit ($0.50/$1.00 USD) - 2025/01/07 17:11:45 WET [2025/01/07 12:11:45 ET]
Table 'Field II' 6-max Seat #2 is the button
Seat 1: CEZAR09 ($78.76 in chips) 
Seat 2: dreimis190 ($128.17 in chips) 
Seat 3: xcinaz ($120.99 in chips) 
Seat 4: OhMuckItPlz ($195 in chips) 
Seat 5: Christianzt1 ($103.82 in chips) 
Seat 6: BoyLoc0 ($101.50 in chips) 
xcinaz: posts small blind $0.50
OhMuckItPlz: posts big blind $1
*** HOLE CARDS ***
Christianzt1: raises $1.50 to $2.50
BoyLoc0: folds 
CEZAR09: folds 
dreimis190: folds 
xcinaz: folds 
OhMuckItPlz: calls $1.50
*** FLOP *** [7c Qs 4s]
OhMuckItPlz: checks 
Christianzt1: bets $1.72
OhMuckItPlz: calls $1.72
*** TURN *** [7c Qs 4s] [8c]
OhMuckItPlz: checks 
Christianzt1: bets $12
OhMuckItPlz: calls $12
*** RIVER *** [7c Qs 4s 8c] [2h]
OhMuckItPlz: checks 
Christianzt1: checks 
*** SHOW DOWN ***
OhMuckItPlz: shows [Kd Qd] (a pair of Queens)
Christianzt1: mucks hand 
OhMuckItPlz collected $31.29 from pot
*** SUMMARY ***
Total pot $32.94 | Rake $1.65 
Board [7c Qs 4s 8c 2h]
Seat 1: CEZAR09 folded before Flop (didn't bet)
Seat 2: dreimis190 (button) folded before Flop (didn't bet)
Seat 3: xcinaz (small blind) folded before Flop
Seat 4: OhMuckItPlz (big blind) showed [Kd Qd] and won ($31.29) with a pair of Queens
Seat 5: Christianzt1 mucked
Seat 6: BoyLoc0 folded before Flop (didn't bet)



PokerStars Hand #254247301284:  Hold'em No Limit ($0.50/$1.00 USD) - 2025/01/07 17:12:33 WET [2025/01/07 12:12:33 ET]
Table 'Field II' 6-max Seat #3 is the button
Seat 1: CEZAR09 ($78.76 in chips) 
Seat 2: dreimis190 ($128.17 in chips) 
Seat 3: xcinaz ($120.49 in chips) 
Seat 4: OhMuckItPlz ($210.07 in chips) 
Seat 5: Christianzt1 ($100 in chips) 
Seat 6: BoyLoc0 ($101.50 in chips) 
OhMuckItPlz: posts small blind $0.50
Christianzt1: posts big blind $1
*** HOLE CARDS ***
BoyLoc0: folds 
CEZAR09: folds 
dreimis190: folds 
xcinaz: raises $1.50 to $2.50
OhMuckItPlz: folds 
Christianzt1: folds 
Uncalled bet ($1.50) returned to xcinaz
xcinaz collected $2.50 from pot
xcinaz: doesn't show hand 
*** SUMMARY ***
Total pot $2.50 | Rake $0 
Seat 1: CEZAR09 folded before Flop (didn't bet)
Seat 2: dreimis190 folded before Flop (didn't bet)
Seat 3: xcinaz (button) collected ($2.50)
Seat 4: OhMuckItPlz (small blind) folded before Flop
Seat 5: Christianzt1 (big blind) folded before Flop
Seat 6: BoyLoc0 folded before Flop (didn't bet)



PokerStars Hand #254247307231:  Hold'em No Limit ($0.50/$1.00 USD) - 2025/01/07 17:12:57 WET [2025/01/07 12:12:57 ET]
Table 'Field II' 6-max Seat #4 is the button
Seat 1: CEZAR09 ($78.76 in chips) 
Seat 2: dreimis190 ($128.17 in chips) 
Seat 3: xcinaz ($121.99 in chips) 
Seat 4: OhMuckItPlz ($209.57 in chips) 
Seat 5: Christianzt1 ($100 in chips) 
Seat 6: BoyLoc0 ($101.50 in chips) 
Christianzt1: posts small blind $0.50
BoyLoc0: posts big blind $1
*** HOLE CARDS ***
CEZAR09: folds 
dreimis190: folds 
xcinaz: folds 
OhMuckItPlz: raises $1.50 to $2.50
Christianzt1: folds 
BoyLoc0: calls $1.50
*** FLOP *** [Tc 4h 2c]
BoyLoc0: checks 
OhMuckItPlz: checks 
*** TURN *** [Tc 4h 2c] [8s]
BoyLoc0: checks 
OhMuckItPlz: checks 
*** RIVER *** [Tc 4h 2c 8s] [Ac]
BoyLoc0: checks 
OhMuckItPlz: bets $3.76
BoyLoc0: folds 
Uncalled bet ($3.76) returned to OhMuckItPlz
OhMuckItPlz collected $5.22 from pot
OhMuckItPlz: doesn't show hand 
*** SUMMARY ***
Total pot $5.50 | Rake $0.28 
Board [Tc 4h 2c 8s Ac]
Seat 1: CEZAR09 folded before Flop (didn't bet)
Seat 2: dreimis190 folded before Flop (didn't bet)
Seat 3: xcinaz folded before Flop (didn't bet)
Seat 4: OhMuckItPlz (button) collected ($5.22)
Seat 5: Christianzt1 (small blind) folded before Flop
Seat 6: BoyLoc0 (big blind) folded on the River



PokerStars Hand #254247325327:  Hold'em No Limit ($0.50/$1.00 USD) - 2025/01/07 17:14:07 WET [2025/01/07 12:14:07 ET]
Table 'Field II' 6-max Seat #5 is the button
Seat 1: CEZAR09 ($78.76 in chips) 
Seat 2: dreimis190 ($128.17 in chips) 
Seat 3: xcinaz ($121.99 in chips) 
Seat 4: OhMuckItPlz ($212.29 in chips) 
Seat 5: Christianzt1 ($100 in chips) 
Seat 6: BoyLoc0 ($100 in chips) 
BoyLoc0: posts small blind $0.50
CEZAR09: posts big blind $1
*** HOLE CARDS ***
dreimis190: raises $1 to $2
xcinaz: folds 
OhMuckItPlz: folds 
Christianzt1: folds 
BoyLoc0: folds 
CEZAR09: calls $1
*** FLOP *** [6d 2d 2h]
CEZAR09: checks 
dreimis190: bets $2.14
CEZAR09: folds 
Uncalled bet ($2.14) returned to dreimis190
dreimis190 collected $4.28 from pot
dreimis190: doesn't show hand 
*** SUMMARY ***
Total pot $4.50 | Rake $0.22 
Board [6d 2d 2h]
Seat 1: CEZAR09 (big blind) folded on the Flop
Seat 2: dreimis190 collected ($4.28)
Seat 3: xcinaz folded before Flop (didn't bet)
Seat 4: OhMuckItPlz folded before Flop (didn't bet)
Seat 5: Christianzt1 (button) folded before Flop (didn't bet)
Seat 6: BoyLoc0 (small blind) folded before Flop



PokerStars Hand #254247331092:  Hold'em No Limit ($0.50/$1.00 USD) - 2025/01/07 17:14:30 WET [2025/01/07 12:14:30 ET]
Table 'Field II' 6-max Seat #6 is the button
Seat 1: CEZAR09 ($76.76 in chips) 
Seat 2: dreimis190 ($130.45 in chips) 
Seat 3: xcinaz ($121.99 in chips) 
Seat 4: OhMuckItPlz ($212.29 in chips) 
Seat 5: Christianzt1 ($100 in chips) 
Seat 6: BoyLoc0 ($100 in chips) 
CEZAR09: posts small blind $0.50
dreimis190: posts big blind $1
*** HOLE CARDS ***
xcinaz: raises $1 to $2
OhMuckItPlz: folds 
Christianzt1: folds 
BoyLoc0: folds 
CEZAR09: folds 
dreimis190: folds 
Uncalled bet ($1) returned to xcinaz
xcinaz collected $2.50 from pot
xcinaz: doesn't show hand 
*** SUMMARY ***
Total pot $2.50 | Rake $0 
Seat 1: CEZAR09 (small blind) folded before Flop
Seat 2: dreimis190 (big blind) folded before Flop
Seat 3: xcinaz collected ($2.50)
Seat 4: OhMuckItPlz folded before Flop (didn't bet)
Seat 5: Christianzt1 folded before Flop (didn't bet)
Seat 6: BoyLoc0 (button) folded before Flop (didn't bet)



PokerStars Hand #254247336522:  Hold'em No Limit ($0.50/$1.00 USD) - 2025/01/07 17:14:52 WET [2025/01/07 12:14:52 ET]
Table 'Field II' 6-max Seat #1 is the button
Seat 1: CEZAR09 ($76.26 in chips) 
Seat 2: dreimis190 ($129.45 in chips) 
Seat 3: xcinaz ($123.49 in chips) 
Seat 4: OhMuckItPlz ($212.29 in chips) 
Seat 5: Christianzt1 ($100 in chips) 
Seat 6: BoyLoc0 ($100 in chips) 
dreimis190: posts small blind $0.50
xcinaz: posts big blind $1
*** HOLE CARDS ***
OhMuckItPlz: folds 
Christianzt1: raises $1.40 to $2.40
BoyLoc0: folds 
CEZAR09: folds 
dreimis190: raises $8.60 to $11
xcinaz: folds 
Christianzt1: raises $13 to $24
dreimis190: raises $105.45 to $129.45 and is all-in
Christianzt1: folds 
Uncalled bet ($105.45) returned to dreimis190
dreimis190 collected $49 from pot
dreimis190: doesn't show hand 
*** SUMMARY ***
Total pot $49 | Rake $0 
Seat 1: CEZAR09 (button) folded before Flop (didn't bet)
Seat 2: dreimis190 (small blind) collected ($49)
Seat 3: xcinaz (big blind) folded before Flop
Seat 4: OhMuckItPlz folded before Flop (didn't bet)
Seat 5: Christianzt1 folded before Flop
Seat 6: BoyLoc0 folded before Flop (didn't bet)



PokerStars Hand #254247349394:  Hold'em No Limit ($0.50/$1.00 USD) - 2025/01/07 17:15:41 WET [2025/01/07 12:15:41 ET]
Table 'Field II' 6-max Seat #2 is the button
Seat 1: CEZAR09 ($76.26 in chips) 
Seat 2: dreimis190 ($154.45 in chips) 
Seat 3: xcinaz ($122.49 in chips) 
Seat 4: OhMuckItPlz ($212.29 in chips) 
Seat 5: Christianzt1 ($100 in chips) 
Seat 6: BoyLoc0 ($100 in chips) 
xcinaz: posts small blind $0.50
OhMuckItPlz: posts big blind $1
*** HOLE CARDS ***
Christianzt1: folds 
BoyLoc0: raises $1.50 to $2.50
CEZAR09: folds 
dreimis190: folds 
xcinaz: folds 
OhMuckItPlz: folds 
Uncalled bet ($1.50) returned to BoyLoc0
BoyLoc0 collected $2.50 from pot
BoyLoc0: doesn't show hand 
*** SUMMARY ***
Total pot $2.50 | Rake $0 
Seat 1: CEZAR09 folded before Flop (didn't bet)
Seat 2: dreimis190 (button) folded before Flop (didn't bet)
Seat 3: xcinaz (small blind) folded before Flop
Seat 4: OhMuckItPlz (big blind) folded before Flop
Seat 5: Christianzt1 folded before Flop (didn't bet)
Seat 6: BoyLoc0 collected ($2.50)



PokerStars Hand #254247352553:  Hold'em No Limit ($0.50/$1.00 USD) - 2025/01/07 17:15:54 WET [2025/01/07 12:15:54 ET]
Table 'Field II' 6-max Seat #3 is the button
Seat 1: CEZAR09 ($76.26 in chips) 
Seat 2: dreimis190 ($154.45 in chips) 
Seat 3: xcinaz ($121.99 in chips) 
Seat 4: OhMuckItPlz ($211.29 in chips) 
Seat 5: Christianzt1 ($100 in chips) 
Seat 6: BoyLoc0 ($101.50 in chips) 
OhMuckItPlz: posts small blind $0.50
Christianzt1: posts big blind $1
*** HOLE CARDS ***
BoyLoc0: folds 
CEZAR09: raises $1 to $2
dreimis190: folds 
xcinaz: folds 
OhMuckItPlz: folds 
Christianzt1: folds 
Uncalled bet ($1) returned to CEZAR09
CEZAR09 collected $2.50 from pot
CEZAR09: doesn't show hand 
*** SUMMARY ***
Total pot $2.50 | Rake $0 
Seat 1: CEZAR09 collected ($2.50)
Seat 2: dreimis190 folded before Flop (didn't bet)
Seat 3: xcinaz (button) folded before Flop (didn't bet)
Seat 4: OhMuckItPlz (small blind) folded before Flop
Seat 5: Christianzt1 (big blind) folded before Flop
Seat 6: BoyLoc0 folded before Flop (didn't bet)



PokerStars Hand #254247357991:  Hold'em No Limit ($0.50/$1.00 USD) - 2025/01/07 17:16:15 WET [2025/01/07 12:16:15 ET]
Table 'Field II' 6-max Seat #4 is the button
Seat 1: CEZAR09 ($77.76 in chips) 
Seat 2: dreimis190 ($154.45 in chips) 
Seat 3: xcinaz ($121.99 in chips) 
Seat 4: OhMuckItPlz ($210.79 in chips) 
Seat 5: Christianzt1 ($100 in chips) 
Seat 6: BoyLoc0 ($101.50 in chips) 
Christianzt1: posts small blind $0.50
BoyLoc0: posts big blind $1
*** HOLE CARDS ***
CEZAR09: folds 
dreimis190: folds 
xcinaz: raises $1.20 to $2.20
OhMuckItPlz: folds 
Christianzt1: folds 
BoyLoc0: calls $1.20
*** FLOP *** [Td 9h 6h]
BoyLoc0: checks 
xcinaz: checks 
*** TURN *** [Td 9h 6h] [Kd]
BoyLoc0: checks 
xcinaz: checks 
*** RIVER *** [Td 9h 6h Kd] [3h]
BoyLoc0: bets $6.99
xcinaz: folds 
Uncalled bet ($6.99) returned to BoyLoc0
BoyLoc0 collected $4.66 from pot
BoyLoc0: doesn't show hand 
*** SUMMARY ***
Total pot $4.90 | Rake $0.24 
Board [Td 9h 6h Kd 3h]
Seat 1: CEZAR09 folded before Flop (didn't bet)
Seat 2: dreimis190 folded before Flop (didn't bet)
Seat 3: xcinaz folded on the River
Seat 4: OhMuckItPlz (button) folded before Flop (didn't bet)
Seat 5: Christianzt1 (small blind) folded before Flop
Seat 6: BoyLoc0 (big blind) collected ($4.66)



PokerStars Hand #254247376569:  Hold'em No Limit ($0.50/$1.00 USD) - 2025/01/07 17:17:27 WET [2025/01/07 12:17:27 ET]
Table 'Field II' 6-max Seat #5 is the button
Seat 1: CEZAR09 ($77.76 in chips) 
Seat 2: dreimis190 ($154.45 in chips) 
Seat 3: xcinaz ($119.79 in chips) 
Seat 4: OhMuckItPlz ($210.79 in chips) 
Seat 5: Christianzt1 ($100 in chips) 
Seat 6: BoyLoc0 ($103.96 in chips) 
BoyLoc0: posts small blind $0.50
CEZAR09: posts big blind $1
*** HOLE CARDS ***
dreimis190: raises $1 to $2
xcinaz: folds 
OhMuckItPlz: folds 
Christianzt1: folds 
BoyLoc0: folds 
CEZAR09: calls $1
*** FLOP *** [Qs Ah 8c]
CEZAR09: bets $1
dreimis190: calls $1
*** TURN *** [Qs Ah 8c] [2d]
CEZAR09: checks 
dreimis190: bets $1.54
CEZAR09: folds 
Uncalled bet ($1.54) returned to dreimis190
dreimis190 collected $6.18 from pot
dreimis190: doesn't show hand 
*** SUMMARY ***
Total pot $6.50 | Rake $0.32 
Board [Qs Ah 8c 2d]
Seat 1: CEZAR09 (big blind) folded on the Turn
Seat 2: dreimis190 collected ($6.18)
Seat 3: xcinaz folded before Flop (didn't bet)
Seat 4: OhMuckItPlz folded before Flop (didn't bet)
Seat 5: Christianzt1 (button) folded before Flop (didn't bet)
Seat 6: BoyLoc0 (small blind) folded before Flop



PokerStars Hand #254247385655:  Hold'em No Limit ($0.50/$1.00 USD) - 2025/01/07 17:18:02 WET [2025/01/07 12:18:02 ET]
Table 'Field II' 6-max Seat #6 is the button
Seat 1: CEZAR09 ($74.76 in chips) 
Seat 2: dreimis190 ($157.63 in chips) 
Seat 3: xcinaz ($119.79 in chips) 
Seat 4: OhMuckItPlz ($210.79 in chips) 
Seat 5: Christianzt1 ($100 in chips) 
Seat 6: BoyLoc0 ($103.46 in chips) 
CEZAR09: posts small blind $0.50
dreimis190: posts big blind $1
*** HOLE CARDS ***
xcinaz: folds 
OhMuckItPlz: raises $1 to $2
Christianzt1: folds 
BoyLoc0: calls $2
CEZAR09: folds 
dreimis190: folds 
*** FLOP *** [4h 4d 5c]
OhMuckItPlz: checks 
BoyLoc0: bets $1.72
OhMuckItPlz: raises $5.78 to $7.50
BoyLoc0: calls $5.78
*** TURN *** [4h 4d 5c] [9s]
OhMuckItPlz: checks 
BoyLoc0: bets $6.43
OhMuckItPlz: calls $6.43
*** RIVER *** [4h 4d 5c 9s] [Kc]
OhMuckItPlz: checks 
BoyLoc0: bets $23.77
OhMuckItPlz: calls $23.77
*** SHOW DOWN ***
BoyLoc0: shows [6h 7h] (a pair of Fours)
OhMuckItPlz: shows [Jh Js] (two pair, Jacks and Fours)
OhMuckItPlz collected $78.40 from pot
*** SUMMARY ***
Total pot $80.90 | Rake $2.50 
Board [4h 4d 5c 9s Kc]
Seat 1: CEZAR09 (small blind) folded before Flop
Seat 2: dreimis190 (big blind) folded before Flop
Seat 3: xcinaz folded before Flop (didn't bet)
Seat 4: OhMuckItPlz showed [Jh Js] and won ($78.40) with two pair, Jacks and Fours
Seat 5: Christianzt1 folded before Flop (didn't bet)
Seat 6: BoyLoc0 (button) showed [6h 7h] and lost with a pair of Fours



PokerStars Hand #254247398735:  Hold'em No Limit ($0.50/$1.00 USD) - 2025/01/07 17:18:52 WET [2025/01/07 12:18:52 ET]
Table 'Field II' 6-max Seat #1 is the button
Seat 1: CEZAR09 ($74.26 in chips) 
Seat 2: dreimis190 ($156.63 in chips) 
Seat 3: xcinaz ($119.79 in chips) 
Seat 4: OhMuckItPlz ($249.49 in chips) 
Seat 5: Christianzt1 ($100 in chips) 
Seat 6: BoyLoc0 ($100 in chips) 
dreimis190: posts small blind $0.50
xcinaz: posts big blind $1
*** HOLE CARDS ***
OhMuckItPlz: raises $1 to $2
Christianzt1: folds 
BoyLoc0: folds 
CEZAR09: folds 
dreimis190: folds 
xcinaz: folds 
Uncalled bet ($1) returned to OhMuckItPlz
OhMuckItPlz collected $2.50 from pot
OhMuckItPlz: doesn't show hand 
*** SUMMARY ***
Total pot $2.50 | Rake $0 
Seat 1: CEZAR09 (button) folded before Flop (didn't bet)
Seat 2: dreimis190 (small blind) folded before Flop
Seat 3: xcinaz (big blind) folded before Flop
Seat 4: OhMuckItPlz collected ($2.50)
Seat 5: Christianzt1 folded before Flop (didn't bet)
Seat 6: BoyLoc0 folded before Flop (didn't bet)



PokerStars Hand #254247401302:  Hold'em No Limit ($0.50/$1.00 USD) - 2025/01/07 17:19:02 WET [2025/01/07 12:19:02 ET]
Table 'Field II' 6-max Seat #2 is the button
Seat 1: CEZAR09 ($74.26 in chips) 
Seat 2: dreimis190 ($156.13 in chips) 
Seat 3: xcinaz ($118.79 in chips) 
Seat 4: OhMuckItPlz ($250.99 in chips) 
Seat 5: Christianzt1 ($100 in chips) 
Seat 6: BoyLoc0 ($100 in chips) 
xcinaz: posts small blind $0.50
OhMuckItPlz: posts big blind $1
*** HOLE CARDS ***
Christianzt1: folds 
BoyLoc0: folds 
CEZAR09: folds 
dreimis190: raises $1.50 to $2.50
xcinaz: folds 
OhMuckItPlz: calls $1.50
*** FLOP *** [Th 5d Qd]
OhMuckItPlz: checks 
dreimis190: checks 
*** TURN *** [Th 5d Qd] [9c]
OhMuckItPlz: checks 
dreimis190: bets $3.92
OhMuckItPlz: folds 
Uncalled bet ($3.92) returned to dreimis190
dreimis190 collected $5.22 from pot
dreimis190: doesn't show hand 
*** SUMMARY ***
Total pot $5.50 | Rake $0.28 
Board [Th 5d Qd 9c]
Seat 1: CEZAR09 folded before Flop (didn't bet)
Seat 2: dreimis190 (button) collected ($5.22)
Seat 3: xcinaz (small blind) folded before Flop
Seat 4: OhMuckItPlz (big blind) folded on the Turn
Seat 5: Christianzt1 folded before Flop (didn't bet)
Seat 6: BoyLoc0 folded before Flop (didn't bet)



PokerStars Hand #254247410401:  Hold'em No Limit ($0.50/$1.00 USD) - 2025/01/07 17:19:37 WET [2025/01/07 12:19:37 ET]
Table 'Field II' 6-max Seat #3 is the button
Seat 1: CEZAR09 ($74.26 in chips) 
Seat 2: dreimis190 ($158.85 in chips) 
Seat 3: xcinaz ($118.29 in chips) 
Seat 4: OhMuckItPlz ($248.49 in chips) 
Seat 5: Christianzt1 ($100 in chips) 
Seat 6: BoyLoc0 ($100 in chips) 
OhMuckItPlz: posts small blind $0.50
Christianzt1: posts big blind $1
*** HOLE CARDS ***
BoyLoc0: folds 
CEZAR09: folds 
dreimis190: folds 
xcinaz: raises $1.50 to $2.50
OhMuckItPlz: folds 
Christianzt1: folds 
Uncalled bet ($1.50) returned to xcinaz
xcinaz collected $2.50 from pot
xcinaz: doesn't show hand 
*** SUMMARY ***
Total pot $2.50 | Rake $0 
Seat 1: CEZAR09 folded before Flop (didn't bet)
Seat 2: dreimis190 folded before Flop (didn't bet)
Seat 3: xcinaz (button) collected ($2.50)
Seat 4: OhMuckItPlz (small blind) folded before Flop
Seat 5: Christianzt1 (big blind) folded before Flop
Seat 6: BoyLoc0 folded before Flop (didn't bet)



PokerStars Hand #254247414061:  Hold'em No Limit ($0.50/$1.00 USD) - 2025/01/07 17:19:51 WET [2025/01/07 12:19:51 ET]
Table 'Field II' 6-max Seat #4 is the button
Seat 1: CEZAR09 ($74.26 in chips) 
Seat 2: dreimis190 ($158.85 in chips) 
Seat 3: xcinaz ($119.79 in chips) 
Seat 4: OhMuckItPlz ($247.99 in chips) 
Seat 5: Christianzt1 ($100 in chips) 
Seat 6: BoyLoc0 ($100 in chips) 
Christianzt1: posts small blind $0.50
BoyLoc0: posts big blind $1
*** HOLE CARDS ***
CEZAR09: folds 
dreimis190: folds 
xcinaz: raises $1.20 to $2.20
OhMuckItPlz: folds 
Christianzt1: folds 
BoyLoc0: calls $1.20
*** FLOP *** [6c Ad Kd]
BoyLoc0: checks 
xcinaz: checks 
*** TURN *** [6c Ad Kd] [4c]
BoyLoc0: checks 
xcinaz: checks 
*** RIVER *** [6c Ad Kd 4c] [4h]
BoyLoc0: checks 
xcinaz: bets $1.54
BoyLoc0: calls $1.54
*** SHOW DOWN ***
xcinaz: shows [3h Ah] (two pair, Aces and Fours)
BoyLoc0: mucks hand 
xcinaz collected $7.58 from pot
*** SUMMARY ***
Total pot $7.98 | Rake $0.40 
Board [6c Ad Kd 4c 4h]
Seat 1: CEZAR09 folded before Flop (didn't bet)
Seat 2: dreimis190 folded before Flop (didn't bet)
Seat 3: xcinaz showed [3h Ah] and won ($7.58) with two pair, Aces and Fours
Seat 4: OhMuckItPlz (button) folded before Flop (didn't bet)
Seat 5: Christianzt1 (small blind) folded before Flop
Seat 6: BoyLoc0 (big blind) mucked



PokerStars Hand #254247433026:  Hold'em No Limit ($0.50/$1.00 USD) - 2025/01/07 17:21:03 WET [2025/01/07 12:21:03 ET]
Table 'Field II' 6-max Seat #5 is the button
Seat 1: CEZAR09 ($74.26 in chips) 
Seat 2: dreimis190 ($158.85 in chips) 
Seat 3: xcinaz ($123.63 in chips) 
Seat 4: OhMuckItPlz ($247.99 in chips) 
Seat 5: Christianzt1 ($100 in chips) 
Seat 6: BoyLoc0 ($100 in chips) 
BoyLoc0: posts small blind $0.50
CEZAR09: posts big blind $1
*** HOLE CARDS ***
dreimis190: folds 
xcinaz: folds 
OhMuckItPlz: folds 
Christianzt1: raises $1.40 to $2.40
BoyLoc0: folds 
CEZAR09: calls $1.40
*** FLOP *** [9s Qc Ks]
CEZAR09: checks 
Christianzt1: bets $2.52
CEZAR09: calls $2.52
*** TURN *** [9s Qc Ks] [5s]
CEZAR09: checks 
Christianzt1: bets $7.37
CEZAR09: folds 
Uncalled bet ($7.37) returned to Christianzt1
Christianzt1 collected $9.82 from pot
*** SUMMARY ***
Total pot $10.34 | Rake $0.52 
Board [9s Qc Ks 5s]
Seat 1: CEZAR09 (big blind) folded on the Turn
Seat 2: dreimis190 folded before Flop (didn't bet)
Seat 3: xcinaz folded before Flop (didn't bet)
Seat 4: OhMuckItPlz folded before Flop (didn't bet)
Seat 5: Christianzt1 (button) collected ($9.82)
Seat 6: BoyLoc0 (small blind) folded before Flop



PokerStars Hand #254247446593:  Hold'em No Limit ($0.50/$1.00 USD) - 2025/01/07 17:21:55 WET [2025/01/07 12:21:55 ET]
Table 'Field II' 6-max Seat #6 is the button
Seat 1: CEZAR09 ($69.34 in chips) 
Seat 2: dreimis190 ($158.85 in chips) 
Seat 3: xcinaz ($123.63 in chips) 
Seat 4: OhMuckItPlz ($247.99 in chips) 
Seat 5: Christianzt1 ($104.90 in chips) 
Seat 6: BoyLoc0 ($100 in chips) 
CEZAR09: posts small blind $0.50
dreimis190: posts big blind $1
*** HOLE CARDS ***
xcinaz: folds 
OhMuckItPlz: folds 
Christianzt1: raises $1.40 to $2.40
BoyLoc0: folds 
CEZAR09: calls $1.90
dreimis190: folds 
*** FLOP *** [6s 7s 2h]
CEZAR09: checks 
Christianzt1: bets $2.76
CEZAR09: calls $2.76
*** TURN *** [6s 7s 2h] [Ts]
CEZAR09: checks 
Christianzt1: bets $3.55
CEZAR09: calls $3.55
*** RIVER *** [6s 7s 2h Ts] [Ad]
CEZAR09: checks 
Christianzt1: bets $8.75
CEZAR09: calls $8.75
*** SHOW DOWN ***
Christianzt1: shows [Js 8s] (a flush, Jack high)
CEZAR09: mucks hand 
Christianzt1 collected $34.12 from pot
*** SUMMARY ***
Total pot $35.92 | Rake $1.80 
Board [6s 7s 2h Ts Ad]
Seat 1: CEZAR09 (small blind) mucked
Seat 2: dreimis190 (big blind) folded before Flop
Seat 3: xcinaz folded before Flop (didn't bet)
Seat 4: OhMuckItPlz folded before Flop (didn't bet)
Seat 5: Christianzt1 showed [Js 8s] and won ($34.12) with a flush, Jack high
Seat 6: BoyLoc0 (button) folded before Flop (didn't bet)



PokerStars Hand #254247465793:  Hold'em No Limit ($0.50/$1.00 USD) - 2025/01/07 17:23:08 WET [2025/01/07 12:23:08 ET]
Table 'Field II' 6-max Seat #1 is the button
Seat 1: CEZAR09 ($51.88 in chips) 
Seat 2: dreimis190 ($157.85 in chips) 
Seat 3: xcinaz ($123.63 in chips) 
Seat 4: OhMuckItPlz ($247.99 in chips) 
Seat 5: Christianzt1 ($121.56 in chips) 
Seat 6: BoyLoc0 ($100 in chips) 
dreimis190: posts small blind $0.50
xcinaz: posts big blind $1
*** HOLE CARDS ***
OhMuckItPlz: raises $1 to $2
Christianzt1: folds 
BoyLoc0: folds 
CEZAR09: raises $8 to $10
dreimis190: folds 
xcinaz: folds 
OhMuckItPlz: folds 
Uncalled bet ($8) returned to CEZAR09
CEZAR09 collected $5.50 from pot
CEZAR09: doesn't show hand 
*** SUMMARY ***
Total pot $5.50 | Rake $0 
Seat 1: CEZAR09 (button) collected ($5.50)
Seat 2: dreimis190 (small blind) folded before Flop
Seat 3: xcinaz (big blind) folded before Flop
Seat 4: OhMuckItPlz folded before Flop
Seat 5: Christianzt1 folded before Flop (didn't bet)
Seat 6: BoyLoc0 folded before Flop (didn't bet)



PokerStars Hand #254247471614:  Hold'em No Limit ($0.50/$1.00 USD) - 2025/01/07 17:23:30 WET [2025/01/07 12:23:30 ET]
Table 'Field II' 6-max Seat #2 is the button
Seat 1: CEZAR09 ($55.38 in chips) 
Seat 2: dreimis190 ($157.35 in chips) 
Seat 3: xcinaz ($122.63 in chips) 
Seat 4: OhMuckItPlz ($245.99 in chips) 
Seat 5: Christianzt1 ($121.56 in chips) 
Seat 6: BoyLoc0 ($100 in chips) 
xcinaz: posts small blind $0.50
OhMuckItPlz: posts big blind $1
*** HOLE CARDS ***
Christianzt1: folds 
BoyLoc0: folds 
CEZAR09: folds 
dreimis190: raises $1.50 to $2.50
xcinaz: folds 
OhMuckItPlz: raises $10.50 to $13
dreimis190: folds 
Uncalled bet ($10.50) returned to OhMuckItPlz
OhMuckItPlz collected $5.50 from pot
OhMuckItPlz: doesn't show hand 
*** SUMMARY ***
Total pot $5.50 | Rake $0 
Seat 1: CEZAR09 folded before Flop (didn't bet)
Seat 2: dreimis190 (button) folded before Flop
Seat 3: xcinaz (small blind) folded before Flop
Seat 4: OhMuckItPlz (big blind) collected ($5.50)
Seat 5: Christianzt1 folded before Flop (didn't bet)
Seat 6: BoyLoc0 folded before Flop (didn't bet)



PokerStars Hand #254247477015:  Hold'em No Limit ($0.50/$1.00 USD) - 2025/01/07 17:23:50 WET [2025/01/07 12:23:50 ET]
Table 'Field II' 6-max Seat #3 is the button
Seat 1: CEZAR09 ($55.38 in chips) 
Seat 2: dreimis190 ($154.85 in chips) 
Seat 3: xcinaz ($122.13 in chips) 
Seat 4: OhMuckItPlz ($248.99 in chips) 
Seat 5: Christianzt1 ($121.56 in chips) 
Seat 6: BoyLoc0 ($100 in chips) 
OhMuckItPlz: posts small blind $0.50
Christianzt1: posts big blind $1
*** HOLE CARDS ***
BoyLoc0: folds 
CEZAR09: folds 
dreimis190: folds 
xcinaz: folds 
OhMuckItPlz: raises $2 to $3
Christianzt1: calls $2
*** FLOP *** [Qh 6h 9c]
OhMuckItPlz: checks 
Christianzt1: checks 
*** TURN *** [Qh 6h 9c] [Jc]
OhMuckItPlz: bets $5.50
Christianzt1: folds 
Uncalled bet ($5.50) returned to OhMuckItPlz
OhMuckItPlz collected $5.70 from pot
OhMuckItPlz: doesn't show hand 
*** SUMMARY ***
Total pot $6 | Rake $0.30 
Board [Qh 6h 9c Jc]
Seat 1: CEZAR09 folded before Flop (didn't bet)
Seat 2: dreimis190 folded before Flop (didn't bet)
Seat 3: xcinaz (button) folded before Flop (didn't bet)
Seat 4: OhMuckItPlz (small blind) collected ($5.70)
Seat 5: Christianzt1 (big blind) folded on the Turn
Seat 6: BoyLoc0 folded before Flop (didn't bet)



PokerStars Hand #254247489048:  Hold'em No Limit ($0.50/$1.00 USD) - 2025/01/07 17:24:36 WET [2025/01/07 12:24:36 ET]
Table 'Field II' 6-max Seat #4 is the button
Seat 1: CEZAR09 ($55.38 in chips) 
Seat 2: dreimis190 ($154.85 in chips) 
Seat 3: xcinaz ($122.13 in chips) 
Seat 4: OhMuckItPlz ($251.69 in chips) 
Seat 5: Christianzt1 ($118.56 in chips) 
Seat 6: BoyLoc0 ($100 in chips) 
Christianzt1: posts small blind $0.50
BoyLoc0: posts big blind $1
*** HOLE CARDS ***
CEZAR09: folds 
dreimis190: folds 
xcinaz: raises $1.20 to $2.20
OhMuckItPlz: folds 
Christianzt1: folds 
BoyLoc0: folds 
Uncalled bet ($1.20) returned to xcinaz
xcinaz collected $2.50 from pot
xcinaz: doesn't show hand 
*** SUMMARY ***
Total pot $2.50 | Rake $0 
Seat 1: CEZAR09 folded before Flop (didn't bet)
Seat 2: dreimis190 folded before Flop (didn't bet)
Seat 3: xcinaz collected ($2.50)
Seat 4: OhMuckItPlz (button) folded before Flop (didn't bet)
Seat 5: Christianzt1 (small blind) folded before Flop
Seat 6: BoyLoc0 (big blind) folded before Flop



PokerStars Hand #254247492165:  Hold'em No Limit ($0.50/$1.00 USD) - 2025/01/07 17:24:48 WET [2025/01/07 12:24:48 ET]
Table 'Field II' 6-max Seat #5 is the button
Seat 1: CEZAR09 ($55.38 in chips) 
Seat 2: dreimis190 ($154.85 in chips) 
Seat 3: xcinaz ($123.63 in chips) 
Seat 4: OhMuckItPlz ($251.69 in chips) 
Seat 5: Christianzt1 ($118.06 in chips) 
Seat 6: BoyLoc0 ($100 in chips) 
BoyLoc0: posts small blind $0.50
CEZAR09: posts big blind $1
*** HOLE CARDS ***
dreimis190: folds 
xcinaz: folds 
OhMuckItPlz: folds 
Christianzt1: raises $1.40 to $2.40
BoyLoc0: folds 
CEZAR09: raises $6.60 to $9
Christianzt1: folds 
Uncalled bet ($6.60) returned to CEZAR09
CEZAR09 collected $5.30 from pot
CEZAR09: doesn't show hand 
*** SUMMARY ***
Total pot $5.30 | Rake $0 
Seat 1: CEZAR09 (big blind) collected ($5.30)
Seat 2: dreimis190 folded before Flop (didn't bet)
Seat 3: xcinaz folded before Flop (didn't bet)
Seat 4: OhMuckItPlz folded before Flop (didn't bet)
Seat 5: Christianzt1 (button) folded before Flop
Seat 6: BoyLoc0 (small blind) folded before Flop



PokerStars Hand #254247496474:  Hold'em No Limit ($0.50/$1.00 USD) - 2025/01/07 17:25:04 WET [2025/01/07 12:25:04 ET]
Table 'Field II' 6-max Seat #6 is the button
Seat 1: CEZAR09 ($58.28 in chips) 
Seat 2: dreimis190 ($154.85 in chips) 
Seat 3: xcinaz ($123.63 in chips) 
Seat 4: OhMuckItPlz ($251.69 in chips) 
Seat 5: Christianzt1 ($115.66 in chips) 
Seat 6: BoyLoc0 ($100 in chips) 
CEZAR09: posts small blind $0.50
dreimis190: posts big blind $1
*** HOLE CARDS ***
xcinaz: folds 
OhMuckItPlz: folds 
Christianzt1: folds 
BoyLoc0: raises $1.50 to $2.50
CEZAR09: calls $2
dreimis190: calls $1.50
*** FLOP *** [6c 7d Qs]
CEZAR09: checks 
dreimis190: checks 
BoyLoc0: bets $2.35
CEZAR09: calls $2.35
dreimis190: folds 
*** TURN *** [6c 7d Qs] [8h]
CEZAR09: checks 
BoyLoc0: bets $8.69
CEZAR09: folds 
Uncalled bet ($8.69) returned to BoyLoc0
BoyLoc0 collected $11.59 from pot
BoyLoc0: doesn't show hand 
*** SUMMARY ***
Total pot $12.20 | Rake $0.61 
Board [6c 7d Qs 8h]
Seat 1: CEZAR09 (small blind) folded on the Turn
Seat 2: dreimis190 (big blind) folded on the Flop
Seat 3: xcinaz folded before Flop (didn't bet)
Seat 4: OhMuckItPlz folded before Flop (didn't bet)
Seat 5: Christianzt1 folded before Flop (didn't bet)
Seat 6: BoyLoc0 (button) collected ($11.59)



PokerStars Hand #254247507326:  Hold'em No Limit ($0.50/$1.00 USD) - 2025/01/07 17:25:45 WET [2025/01/07 12:25:45 ET]
Table 'Field II' 6-max Seat #1 is the button
Seat 1: CEZAR09 ($53.43 in chips) 
Seat 2: dreimis190 ($152.35 in chips) 
Seat 3: xcinaz ($123.63 in chips) 
Seat 4: OhMuckItPlz ($251.69 in chips) 
Seat 5: Christianzt1 ($115.66 in chips) 
Seat 6: BoyLoc0 ($106.74 in chips) 
dreimis190: posts small blind $0.50
xcinaz: posts big blind $1
*** HOLE CARDS ***
OhMuckItPlz: folds 
Christianzt1: folds 
BoyLoc0: folds 
CEZAR09: calls $1
dreimis190: folds 
xcinaz: checks 
*** FLOP *** [Ah 5d 6h]
xcinaz: checks 
CEZAR09: bets $1
xcinaz: calls $1
*** TURN *** [Ah 5d 6h] [Qs]
xcinaz: checks 
CEZAR09: bets $1
xcinaz: calls $1
*** RIVER *** [Ah 5d 6h Qs] [6s]
xcinaz: bets $5.25
CEZAR09: folds 
Uncalled bet ($5.25) returned to xcinaz
xcinaz collected $6.18 from pot
xcinaz: doesn't show hand 
*** SUMMARY ***
Total pot $6.50 | Rake $0.32 
Board [Ah 5d 6h Qs 6s]
Seat 1: CEZAR09 (button) folded on the River
Seat 2: dreimis190 (small blind) folded before Flop
Seat 3: xcinaz (big blind) collected ($6.18)
Seat 4: OhMuckItPlz folded before Flop (didn't bet)
Seat 5: Christianzt1 folded before Flop (didn't bet)
Seat 6: BoyLoc0 folded before Flop (didn't bet)



PokerStars Hand #254247517788:  Hold'em No Limit ($0.50/$1.00 USD) - 2025/01/07 17:26:24 WET [2025/01/07 12:26:24 ET]
Table 'Field II' 6-max Seat #2 is the button
Seat 1: CEZAR09 ($50.43 in chips) 
Seat 2: dreimis190 ($151.85 in chips) 
Seat 3: xcinaz ($126.81 in chips) 
Seat 4: OhMuckItPlz ($251.69 in chips) 
Seat 5: Christianzt1 ($115.66 in chips) 
Seat 6: BoyLoc0 ($106.74 in chips) 
xcinaz: posts small blind $0.50
OhMuckItPlz: posts big blind $1
*** HOLE CARDS ***
Christianzt1: folds 
BoyLoc0: folds 
CEZAR09: raises $5 to $6
dreimis190: folds 
xcinaz: folds 
OhMuckItPlz: calls $5
*** FLOP *** [2h 9h 7d]
OhMuckItPlz: checks 
CEZAR09: checks 
*** TURN *** [2h 9h 7d] [Jh]
OhMuckItPlz: bets $8.55
CEZAR09: folds [5s 3c]
Uncalled bet ($8.55) returned to OhMuckItPlz
OhMuckItPlz collected $11.88 from pot
OhMuckItPlz: doesn't show hand 
*** SUMMARY ***
Total pot $12.50 | Rake $0.62 
Board [2h 9h 7d Jh]
Seat 1: CEZAR09 folded on the Turn
Seat 2: dreimis190 (button) folded before Flop (didn't bet)
Seat 3: xcinaz (small blind) folded before Flop
Seat 4: OhMuckItPlz (big blind) collected ($11.88)
Seat 5: Christianzt1 folded before Flop (didn't bet)
Seat 6: BoyLoc0 folded before Flop (didn't bet)



PokerStars Hand #254247525767:  Hold'em No Limit ($0.50/$1.00 USD) - 2025/01/07 17:26:54 WET [2025/01/07 12:26:54 ET]
Table 'Field II' 6-max Seat #3 is the button
Seat 1: CEZAR09 ($44.43 in chips) 
Seat 2: dreimis190 ($151.85 in chips) 
Seat 3: xcinaz ($126.31 in chips) 
Seat 4: OhMuckItPlz ($257.57 in chips) 
Seat 5: Christianzt1 ($115.66 in chips) 
Seat 6: BoyLoc0 ($106.74 in chips) 
OhMuckItPlz: posts small blind $0.50
Christianzt1: posts big blind $1
*** HOLE CARDS ***
BoyLoc0: raises $1.50 to $2.50
CEZAR09: raises $5.50 to $8
dreimis190: folds 
xcinaz: folds 
OhMuckItPlz: folds 
Christianzt1: folds 
BoyLoc0: calls $5.50
*** FLOP *** [4d Kd Js]
BoyLoc0: checks 
CEZAR09: checks 
*** TURN *** [4d Kd Js] [9d]
BoyLoc0: checks 
CEZAR09: checks 
*** RIVER *** [4d Kd Js 9d] [Ts]
BoyLoc0: checks 
CEZAR09: checks 
*** SHOW DOWN ***
BoyLoc0: shows [8c 8s] (a pair of Eights)
CEZAR09: mucks hand 
BoyLoc0 collected $16.62 from pot
*** SUMMARY ***
Total pot $17.50 | Rake $0.88 
Board [4d Kd Js 9d Ts]
Seat 1: CEZAR09 mucked
Seat 2: dreimis190 folded before Flop (didn't bet)
Seat 3: xcinaz (button) folded before Flop (didn't bet)
Seat 4: OhMuckItPlz (small blind) folded before Flop
Seat 5: Christianzt1 (big blind) folded before Flop
Seat 6: BoyLoc0 showed [8c 8s] and won ($16.62) with a pair of Eights



PokerStars Hand #254247537071:  Hold'em No Limit ($0.50/$1.00 USD) - 2025/01/07 17:27:37 WET [2025/01/07 12:27:37 ET]
Table 'Field II' 6-max Seat #4 is the button
Seat 1: CEZAR09 ($36.43 in chips) 
Seat 2: dreimis190 ($151.85 in chips) 
Seat 3: xcinaz ($126.31 in chips) 
Seat 4: OhMuckItPlz ($257.07 in chips) 
Seat 5: Christianzt1 ($114.66 in chips) 
Seat 6: BoyLoc0 ($115.36 in chips) 
Christianzt1: posts small blind $0.50
BoyLoc0: posts big blind $1
*** HOLE CARDS ***
CEZAR09: folds 
dreimis190: folds 
xcinaz: folds 
OhMuckItPlz: folds 
Christianzt1: folds 
Uncalled bet ($0.50) returned to BoyLoc0
BoyLoc0 collected $1 from pot
BoyLoc0: doesn't show hand 
*** SUMMARY ***
Total pot $1 | Rake $0 
Seat 1: CEZAR09 folded before Flop (didn't bet)
Seat 2: dreimis190 folded before Flop (didn't bet)
Seat 3: xcinaz folded before Flop (didn't bet)
Seat 4: OhMuckItPlz (button) folded before Flop (didn't bet)
Seat 5: Christianzt1 (small blind) folded before Flop
Seat 6: BoyLoc0 (big blind) collected ($1)



PokerStars Hand #254247541070:  Hold'em No Limit ($0.50/$1.00 USD) - 2025/01/07 17:27:51 WET [2025/01/07 12:27:51 ET]
Table 'Field II' 6-max Seat #5 is the button
Seat 1: CEZAR09 ($36.43 in chips) 
Seat 2: dreimis190 ($151.85 in chips) 
Seat 3: xcinaz ($126.31 in chips) 
Seat 4: OhMuckItPlz ($257.07 in chips) 
Seat 5: Christianzt1 ($114.16 in chips) 
Seat 6: BoyLoc0 ($115.86 in chips) 
BoyLoc0: posts small blind $0.50
CEZAR09: posts big blind $1
*** HOLE CARDS ***
dreimis190: raises $1 to $2
xcinaz: folds 
OhMuckItPlz: folds 
Christianzt1: folds 
BoyLoc0: folds 
CEZAR09: raises $7 to $9
dreimis190: raises $142.85 to $151.85 and is all-in
CEZAR09: folds 
Uncalled bet ($142.85) returned to dreimis190
dreimis190 collected $18.50 from pot
dreimis190: doesn't show hand 
*** SUMMARY ***
Total pot $18.50 | Rake $0 
Seat 1: CEZAR09 (big blind) folded before Flop
Seat 2: dreimis190 collected ($18.50)
Seat 3: xcinaz folded before Flop (didn't bet)
Seat 4: OhMuckItPlz folded before Flop (didn't bet)
Seat 5: Christianzt1 (button) folded before Flop (didn't bet)
Seat 6: BoyLoc0 (small blind) folded before Flop



PokerStars Hand #254247549463:  Hold'em No Limit ($0.50/$1.00 USD) - 2025/01/07 17:28:23 WET [2025/01/07 12:28:23 ET]
Table 'Field II' 6-max Seat #6 is the button
Seat 1: CEZAR09 ($27.43 in chips) 
Seat 2: dreimis190 ($161.35 in chips) 
Seat 3: xcinaz ($126.31 in chips) 
Seat 4: OhMuckItPlz ($257.07 in chips) 
Seat 5: Christianzt1 ($114.16 in chips) 
Seat 6: BoyLoc0 ($115.36 in chips) 
CEZAR09: posts small blind $0.50
dreimis190: posts big blind $1
*** HOLE CARDS ***
xcinaz: folds 
OhMuckItPlz: raises $1 to $2
Christianzt1: folds 
BoyLoc0: folds 
CEZAR09: calls $1.50
dreimis190: folds 
*** FLOP *** [8c 5c 9c]
CEZAR09: checks 
OhMuckItPlz: bets $1
CEZAR09: folds 
Uncalled bet ($1) returned to OhMuckItPlz
OhMuckItPlz collected $4.75 from pot
OhMuckItPlz: doesn't show hand 
*** SUMMARY ***
Total pot $5 | Rake $0.25 
Board [8c 5c 9c]
Seat 1: CEZAR09 (small blind) folded on the Flop
Seat 2: dreimis190 (big blind) folded before Flop
Seat 3: xcinaz folded before Flop (didn't bet)
Seat 4: OhMuckItPlz collected ($4.75)
Seat 5: Christianzt1 folded before Flop (didn't bet)
Seat 6: BoyLoc0 (button) folded before Flop (didn't bet)



PokerStars Hand #254247667907:  Hold'em No Limit ($0.50/$1.00 USD) - 2025/01/07 17:35:37 WET [2025/01/07 12:35:37 ET]
Table 'Field II' 6-max Seat #2 is the button
Seat 1: CEZAR09 ($17.71 in chips) 
Seat 2: dreimis190 ($147.62 in chips) 
Seat 6: BallerXOne ($102.70 in chips) 
BallerXOne: posts small blind $0.50
CEZAR09: posts big blind $1
*** HOLE CARDS ***
dreimis190: folds 
BallerXOne: folds 
Uncalled bet ($0.50) returned to CEZAR09
CEZAR09 collected $1 from pot
CEZAR09: doesn't show hand 
*** SUMMARY ***
Total pot $1 | Rake $0 
Seat 1: CEZAR09 (big blind) collected ($1)
Seat 2: dreimis190 (button) folded before Flop (didn't bet)
Seat 6: BallerXOne (small blind) folded before Flop



PokerStars Hand #254247669451:  Hold'em No Limit ($0.50/$1.00 USD) - 2025/01/07 17:35:42 WET [2025/01/07 12:35:42 ET]
Table 'Field II' 6-max Seat #6 is the button
Seat 1: CEZAR09 ($18.21 in chips) 
Seat 2: dreimis190 ($147.62 in chips) 
Seat 6: BallerXOne ($102.20 in chips) 
CEZAR09: posts small blind $0.50
dreimis190: posts big blind $1
*** HOLE CARDS ***
BallerXOne: raises $1.50 to $2.50
CEZAR09: folds 
dreimis190: folds 
Uncalled bet ($1.50) returned to BallerXOne
BallerXOne collected $2.50 from pot
BallerXOne: doesn't show hand 
*** SUMMARY ***
Total pot $2.50 | Rake $0 
Seat 1: CEZAR09 (small blind) folded before Flop
Seat 2: dreimis190 (big blind) folded before Flop
Seat 6: BallerXOne (button) collected ($2.50)



PokerStars Hand #254247673202:  Hold'em No Limit ($0.50/$1.00 USD) - 2025/01/07 17:35:56 WET [2025/01/07 12:35:56 ET]
Table 'Field II' 6-max Seat #1 is the button
Seat 1: CEZAR09 ($17.71 in chips) 
Seat 2: dreimis190 ($146.62 in chips) 
Seat 6: BallerXOne ($103.70 in chips) 
dreimis190: posts small blind $0.50
BallerXOne: posts big blind $1
*** HOLE CARDS ***
CEZAR09: folds 
dreimis190: folds 
Uncalled bet ($0.50) returned to BallerXOne
BallerXOne collected $1 from pot
BallerXOne: doesn't show hand 
*** SUMMARY ***
Total pot $1 | Rake $0 
Seat 1: CEZAR09 (button) folded before Flop (didn't bet)
Seat 2: dreimis190 (small blind) folded before Flop
Seat 6: BallerXOne (big blind) collected ($1)



PokerStars Hand #254247675396:  Hold'em No Limit ($0.50/$1.00 USD) - 2025/01/07 17:36:04 WET [2025/01/07 12:36:04 ET]
Table 'Field II' 6-max Seat #2 is the button
Seat 1: CEZAR09 ($17.71 in chips) 
Seat 2: dreimis190 ($146.12 in chips) 
Seat 6: BallerXOne ($104.20 in chips) 
Christianzt1 joins the table at seat #3 
BallerXOne: posts small blind $0.50
CEZAR09: posts big blind $1
*** HOLE CARDS ***
dreimis190: raises $1 to $2
BallerXOne: folds 
CEZAR09: calls $1
*** FLOP *** [9d 9s 8h]
CEZAR09: checks 
dreimis190: bets $1.41
CEZAR09: calls $1.41
*** TURN *** [9d 9s 8h] [Qc]
CEZAR09: checks 
dreimis190: bets $3
CEZAR09: folds 
Uncalled bet ($3) returned to dreimis190
dreimis190 collected $6.95 from pot
dreimis190: doesn't show hand 
*** SUMMARY ***
Total pot $7.32 | Rake $0.37 
Board [9d 9s 8h Qc]
Seat 1: CEZAR09 (big blind) folded on the Turn
Seat 2: dreimis190 (button) collected ($6.95)
Seat 6: BallerXOne (small blind) folded before Flop



PokerStars Hand #254247685834:  Hold'em No Limit ($0.50/$1.00 USD) - 2025/01/07 17:36:42 WET [2025/01/07 12:36:42 ET]
Table 'Field II' 6-max Seat #6 is the button
Seat 3: Christianzt1 ($111.40 in chips) is sitting out
Seat 1: CEZAR09 ($14.30 in chips) 
Seat 2: dreimis190 ($149.66 in chips) 
Seat 6: BallerXOne ($103.70 in chips) 
CEZAR09: posts small blind $0.50
dreimis190: posts big blind $1
Christianzt1: sits out 
*** HOLE CARDS ***
BallerXOne: folds 
CEZAR09: folds 
Uncalled bet ($0.50) returned to dreimis190
dreimis190 collected $1 from pot
dreimis190: doesn't show hand 
*** SUMMARY ***
Total pot $1 | Rake $0 
Seat 3: Christianzt1
Seat 1: CEZAR09 (small blind) folded before Flop
Seat 2: dreimis190 (big blind) collected ($1)
Seat 6: BallerXOne (button) folded before Flop (didn't bet)



PokerStars Hand #254247688789:  Hold'em No Limit ($0.50/$1.00 USD) - 2025/01/07 17:36:53 WET [2025/01/07 12:36:53 ET]
Table 'Field II' 6-max Seat #1 is the button
Seat 1: CEZAR09 ($13.80 in chips) 
Seat 2: dreimis190 ($150.16 in chips) 
Seat 3: Christianzt1 ($111.40 in chips) 
Seat 6: BallerXOne ($103.70 in chips) 
dreimis190: posts small blind $0.50
Christianzt1: posts big blind $1
*** HOLE CARDS ***
BallerXOne: raises $1.50 to $2.50
CEZAR09: folds 
dreimis190: folds 
Christianzt1: folds 
Uncalled bet ($1.50) returned to BallerXOne
BallerXOne collected $2.50 from pot
BallerXOne: doesn't show hand 
*** SUMMARY ***
Total pot $2.50 | Rake $0 
Seat 1: CEZAR09 (button) folded before Flop (didn't bet)
Seat 2: dreimis190 (small blind) folded before Flop
Seat 3: Christianzt1 (big blind) folded before Flop
Seat 6: BallerXOne collected ($2.50)



PokerStars Hand #254247690760:  Hold'em No Limit ($0.50/$1.00 USD) - 2025/01/07 17:37:00 WET [2025/01/07 12:37:00 ET]
Table 'Field II' 6-max Seat #2 is the button
Seat 1: CEZAR09 ($13.80 in chips) 
Seat 2: dreimis190 ($149.66 in chips) 
Seat 3: Christianzt1 ($110.40 in chips) 
Seat 6: BallerXOne ($105.20 in chips) 
Christianzt1: posts small blind $0.50
BallerXOne: posts big blind $1
*** HOLE CARDS ***
CEZAR09: folds 
dreimis190: folds 
Christianzt1: folds 
Uncalled bet ($0.50) returned to BallerXOne
BallerXOne collected $1 from pot
BallerXOne: doesn't show hand 
*** SUMMARY ***
Total pot $1 | Rake $0 
Seat 1: CEZAR09 folded before Flop (didn't bet)
Seat 2: dreimis190 (button) folded before Flop (didn't bet)
Seat 3: Christianzt1 (small blind) folded before Flop
Seat 6: BallerXOne (big blind) collected ($1)



PokerStars Hand #254247694778:  Hold'em No Limit ($0.50/$1.00 USD) - 2025/01/07 17:37:14 WET [2025/01/07 12:37:14 ET]
Table 'Field II' 6-max Seat #3 is the button
Seat 1: CEZAR09 ($13.80 in chips) 
Seat 2: dreimis190 ($149.66 in chips) 
Seat 3: Christianzt1 ($109.90 in chips) 
Seat 6: BallerXOne ($105.70 in chips) 
BallerXOne: posts small blind $0.50
CEZAR09: posts big blind $1
*** HOLE CARDS ***
dreimis190: folds 
Christianzt1: raises $1.40 to $2.40
BallerXOne: raises $7.60 to $10
CEZAR09: folds 
Christianzt1: folds 
Uncalled bet ($7.60) returned to BallerXOne
BallerXOne collected $5.80 from pot
BallerXOne: doesn't show hand 
*** SUMMARY ***
Total pot $5.80 | Rake $0 
Seat 1: CEZAR09 (big blind) folded before Flop
Seat 2: dreimis190 folded before Flop (didn't bet)
Seat 3: Christianzt1 (button) folded before Flop
Seat 6: BallerXOne (small blind) collected ($5.80)



PokerStars Hand #254247700784:  Hold'em No Limit ($0.50/$1.00 USD) - 2025/01/07 17:37:36 WET [2025/01/07 12:37:36 ET]
Table 'Field II' 6-max Seat #6 is the button
Seat 1: CEZAR09 ($12.80 in chips) 
Seat 2: dreimis190 ($149.66 in chips) 
Seat 3: Christianzt1 ($107.50 in chips) 
Seat 6: BallerXOne ($109.10 in chips) 
CEZAR09: posts small blind $0.50
dreimis190: posts big blind $1
*** HOLE CARDS ***
Christianzt1: folds 
BallerXOne: folds 
Christianzt1 leaves the table
CEZAR09: calls $0.50
dreimis190: raises $148.66 to $149.66 and is all-in
CEZAR09: folds 
Uncalled bet ($148.66) returned to dreimis190
dreimis190 collected $2 from pot
dreimis190: doesn't show hand 
*** SUMMARY ***
Total pot $2 | Rake $0 
Seat 1: CEZAR09 (small blind) folded before Flop
Seat 2: dreimis190 (big blind) collected ($2)
Seat 3: Christianzt1 folded before Flop (didn't bet)
Seat 6: BallerXOne (button) folded before Flop (didn't bet)



PokerStars Hand #254247704578:  Hold'em No Limit ($0.50/$1.00 USD) - 2025/01/07 17:37:50 WET [2025/01/07 12:37:50 ET]
Table 'Field II' 6-max Seat #1 is the button
Seat 1: CEZAR09 ($11.80 in chips) 
Seat 2: dreimis190 ($150.66 in chips) 
Seat 6: BallerXOne ($109.10 in chips) 
dreimis190: posts small blind $0.50
BallerXOne: posts big blind $1
*** HOLE CARDS ***
CEZAR09: folds 
dreimis190: folds 
Uncalled bet ($0.50) returned to BallerXOne
BallerXOne collected $1 from pot
BallerXOne: doesn't show hand 
*** SUMMARY ***
Total pot $1 | Rake $0 
Seat 1: CEZAR09 (button) folded before Flop (didn't bet)
Seat 2: dreimis190 (small blind) folded before Flop
Seat 6: BallerXOne (big blind) collected ($1)



PokerStars Hand #254247706310:  Hold'em No Limit ($0.50/$1.00 USD) - 2025/01/07 17:37:56 WET [2025/01/07 12:37:56 ET]
Table 'Field II' 6-max Seat #2 is the button
Seat 1: CEZAR09 ($11.80 in chips) 
Seat 2: dreimis190 ($150.16 in chips) 
Seat 6: BallerXOne ($109.60 in chips) 
BallerXOne: posts small blind $0.50
CEZAR09: posts big blind $1
*** HOLE CARDS ***
dreimis190: folds 
dreimis190 leaves the table
BallerXOne: raises $11.50 to $12.50
CEZAR09: folds 
Uncalled bet ($11.50) returned to BallerXOne
BallerXOne collected $2 from pot
BallerXOne: doesn't show hand 
*** SUMMARY ***
Total pot $2 | Rake $0 
Seat 1: CEZAR09 (big blind) folded before Flop
Seat 2: dreimis190 (button) folded before Flop (didn't bet)
Seat 6: BallerXOne (small blind) collected ($2)



PokerStars Hand #254247709199:  Hold'em No Limit ($0.50/$1.00 USD) - 2025/01/07 17:38:07 WET [2025/01/07 12:38:07 ET]
Table 'Field II' 6-max Seat #1 is the button
Seat 1: CEZAR09 ($10.80 in chips) 
Seat 6: BallerXOne ($110.60 in chips) 
CEZAR09: posts small blind $0.50
BallerXOne: posts big blind $1
*** HOLE CARDS ***
CEZAR09: raises $9.80 to $10.80 and is all-in
BallerXOne: folds 
Uncalled bet ($9.80) returned to CEZAR09
CEZAR09 collected $2 from pot
CEZAR09: doesn't show hand 
*** SUMMARY ***
Total pot $2 | Rake $0 
Seat 1: CEZAR09 (button) (small blind) collected ($2)
Seat 6: BallerXOne (big blind) folded before Flop



PokerStars Hand #254247712219:  Hold'em No Limit ($0.50/$1.00 USD) - 2025/01/07 17:38:18 WET [2025/01/07 12:38:18 ET]
Table 'Field II' 6-max Seat #6 is the button
Seat 1: CEZAR09 ($11.80 in chips) 
Seat 6: BallerXOne ($109.60 in chips) 
BallerXOne: posts small blind $0.50
CEZAR09: posts big blind $1
*** HOLE CARDS ***
BallerXOne: folds 
Uncalled bet ($0.50) returned to CEZAR09
CEZAR09 collected $1 from pot
CEZAR09: doesn't show hand 
*** SUMMARY ***
Total pot $1 | Rake $0 
Seat 1: CEZAR09 (big blind) collected ($1)
Seat 6: BallerXOne (button) (small blind) folded before Flop



PokerStars Hand #254247714112:  Hold'em No Limit ($0.50/$1.00 USD) - 2025/01/07 17:38:24 WET [2025/01/07 12:38:24 ET]
Table 'Field II' 6-max Seat #1 is the button
Seat 1: CEZAR09 ($12.30 in chips) 
Seat 6: BallerXOne ($109.10 in chips) 
CEZAR09: posts small blind $0.50
BallerXOne: posts big blind $1
*** HOLE CARDS ***
CEZAR09: calls $0.50
BallerXOne: raises $13 to $14
CEZAR09: folds 
Uncalled bet ($13) returned to BallerXOne
BallerXOne collected $2 from pot
BallerXOne: doesn't show hand 
*** SUMMARY ***
Total pot $2 | Rake $0 
Seat 1: CEZAR09 (button) (small blind) folded before Flop
Seat 6: BallerXOne (big blind) collected ($2)



PokerStars Hand #254247717191:  Hold'em No Limit ($0.50/$1.00 USD) - 2025/01/07 17:38:36 WET [2025/01/07 12:38:36 ET]
Table 'Field II' 6-max Seat #6 is the button
Seat 1: CEZAR09 ($11.30 in chips) 
Seat 6: BallerXOne ($110.10 in chips) 
BallerXOne: posts small blind $0.50
CEZAR09: posts big blind $1
*** HOLE CARDS ***
BallerXOne: raises $12.50 to $13.50
CEZAR09: calls $10.30 and is all-in
Uncalled bet ($2.20) returned to BallerXOne
*** FLOP *** [8h 7d 6s]
*** TURN *** [8h 7d 6s] [Kc]
*** RIVER *** [8h 7d 6s Kc] [Js]
*** SHOW DOWN ***
CEZAR09: shows [5c 5h] (a pair of Fives)
BallerXOne: shows [Jd 3c] (a pair of Jacks)
BallerXOne collected $21.60 from pot
*** SUMMARY ***
Total pot $22.60 | Rake $1 
Board [8h 7d 6s Kc Js]
Seat 1: CEZAR09 (big blind) showed [5c 5h] and lost with a pair of Fives
Seat 6: BallerXOne (button) (small blind) showed [Jd 3c] and won ($21.60) with a pair of Jacks



