PokerStars Hand #254250433218:  Hold'em No Limit ($0.50/$1.00 USD) - 2025/01/07 20:13:52 WET [2025/01/07 15:13:52 ET]
Table 'Dabih III' 6-max Seat #5 is the button
Seat 4: YeeesMan ($100 in chips) is sitting out
Seat 1: xxxZeka ($100 in chips) 
Seat 2: HOUGHY2024 ($80 in chips) 
Seat 3: Eredar5 ($100 in chips) 
Seat 5: worker0k ($100 in chips) 
Seat 6: aoish30 ($100 in chips) 
aoish30: posts small blind $0.50
xxxZeka: posts big blind $1
*** HOLE CARDS ***
HOUGHY2024: raises $1.50 to $2.50
Eredar5: folds 
worker0k: folds 
aoish30: folds 
YeeesMan leaves the table
xxxZeka: folds 
Uncalled bet ($1.50) returned to HOUGHY2024
HOUGHY2024 collected $2.50 from pot
HOUGHY2024: doesn't show hand 
*** SUMMARY ***
Total pot $2.50 | Rake $0 
Seat 4: YeeesMan
Seat 1: xxxZeka (big blind) folded before Flop
Seat 2: HOUGHY2024 collected ($2.50)
Seat 3: Eredar5 folded before Flop (didn't bet)
Seat 5: worker0k (button) folded before Flop (didn't bet)
Seat 6: aoish30 (small blind) folded before Flop



PokerStars Hand #254250439669:  Hold'em No Limit ($0.50/$1.00 USD) - 2025/01/07 20:14:11 WET [2025/01/07 15:14:11 ET]
Table 'Dabih III' 6-max Seat #6 is the button
Seat 1: xxxZeka ($100 in chips) 
Seat 2: HOUGHY2024 ($81.50 in chips) 
Seat 3: Eredar5 ($100 in chips) 
Seat 5: worker0k ($100 in chips) 
Seat 6: aoish30 ($100 in chips) 
xxxZeka: posts small blind $0.50
HOUGHY2024: posts big blind $1
*** HOLE CARDS ***
Eredar5: folds 
worker0k: folds 
aoish30: folds 
illarins joins the table at seat #4 
xxxZeka: folds 
Uncalled bet ($0.50) returned to HOUGHY2024
HOUGHY2024 collected $1 from pot
HOUGHY2024: doesn't show hand 
*** SUMMARY ***
Total pot $1 | Rake $0 
Seat 1: xxxZeka (small blind) folded before Flop
Seat 2: HOUGHY2024 (big blind) collected ($1)
Seat 3: Eredar5 folded before Flop (didn't bet)
Seat 5: worker0k folded before Flop (didn't bet)
Seat 6: aoish30 (button) folded before Flop (didn't bet)



PokerStars Hand #254250446860:  Hold'em No Limit ($0.50/$1.00 USD) - 2025/01/07 20:14:32 WET [2025/01/07 15:14:32 ET]
Table 'Dabih III' 6-max Seat #1 is the button
Seat 3: Eredar5 ($100 in chips) is sitting out
Seat 1: xxxZeka ($100 in chips) 
Seat 2: HOUGHY2024 ($82 in chips) 
Seat 4: illarins ($100 in chips) 
Seat 5: worker0k ($100 in chips) 
Seat 6: aoish30 ($100 in chips) 
HOUGHY2024: posts small blind $0.50
Eredar5: is sitting out 
illarins: posts big blind $1
*** HOLE CARDS ***
worker0k: folds 
Eredar5 leaves the table
aoish30: folds 
xxxZeka: folds 
HOUGHY2024: raises $2 to $3
illarins: folds 
Uncalled bet ($2) returned to HOUGHY2024
Y_19 joins the table at seat #3 
HOUGHY2024 collected $2 from pot
HOUGHY2024: doesn't show hand 
*** SUMMARY ***
Total pot $2 | Rake $0 
Seat 3: Eredar5
Seat 1: xxxZeka (button) folded before Flop (didn't bet)
Seat 2: HOUGHY2024 (small blind) collected ($2)
Seat 4: illarins (big blind) folded before Flop
Seat 5: worker0k folded before Flop (didn't bet)
Seat 6: aoish30 folded before Flop (didn't bet)



PokerStars Hand #254250454737:  Hold'em No Limit ($0.50/$1.00 USD) - 2025/01/07 20:14:56 WET [2025/01/07 15:14:56 ET]
Table 'Dabih III' 6-max Seat #2 is the button
Seat 3: Y_19 ($100 in chips) is sitting out
Seat 1: xxxZeka ($100 in chips) 
Seat 2: HOUGHY2024 ($83 in chips) 
Seat 4: illarins ($100 in chips) 
Seat 5: worker0k ($100 in chips) 
Seat 6: aoish30 ($100 in chips) 
illarins: posts small blind $0.50
worker0k: posts big blind $1
*** HOLE CARDS ***
aoish30: raises $1.10 to $2.10
xxxZeka: folds 
HOUGHY2024: folds 
illarins: folds 
worker0k: folds 
Uncalled bet ($1.10) returned to aoish30
aoish30 collected $2.50 from pot
aoish30: doesn't show hand 
*** SUMMARY ***
Total pot $2.50 | Rake $0 
Seat 3: Y_19
Seat 1: xxxZeka folded before Flop (didn't bet)
Seat 2: HOUGHY2024 (button) folded before Flop (didn't bet)
Seat 4: illarins (small blind) folded before Flop
Seat 5: worker0k (big blind) folded before Flop
Seat 6: aoish30 collected ($2.50)



PokerStars Hand #254250460736:  Hold'em No Limit ($0.50/$1.00 USD) - 2025/01/07 20:15:13 WET [2025/01/07 15:15:13 ET]
Table 'Dabih III' 6-max Seat #4 is the button
Seat 3: Y_19 ($100 in chips) is sitting out
Seat 1: xxxZeka ($100 in chips) 
Seat 2: HOUGHY2024 ($83 in chips) 
Seat 4: illarins ($100 in chips) 
Seat 5: worker0k ($100 in chips) 
Seat 6: aoish30 ($101.50 in chips) 
worker0k: posts small blind $0.50
aoish30: posts big blind $1
Y_19: sits out 
*** HOLE CARDS ***
xxxZeka: raises $1.50 to $2.50
HOUGHY2024: folds 
illarins: folds 
worker0k: folds 
aoish30: calls $1.50
*** FLOP *** [2s 3s Qs]
worker0k leaves the table
BelSv joins the table at seat #5 
aoish30: checks 
xxxZeka: bets $1.72
aoish30: folds 
Uncalled bet ($1.72) returned to xxxZeka
xxxZeka collected $5.22 from pot
xxxZeka: doesn't show hand 
*** SUMMARY ***
Total pot $5.50 | Rake $0.28 
Board [2s 3s Qs]
Seat 3: Y_19
Seat 1: xxxZeka collected ($5.22)
Seat 2: HOUGHY2024 folded before Flop (didn't bet)
Seat 4: illarins (button) folded before Flop (didn't bet)
Seat 5: worker0k (small blind) folded before Flop
Seat 6: aoish30 (big blind) folded on the Flop



PokerStars Hand #254250472644:  Hold'em No Limit ($0.50/$1.00 USD) - 2025/01/07 20:15:48 WET [2025/01/07 15:15:48 ET]
Table 'Dabih III' 6-max Seat #6 is the button
Seat 3: Y_19 ($100 in chips) is sitting out
Seat 5: BelSv ($100 in chips) is sitting out
Seat 1: xxxZeka ($102.72 in chips) 
Seat 2: HOUGHY2024 ($83 in chips) 
Seat 4: illarins ($100 in chips) 
Seat 6: aoish30 ($100 in chips) 
xxxZeka: posts small blind $0.50
HOUGHY2024: posts big blind $1
Y_19: sits out 
BelSv: sits out 
*** HOLE CARDS ***
illarins: folds 
aoish30: folds 
xxxZeka: folds 
Uncalled bet ($0.50) returned to HOUGHY2024
HOUGHY2024 collected $1 from pot
HOUGHY2024: doesn't show hand 
*** SUMMARY ***
Total pot $1 | Rake $0 
Seat 3: Y_19
Seat 5: BelSv
Seat 1: xxxZeka (small blind) folded before Flop
Seat 2: HOUGHY2024 (big blind) collected ($1)
Seat 4: illarins folded before Flop (didn't bet)
Seat 6: aoish30 (button) folded before Flop (didn't bet)



PokerStars Hand #254250475444:  Hold'em No Limit ($0.50/$1.00 USD) - 2025/01/07 20:15:57 WET [2025/01/07 15:15:57 ET]
Table 'Dabih III' 6-max Seat #1 is the button
Seat 5: BelSv ($100 in chips) is sitting out
Seat 1: xxxZeka ($102.22 in chips) 
Seat 2: HOUGHY2024 ($83.50 in chips) 
Seat 3: Y_19 ($100 in chips) 
Seat 4: illarins ($100 in chips) 
Seat 6: aoish30 ($100 in chips) 
HOUGHY2024: posts small blind $0.50
Y_19: posts big blind $1
BelSv: sits out 
*** HOLE CARDS ***
illarins: folds 
aoish30: folds 
xxxZeka: raises $1.50 to $2.50
HOUGHY2024: folds 
Y_19: folds 
Uncalled bet ($1.50) returned to xxxZeka
xxxZeka collected $2.50 from pot
xxxZeka: doesn't show hand 
*** SUMMARY ***
Total pot $2.50 | Rake $0 
Seat 5: BelSv
Seat 1: xxxZeka (button) collected ($2.50)
Seat 2: HOUGHY2024 (small blind) folded before Flop
Seat 3: Y_19 (big blind) folded before Flop
Seat 4: illarins folded before Flop (didn't bet)
Seat 6: aoish30 folded before Flop (didn't bet)



PokerStars Hand #254250487018:  Hold'em No Limit ($0.50/$1.00 USD) - 2025/01/07 20:16:31 WET [2025/01/07 15:16:31 ET]
Table 'Dabih III' 6-max Seat #2 is the button
Seat 5: BelSv ($100 in chips) is sitting out
Seat 1: xxxZeka ($103.72 in chips) 
Seat 2: HOUGHY2024 ($83 in chips) 
Seat 3: Y_19 ($100 in chips) 
Seat 4: illarins ($100 in chips) 
Seat 6: aoish30 ($100 in chips) 
Y_19: posts small blind $0.50
illarins: posts big blind $1
BelSv: sits out 
*** HOLE CARDS ***
aoish30: folds 
xxxZeka: folds 
HOUGHY2024: raises $1.50 to $2.50
Y_19: folds 
illarins: calls $1.50
*** FLOP *** [Ts Ks 9d]
illarins: checks 
HOUGHY2024: bets $2.79
illarins: calls $2.79
*** TURN *** [Ts Ks 9d] [Jd]
illarins: checks 
HOUGHY2024: checks 
*** RIVER *** [Ts Ks 9d Jd] [9c]
illarins: bets $14.50
HOUGHY2024: folds 
Uncalled bet ($14.50) returned to illarins
illarins collected $10.53 from pot
illarins: doesn't show hand 
*** SUMMARY ***
Total pot $11.08 | Rake $0.55 
Board [Ts Ks 9d Jd 9c]
Seat 5: BelSv
Seat 1: xxxZeka folded before Flop (didn't bet)
Seat 2: HOUGHY2024 (button) folded on the River
Seat 3: Y_19 (small blind) folded before Flop
Seat 4: illarins (big blind) collected ($10.53)
Seat 6: aoish30 folded before Flop (didn't bet)



PokerStars Hand #254250511188:  Hold'em No Limit ($0.50/$1.00 USD) - 2025/01/07 20:17:43 WET [2025/01/07 15:17:43 ET]
Table 'Dabih III' 6-max Seat #3 is the button
Seat 1: xxxZeka ($103.72 in chips) 
Seat 2: HOUGHY2024 ($77.71 in chips) 
Seat 3: Y_19 ($100 in chips) 
Seat 4: illarins ($105.24 in chips) 
Seat 5: BelSv ($100 in chips) 
Seat 6: aoish30 ($100 in chips) 
illarins: posts small blind $0.50
BelSv: posts big blind $1
*** HOLE CARDS ***
aoish30: folds 
xxxZeka: folds 
HOUGHY2024: folds 
Y_19: folds 
illarins: raises $2 to $3
BelSv: calls $2
*** FLOP *** [6h 4s As]
illarins: checks 
BelSv: bets $8.55
illarins: folds 
Uncalled bet ($8.55) returned to BelSv
BelSv collected $5.70 from pot
BelSv: doesn't show hand 
*** SUMMARY ***
Total pot $6 | Rake $0.30 
Board [6h 4s As]
Seat 1: xxxZeka folded before Flop (didn't bet)
Seat 2: HOUGHY2024 folded before Flop (didn't bet)
Seat 3: Y_19 (button) folded before Flop (didn't bet)
Seat 4: illarins (small blind) folded on the Flop
Seat 5: BelSv (big blind) collected ($5.70)
Seat 6: aoish30 folded before Flop (didn't bet)



PokerStars Hand #254250527148:  Hold'em No Limit ($0.50/$1.00 USD) - 2025/01/07 20:18:30 WET [2025/01/07 15:18:30 ET]
Table 'Dabih III' 6-max Seat #4 is the button
Seat 1: xxxZeka ($103.72 in chips) 
Seat 2: HOUGHY2024 ($77.71 in chips) 
Seat 3: Y_19 ($100 in chips) 
Seat 4: illarins ($102.24 in chips) 
Seat 5: BelSv ($102.70 in chips) 
Seat 6: aoish30 ($100 in chips) 
BelSv: posts small blind $0.50
aoish30: posts big blind $1
*** HOLE CARDS ***
xxxZeka: folds 
HOUGHY2024: folds 
Y_19: raises $1.23 to $2.23
illarins: folds 
BelSv: folds 
aoish30: folds 
Uncalled bet ($1.23) returned to Y_19
Y_19 collected $2.50 from pot
Y_19: doesn't show hand 
*** SUMMARY ***
Total pot $2.50 | Rake $0 
Seat 1: xxxZeka folded before Flop (didn't bet)
Seat 2: HOUGHY2024 folded before Flop (didn't bet)
Seat 3: Y_19 collected ($2.50)
Seat 4: illarins (button) folded before Flop (didn't bet)
Seat 5: BelSv (small blind) folded before Flop
Seat 6: aoish30 (big blind) folded before Flop



PokerStars Hand #254250537634:  Hold'em No Limit ($0.50/$1.00 USD) - 2025/01/07 20:19:01 WET [2025/01/07 15:19:01 ET]
Table 'Dabih III' 6-max Seat #5 is the button
Seat 1: xxxZeka ($103.72 in chips) 
Seat 2: HOUGHY2024 ($77.71 in chips) 
Seat 3: Y_19 ($101.50 in chips) 
Seat 4: illarins ($102.24 in chips) 
Seat 5: BelSv ($102.20 in chips) 
Seat 6: aoish30 ($100 in chips) 
aoish30: posts small blind $0.50
xxxZeka: posts big blind $1
*** HOLE CARDS ***
HOUGHY2024: folds 
Y_19: folds 
illarins: raises $1.50 to $2.50
BelSv: folds 
aoish30: folds 
xxxZeka: calls $1.50
*** FLOP *** [6d 5c Tc]
xxxZeka: checks 
illarins: checks 
*** TURN *** [6d 5c Tc] [9d]
xxxZeka: bets $1.72
illarins: raises $3.44 to $5.16
xxxZeka: folds 
Uncalled bet ($3.44) returned to illarins
illarins collected $8.49 from pot
illarins: doesn't show hand 
*** SUMMARY ***
Total pot $8.94 | Rake $0.45 
Board [6d 5c Tc 9d]
Seat 1: xxxZeka (big blind) folded on the Turn
Seat 2: HOUGHY2024 folded before Flop (didn't bet)
Seat 3: Y_19 folded before Flop (didn't bet)
Seat 4: illarins collected ($8.49)
Seat 5: BelSv (button) folded before Flop (didn't bet)
Seat 6: aoish30 (small blind) folded before Flop



PokerStars Hand #254250564181:  Hold'em No Limit ($0.50/$1.00 USD) - 2025/01/07 20:20:20 WET [2025/01/07 15:20:20 ET]
Table 'Dabih III' 6-max Seat #6 is the button
Seat 1: xxxZeka ($100 in chips) 
Seat 2: HOUGHY2024 ($77.71 in chips) 
Seat 3: Y_19 ($101.50 in chips) 
Seat 4: illarins ($106.51 in chips) 
Seat 5: BelSv ($102.20 in chips) 
Seat 6: aoish30 ($100 in chips) 
xxxZeka: posts small blind $0.50
HOUGHY2024: posts big blind $1
*** HOLE CARDS ***
Y_19: raises $1.23 to $2.23
illarins: folds 
BelSv: folds 
aoish30: calls $2.23
xxxZeka: folds 
HOUGHY2024: calls $1.23
*** FLOP *** [8c Qh 3c]
HOUGHY2024: checks 
Y_19: checks 
aoish30: bets $2.25
HOUGHY2024: folds 
Y_19: folds 
Uncalled bet ($2.25) returned to aoish30
aoish30 collected $6.83 from pot
aoish30: doesn't show hand 
*** SUMMARY ***
Total pot $7.19 | Rake $0.36 
Board [8c Qh 3c]
Seat 1: xxxZeka (small blind) folded before Flop
Seat 2: HOUGHY2024 (big blind) folded on the Flop
Seat 3: Y_19 folded on the Flop
Seat 4: illarins folded before Flop (didn't bet)
Seat 5: BelSv folded before Flop (didn't bet)
Seat 6: aoish30 (button) collected ($6.83)



PokerStars Hand #254250579825:  Hold'em No Limit ($0.50/$1.00 USD) - 2025/01/07 20:21:06 WET [2025/01/07 15:21:06 ET]
Table 'Dabih III' 6-max Seat #1 is the button
Seat 1: xxxZeka ($100 in chips) 
Seat 2: HOUGHY2024 ($75.48 in chips) 
Seat 3: Y_19 ($100 in chips) 
Seat 4: illarins ($106.51 in chips) 
Seat 5: BelSv ($102.20 in chips) 
Seat 6: aoish30 ($104.60 in chips) 
HOUGHY2024: posts small blind $0.50
Y_19: posts big blind $1
*** HOLE CARDS ***
illarins: folds 
BelSv: folds 
aoish30: folds 
xxxZeka: folds 
HOUGHY2024: folds 
Uncalled bet ($0.50) returned to Y_19
Y_19 collected $1 from pot
Y_19: doesn't show hand 
*** SUMMARY ***
Total pot $1 | Rake $0 
Seat 1: xxxZeka (button) folded before Flop (didn't bet)
Seat 2: HOUGHY2024 (small blind) folded before Flop
Seat 3: Y_19 (big blind) collected ($1)
Seat 4: illarins folded before Flop (didn't bet)
Seat 5: BelSv folded before Flop (didn't bet)
Seat 6: aoish30 folded before Flop (didn't bet)



PokerStars Hand #254250585568:  Hold'em No Limit ($0.50/$1.00 USD) - 2025/01/07 20:21:23 WET [2025/01/07 15:21:23 ET]
Table 'Dabih III' 6-max Seat #2 is the button
Seat 1: xxxZeka ($100 in chips) 
Seat 2: HOUGHY2024 ($74.98 in chips) 
Seat 3: Y_19 ($100.50 in chips) 
Seat 4: illarins ($106.51 in chips) 
Seat 5: BelSv ($102.20 in chips) 
Seat 6: aoish30 ($104.60 in chips) 
Y_19: posts small blind $0.50
illarins: posts big blind $1
*** HOLE CARDS ***
BelSv: folds 
aoish30: folds 
xxxZeka: raises $1.50 to $2.50
HOUGHY2024: folds 
Y_19: folds 
illarins: folds 
Uncalled bet ($1.50) returned to xxxZeka
xxxZeka collected $2.50 from pot
xxxZeka: doesn't show hand 
*** SUMMARY ***
Total pot $2.50 | Rake $0 
Seat 1: xxxZeka collected ($2.50)
Seat 2: HOUGHY2024 (button) folded before Flop (didn't bet)
Seat 3: Y_19 (small blind) folded before Flop
Seat 4: illarins (big blind) folded before Flop
Seat 5: BelSv folded before Flop (didn't bet)
Seat 6: aoish30 folded before Flop (didn't bet)



PokerStars Hand #254250593606:  Hold'em No Limit ($0.50/$1.00 USD) - 2025/01/07 20:21:47 WET [2025/01/07 15:21:47 ET]
Table 'Dabih III' 6-max Seat #3 is the button
Seat 1: xxxZeka ($101.50 in chips) 
Seat 2: HOUGHY2024 ($74.98 in chips) 
Seat 3: Y_19 ($100 in chips) 
Seat 4: illarins ($105.51 in chips) 
Seat 5: BelSv ($102.20 in chips) 
Seat 6: aoish30 ($104.60 in chips) 
illarins: posts small blind $0.50
BelSv: posts big blind $1
*** HOLE CARDS ***
aoish30: folds 
xxxZeka: folds 
HOUGHY2024: folds 
Y_19: folds 
illarins: folds 
Uncalled bet ($0.50) returned to BelSv
BelSv collected $1 from pot
BelSv: doesn't show hand 
*** SUMMARY ***
Total pot $1 | Rake $0 
Seat 1: xxxZeka folded before Flop (didn't bet)
Seat 2: HOUGHY2024 folded before Flop (didn't bet)
Seat 3: Y_19 (button) folded before Flop (didn't bet)
Seat 4: illarins (small blind) folded before Flop
Seat 5: BelSv (big blind) collected ($1)
Seat 6: aoish30 folded before Flop (didn't bet)



PokerStars Hand #254250598596:  Hold'em No Limit ($0.50/$1.00 USD) - 2025/01/07 20:22:01 WET [2025/01/07 15:22:01 ET]
Table 'Dabih III' 6-max Seat #4 is the button
Seat 6: aoish30 ($104.60 in chips) is sitting out
Seat 1: xxxZeka ($101.50 in chips) 
Seat 2: HOUGHY2024 ($74.98 in chips) 
Seat 3: Y_19 ($100 in chips) 
Seat 4: illarins ($105.01 in chips) 
Seat 5: BelSv ($102.70 in chips) 
BelSv: posts small blind $0.50
aoish30: is sitting out 
xxxZeka: posts big blind $1
*** HOLE CARDS ***
aoish30 leaves the table
HOUGHY2024: folds 
Y_19: folds 
illarins: raises $1.50 to $2.50
BGS013 joins the table at seat #6 
BelSv: folds 
xxxZeka: folds 
Uncalled bet ($1.50) returned to illarins
illarins collected $2.50 from pot
illarins: doesn't show hand 
*** SUMMARY ***
Total pot $2.50 | Rake $0 
Seat 6: aoish30
Seat 1: xxxZeka (big blind) folded before Flop
Seat 2: HOUGHY2024 folded before Flop (didn't bet)
Seat 3: Y_19 folded before Flop (didn't bet)
Seat 4: illarins (button) collected ($2.50)
Seat 5: BelSv (small blind) folded before Flop



PokerStars Hand #254250606048:  Hold'em No Limit ($0.50/$1.00 USD) - 2025/01/07 20:22:23 WET [2025/01/07 15:22:23 ET]
Table 'Dabih III' 6-max Seat #5 is the button
Seat 6: BGS013 ($100 in chips) is sitting out
Seat 1: xxxZeka ($100.50 in chips) 
Seat 2: HOUGHY2024 ($74.98 in chips) 
Seat 3: Y_19 ($100 in chips) 
Seat 4: illarins ($106.51 in chips) 
Seat 5: BelSv ($102.20 in chips) 
xxxZeka: posts small blind $0.50
HOUGHY2024: posts big blind $1
*** HOLE CARDS ***
Y_19: folds 
illarins: raises $1.50 to $2.50
BelSv: raises $5 to $7.50
xxxZeka: folds 
HOUGHY2024: folds 
illarins: calls $5
*** FLOP *** [9h 8h 2h]
illarins: checks 
BelSv: bets $4.70
illarins: raises $7.80 to $12.50
BelSv: calls $7.80
*** TURN *** [9h 8h 2h] [5c]
illarins: checks 
BelSv: checks 
*** RIVER *** [9h 8h 2h 5c] [2s]
illarins: checks 
BelSv: checks 
*** SHOW DOWN ***
illarins: shows [Td Qd] (a pair of Deuces)
BelSv: shows [7h 7c] (two pair, Sevens and Deuces)
BelSv collected $39.42 from pot
*** SUMMARY ***
Total pot $41.50 | Rake $2.08 
Board [9h 8h 2h 5c 2s]
Seat 6: BGS013
Seat 1: xxxZeka (small blind) folded before Flop
Seat 2: HOUGHY2024 (big blind) folded before Flop
Seat 3: Y_19 folded before Flop (didn't bet)
Seat 4: illarins showed [Td Qd] and lost with a pair of Deuces
Seat 5: BelSv (button) showed [7h 7c] and won ($39.42) with two pair, Sevens and Deuces



PokerStars Hand #254250624992:  Hold'em No Limit ($0.50/$1.00 USD) - 2025/01/07 20:23:19 WET [2025/01/07 15:23:19 ET]
Table 'Dabih III' 6-max Seat #1 is the button
Seat 6: BGS013 ($100 in chips) is sitting out
Seat 1: xxxZeka ($100 in chips) 
Seat 2: HOUGHY2024 ($73.98 in chips) 
Seat 3: Y_19 ($100 in chips) 
Seat 4: illarins ($100 in chips) 
Seat 5: BelSv ($121.62 in chips) 
HOUGHY2024: posts small blind $0.50
Y_19: posts big blind $1
BGS013: sits out 
*** HOLE CARDS ***
illarins: folds 
BelSv: raises $1.25 to $2.25
xxxZeka: folds 
HOUGHY2024 is connected 
HOUGHY2024: calls $1.75
Y_19: folds 
*** FLOP *** [Ad 7h Qs]
HOUGHY2024: checks 
BelSv: bets $3.92
HOUGHY2024: calls $3.92
*** TURN *** [Ad 7h Qs] [Ks]
HOUGHY2024: bets $8.88
BelSv: calls $8.88
*** RIVER *** [Ad 7h Qs Ks] [5c]
HOUGHY2024: bets $18.77
BelSv: folds 
Uncalled bet ($18.77) returned to HOUGHY2024
HOUGHY2024 collected $29.54 from pot
*** SUMMARY ***
Total pot $31.10 | Rake $1.56 
Board [Ad 7h Qs Ks 5c]
Seat 6: BGS013
Seat 1: xxxZeka (button) folded before Flop (didn't bet)
Seat 2: HOUGHY2024 (small blind) collected ($29.54)
Seat 3: Y_19 (big blind) folded before Flop
Seat 4: illarins folded before Flop (didn't bet)
Seat 5: BelSv folded on the River



PokerStars Hand #254250660028:  Hold'em No Limit ($0.50/$1.00 USD) - 2025/01/07 20:25:03 WET [2025/01/07 15:25:03 ET]
Table 'Dabih III' 6-max Seat #2 is the button
Seat 6: BGS013 ($100 in chips) is sitting out
Seat 1: xxxZeka ($100 in chips) 
Seat 2: HOUGHY2024 ($88.47 in chips) 
Seat 3: Y_19 ($100 in chips) 
Seat 4: illarins ($100 in chips) 
Seat 5: BelSv ($106.57 in chips) 
Y_19: posts small blind $0.50
illarins: posts big blind $1
BGS013: sits out 
*** HOLE CARDS ***
BelSv: raises $1.25 to $2.25
xxxZeka: folds 
HOUGHY2024: folds 
Y_19: folds 
illarins: folds 
Uncalled bet ($1.25) returned to BelSv
BelSv collected $2.50 from pot
BelSv: doesn't show hand 
*** SUMMARY ***
Total pot $2.50 | Rake $0 
Seat 6: BGS013
Seat 1: xxxZeka folded before Flop (didn't bet)
Seat 2: HOUGHY2024 (button) folded before Flop (didn't bet)
Seat 3: Y_19 (small blind) folded before Flop
Seat 4: illarins (big blind) folded before Flop
Seat 5: BelSv collected ($2.50)



PokerStars Hand #254250669021:  Hold'em No Limit ($0.50/$1.00 USD) - 2025/01/07 20:25:30 WET [2025/01/07 15:25:30 ET]
Table 'Dabih III' 6-max Seat #3 is the button
Seat 6: BGS013 ($100 in chips) is sitting out
Seat 1: xxxZeka ($100 in chips) 
Seat 2: HOUGHY2024 ($88.47 in chips) 
Seat 3: Y_19 ($100 in chips) 
Seat 4: illarins ($100 in chips) 
Seat 5: BelSv ($108.07 in chips) 
illarins: posts small blind $0.50
BelSv: posts big blind $1
BGS013: sits out 
*** HOLE CARDS ***
xxxZeka: folds 
HOUGHY2024: folds 
Y_19: folds 
illarins: folds 
Uncalled bet ($0.50) returned to BelSv
BelSv collected $1 from pot
BelSv: doesn't show hand 
*** SUMMARY ***
Total pot $1 | Rake $0 
Seat 6: BGS013
Seat 1: xxxZeka folded before Flop (didn't bet)
Seat 2: HOUGHY2024 folded before Flop (didn't bet)
Seat 3: Y_19 (button) folded before Flop (didn't bet)
Seat 4: illarins (small blind) folded before Flop
Seat 5: BelSv (big blind) collected ($1)



PokerStars Hand #254250676231:  Hold'em No Limit ($0.50/$1.00 USD) - 2025/01/07 20:25:52 WET [2025/01/07 15:25:52 ET]
Table 'Dabih III' 6-max Seat #4 is the button
Seat 1: xxxZeka ($100 in chips) 
Seat 2: HOUGHY2024 ($88.47 in chips) 
Seat 3: Y_19 ($100 in chips) 
Seat 4: illarins ($100 in chips) 
Seat 5: BelSv ($108.57 in chips) 
Seat 6: BGS013 ($100 in chips) 
BelSv: posts small blind $0.50
BGS013: posts big blind $1
*** HOLE CARDS ***
xxxZeka: folds 
HOUGHY2024: folds 
Y_19: folds 
illarins: folds 
BelSv: folds 
Uncalled bet ($0.50) returned to BGS013
BGS013 collected $1 from pot
BGS013: doesn't show hand 
*** SUMMARY ***
Total pot $1 | Rake $0 
Seat 1: xxxZeka folded before Flop (didn't bet)
Seat 2: HOUGHY2024 folded before Flop (didn't bet)
Seat 3: Y_19 folded before Flop (didn't bet)
Seat 4: illarins (button) folded before Flop (didn't bet)
Seat 5: BelSv (small blind) folded before Flop
Seat 6: BGS013 (big blind) collected ($1)



PokerStars Hand #254250686767:  Hold'em No Limit ($0.50/$1.00 USD) - 2025/01/07 20:26:24 WET [2025/01/07 15:26:24 ET]
Table 'Dabih III' 6-max Seat #5 is the button
Seat 1: xxxZeka ($100 in chips) 
Seat 2: HOUGHY2024 ($88.47 in chips) 
Seat 3: Y_19 ($100 in chips) 
Seat 4: illarins ($100 in chips) 
Seat 5: BelSv ($108.07 in chips) 
Seat 6: BGS013 ($100.50 in chips) 
BGS013: posts small blind $0.50
xxxZeka: posts big blind $1
*** HOLE CARDS ***
HOUGHY2024: folds 
Y_19: folds 
illarins: folds 
BelSv: folds 
BGS013: folds 
Uncalled bet ($0.50) returned to xxxZeka
xxxZeka collected $1 from pot
xxxZeka: doesn't show hand 
*** SUMMARY ***
Total pot $1 | Rake $0 
Seat 1: xxxZeka (big blind) collected ($1)
Seat 2: HOUGHY2024 folded before Flop (didn't bet)
Seat 3: Y_19 folded before Flop (didn't bet)
Seat 4: illarins folded before Flop (didn't bet)
Seat 5: BelSv (button) folded before Flop (didn't bet)
Seat 6: BGS013 (small blind) folded before Flop



PokerStars Hand #254250693895:  Hold'em No Limit ($0.50/$1.00 USD) - 2025/01/07 20:26:45 WET [2025/01/07 15:26:45 ET]
Table 'Dabih III' 6-max Seat #6 is the button
Seat 2: HOUGHY2024 ($88.47 in chips) is sitting out
Seat 1: xxxZeka ($100.50 in chips) 
Seat 3: Y_19 ($100 in chips) 
Seat 4: illarins ($100 in chips) 
Seat 5: BelSv ($108.07 in chips) 
Seat 6: BGS013 ($100 in chips) 
xxxZeka: posts small blind $0.50
HOUGHY2024 has timed out
HOUGHY2024: is sitting out 
Y_19: posts big blind $1
*** HOLE CARDS ***
illarins: folds 
BelSv: folds 
BGS013: raises $1.50 to $2.50
xxxZeka: folds 
HOUGHY2024 leaves the table
Y_19: folds 
Uncalled bet ($1.50) returned to BGS013
BGS013 collected $2.50 from pot
BGS013: doesn't show hand 
*** SUMMARY ***
Total pot $2.50 | Rake $0 
Seat 2: HOUGHY2024
Seat 1: xxxZeka (small blind) folded before Flop
Seat 3: Y_19 (big blind) folded before Flop
Seat 4: illarins folded before Flop (didn't bet)
Seat 5: BelSv folded before Flop (didn't bet)
Seat 6: BGS013 (button) collected ($2.50)



PokerStars Hand #254250702402:  Hold'em No Limit ($0.50/$1.00 USD) - 2025/01/07 20:27:11 WET [2025/01/07 15:27:11 ET]
Table 'Dabih III' 6-max Seat #1 is the button
Seat 1: xxxZeka ($100 in chips) 
Seat 3: Y_19 ($100 in chips) 
Seat 4: illarins ($100 in chips) 
Seat 5: BelSv ($108.07 in chips) 
Seat 6: BGS013 ($101.50 in chips) 
Y_19: posts small blind $0.50
illarins: posts big blind $1
*** HOLE CARDS ***
BelSv: folds 
BGS013: folds 
xxxZeka: folds 
Y_19: raises $2 to $3
illarins: calls $2
*** FLOP *** [5s 4d 6c]
Y_19: checks 
illarins: bets $1.88
Y_19: calls $1.88
*** TURN *** [5s 4d 6c] [8s]
Supermegopro joins the table at seat #2 
Supermegopro leaves the table
Y_19: checks 
illarins: bets $6.95
Y_19: folds 
Uncalled bet ($6.95) returned to illarins
Aescul@pius joins the table at seat #2 
illarins collected $9.27 from pot
illarins: doesn't show hand 
*** SUMMARY ***
Total pot $9.76 | Rake $0.49 
Board [5s 4d 6c 8s]
Seat 1: xxxZeka (button) folded before Flop (didn't bet)
Seat 3: Y_19 (small blind) folded on the Turn
Seat 4: illarins (big blind) collected ($9.27)
Seat 5: BelSv folded before Flop (didn't bet)
Seat 6: BGS013 folded before Flop (didn't bet)



PokerStars Hand #254250725909:  Hold'em No Limit ($0.50/$1.00 USD) - 2025/01/07 20:28:20 WET [2025/01/07 15:28:20 ET]
Table 'Dabih III' 6-max Seat #3 is the button
Seat 2: Aescul@pius ($100 in chips) is sitting out
Seat 1: xxxZeka ($100 in chips) 
Seat 3: Y_19 ($100 in chips) 
Seat 4: illarins ($104.39 in chips) 
Seat 5: BelSv ($108.07 in chips) 
Seat 6: BGS013 ($101.50 in chips) 
illarins: posts small blind $0.50
BelSv: posts big blind $1
Aescul@pius: sits out 
*** HOLE CARDS ***
BGS013: folds 
xxxZeka: folds 
Y_19: folds 
illarins: raises $2 to $3
BelSv: folds 
Uncalled bet ($2) returned to illarins
illarins collected $2 from pot
illarins: doesn't show hand 
*** SUMMARY ***
Total pot $2 | Rake $0 
Seat 2: Aescul@pius
Seat 1: xxxZeka folded before Flop (didn't bet)
Seat 3: Y_19 (button) folded before Flop (didn't bet)
Seat 4: illarins (small blind) collected ($2)
Seat 5: BelSv (big blind) folded before Flop
Seat 6: BGS013 folded before Flop (didn't bet)



PokerStars Hand #254250731577:  Hold'em No Limit ($0.50/$1.00 USD) - 2025/01/07 20:28:38 WET [2025/01/07 15:28:38 ET]
Table 'Dabih III' 6-max Seat #4 is the button
Seat 2: Aescul@pius ($100 in chips) is sitting out
Seat 1: xxxZeka ($100 in chips) 
Seat 3: Y_19 ($100 in chips) 
Seat 4: illarins ($105.39 in chips) 
Seat 5: BelSv ($107.07 in chips) 
Seat 6: BGS013 ($101.50 in chips) 
BelSv: posts small blind $0.50
BGS013: posts big blind $1
Aescul@pius: sits out 
*** HOLE CARDS ***
xxxZeka: folds 
Y_19: folds 
illarins: folds 
BelSv: folds 
Uncalled bet ($0.50) returned to BGS013
BGS013 collected $1 from pot
BGS013: doesn't show hand 
*** SUMMARY ***
Total pot $1 | Rake $0 
Seat 2: Aescul@pius
Seat 1: xxxZeka folded before Flop (didn't bet)
Seat 3: Y_19 folded before Flop (didn't bet)
Seat 4: illarins (button) folded before Flop (didn't bet)
Seat 5: BelSv (small blind) folded before Flop
Seat 6: BGS013 (big blind) collected ($1)



PokerStars Hand #254250738072:  Hold'em No Limit ($0.50/$1.00 USD) - 2025/01/07 20:28:57 WET [2025/01/07 15:28:57 ET]
Table 'Dabih III' 6-max Seat #5 is the button
Seat 2: Aescul@pius ($100 in chips) is sitting out
Seat 1: xxxZeka ($100 in chips) 
Seat 3: Y_19 ($100 in chips) 
Seat 4: illarins ($105.39 in chips) 
Seat 5: BelSv ($106.57 in chips) 
Seat 6: BGS013 ($102 in chips) 
BGS013: posts small blind $0.50
xxxZeka: posts big blind $1
Aescul@pius: sits out 
*** HOLE CARDS ***
Y_19: folds 
illarins: folds 
BelSv: folds 
BGS013: folds 
Uncalled bet ($0.50) returned to xxxZeka
xxxZeka collected $1 from pot
xxxZeka: doesn't show hand 
*** SUMMARY ***
Total pot $1 | Rake $0 
Seat 2: Aescul@pius
Seat 1: xxxZeka (big blind) collected ($1)
Seat 3: Y_19 folded before Flop (didn't bet)
Seat 4: illarins folded before Flop (didn't bet)
Seat 5: BelSv (button) folded before Flop (didn't bet)
Seat 6: BGS013 (small blind) folded before Flop



PokerStars Hand #254250742856:  Hold'em No Limit ($0.50/$1.00 USD) - 2025/01/07 20:29:11 WET [2025/01/07 15:29:11 ET]
Table 'Dabih III' 6-max Seat #6 is the button
Seat 1: xxxZeka ($100.50 in chips) 
Seat 2: Aescul@pius ($100 in chips) 
Seat 3: Y_19 ($100 in chips) 
Seat 4: illarins ($105.39 in chips) 
Seat 5: BelSv ($106.57 in chips) 
Seat 6: BGS013 ($101.50 in chips) 
xxxZeka: posts small blind $0.50
Aescul@pius: posts big blind $1
*** HOLE CARDS ***
Y_19: folds 
illarins: folds 
BelSv: folds 
BGS013: raises $1.50 to $2.50
xxxZeka: folds 
Aescul@pius: folds 
Uncalled bet ($1.50) returned to BGS013
BGS013 collected $2.50 from pot
BGS013: doesn't show hand 
*** SUMMARY ***
Total pot $2.50 | Rake $0 
Seat 1: xxxZeka (small blind) folded before Flop
Seat 2: Aescul@pius (big blind) folded before Flop
Seat 3: Y_19 folded before Flop (didn't bet)
Seat 4: illarins folded before Flop (didn't bet)
Seat 5: BelSv folded before Flop (didn't bet)
Seat 6: BGS013 (button) collected ($2.50)



PokerStars Hand #254250752879:  Hold'em No Limit ($0.50/$1.00 USD) - 2025/01/07 20:29:42 WET [2025/01/07 15:29:42 ET]
Table 'Dabih III' 6-max Seat #1 is the button
Seat 1: xxxZeka ($100 in chips) 
Seat 2: Aescul@pius ($100 in chips) 
Seat 3: Y_19 ($100 in chips) 
Seat 4: illarins ($105.39 in chips) 
Seat 5: BelSv ($106.57 in chips) 
Seat 6: BGS013 ($103 in chips) 
Aescul@pius: posts small blind $0.50
Y_19: posts big blind $1
*** HOLE CARDS ***
illarins: raises $1.50 to $2.50
BelSv: folds 
BGS013: folds 
xxxZeka: raises $5 to $7.50
Aescul@pius: folds 
Y_19: folds 
illarins: folds 
Uncalled bet ($5) returned to xxxZeka
xxxZeka collected $6.50 from pot
xxxZeka: doesn't show hand 
*** SUMMARY ***
Total pot $6.50 | Rake $0 
Seat 1: xxxZeka (button) collected ($6.50)
Seat 2: Aescul@pius (small blind) folded before Flop
Seat 3: Y_19 (big blind) folded before Flop
Seat 4: illarins folded before Flop
Seat 5: BelSv folded before Flop (didn't bet)
Seat 6: BGS013 folded before Flop (didn't bet)



PokerStars Hand #254250763620:  Hold'em No Limit ($0.50/$1.00 USD) - 2025/01/07 20:30:14 WET [2025/01/07 15:30:14 ET]
Table 'Dabih III' 6-max Seat #2 is the button
Seat 4: illarins ($102.89 in chips) is sitting out
Seat 1: xxxZeka ($104 in chips) 
Seat 2: Aescul@pius ($100 in chips) 
Seat 3: Y_19 ($100 in chips) 
Seat 5: BelSv ($106.57 in chips) 
Seat 6: BGS013 ($103 in chips) 
Y_19: posts small blind $0.50
illarins: is sitting out 
BelSv: posts big blind $1
*** HOLE CARDS ***
BGS013: folds 
xxxZeka: folds 
Aescul@pius: raises $1.50 to $2.50
Y_19: raises $9 to $11.50
illarins leaves the table
BelSv: folds 
Aescul@pius: raises $11.50 to $23
Y_19: calls $11.50
*** FLOP *** [5h Js 8h]
Y_19: checks 
Aescul@pius: bets $11.16
Y_19: calls $11.16
*** TURN *** [5h Js 8h] [Kd]
Y_19: checks 
Aescul@pius: checks 
*** RIVER *** [5h Js 8h Kd] [6c]
Y_19: checks 
Aescul@pius: bets $65.84 and is all-in
Y_19: folds 
Uncalled bet ($65.84) returned to Aescul@pius
Aescul@pius collected $66.82 from pot
Aescul@pius: doesn't show hand 
*** SUMMARY ***
Total pot $69.32 | Rake $2.50 
Board [5h Js 8h Kd 6c]
Seat 4: illarins
Seat 1: xxxZeka folded before Flop (didn't bet)
Seat 2: Aescul@pius (button) collected ($66.82)
Seat 3: Y_19 (small blind) folded on the River
Seat 5: BelSv (big blind) folded before Flop
Seat 6: BGS013 folded before Flop (didn't bet)



PokerStars Hand #254250806646:  Hold'em No Limit ($0.50/$1.00 USD) - 2025/01/07 20:32:21 WET [2025/01/07 15:32:21 ET]
Table 'Dabih III' 6-max Seat #3 is the button
Seat 1: xxxZeka ($104 in chips) is sitting out
Seat 6: BGS013 ($103 in chips) is sitting out
Seat 2: Aescul@pius ($132.66 in chips) 
Seat 3: Y_19 ($100 in chips) 
Seat 5: BelSv ($105.57 in chips) 
BelSv: posts small blind $0.50
BGS013: is sitting out 
xxxZeka: is sitting out 
Aescul@pius: posts big blind $1
*** HOLE CARDS ***
BGS013 leaves the table
Y_19: folds 
michasia joins the table at seat #6 
BelSv: folds 
Uncalled bet ($0.50) returned to Aescul@pius
Aescul@pius collected $1 from pot
Aescul@pius: doesn't show hand 
*** SUMMARY ***
Total pot $1 | Rake $0 
Seat 1: xxxZeka
Seat 6: BGS013
Seat 2: Aescul@pius (big blind) collected ($1)
Seat 3: Y_19 (button) folded before Flop (didn't bet)
Seat 5: BelSv (small blind) folded before Flop



PokerStars Hand #254250811700:  Hold'em No Limit ($0.50/$1.00 USD) - 2025/01/07 20:32:36 WET [2025/01/07 15:32:36 ET]
Table 'Dabih III' 6-max Seat #2 is the button
Seat 1: xxxZeka ($104 in chips) is sitting out
Seat 3: Y_19 ($100 in chips) is sitting out
Seat 6: michasia ($100 in chips) is sitting out
Seat 2: Aescul@pius ($133.16 in chips) 
Seat 5: BelSv ($105.07 in chips) 
Aescul@pius: posts small blind $0.50
Y_19: is sitting out 
BelSv: posts big blind $1
*** HOLE CARDS ***
Aescul@pius: folds 
Uncalled bet ($0.50) returned to BelSv
BelSv collected $1 from pot
BelSv: doesn't show hand 
*** SUMMARY ***
Total pot $1 | Rake $0 
Seat 1: xxxZeka
Seat 3: Y_19
Seat 6: michasia
Seat 2: Aescul@pius (button) (small blind) folded before Flop
Seat 5: BelSv (big blind) collected ($1)



PokerStars Hand #254250815240:  Hold'em No Limit ($0.50/$1.00 USD) - 2025/01/07 20:32:46 WET [2025/01/07 15:32:46 ET]
Table 'Dabih III' 6-max Seat #2 is the button
Seat 1: xxxZeka ($104 in chips) is sitting out
Seat 3: Y_19 ($100 in chips) is sitting out
Seat 2: Aescul@pius ($132.66 in chips) 
Seat 5: BelSv ($105.57 in chips) 
Seat 6: michasia ($100 in chips) 
BelSv: posts small blind $0.50
michasia: posts big blind $1
*** HOLE CARDS ***
Y_19 leaves the table
Aescul@pius: raises $1.50 to $2.50
BelSv: folds 
michasia: folds 
Uncalled bet ($1.50) returned to Aescul@pius
Aescul@pius collected $2.50 from pot
Aescul@pius: doesn't show hand 
*** SUMMARY ***
Total pot $2.50 | Rake $0 
Seat 1: xxxZeka
Seat 3: Y_19
Seat 2: Aescul@pius (button) collected ($2.50)
Seat 5: BelSv (small blind) folded before Flop
Seat 6: michasia (big blind) folded before Flop



