PokerStars Hand #254248823267:  Hold'em No Limit ($0.50/$1.00 USD) - 2025/01/07 18:43:48 WET [2025/01/07 13:43:48 ET]
Table 'Zech II' 6-max Seat #2 is the button
Seat 4: ptolejmus ($10.80 in chips) is sitting out
Seat 1: tukeiron ($101 in chips) 
Seat 2: mr.Jckpot ($100 in chips) 
Seat 5: CichiChanMarian ($100 in chips) 
Seat 6: Alinyr ($100 in chips) 
CichiChanMarian: posts small blind $0.50
Alinyr: posts big blind $1
*** HOLE CARDS ***
tukeiron: raises $1.50 to $2.50
mr.Jckpot: folds 
CichiChanMarian: folds 
ptolejmus leaves the table
Alinyr: calls $1.50
*** FLOP *** [Kc 5d Jd]
Alinyr: checks 
PayTaxOrDie joins the table at seat #4 
tukeiron: bets $1.72
Zzzeptune joins the table at seat #3 
Zzzeptune is disconnected 
Alinyr: folds 
Uncalled bet ($1.72) returned to tukeiron
tukeiron collected $5.22 from pot
*** SUMMARY ***
Total pot $5.50 | Rake $0.28 
Board [Kc 5d Jd]
Seat 4: ptolejmus
Seat 1: tukeiron collected ($5.22)
Seat 2: mr.Jckpot (button) folded before Flop (didn't bet)
Seat 5: CichiChanMarian (small blind) folded before Flop
Seat 6: Alinyr (big blind) folded on the Flop



PokerStars Hand #254248834761:  Hold'em No Limit ($0.50/$1.00 USD) - 2025/01/07 18:44:25 WET [2025/01/07 13:44:25 ET]
Table 'Zech II' 6-max Seat #5 is the button
Seat 3: Zzzeptune ($10 in chips) is sitting out
Seat 4: PayTaxOrDie ($100 in chips) is sitting out
Seat 1: tukeiron ($103.72 in chips) 
Seat 2: mr.Jckpot ($100 in chips) 
Seat 5: CichiChanMarian ($100 in chips) 
Seat 6: Alinyr ($100 in chips) 
Alinyr: posts small blind $0.50
tukeiron: posts big blind $1
Zzzeptune: sits out 
PayTaxOrDie: sits out 
*** HOLE CARDS ***
mr.Jckpot: folds 
CichiChanMarian: folds 
Alinyr: raises $2 to $3
tukeiron: folds 
Uncalled bet ($2) returned to Alinyr
Alinyr collected $2 from pot
Alinyr: doesn't show hand 
*** SUMMARY ***
Total pot $2 | Rake $0 
Seat 3: Zzzeptune
Seat 4: PayTaxOrDie
Seat 1: tukeiron (big blind) folded before Flop
Seat 2: mr.Jckpot folded before Flop (didn't bet)
Seat 5: CichiChanMarian (button) folded before Flop (didn't bet)
Seat 6: Alinyr (small blind) collected ($2)



PokerStars Hand #254248840384:  Hold'em No Limit ($0.50/$1.00 USD) - 2025/01/07 18:44:43 WET [2025/01/07 13:44:43 ET]
Table 'Zech II' 6-max Seat #6 is the button
Seat 3: Zzzeptune ($10 in chips) is sitting out
Seat 4: PayTaxOrDie ($100 in chips) is sitting out
Seat 1: tukeiron ($102.72 in chips) 
Seat 2: mr.Jckpot ($100 in chips) 
Seat 5: CichiChanMarian ($100 in chips) 
Seat 6: Alinyr ($101 in chips) 
tukeiron: posts small blind $0.50
mr.Jckpot: posts big blind $1
Zzzeptune: sits out 
PayTaxOrDie: sits out 
*** HOLE CARDS ***
CichiChanMarian: folds 
Alinyr: folds 
tukeiron: folds 
Uncalled bet ($0.50) returned to mr.Jckpot
mr.Jckpot collected $1 from pot
mr.Jckpot: doesn't show hand 
*** SUMMARY ***
Total pot $1 | Rake $0 
Seat 3: Zzzeptune
Seat 4: PayTaxOrDie
Seat 1: tukeiron (small blind) folded before Flop
Seat 2: mr.Jckpot (big blind) collected ($1)
Seat 5: CichiChanMarian folded before Flop (didn't bet)
Seat 6: Alinyr (button) folded before Flop (didn't bet)



PokerStars Hand #254248843982:  Hold'em No Limit ($0.50/$1.00 USD) - 2025/01/07 18:44:55 WET [2025/01/07 13:44:55 ET]
Table 'Zech II' 6-max Seat #1 is the button
Seat 4: PayTaxOrDie ($100 in chips) is sitting out
Seat 1: tukeiron ($102.22 in chips) 
Seat 2: mr.Jckpot ($100.50 in chips) 
Seat 3: Zzzeptune ($10 in chips) 
Seat 5: CichiChanMarian ($100 in chips) 
Seat 6: Alinyr ($101 in chips) 
mr.Jckpot: posts small blind $0.50
Zzzeptune: posts big blind $1
PayTaxOrDie: sits out 
*** HOLE CARDS ***
CichiChanMarian: folds 
Alinyr: folds 
tukeiron: raises $1.50 to $2.50
mr.Jckpot: folds 
Zzzeptune: folds 
Uncalled bet ($1.50) returned to tukeiron
tukeiron collected $2.50 from pot
*** SUMMARY ***
Total pot $2.50 | Rake $0 
Seat 4: PayTaxOrDie
Seat 1: tukeiron (button) collected ($2.50)
Seat 2: mr.Jckpot (small blind) folded before Flop
Seat 3: Zzzeptune (big blind) folded before Flop
Seat 5: CichiChanMarian folded before Flop (didn't bet)
Seat 6: Alinyr folded before Flop (didn't bet)



PokerStars Hand #254248851909:  Hold'em No Limit ($0.50/$1.00 USD) - 2025/01/07 18:45:21 WET [2025/01/07 13:45:21 ET]
Table 'Zech II' 6-max Seat #2 is the button
Seat 1: tukeiron ($103.72 in chips) 
Seat 2: mr.Jckpot ($100 in chips) 
Seat 3: Zzzeptune ($9 in chips) 
Seat 4: PayTaxOrDie ($100 in chips) 
Seat 5: CichiChanMarian ($100 in chips) 
Seat 6: Alinyr ($101 in chips) 
Zzzeptune: posts small blind $0.50
PayTaxOrDie: posts big blind $1
*** HOLE CARDS ***
CichiChanMarian: folds 
Alinyr: raises $1.05 to $2.05
tukeiron: folds 
mr.Jckpot: folds 
Zzzeptune: calls $1.55
PayTaxOrDie: folds 
*** FLOP *** [4d Kd 3h]
Zzzeptune: checks 
Alinyr: bets $1.60
Zzzeptune: folds 
Uncalled bet ($1.60) returned to Alinyr
Alinyr collected $4.84 from pot
Alinyr: doesn't show hand 
*** SUMMARY ***
Total pot $5.10 | Rake $0.26 
Board [4d Kd 3h]
Seat 1: tukeiron folded before Flop (didn't bet)
Seat 2: mr.Jckpot (button) folded before Flop (didn't bet)
Seat 3: Zzzeptune (small blind) folded on the Flop
Seat 4: PayTaxOrDie (big blind) folded before Flop
Seat 5: CichiChanMarian folded before Flop (didn't bet)
Seat 6: Alinyr collected ($4.84)



PokerStars Hand #254248861663:  Hold'em No Limit ($0.50/$1.00 USD) - 2025/01/07 18:45:53 WET [2025/01/07 13:45:53 ET]
Table 'Zech II' 6-max Seat #3 is the button
Seat 1: tukeiron ($103.72 in chips) 
Seat 2: mr.Jckpot ($100 in chips) 
Seat 3: Zzzeptune ($6.95 in chips) 
Seat 4: PayTaxOrDie ($100 in chips) 
Seat 5: CichiChanMarian ($100 in chips) 
Seat 6: Alinyr ($103.79 in chips) 
PayTaxOrDie: posts small blind $0.50
CichiChanMarian: posts big blind $1
*** HOLE CARDS ***
Alinyr: folds 
tukeiron: folds 
mr.Jckpot: folds 
Zzzeptune: folds 
PayTaxOrDie: raises $2 to $3
CichiChanMarian: folds 
Uncalled bet ($2) returned to PayTaxOrDie
PayTaxOrDie collected $2 from pot
PayTaxOrDie: doesn't show hand 
*** SUMMARY ***
Total pot $2 | Rake $0 
Seat 1: tukeiron folded before Flop (didn't bet)
Seat 2: mr.Jckpot folded before Flop (didn't bet)
Seat 3: Zzzeptune (button) folded before Flop (didn't bet)
Seat 4: PayTaxOrDie (small blind) collected ($2)
Seat 5: CichiChanMarian (big blind) folded before Flop
Seat 6: Alinyr folded before Flop (didn't bet)



PokerStars Hand #254248868179:  Hold'em No Limit ($0.50/$1.00 USD) - 2025/01/07 18:46:15 WET [2025/01/07 13:46:15 ET]
Table 'Zech II' 6-max Seat #4 is the button
Seat 6: Alinyr ($103.79 in chips) is sitting out
Seat 1: tukeiron ($103.72 in chips) 
Seat 2: mr.Jckpot ($100 in chips) 
Seat 3: Zzzeptune ($6.95 in chips) 
Seat 4: PayTaxOrDie ($101 in chips) 
Seat 5: CichiChanMarian ($100 in chips) 
CichiChanMarian: posts small blind $0.50
Alinyr: is sitting out 
tukeiron: posts big blind $1
*** HOLE CARDS ***
mr.Jckpot: raises $1.50 to $2.50
Zzzeptune: folds 
PayTaxOrDie: raises $5 to $7.50
CichiChanMarian: folds 
tukeiron: folds 
Alinyr leaves the table
mr.Jckpot: raises $13.50 to $21
sta$igk joins the table at seat #6 
PayTaxOrDie: folds 
Uncalled bet ($13.50) returned to mr.Jckpot
mr.Jckpot collected $16.50 from pot
mr.Jckpot: doesn't show hand 
*** SUMMARY ***
Total pot $16.50 | Rake $0 
Seat 6: Alinyr
Seat 1: tukeiron (big blind) folded before Flop
Seat 2: mr.Jckpot collected ($16.50)
Seat 3: Zzzeptune folded before Flop (didn't bet)
Seat 4: PayTaxOrDie (button) folded before Flop
Seat 5: CichiChanMarian (small blind) folded before Flop



PokerStars Hand #254248876878:  Hold'em No Limit ($0.50/$1.00 USD) - 2025/01/07 18:46:43 WET [2025/01/07 13:46:43 ET]
Table 'Zech II' 6-max Seat #5 is the button
Seat 6: sta$igk ($100 in chips) is sitting out
Seat 1: tukeiron ($102.72 in chips) 
Seat 2: mr.Jckpot ($109 in chips) 
Seat 3: Zzzeptune ($6.95 in chips) 
Seat 4: PayTaxOrDie ($100 in chips) 
Seat 5: CichiChanMarian ($100 in chips) 
tukeiron: posts small blind $0.50
mr.Jckpot: posts big blind $1
*** HOLE CARDS ***
Zzzeptune: folds 
PayTaxOrDie: folds 
CichiChanMarian: raises $1.50 to $2.50
tukeiron: folds 
mr.Jckpot: folds 
Uncalled bet ($1.50) returned to CichiChanMarian
CichiChanMarian collected $2.50 from pot
CichiChanMarian: doesn't show hand 
*** SUMMARY ***
Total pot $2.50 | Rake $0 
Seat 6: sta$igk
Seat 1: tukeiron (small blind) folded before Flop
Seat 2: mr.Jckpot (big blind) folded before Flop
Seat 3: Zzzeptune folded before Flop (didn't bet)
Seat 4: PayTaxOrDie folded before Flop (didn't bet)
Seat 5: CichiChanMarian (button) collected ($2.50)



PokerStars Hand #254248883703:  Hold'em No Limit ($0.50/$1.00 USD) - 2025/01/07 18:47:06 WET [2025/01/07 13:47:06 ET]
Table 'Zech II' 6-max Seat #1 is the button
Seat 6: sta$igk ($100 in chips) is sitting out
Seat 1: tukeiron ($102.22 in chips) 
Seat 2: mr.Jckpot ($108 in chips) 
Seat 3: Zzzeptune ($6.95 in chips) 
Seat 4: PayTaxOrDie ($100 in chips) 
Seat 5: CichiChanMarian ($101.50 in chips) 
mr.Jckpot: posts small blind $0.50
Zzzeptune: posts big blind $1
sta$igk: sits out 
*** HOLE CARDS ***
PayTaxOrDie: folds 
CichiChanMarian: raises $1.50 to $2.50
PayTaxOrDie leaves the table
tukeiron: folds 
mr.Jckpot: folds 
Zzzeptune: calls $1.50
*** FLOP *** [9c 4s 2h]
Zzzeptune: bets $4.45 and is all-in
CichiChanMarian: calls $4.45
michasia joins the table at seat #4 
*** TURN *** [9c 4s 2h] [Th]
*** RIVER *** [9c 4s 2h Th] [Tc]
*** SHOW DOWN ***
Zzzeptune: shows [3s 9d] (two pair, Tens and Nines)
CichiChanMarian: shows [6d 6c] (two pair, Tens and Sixes)
Zzzeptune collected $13.68 from pot
*** SUMMARY ***
Total pot $14.40 | Rake $0.72 
Board [9c 4s 2h Th Tc]
Seat 6: sta$igk
Seat 1: tukeiron (button) folded before Flop (didn't bet)
Seat 2: mr.Jckpot (small blind) folded before Flop
Seat 3: Zzzeptune (big blind) showed [3s 9d] and won ($13.68) with two pair, Tens and Nines
Seat 4: PayTaxOrDie folded before Flop (didn't bet)
Seat 5: CichiChanMarian showed [6d 6c] and lost with two pair, Tens and Sixes



PokerStars Hand #254248894218:  Hold'em No Limit ($0.50/$1.00 USD) - 2025/01/07 18:47:40 WET [2025/01/07 13:47:40 ET]
Table 'Zech II' 6-max Seat #2 is the button
Seat 6: sta$igk ($100 in chips) is sitting out
Seat 1: tukeiron ($102.22 in chips) 
Seat 2: mr.Jckpot ($107.50 in chips) 
Seat 3: Zzzeptune ($13.68 in chips) 
Seat 4: michasia ($100 in chips) 
Seat 5: CichiChanMarian ($100 in chips) 
Zzzeptune: posts small blind $0.50
michasia: posts big blind $1
sta$igk: sits out 
*** HOLE CARDS ***
CichiChanMarian: raises $1.50 to $2.50
tukeiron: raises $5 to $7.50
mr.Jckpot: folds 
Zzzeptune: folds 
michasia: folds 
CichiChanMarian: folds 
Uncalled bet ($5) returned to tukeiron
tukeiron collected $6.50 from pot
*** SUMMARY ***
Total pot $6.50 | Rake $0 
Seat 6: sta$igk
Seat 1: tukeiron collected ($6.50)
Seat 2: mr.Jckpot (button) folded before Flop (didn't bet)
Seat 3: Zzzeptune (small blind) folded before Flop
Seat 4: michasia (big blind) folded before Flop
Seat 5: CichiChanMarian folded before Flop



PokerStars Hand #254248900161:  Hold'em No Limit ($0.50/$1.00 USD) - 2025/01/07 18:48:00 WET [2025/01/07 13:48:00 ET]
Table 'Zech II' 6-max Seat #3 is the button
Seat 6: sta$igk ($100 in chips) is sitting out
Seat 1: tukeiron ($106.22 in chips) 
Seat 2: mr.Jckpot ($107.50 in chips) 
Seat 3: Zzzeptune ($13.18 in chips) 
Seat 4: michasia ($100 in chips) 
Seat 5: CichiChanMarian ($100 in chips) 
michasia: posts small blind $0.50
CichiChanMarian: posts big blind $1
sta$igk: sits out 
*** HOLE CARDS ***
tukeiron: raises $1.50 to $2.50
mr.Jckpot: folds 
Zzzeptune: folds 
michasia: folds 
CichiChanMarian: folds 
Uncalled bet ($1.50) returned to tukeiron
tukeiron collected $2.50 from pot
*** SUMMARY ***
Total pot $2.50 | Rake $0 
Seat 6: sta$igk
Seat 1: tukeiron collected ($2.50)
Seat 2: mr.Jckpot folded before Flop (didn't bet)
Seat 3: Zzzeptune (button) folded before Flop (didn't bet)
Seat 4: michasia (small blind) folded before Flop
Seat 5: CichiChanMarian (big blind) folded before Flop



PokerStars Hand #254248903825:  Hold'em No Limit ($0.50/$1.00 USD) - 2025/01/07 18:48:12 WET [2025/01/07 13:48:12 ET]
Table 'Zech II' 6-max Seat #4 is the button
Seat 1: tukeiron ($107.72 in chips) 
Seat 2: mr.Jckpot ($107.50 in chips) 
Seat 3: Zzzeptune ($13.18 in chips) 
Seat 4: michasia ($100 in chips) 
Seat 5: CichiChanMarian ($100 in chips) 
Seat 6: sta$igk ($100 in chips) 
CichiChanMarian: posts small blind $0.50
sta$igk: posts big blind $1
*** HOLE CARDS ***
tukeiron: folds 
mr.Jckpot: folds 
Zzzeptune: calls $1
michasia: folds 
CichiChanMarian: folds 
sta$igk: checks 
*** FLOP *** [3h 4c Ad]
sta$igk: checks 
Zzzeptune: bets $1
sta$igk: folds 
Uncalled bet ($1) returned to Zzzeptune
Zzzeptune collected $2.38 from pot
*** SUMMARY ***
Total pot $2.50 | Rake $0.12 
Board [3h 4c Ad]
Seat 1: tukeiron folded before Flop (didn't bet)
Seat 2: mr.Jckpot folded before Flop (didn't bet)
Seat 3: Zzzeptune collected ($2.38)
Seat 4: michasia (button) folded before Flop (didn't bet)
Seat 5: CichiChanMarian (small blind) folded before Flop
Seat 6: sta$igk (big blind) folded on the Flop



PokerStars Hand #254248909944:  Hold'em No Limit ($0.50/$1.00 USD) - 2025/01/07 18:48:33 WET [2025/01/07 13:48:33 ET]
Table 'Zech II' 6-max Seat #5 is the button
Seat 1: tukeiron ($107.72 in chips) 
Seat 2: mr.Jckpot ($107.50 in chips) 
Seat 3: Zzzeptune ($14.56 in chips) 
Seat 4: michasia ($100 in chips) 
Seat 5: CichiChanMarian ($100 in chips) 
Seat 6: sta$igk ($100 in chips) 
sta$igk: posts small blind $0.50
tukeiron: posts big blind $1
*** HOLE CARDS ***
mr.Jckpot: folds 
Zzzeptune: calls $1
michasia: folds 
CichiChanMarian: folds 
sta$igk: raises $14 to $15
tukeiron: folds 
Zzzeptune: calls $13.56 and is all-in
Uncalled bet ($0.44) returned to sta$igk
*** FLOP *** [7s 2h Jd]
*** TURN *** [7s 2h Jd] [9c]
*** RIVER *** [7s 2h Jd 9c] [Jh]
*** SHOW DOWN ***
sta$igk: shows [Ks Ah] (a pair of Jacks)
Zzzeptune: shows [Ac Qd] (a pair of Jacks - lower kicker)
sta$igk collected $28.61 from pot
*** SUMMARY ***
Total pot $30.12 | Rake $1.51 
Board [7s 2h Jd 9c Jh]
Seat 1: tukeiron (big blind) folded before Flop
Seat 2: mr.Jckpot folded before Flop (didn't bet)
Seat 3: Zzzeptune showed [Ac Qd] and lost with a pair of Jacks
Seat 4: michasia folded before Flop (didn't bet)
Seat 5: CichiChanMarian (button) folded before Flop (didn't bet)
Seat 6: sta$igk (small blind) showed [Ks Ah] and won ($28.61) with a pair of Jacks



PokerStars Hand #254248918298:  Hold'em No Limit ($0.50/$1.00 USD) - 2025/01/07 18:49:00 WET [2025/01/07 13:49:00 ET]
Table 'Zech II' 6-max Seat #6 is the button
Seat 3: Zzzeptune ($0 in chips) is sitting out
Seat 1: tukeiron ($106.72 in chips) 
Seat 2: mr.Jckpot ($107.50 in chips) 
Seat 4: michasia ($100 in chips) 
Seat 5: CichiChanMarian ($100 in chips) 
Seat 6: sta$igk ($114.05 in chips) 
tukeiron: posts small blind $0.50
mr.Jckpot: posts big blind $1
*** HOLE CARDS ***
Zzzeptune is disconnected 
michasia: folds 
CichiChanMarian: raises $1.50 to $2.50
sta$igk: folds 
tukeiron: folds 
mr.Jckpot: raises $9.50 to $12
CichiChanMarian: calls $9.50
*** FLOP *** [7c 6d Ah]
mr.Jckpot: bets $7.68
CichiChanMarian: calls $7.68
*** TURN *** [7c 6d Ah] [5s]
mr.Jckpot: checks 
CichiChanMarian: checks 
*** RIVER *** [7c 6d Ah 5s] [5d]
mr.Jckpot: checks 
CichiChanMarian: checks 
*** SHOW DOWN ***
mr.Jckpot: shows [Td Ts] (two pair, Tens and Fives)
CichiChanMarian: shows [4c Ac] (two pair, Aces and Fives)
CichiChanMarian collected $37.87 from pot
*** SUMMARY ***
Total pot $39.86 | Rake $1.99 
Board [7c 6d Ah 5s 5d]
Seat 3: Zzzeptune
Seat 1: tukeiron (small blind) folded before Flop
Seat 2: mr.Jckpot (big blind) showed [Td Ts] and lost with two pair, Tens and Fives
Seat 4: michasia folded before Flop (didn't bet)
Seat 5: CichiChanMarian showed [4c Ac] and won ($37.87) with two pair, Aces and Fives
Seat 6: sta$igk (button) folded before Flop (didn't bet)



PokerStars Hand #254248942487:  Hold'em No Limit ($0.50/$1.00 USD) - 2025/01/07 18:50:20 WET [2025/01/07 13:50:20 ET]
Table 'Zech II' 6-max Seat #1 is the button
Seat 3: Zzzeptune ($0 in chips) is sitting out
Seat 1: tukeiron ($106.22 in chips) 
Seat 2: mr.Jckpot ($100 in chips) 
Seat 4: michasia ($100 in chips) 
Seat 5: CichiChanMarian ($118.19 in chips) 
Seat 6: sta$igk ($114.05 in chips) 
mr.Jckpot: posts small blind $0.50
michasia: posts big blind $1
*** HOLE CARDS ***
CichiChanMarian: folds 
sta$igk: folds 
tukeiron: folds 
mr.Jckpot: raises $2 to $3
michasia: calls $2
*** FLOP *** [Jd 3c 8h]
mr.Jckpot: bets $3.76
michasia: folds 
Uncalled bet ($3.76) returned to mr.Jckpot
mr.Jckpot collected $5.70 from pot
mr.Jckpot: doesn't show hand 
*** SUMMARY ***
Total pot $6 | Rake $0.30 
Board [Jd 3c 8h]
Seat 3: Zzzeptune
Seat 1: tukeiron (button) folded before Flop (didn't bet)
Seat 2: mr.Jckpot (small blind) collected ($5.70)
Seat 4: michasia (big blind) folded on the Flop
Seat 5: CichiChanMarian folded before Flop (didn't bet)
Seat 6: sta$igk folded before Flop (didn't bet)



PokerStars Hand #254248948178:  Hold'em No Limit ($0.50/$1.00 USD) - 2025/01/07 18:50:39 WET [2025/01/07 13:50:39 ET]
Table 'Zech II' 6-max Seat #2 is the button
Seat 3: Zzzeptune ($0 in chips) is sitting out
Seat 1: tukeiron ($106.22 in chips) 
Seat 2: mr.Jckpot ($102.70 in chips) 
Seat 4: michasia ($100 in chips) 
Seat 5: CichiChanMarian ($118.19 in chips) 
Seat 6: sta$igk ($114.05 in chips) 
michasia: posts small blind $0.50
CichiChanMarian: posts big blind $1
*** HOLE CARDS ***
sta$igk: folds 
sta$igk leaves the table
tukeiron: folds 
mr.Jckpot: folds 
michasia: raises $2 to $3
CichiChanMarian: folds 
Uncalled bet ($2) returned to michasia
michasia collected $2 from pot
michasia: doesn't show hand 
*** SUMMARY ***
Total pot $2 | Rake $0 
Seat 3: Zzzeptune
Seat 1: tukeiron folded before Flop (didn't bet)
Seat 2: mr.Jckpot (button) folded before Flop (didn't bet)
Seat 4: michasia (small blind) collected ($2)
Seat 5: CichiChanMarian (big blind) folded before Flop
Seat 6: sta$igk folded before Flop (didn't bet)



PokerStars Hand #254248953056:  Hold'em No Limit ($0.50/$1.00 USD) - 2025/01/07 18:50:55 WET [2025/01/07 13:50:55 ET]
Table 'Zech II' 6-max Seat #4 is the button
Seat 3: Zzzeptune ($0 in chips) is sitting out
Seat 1: tukeiron ($106.22 in chips) 
Seat 2: mr.Jckpot ($102.70 in chips) 
Seat 4: michasia ($101 in chips) 
Seat 5: CichiChanMarian ($117.19 in chips) 
CichiChanMarian: posts small blind $0.50
tukeiron: posts big blind $1
*** HOLE CARDS ***
mr.Jckpot: folds 
michasia: folds 
CichiChanMarian: raises $2 to $3
tukeiron: calls $2
*** FLOP *** [2c Jh Td]
CichiChanMarian: checks 
tukeiron: bets $2.85
CichiChanMarian: calls $2.85
*** TURN *** [2c Jh Td] [7h]
CichiChanMarian: checks 
michasia leaves the table
tukeiron: bets $11.12
amaurj joins the table at seat #6 
amaurj is disconnected 
CichiChanMarian: folds 
Uncalled bet ($11.12) returned to tukeiron
tukeiron collected $11.12 from pot
PayTaxOrDie joins the table at seat #4 
*** SUMMARY ***
Total pot $11.70 | Rake $0.58 
Board [2c Jh Td 7h]
Seat 3: Zzzeptune
Seat 1: tukeiron (big blind) collected ($11.12)
Seat 2: mr.Jckpot folded before Flop (didn't bet)
Seat 4: michasia (button) folded before Flop (didn't bet)
Seat 5: CichiChanMarian (small blind) folded on the Turn



PokerStars Hand #254248975852:  Hold'em No Limit ($0.50/$1.00 USD) - 2025/01/07 18:52:10 WET [2025/01/07 13:52:10 ET]
Table 'Zech II' 6-max Seat #5 is the button
Seat 3: Zzzeptune ($0 in chips) is sitting out
Seat 4: PayTaxOrDie ($100 in chips) is sitting out
Seat 6: amaurj ($30.95 in chips) is sitting out
Seat 1: tukeiron ($111.49 in chips) 
Seat 2: mr.Jckpot ($102.70 in chips) 
Seat 5: CichiChanMarian ($111.34 in chips) 
tukeiron: posts small blind $0.50
mr.Jckpot: posts big blind $1
PayTaxOrDie: sits out 
*** HOLE CARDS ***
CichiChanMarian: folds 
tukeiron: raises $2 to $3
mr.Jckpot: calls $2
*** FLOP *** [8d Js 3c]
tukeiron: bets $1.88
mr.Jckpot: calls $1.88
*** TURN *** [8d Js 3c] [2s]
tukeiron: bets $13.90
mr.Jckpot: folds 
Uncalled bet ($13.90) returned to tukeiron
tukeiron collected $9.27 from pot
*** SUMMARY ***
Total pot $9.76 | Rake $0.49 
Board [8d Js 3c 2s]
Seat 3: Zzzeptune
Seat 4: PayTaxOrDie
Seat 6: amaurj
Seat 1: tukeiron (small blind) collected ($9.27)
Seat 2: mr.Jckpot (big blind) folded on the Turn
Seat 5: CichiChanMarian (button) folded before Flop (didn't bet)



PokerStars Hand #254248990920:  Hold'em No Limit ($0.50/$1.00 USD) - 2025/01/07 18:53:01 WET [2025/01/07 13:53:01 ET]
Table 'Zech II' 6-max Seat #1 is the button
Seat 3: Zzzeptune ($0 in chips) is sitting out
Seat 1: tukeiron ($115.88 in chips) 
Seat 2: mr.Jckpot ($100 in chips) 
Seat 4: PayTaxOrDie ($100 in chips) 
Seat 5: CichiChanMarian ($111.34 in chips) 
Seat 6: amaurj ($30.95 in chips) 
mr.Jckpot: posts small blind $0.50
PayTaxOrDie: posts big blind $1
amaurj: posts big blind $1
*** HOLE CARDS ***
CichiChanMarian: raises $1.50 to $2.50
amaurj: folds 
tukeiron: folds 
mr.Jckpot: folds 
PayTaxOrDie: calls $1.50
*** FLOP *** [Ks Qs 9h]
PayTaxOrDie: checks 
CichiChanMarian: bets $2.04
PayTaxOrDie: calls $2.04
*** TURN *** [Ks Qs 9h] [8d]
PayTaxOrDie: checks 
CichiChanMarian: checks 
*** RIVER *** [Ks Qs 9h 8d] [9d]
PayTaxOrDie: checks 
CichiChanMarian: checks 
*** SHOW DOWN ***
PayTaxOrDie: shows [8s As] (two pair, Nines and Eights)
CichiChanMarian: shows [Jh Qc] (two pair, Queens and Nines)
CichiChanMarian collected $10.05 from pot
*** SUMMARY ***
Total pot $10.58 | Rake $0.53 
Board [Ks Qs 9h 8d 9d]
Seat 3: Zzzeptune
Seat 1: tukeiron (button) folded before Flop (didn't bet)
Seat 2: mr.Jckpot (small blind) folded before Flop
Seat 4: PayTaxOrDie (big blind) showed [8s As] and lost with two pair, Nines and Eights
Seat 5: CichiChanMarian showed [Jh Qc] and won ($10.05) with two pair, Queens and Nines
Seat 6: amaurj folded before Flop (didn't bet)



PokerStars Hand #254249008103:  Hold'em No Limit ($0.50/$1.00 USD) - 2025/01/07 18:53:58 WET [2025/01/07 13:53:58 ET]
Table 'Zech II' 6-max Seat #2 is the button
Seat 3: Zzzeptune ($0 in chips) is sitting out
Seat 5: CichiChanMarian ($116.85 in chips) is sitting out
Seat 1: tukeiron ($115.88 in chips) 
Seat 2: mr.Jckpot ($100 in chips) 
Seat 4: PayTaxOrDie ($100 in chips) 
Seat 6: amaurj ($29.95 in chips) 
PayTaxOrDie: posts small blind $0.50
CichiChanMarian: is sitting out 
amaurj: posts big blind $1
*** HOLE CARDS ***
tukeiron: folds 
mr.Jckpot: folds 
PayTaxOrDie: folds 
Uncalled bet ($0.50) returned to amaurj
amaurj collected $1 from pot
*** SUMMARY ***
Total pot $1 | Rake $0 
Seat 3: Zzzeptune
Seat 5: CichiChanMarian
Seat 1: tukeiron folded before Flop (didn't bet)
Seat 2: mr.Jckpot (button) folded before Flop (didn't bet)
Seat 4: PayTaxOrDie (small blind) folded before Flop
Seat 6: amaurj (big blind) collected ($1)



PokerStars Hand #254249010160:  Hold'em No Limit ($0.50/$1.00 USD) - 2025/01/07 18:54:05 WET [2025/01/07 13:54:05 ET]
Table 'Zech II' 6-max Seat #4 is the button
Seat 3: Zzzeptune ($0 in chips) is sitting out
Seat 5: CichiChanMarian ($116.85 in chips) is sitting out
Seat 1: tukeiron ($115.88 in chips) 
Seat 2: mr.Jckpot ($100 in chips) 
Seat 4: PayTaxOrDie ($100 in chips) 
Seat 6: amaurj ($30.45 in chips) 
amaurj: posts small blind $0.50
tukeiron: posts big blind $1
*** HOLE CARDS ***
mr.Jckpot: folds 
PayTaxOrDie: raises $1.50 to $2.50
amaurj: calls $2
tukeiron: folds 
*** FLOP *** [Ad 5c 8s]
CichiChanMarian leaves the table
amaurj: bets $2
PayTaxOrDie: calls $2
*** TURN *** [Ad 5c 8s] [3c]
amaurj: bets $2
Zef0012 joins the table at seat #5 
PayTaxOrDie: raises $8.63 to $10.63
amaurj: calls $8.63
*** RIVER *** [Ad 5c 8s 3c] [Kd]
amaurj: bets $8
PayTaxOrDie: raises $10 to $18
amaurj: calls $7.32 and is all-in
Uncalled bet ($2.68) returned to PayTaxOrDie
*** SHOW DOWN ***
PayTaxOrDie: shows [8d Ac] (two pair, Aces and Eights)
amaurj: shows [5s As] (two pair, Aces and Fives)
PayTaxOrDie collected $60.90 from pot
*** SUMMARY ***
Total pot $61.90 | Rake $1 
Board [Ad 5c 8s 3c Kd]
Seat 3: Zzzeptune
Seat 5: CichiChanMarian
Seat 1: tukeiron (big blind) folded before Flop
Seat 2: mr.Jckpot folded before Flop (didn't bet)
Seat 4: PayTaxOrDie (button) showed [8d Ac] and won ($60.90) with two pair, Aces and Eights
Seat 6: amaurj (small blind) showed [5s As] and lost with two pair, Aces and Fives



PokerStars Hand #254249029437:  Hold'em No Limit ($0.50/$1.00 USD) - 2025/01/07 18:55:11 WET [2025/01/07 13:55:11 ET]
Table 'Zech II' 6-max Seat #1 is the button
Seat 3: Zzzeptune ($0 in chips) is sitting out
Seat 6: amaurj ($0 in chips) is sitting out
Seat 1: tukeiron ($114.88 in chips) 
Seat 2: mr.Jckpot ($100 in chips) 
Seat 4: PayTaxOrDie ($130.45 in chips) 
Seat 5: Zef0012 ($100 in chips) 
mr.Jckpot: posts small blind $0.50
PayTaxOrDie: posts big blind $1
Zef0012: posts big blind $1
*** HOLE CARDS ***
Zef0012: checks 
tukeiron: folds 
mr.Jckpot: raises $2.50 to $3.50
amaurj leaves the table
PayTaxOrDie: folds 
Zef0012: folds 
Uncalled bet ($2.50) returned to mr.Jckpot
mr.Jckpot collected $3 from pot
mr.Jckpot: doesn't show hand 
*** SUMMARY ***
Total pot $3 | Rake $0 
Seat 3: Zzzeptune
Seat 6: amaurj
Seat 1: tukeiron (button) folded before Flop (didn't bet)
Seat 2: mr.Jckpot (small blind) collected ($3)
Seat 4: PayTaxOrDie (big blind) folded before Flop
Seat 5: Zef0012 folded before Flop (didn't bet)



PokerStars Hand #254249032566:  Hold'em No Limit ($0.50/$1.00 USD) - 2025/01/07 18:55:26 WET [2025/01/07 13:55:26 ET]
Table 'Zech II' 6-max Seat #2 is the button
Seat 3: Zzzeptune ($0 in chips) is sitting out
Seat 1: tukeiron ($114.88 in chips) 
Seat 2: mr.Jckpot ($102 in chips) 
Seat 4: PayTaxOrDie ($129.45 in chips) 
Seat 5: Zef0012 ($99 in chips) 
PayTaxOrDie: posts small blind $0.50
Zef0012: posts big blind $1
*** HOLE CARDS ***
tukeiron: folds 
mr.Jckpot: folds 
PayTaxOrDie: folds 
Uncalled bet ($0.50) returned to Zef0012
Zef0012 collected $1 from pot
Zef0012: doesn't show hand 
*** SUMMARY ***
Total pot $1 | Rake $0 
Seat 3: Zzzeptune
Seat 1: tukeiron folded before Flop (didn't bet)
Seat 2: mr.Jckpot (button) folded before Flop (didn't bet)
Seat 4: PayTaxOrDie (small blind) folded before Flop
Seat 5: Zef0012 (big blind) collected ($1)



PokerStars Hand #254249036956:  Hold'em No Limit ($0.50/$1.00 USD) - 2025/01/07 18:55:47 WET [2025/01/07 13:55:47 ET]
Table 'Zech II' 6-max Seat #4 is the button
Seat 3: Zzzeptune ($0 in chips) is sitting out
Seat 1: tukeiron ($114.88 in chips) 
Seat 2: mr.Jckpot ($102 in chips) 
Seat 4: PayTaxOrDie ($128.95 in chips) 
Seat 5: Zef0012 ($100 in chips) 
Zef0012: posts small blind $0.50
tukeiron: posts big blind $1
*** HOLE CARDS ***
mr.Jckpot: folds 
PayTaxOrDie: folds 
Zef0012: folds 
Uncalled bet ($0.50) returned to tukeiron
tukeiron collected $1 from pot
*** SUMMARY ***
Total pot $1 | Rake $0 
Seat 3: Zzzeptune
Seat 1: tukeiron (big blind) collected ($1)
Seat 2: mr.Jckpot folded before Flop (didn't bet)
Seat 4: PayTaxOrDie (button) folded before Flop (didn't bet)
Seat 5: Zef0012 (small blind) folded before Flop



PokerStars Hand #254249038900:  Hold'em No Limit ($0.50/$1.00 USD) - 2025/01/07 18:55:56 WET [2025/01/07 13:55:56 ET]
Table 'Zech II' 6-max Seat #5 is the button
Seat 3: Zzzeptune ($0 in chips) is sitting out
Seat 1: tukeiron ($115.38 in chips) 
Seat 2: mr.Jckpot ($102 in chips) 
Seat 4: PayTaxOrDie ($128.95 in chips) 
Seat 5: Zef0012 ($100 in chips) 
tukeiron: posts small blind $0.50
mr.Jckpot: posts big blind $1
*** HOLE CARDS ***
PayTaxOrDie: raises $1.30 to $2.30
Zef0012: folds 
tukeiron: folds 
mr.Jckpot: calls $1.30
*** FLOP *** [Th 7c Qd]
mr.Jckpot: checks 
PayTaxOrDie: bets $1.21
mr.Jckpot: calls $1.21
*** TURN *** [Th 7c Qd] [Ts]
mr.Jckpot: checks 
coeeeelho joins the table at seat #6 
PayTaxOrDie: checks 
*** RIVER *** [Th 7c Qd Ts] [Ah]
mr.Jckpot: checks 
PayTaxOrDie: checks 
*** SHOW DOWN ***
mr.Jckpot: shows [7h 8h] (two pair, Tens and Sevens)
PayTaxOrDie: shows [7s Ks] (two pair, Tens and Sevens)
mr.Jckpot collected $3.57 from pot
PayTaxOrDie collected $3.57 from pot
*** SUMMARY ***
Total pot $7.52 | Rake $0.38 
Board [Th 7c Qd Ts Ah]
Seat 3: Zzzeptune
Seat 1: tukeiron (small blind) folded before Flop
Seat 2: mr.Jckpot (big blind) showed [7h 8h] and won ($3.57) with two pair, Tens and Sevens
Seat 4: PayTaxOrDie showed [7s Ks] and won ($3.57) with two pair, Tens and Sevens
Seat 5: Zef0012 (button) folded before Flop (didn't bet)



PokerStars Hand #254249048804:  Hold'em No Limit ($0.50/$1.00 USD) - 2025/01/07 18:56:43 WET [2025/01/07 13:56:43 ET]
Table 'Zech II' 6-max Seat #1 is the button
Seat 3: Zzzeptune ($0 in chips) is sitting out
Seat 6: coeeeelho ($100 in chips) is sitting out
Seat 1: tukeiron ($114.88 in chips) 
Seat 2: mr.Jckpot ($102.06 in chips) 
Seat 4: PayTaxOrDie ($129.01 in chips) 
Seat 5: Zef0012 ($100 in chips) 
mr.Jckpot: posts small blind $0.50
PayTaxOrDie: posts big blind $1
coeeeelho: sits out 
*** HOLE CARDS ***
Zef0012: folds 
tukeiron: folds 
mr.Jckpot: raises $2 to $3
PayTaxOrDie: calls $2
*** FLOP *** [8s Td 7c]
mr.Jckpot: bets $1.88
PayTaxOrDie: folds 
Uncalled bet ($1.88) returned to mr.Jckpot
mr.Jckpot collected $5.70 from pot
Zzzeptune leaves the table
mr.Jckpot: doesn't show hand 
*** SUMMARY ***
Total pot $6 | Rake $0.30 
Board [8s Td 7c]
Seat 3: Zzzeptune
Seat 6: coeeeelho
Seat 1: tukeiron (button) folded before Flop (didn't bet)
Seat 2: mr.Jckpot (small blind) collected ($5.70)
Seat 4: PayTaxOrDie (big blind) folded on the Flop
Seat 5: Zef0012 folded before Flop (didn't bet)



PokerStars Hand #254249052730:  Hold'em No Limit ($0.50/$1.00 USD) - 2025/01/07 18:57:01 WET [2025/01/07 13:57:01 ET]
Table 'Zech II' 6-max Seat #2 is the button
Seat 6: coeeeelho ($100 in chips) is sitting out
Seat 1: tukeiron ($114.88 in chips) 
Seat 2: mr.Jckpot ($104.76 in chips) 
Seat 4: PayTaxOrDie ($126.01 in chips) 
Seat 5: Zef0012 ($100 in chips) 
PayTaxOrDie: posts small blind $0.50
Zef0012: posts big blind $1
coeeeelho: sits out 
*** HOLE CARDS ***
tukeiron: raises $1.50 to $2.50
mr.Jckpot: folds 
PayTaxOrDie: folds 
Zef0012: folds 
Uncalled bet ($1.50) returned to tukeiron
tukeiron collected $2.50 from pot
*** SUMMARY ***
Total pot $2.50 | Rake $0 
Seat 6: coeeeelho
Seat 1: tukeiron collected ($2.50)
Seat 2: mr.Jckpot (button) folded before Flop (didn't bet)
Seat 4: PayTaxOrDie (small blind) folded before Flop
Seat 5: Zef0012 (big blind) folded before Flop



PokerStars Hand #254249054653:  Hold'em No Limit ($0.50/$1.00 USD) - 2025/01/07 18:57:10 WET [2025/01/07 13:57:10 ET]
Table 'Zech II' 6-max Seat #4 is the button
Seat 1: tukeiron ($116.38 in chips) 
Seat 2: mr.Jckpot ($104.76 in chips) 
Seat 4: PayTaxOrDie ($125.51 in chips) 
Seat 5: Zef0012 ($99 in chips) 
Seat 6: coeeeelho ($100 in chips) 
Zef0012: posts small blind $0.50
coeeeelho: posts big blind $1
*** HOLE CARDS ***
tukeiron: folds 
mr.Jckpot: raises $1.50 to $2.50
PayTaxOrDie: folds 
Zef0012: folds 
AlexPinsk1 joins the table at seat #3 
coeeeelho: calls $1.50
*** FLOP *** [3d 5c Jd]
coeeeelho: checks 
mr.Jckpot: bets $1.72
coeeeelho: folds 
Uncalled bet ($1.72) returned to mr.Jckpot
mr.Jckpot collected $5.22 from pot
mr.Jckpot: doesn't show hand 
*** SUMMARY ***
Total pot $5.50 | Rake $0.28 
Board [3d 5c Jd]
Seat 1: tukeiron folded before Flop (didn't bet)
Seat 2: mr.Jckpot collected ($5.22)
Seat 4: PayTaxOrDie (button) folded before Flop (didn't bet)
Seat 5: Zef0012 (small blind) folded before Flop
Seat 6: coeeeelho (big blind) folded on the Flop



PokerStars Hand #254249063650:  Hold'em No Limit ($0.50/$1.00 USD) - 2025/01/07 18:57:53 WET [2025/01/07 13:57:53 ET]
Table 'Zech II' 6-max Seat #5 is the button
Seat 3: AlexPinsk1 ($100 in chips) is sitting out
Seat 1: tukeiron ($116.38 in chips) 
Seat 2: mr.Jckpot ($107.48 in chips) 
Seat 4: PayTaxOrDie ($125.51 in chips) 
Seat 5: Zef0012 ($100 in chips) 
Seat 6: coeeeelho ($100 in chips) 
coeeeelho: posts small blind $0.50
tukeiron: posts big blind $1
AlexPinsk1: sits out 
*** HOLE CARDS ***
mr.Jckpot: folds 
PayTaxOrDie: raises $1.30 to $2.30
Zef0012: folds 
coeeeelho: folds 
tukeiron: folds 
Uncalled bet ($1.30) returned to PayTaxOrDie
PayTaxOrDie collected $2.50 from pot
PayTaxOrDie: doesn't show hand 
*** SUMMARY ***
Total pot $2.50 | Rake $0 
Seat 3: AlexPinsk1
Seat 1: tukeiron (big blind) folded before Flop
Seat 2: mr.Jckpot folded before Flop (didn't bet)
Seat 4: PayTaxOrDie collected ($2.50)
Seat 5: Zef0012 (button) folded before Flop (didn't bet)
Seat 6: coeeeelho (small blind) folded before Flop



PokerStars Hand #254249066640:  Hold'em No Limit ($0.50/$1.00 USD) - 2025/01/07 18:58:07 WET [2025/01/07 13:58:07 ET]
Table 'Zech II' 6-max Seat #6 is the button
Seat 2: mr.Jckpot ($107.48 in chips) is sitting out
Seat 1: tukeiron ($115.38 in chips) 
Seat 3: AlexPinsk1 ($100 in chips) 
Seat 4: PayTaxOrDie ($127.01 in chips) 
Seat 5: Zef0012 ($100 in chips) 
Seat 6: coeeeelho ($100 in chips) 
tukeiron: posts small blind $0.50
mr.Jckpot: is sitting out 
AlexPinsk1: posts big blind $1
*** HOLE CARDS ***
mr.Jckpot leaves the table
PayTaxOrDie: folds 
Zef0012: raises $1 to $2
coeeeelho: folds 
tukeiron: folds 
AlexPinsk1: folds 
Uncalled bet ($1) returned to Zef0012
Zef0012 collected $2.50 from pot
Zef0012: doesn't show hand 
*** SUMMARY ***
Total pot $2.50 | Rake $0 
Seat 2: mr.Jckpot
Seat 1: tukeiron (small blind) folded before Flop
Seat 3: AlexPinsk1 (big blind) folded before Flop
Seat 4: PayTaxOrDie folded before Flop (didn't bet)
Seat 5: Zef0012 collected ($2.50)
Seat 6: coeeeelho (button) folded before Flop (didn't bet)



PokerStars Hand #254249069506:  Hold'em No Limit ($0.50/$1.00 USD) - 2025/01/07 18:58:20 WET [2025/01/07 13:58:20 ET]
Table 'Zech II' 6-max Seat #1 is the button
Seat 1: tukeiron ($114.88 in chips) 
Seat 3: AlexPinsk1 ($100 in chips) 
Seat 4: PayTaxOrDie ($127.01 in chips) 
Seat 5: Zef0012 ($101.50 in chips) 
Seat 6: coeeeelho ($100 in chips) 
AlexPinsk1: posts small blind $0.50
PayTaxOrDie: posts big blind $1
*** HOLE CARDS ***
rootask joins the table at seat #2 
rootask is disconnected 
Zef0012: folds 
coeeeelho: folds 
tukeiron: folds 
AlexPinsk1: folds 
Uncalled bet ($0.50) returned to PayTaxOrDie
PayTaxOrDie collected $1 from pot
PayTaxOrDie: doesn't show hand 
*** SUMMARY ***
Total pot $1 | Rake $0 
Seat 1: tukeiron (button) folded before Flop (didn't bet)
Seat 3: AlexPinsk1 (small blind) folded before Flop
Seat 4: PayTaxOrDie (big blind) collected ($1)
Seat 5: Zef0012 folded before Flop (didn't bet)
Seat 6: coeeeelho folded before Flop (didn't bet)



PokerStars Hand #254249073597:  Hold'em No Limit ($0.50/$1.00 USD) - 2025/01/07 18:58:40 WET [2025/01/07 13:58:40 ET]
Table 'Zech II' 6-max Seat #3 is the button
Seat 2: rootask ($100 in chips) is sitting out
Seat 1: tukeiron ($114.88 in chips) 
Seat 3: AlexPinsk1 ($100 in chips) 
Seat 4: PayTaxOrDie ($127.51 in chips) 
Seat 5: Zef0012 ($101.50 in chips) 
Seat 6: coeeeelho ($100 in chips) 
PayTaxOrDie: posts small blind $0.50
Zef0012: posts big blind $1
rootask: sits out 
*** HOLE CARDS ***
coeeeelho: raises $1.20 to $2.20
tukeiron: folds 
AlexPinsk1: folds 
PayTaxOrDie: folds 
Zef0012: calls $1.20
*** FLOP *** [Qs 5d 7s]
Zef0012: checks 
coeeeelho: bets $3.12
Zef0012: folds 
Uncalled bet ($3.12) returned to coeeeelho
coeeeelho collected $4.66 from pot
coeeeelho: doesn't show hand 
*** SUMMARY ***
Total pot $4.90 | Rake $0.24 
Board [Qs 5d 7s]
Seat 2: rootask
Seat 1: tukeiron folded before Flop (didn't bet)
Seat 3: AlexPinsk1 (button) folded before Flop (didn't bet)
Seat 4: PayTaxOrDie (small blind) folded before Flop
Seat 5: Zef0012 (big blind) folded on the Flop
Seat 6: coeeeelho collected ($4.66)



PokerStars Hand #254249191948:  Hold'em No Limit ($0.50/$1.00 USD) - 2025/01/07 19:06:06 WET [2025/01/07 14:06:06 ET]
Table 'Zech II' 6-max Seat #6 is the button
Seat 2: rootask ($99 in chips) 
Seat 3: sagil643 ($15.55 in chips) 
Seat 4: Twistenko ($100 in chips) 
Seat 5: Y_19 ($101.50 in chips) 
Seat 6: coeeeelho ($110.72 in chips) 
rootask: posts small blind $0.50
sagil643: posts big blind $1
*** HOLE CARDS ***
Twistenko: folds 
Y_19: raises $1.23 to $2.23
coeeeelho: folds 
rootask: folds 
sagil643: calls $1.23
*** FLOP *** [7d Kc 5d]
trouteuse joins the table at seat #1 
trouteuse is disconnected 
sagil643: checks 
Y_19: bets $3.30
sagil643: folds 
Uncalled bet ($3.30) returned to Y_19
Y_19 collected $4.71 from pot
Y_19: doesn't show hand 
*** SUMMARY ***
Total pot $4.96 | Rake $0.25 
Board [7d Kc 5d]
Seat 2: rootask (small blind) folded before Flop
Seat 3: sagil643 (big blind) folded on the Flop
Seat 4: Twistenko folded before Flop (didn't bet)
Seat 5: Y_19 collected ($4.71)
Seat 6: coeeeelho (button) folded before Flop (didn't bet)



PokerStars Hand #254249204160:  Hold'em No Limit ($0.50/$1.00 USD) - 2025/01/07 19:06:46 WET [2025/01/07 14:06:46 ET]
Table 'Zech II' 6-max Seat #2 is the button
Seat 1: trouteuse ($10 in chips) is sitting out
Seat 2: rootask ($98.50 in chips) 
Seat 3: sagil643 ($13.32 in chips) 
Seat 4: Twistenko ($100 in chips) 
Seat 5: Y_19 ($103.98 in chips) 
Seat 6: coeeeelho ($110.72 in chips) 
sagil643: posts small blind $0.50
Twistenko: posts big blind $1
trouteuse: sits out 
*** HOLE CARDS ***
Y_19: folds 
coeeeelho: raises $1.20 to $2.20
rootask: folds 
sagil643: folds 
Twistenko: folds 
Uncalled bet ($1.20) returned to coeeeelho
coeeeelho collected $2.50 from pot
coeeeelho: doesn't show hand 
*** SUMMARY ***
Total pot $2.50 | Rake $0 
Seat 1: trouteuse
Seat 2: rootask (button) folded before Flop (didn't bet)
Seat 3: sagil643 (small blind) folded before Flop
Seat 4: Twistenko (big blind) folded before Flop
Seat 5: Y_19 folded before Flop (didn't bet)
Seat 6: coeeeelho collected ($2.50)



PokerStars Hand #254249210172:  Hold'em No Limit ($0.50/$1.00 USD) - 2025/01/07 19:07:06 WET [2025/01/07 14:07:06 ET]
Table 'Zech II' 6-max Seat #3 is the button
Seat 1: trouteuse ($10 in chips) is sitting out
Seat 2: rootask ($98.50 in chips) 
Seat 3: sagil643 ($12.82 in chips) 
Seat 4: Twistenko ($100 in chips) 
Seat 5: Y_19 ($103.98 in chips) 
Seat 6: coeeeelho ($112.22 in chips) 
Twistenko: posts small blind $0.50
Y_19: posts big blind $1
trouteuse: sits out 
*** HOLE CARDS ***
coeeeelho: raises $1.20 to $2.20
rootask: calls $2.20
sagil643: folds 
Twistenko: folds 
Y_19: folds 
*** FLOP *** [8c Ts 7h]
coeeeelho: checks 
rootask: bets $2.80
coeeeelho: calls $2.80
*** TURN *** [8c Ts 7h] [9d]
coeeeelho: checks 
rootask: checks 
*** RIVER *** [8c Ts 7h 9d] [4h]
coeeeelho: bets $3.60
rootask: folds 
Uncalled bet ($3.60) returned to coeeeelho
coeeeelho collected $10.92 from pot
coeeeelho: doesn't show hand 
*** SUMMARY ***
Total pot $11.50 | Rake $0.58 
Board [8c Ts 7h 9d 4h]
Seat 1: trouteuse
Seat 2: rootask folded on the River
Seat 3: sagil643 (button) folded before Flop (didn't bet)
Seat 4: Twistenko (small blind) folded before Flop
Seat 5: Y_19 (big blind) folded before Flop
Seat 6: coeeeelho collected ($10.92)



PokerStars Hand #254249223438:  Hold'em No Limit ($0.50/$1.00 USD) - 2025/01/07 19:07:50 WET [2025/01/07 14:07:50 ET]
Table 'Zech II' 6-max Seat #4 is the button
Seat 6: coeeeelho ($118.14 in chips) is sitting out
Seat 1: trouteuse ($10 in chips) 
Seat 2: rootask ($93.50 in chips) 
Seat 3: sagil643 ($12.82 in chips) 
Seat 4: Twistenko ($100 in chips) 
Seat 5: Y_19 ($102.98 in chips) 
Y_19: posts small blind $0.50
coeeeelho: is sitting out 
trouteuse: posts big blind $1
*** HOLE CARDS ***
rootask: raises $2 to $3
sagil643: folds 
Twistenko: calls $3
Y_19: folds 
trouteuse: calls $2
*** FLOP *** [Kc 2c 7s]
trouteuse: checks 
rootask: bets $6.51
Twistenko: folds 
trouteuse: folds 
Uncalled bet ($6.51) returned to rootask
rootask collected $9.02 from pot
*** SUMMARY ***
Total pot $9.50 | Rake $0.48 
Board [Kc 2c 7s]
Seat 6: coeeeelho
Seat 1: trouteuse (big blind) folded on the Flop
Seat 2: rootask collected ($9.02)
Seat 3: sagil643 folded before Flop (didn't bet)
Seat 4: Twistenko (button) folded on the Flop
Seat 5: Y_19 (small blind) folded before Flop



PokerStars Hand #254249239188:  Hold'em No Limit ($0.50/$1.00 USD) - 2025/01/07 19:08:42 WET [2025/01/07 14:08:42 ET]
Table 'Zech II' 6-max Seat #5 is the button
Seat 6: coeeeelho ($118.14 in chips) is sitting out
Seat 1: trouteuse ($7 in chips) 
Seat 2: rootask ($99.52 in chips) 
Seat 3: sagil643 ($12.82 in chips) 
Seat 4: Twistenko ($100 in chips) 
Seat 5: Y_19 ($102.48 in chips) 
trouteuse: posts small blind $0.50
rootask: posts big blind $1
*** HOLE CARDS ***
sagil643: folds 
Twistenko: folds 
Y_19: folds 
trouteuse: calls $0.50
rootask: checks 
*** FLOP *** [Ks 8d Jh]
trouteuse: checks 
rootask: bets $1.90
trouteuse: folds 
Uncalled bet ($1.90) returned to rootask
rootask collected $1.90 from pot
*** SUMMARY ***
Total pot $2 | Rake $0.10 
Board [Ks 8d Jh]
Seat 6: coeeeelho
Seat 1: trouteuse (small blind) folded on the Flop
Seat 2: rootask (big blind) collected ($1.90)
Seat 3: sagil643 folded before Flop (didn't bet)
Seat 4: Twistenko folded before Flop (didn't bet)
Seat 5: Y_19 (button) folded before Flop (didn't bet)



PokerStars Hand #254249250276:  Hold'em No Limit ($0.50/$1.00 USD) - 2025/01/07 19:09:18 WET [2025/01/07 14:09:18 ET]
Table 'Zech II' 6-max Seat #1 is the button
Seat 6: coeeeelho ($118.14 in chips) is sitting out
Seat 1: trouteuse ($6 in chips) 
Seat 2: rootask ($100.42 in chips) 
Seat 3: sagil643 ($12.82 in chips) 
Seat 4: Twistenko ($100 in chips) 
Seat 5: Y_19 ($102.48 in chips) 
rootask: posts small blind $0.50
sagil643: posts big blind $1
coeeeelho: sits out 
*** HOLE CARDS ***
Twistenko: raises $1.50 to $2.50
Y_19: calls $2.50
trouteuse: folds 
rootask: folds 
sagil643: calls $1.50
*** FLOP *** [Jd 9c 4s]
sagil643: checks 
Twistenko: bets $2.51
Y_19: folds 
sagil643: calls $2.51
*** TURN *** [Jd 9c 4s] [Td]
sagil643: checks 
Twistenko: bets $11.13
sagil643: calls $7.81 and is all-in
Uncalled bet ($3.32) returned to Twistenko
*** RIVER *** [Jd 9c 4s Td] [4c]
*** SHOW DOWN ***
sagil643: shows [4d Qd] (three of a kind, Fours)
Twistenko: shows [Ac Kd] (a pair of Fours)
sagil643 cashed out the hand for $23.64 | Cash Out Fee $0.48
*** SUMMARY ***
Total pot $28.64 | Rake $1.43 
Board [Jd 9c 4s Td 4c]
Seat 6: coeeeelho
Seat 1: trouteuse (button) folded before Flop (didn't bet)
Seat 2: rootask (small blind) folded before Flop
Seat 3: sagil643 (big blind) showed [4d Qd] and won ($27.21) with three of a kind, Fours (pot not awarded as player cashed out)
Seat 4: Twistenko showed [Ac Kd] and lost with a pair of Fours
Seat 5: Y_19 folded on the Flop



PokerStars Hand #254249272459:  Hold'em No Limit ($0.50/$1.00 USD) - 2025/01/07 19:10:32 WET [2025/01/07 14:10:32 ET]
Table 'Zech II' 6-max Seat #2 is the button
Seat 6: coeeeelho ($118.14 in chips) is sitting out
Seat 1: trouteuse ($6 in chips) 
Seat 2: rootask ($99.92 in chips) 
Seat 3: sagil643 ($23.64 in chips) 
Seat 4: Twistenko ($100 in chips) 
Seat 5: Y_19 ($100 in chips) 
sagil643: posts small blind $0.50
Twistenko: posts big blind $1
coeeeelho: sits out 
*** HOLE CARDS ***
Y_19: raises $1.23 to $2.23
trouteuse: folds 
rootask: folds 
sagil643: folds 
Twistenko: folds 
Uncalled bet ($1.23) returned to Y_19
Y_19 collected $2.50 from pot
Y_19: doesn't show hand 
*** SUMMARY ***
Total pot $2.50 | Rake $0 
Seat 6: coeeeelho
Seat 1: trouteuse folded before Flop (didn't bet)
Seat 2: rootask (button) folded before Flop (didn't bet)
Seat 3: sagil643 (small blind) folded before Flop
Seat 4: Twistenko (big blind) folded before Flop
Seat 5: Y_19 collected ($2.50)



PokerStars Hand #254249279784:  Hold'em No Limit ($0.50/$1.00 USD) - 2025/01/07 19:10:56 WET [2025/01/07 14:10:56 ET]
Table 'Zech II' 6-max Seat #3 is the button
Seat 6: coeeeelho ($118.14 in chips) is sitting out
Seat 1: trouteuse ($6 in chips) 
Seat 2: rootask ($99.92 in chips) 
Seat 3: sagil643 ($23.14 in chips) 
Seat 4: Twistenko ($100 in chips) 
Seat 5: Y_19 ($101.50 in chips) 
Twistenko: posts small blind $0.50
Y_19: posts big blind $1
coeeeelho: sits out 
*** HOLE CARDS ***
trouteuse: raises $5 to $6 and is all-in
rootask: folds 
sagil643: folds 
Twistenko: folds 
Y_19: calls $5
*** FLOP *** [Jd Tc 2c]
*** TURN *** [Jd Tc 2c] [Kc]
*** RIVER *** [Jd Tc 2c Kc] [3d]
*** SHOW DOWN ***
Y_19: shows [9s Ad] (high card Ace)
trouteuse: shows [Ac Ks] (a pair of Kings)
trouteuse collected $11.88 from pot
*** SUMMARY ***
Total pot $12.50 | Rake $0.62 
Board [Jd Tc 2c Kc 3d]
Seat 6: coeeeelho
Seat 1: trouteuse showed [Ac Ks] and won ($11.88) with a pair of Kings
Seat 2: rootask folded before Flop (didn't bet)
Seat 3: sagil643 (button) folded before Flop (didn't bet)
Seat 4: Twistenko (small blind) folded before Flop
Seat 5: Y_19 (big blind) showed [9s Ad] and lost with high card Ace



PokerStars Hand #254249290283:  Hold'em No Limit ($0.50/$1.00 USD) - 2025/01/07 19:11:31 WET [2025/01/07 14:11:31 ET]
Table 'Zech II' 6-max Seat #4 is the button
Seat 1: trouteuse ($11.88 in chips) 
Seat 2: rootask ($99.92 in chips) 
Seat 3: sagil643 ($23.14 in chips) 
Seat 4: Twistenko ($100 in chips) 
Seat 5: Y_19 ($100 in chips) 
Seat 6: coeeeelho ($118.14 in chips) 
Y_19: posts small blind $0.50
coeeeelho: posts big blind $1
*** HOLE CARDS ***
trouteuse: folds 
rootask: folds 
sagil643: folds 
Twistenko: folds 
Y_19: folds 
Uncalled bet ($0.50) returned to coeeeelho
coeeeelho collected $1 from pot
coeeeelho: doesn't show hand 
*** SUMMARY ***
Total pot $1 | Rake $0 
Seat 1: trouteuse folded before Flop (didn't bet)
Seat 2: rootask folded before Flop (didn't bet)
Seat 3: sagil643 folded before Flop (didn't bet)
Seat 4: Twistenko (button) folded before Flop (didn't bet)
Seat 5: Y_19 (small blind) folded before Flop
Seat 6: coeeeelho (big blind) collected ($1)



PokerStars Hand #254249295751:  Hold'em No Limit ($0.50/$1.00 USD) - 2025/01/07 19:11:49 WET [2025/01/07 14:11:49 ET]
Table 'Zech II' 6-max Seat #5 is the button
Seat 1: trouteuse ($11.88 in chips) 
Seat 2: rootask ($99.92 in chips) 
Seat 3: sagil643 ($23.14 in chips) 
Seat 4: Twistenko ($100 in chips) 
Seat 5: Y_19 ($100 in chips) 
Seat 6: coeeeelho ($118.64 in chips) 
coeeeelho: posts small blind $0.50
trouteuse: posts big blind $1
*** HOLE CARDS ***
rootask: folds 
sagil643: calls $1
Twistenko: folds 
Y_19: folds 
coeeeelho: folds 
trouteuse: checks 
*** FLOP *** [Jd Qh Kc]
trouteuse: checks 
sagil643: bets $2
trouteuse: calls $2
*** TURN *** [Jd Qh Kc] [Jh]
trouteuse: checks 
sagil643: bets $1
trouteuse: calls $1
*** RIVER *** [Jd Qh Kc Jh] [7c]
trouteuse: checks 
sagil643: bets $1
trouteuse: calls $1
*** SHOW DOWN ***
sagil643: shows [Ah Kd] (two pair, Kings and Jacks)
trouteuse: mucks hand 
sagil643 collected $9.98 from pot
*** SUMMARY ***
Total pot $10.50 | Rake $0.52 
Board [Jd Qh Kc Jh 7c]
Seat 1: trouteuse (big blind) mucked
Seat 2: rootask folded before Flop (didn't bet)
Seat 3: sagil643 showed [Ah Kd] and won ($9.98) with two pair, Kings and Jacks
Seat 4: Twistenko folded before Flop (didn't bet)
Seat 5: Y_19 (button) folded before Flop (didn't bet)
Seat 6: coeeeelho (small blind) folded before Flop



PokerStars Hand #254249309146:  Hold'em No Limit ($0.50/$1.00 USD) - 2025/01/07 19:12:33 WET [2025/01/07 14:12:33 ET]
Table 'Zech II' 6-max Seat #6 is the button
Seat 1: trouteuse ($6.88 in chips) 
Seat 2: rootask ($99.92 in chips) 
Seat 3: sagil643 ($28.12 in chips) 
Seat 4: Twistenko ($100 in chips) 
Seat 5: Y_19 ($100 in chips) 
Seat 6: coeeeelho ($118.14 in chips) 
trouteuse: posts small blind $0.50
rootask: posts big blind $1
*** HOLE CARDS ***
sagil643: folds 
Twistenko: folds 
Y_19: folds 
coeeeelho: folds 
trouteuse: raises $5.88 to $6.88 and is all-in
rootask: calls $5.88
*** FLOP *** [4d 7s 6c]
*** TURN *** [4d 7s 6c] [9d]
*** RIVER *** [4d 7s 6c 9d] [Qd]
*** SHOW DOWN ***
trouteuse: shows [Ad As] (a pair of Aces)
rootask: shows [Kc Ac] (high card Ace)
trouteuse collected $13.07 from pot
rootask cashed out the hand for $1.55 | Cash Out Fee $0.03
*** SUMMARY ***
Total pot $13.76 | Rake $0.69 
Board [4d 7s 6c 9d Qd]
Seat 1: trouteuse (small blind) showed [Ad As] and won ($13.07) with a pair of Aces
Seat 2: rootask (big blind) showed [Kc Ac] and lost with high card Ace (cashed out).
Seat 3: sagil643 folded before Flop (didn't bet)
Seat 4: Twistenko folded before Flop (didn't bet)
Seat 5: Y_19 folded before Flop (didn't bet)
Seat 6: coeeeelho (button) folded before Flop (didn't bet)



PokerStars Hand #254249317924:  Hold'em No Limit ($0.50/$1.00 USD) - 2025/01/07 19:13:02 WET [2025/01/07 14:13:02 ET]
Table 'Zech II' 6-max Seat #1 is the button
Seat 1: trouteuse ($13.07 in chips) 
Seat 2: rootask ($94.59 in chips) 
Seat 3: sagil643 ($28.12 in chips) 
Seat 4: Twistenko ($100 in chips) 
Seat 5: Y_19 ($100 in chips) 
Seat 6: coeeeelho ($118.14 in chips) 
rootask: posts small blind $0.50
sagil643: posts big blind $1
*** HOLE CARDS ***
Twistenko: folds 
Y_19: raises $1.23 to $2.23
coeeeelho: folds 
trouteuse: folds 
rootask: folds 
sagil643: calls $1.23
*** FLOP *** [2d 4d Tc]
sagil643: checks 
Y_19: bets $1.55
sagil643: calls $1.55
*** TURN *** [2d 4d Tc] [5c]
sagil643: bets $1
Y_19: raises $4.83 to $5.83
sagil643: calls $4.83
*** RIVER *** [2d 4d Tc 5c] [5s]
sagil643: checks 
Y_19: checks 
*** SHOW DOWN ***
sagil643: shows [4s Qs] (two pair, Fives and Fours)
Y_19: mucks hand 
sagil643 collected $18.73 from pot
*** SUMMARY ***
Total pot $19.72 | Rake $0.99 
Board [2d 4d Tc 5c 5s]
Seat 1: trouteuse (button) folded before Flop (didn't bet)
Seat 2: rootask (small blind) folded before Flop
Seat 3: sagil643 (big blind) showed [4s Qs] and won ($18.73) with two pair, Fives and Fours
Seat 4: Twistenko folded before Flop (didn't bet)
Seat 5: Y_19 mucked
Seat 6: coeeeelho folded before Flop (didn't bet)



PokerStars Hand #254249332475:  Hold'em No Limit ($0.50/$1.00 USD) - 2025/01/07 19:13:49 WET [2025/01/07 14:13:49 ET]
Table 'Zech II' 6-max Seat #2 is the button
Seat 1: trouteuse ($13.07 in chips) 
Seat 2: rootask ($94.09 in chips) 
Seat 3: sagil643 ($37.24 in chips) 
Seat 4: Twistenko ($100 in chips) 
Seat 5: Y_19 ($100 in chips) 
Seat 6: coeeeelho ($118.14 in chips) 
sagil643: posts small blind $0.50
Twistenko: posts big blind $1
*** HOLE CARDS ***
Y_19: folds 
coeeeelho: folds 
trouteuse: folds 
rootask: folds 
sagil643: calls $0.50
Twistenko: checks 
*** FLOP *** [Ad Js Kh]
sagil643: checks 
Twistenko: checks 
*** TURN *** [Ad Js Kh] [As]
sagil643: checks 
Twistenko: checks 
*** RIVER *** [Ad Js Kh As] [Ts]
sagil643: checks 
Twistenko: checks 
*** SHOW DOWN ***
sagil643: shows [3d 6c] (a pair of Aces)
Twistenko: shows [7c 9d] (a pair of Aces)
sagil643 collected $0.95 from pot
Twistenko collected $0.95 from pot
*** SUMMARY ***
Total pot $2 | Rake $0.10 
Board [Ad Js Kh As Ts]
Seat 1: trouteuse folded before Flop (didn't bet)
Seat 2: rootask (button) folded before Flop (didn't bet)
Seat 3: sagil643 (small blind) showed [3d 6c] and won ($0.95) with a pair of Aces
Seat 4: Twistenko (big blind) showed [7c 9d] and won ($0.95) with a pair of Aces
Seat 5: Y_19 folded before Flop (didn't bet)
Seat 6: coeeeelho folded before Flop (didn't bet)



PokerStars Hand #254249348941:  Hold'em No Limit ($0.50/$1.00 USD) - 2025/01/07 19:14:43 WET [2025/01/07 14:14:43 ET]
Table 'Zech II' 6-max Seat #3 is the button
Seat 1: trouteuse ($13.07 in chips) 
Seat 2: rootask ($94.09 in chips) 
Seat 3: sagil643 ($37.19 in chips) 
Seat 4: Twistenko ($100 in chips) 
Seat 5: Y_19 ($100 in chips) 
Seat 6: coeeeelho ($118.14 in chips) 
Twistenko: posts small blind $0.50
Y_19: posts big blind $1
*** HOLE CARDS ***
coeeeelho: folds 
trouteuse: raises $1 to $2
rootask: folds 
sagil643: calls $2
Twistenko: raises $12 to $14
Y_19: folds 
trouteuse: folds 
sagil643: folds 
Uncalled bet ($12) returned to Twistenko
Twistenko collected $7 from pot
Twistenko: doesn't show hand 
*** SUMMARY ***
Total pot $7 | Rake $0 
Seat 1: trouteuse folded before Flop
Seat 2: rootask folded before Flop (didn't bet)
Seat 3: sagil643 (button) folded before Flop
Seat 4: Twistenko (small blind) collected ($7)
Seat 5: Y_19 (big blind) folded before Flop
Seat 6: coeeeelho folded before Flop (didn't bet)



PokerStars Hand #254249362298:  Hold'em No Limit ($0.50/$1.00 USD) - 2025/01/07 19:15:28 WET [2025/01/07 14:15:28 ET]
Table 'Zech II' 6-max Seat #4 is the button
Seat 1: trouteuse ($11.07 in chips) 
Seat 2: rootask ($94.09 in chips) 
Seat 3: sagil643 ($35.19 in chips) 
Seat 4: Twistenko ($105 in chips) 
Seat 5: Y_19 ($100 in chips) 
Seat 6: coeeeelho ($118.14 in chips) 
Y_19: posts small blind $0.50
coeeeelho: posts big blind $1
*** HOLE CARDS ***
trouteuse: raises $10.07 to $11.07 and is all-in
rootask: folds 
sagil643: folds 
Twistenko: folds 
Y_19: folds 
coeeeelho: folds 
Uncalled bet ($10.07) returned to trouteuse
trouteuse collected $2.50 from pot
*** SUMMARY ***
Total pot $2.50 | Rake $0 
Seat 1: trouteuse collected ($2.50)
Seat 2: rootask folded before Flop (didn't bet)
Seat 3: sagil643 folded before Flop (didn't bet)
Seat 4: Twistenko (button) folded before Flop (didn't bet)
Seat 5: Y_19 (small blind) folded before Flop
Seat 6: coeeeelho (big blind) folded before Flop



PokerStars Hand #254249367272:  Hold'em No Limit ($0.50/$1.00 USD) - 2025/01/07 19:15:45 WET [2025/01/07 14:15:45 ET]
Table 'Zech II' 6-max Seat #5 is the button
Seat 1: trouteuse ($12.57 in chips) 
Seat 2: rootask ($94.09 in chips) 
Seat 3: sagil643 ($35.19 in chips) 
Seat 4: Twistenko ($105 in chips) 
Seat 5: Y_19 ($100 in chips) 
Seat 6: coeeeelho ($117.14 in chips) 
coeeeelho: posts small blind $0.50
trouteuse: posts big blind $1
*** HOLE CARDS ***
rootask: folds 
sagil643: calls $1
Twistenko: folds 
Y_19: folds 
coeeeelho: raises $3.20 to $4.20
trouteuse: raises $8.37 to $12.57 and is all-in
sagil643: folds 
coeeeelho: calls $8.37
*** FLOP *** [Ts Jd 7h]
*** TURN *** [Ts Jd 7h] [7c]
*** RIVER *** [Ts Jd 7h 7c] [8d]
*** SHOW DOWN ***
coeeeelho: shows [8h Jh] (two pair, Jacks and Eights)
trouteuse: shows [Qh Ac] (a pair of Sevens)
coeeeelho collected $24.83 from pot
*** SUMMARY ***
Total pot $26.14 | Rake $1.31 
Board [Ts Jd 7h 7c 8d]
Seat 1: trouteuse (big blind) showed [Qh Ac] and lost with a pair of Sevens
Seat 2: rootask folded before Flop (didn't bet)
Seat 3: sagil643 folded before Flop
Seat 4: Twistenko folded before Flop (didn't bet)
Seat 5: Y_19 (button) folded before Flop (didn't bet)
Seat 6: coeeeelho (small blind) showed [8h Jh] and won ($24.83) with two pair, Jacks and Eights



PokerStars Hand #254249377611:  Hold'em No Limit ($0.50/$1.00 USD) - 2025/01/07 19:16:18 WET [2025/01/07 14:16:18 ET]
Table 'Zech II' 6-max Seat #6 is the button
Seat 1: trouteuse ($0 in chips) is sitting out
Seat 2: rootask ($94.09 in chips) 
Seat 3: sagil643 ($34.19 in chips) 
Seat 4: Twistenko ($105 in chips) 
Seat 5: Y_19 ($100 in chips) 
Seat 6: coeeeelho ($129.40 in chips) 
rootask: posts small blind $0.50
sagil643: posts big blind $1
*** HOLE CARDS ***
trouteuse leaves the table
Twistenko: folds 
Y_19: folds 
coeeeelho: folds 
Twistenko leaves the table
rootask: raises $2 to $3
sta$igk joins the table at seat #4 
sagil643: calls $2
*** FLOP *** [2s 7c Kd]
rootask: checks 
sagil643: checks 
*** TURN *** [2s 7c Kd] [2d]
DL1B joins the table at seat #1 
rootask: checks 
sagil643: bets $1
rootask: calls $1
*** RIVER *** [2s 7c Kd 2d] [7d]
rootask: checks 
sagil643: checks 
*** SHOW DOWN ***
rootask: shows [Ah 5h] (two pair, Sevens and Deuces)
sagil643: shows [9c Kc] (two pair, Kings and Sevens)
sagil643 collected $7.60 from pot
*** SUMMARY ***
Total pot $8 | Rake $0.40 
Board [2s 7c Kd 2d 7d]
Seat 1: trouteuse
Seat 2: rootask (small blind) showed [Ah 5h] and lost with two pair, Sevens and Deuces
Seat 3: sagil643 (big blind) showed [9c Kc] and won ($7.60) with two pair, Kings and Sevens
Seat 4: Twistenko folded before Flop (didn't bet)
Seat 5: Y_19 folded before Flop (didn't bet)
Seat 6: coeeeelho (button) folded before Flop (didn't bet)



PokerStars Hand #254249391466:  Hold'em No Limit ($0.50/$1.00 USD) - 2025/01/07 19:17:04 WET [2025/01/07 14:17:04 ET]
Table 'Zech II' 6-max Seat #2 is the button
Seat 1: DL1B ($100 in chips) is sitting out
Seat 2: rootask ($90.09 in chips) 
Seat 3: sagil643 ($37.79 in chips) 
Seat 4: sta$igk ($114.05 in chips) 
Seat 5: Y_19 ($100 in chips) 
Seat 6: coeeeelho ($129.40 in chips) 
sagil643: posts small blind $0.50
sta$igk: posts big blind $1
DL1B: sits out 
*** HOLE CARDS ***
Y_19: folds 
coeeeelho: folds 
rootask: folds 
sagil643: calls $0.50
sta$igk: raises $113.05 to $114.05 and is all-in
sagil643: folds 
Uncalled bet ($113.05) returned to sta$igk
sta$igk collected $2 from pot
sta$igk: doesn't show hand 
*** SUMMARY ***
Total pot $2 | Rake $0 
Seat 1: DL1B
Seat 2: rootask (button) folded before Flop (didn't bet)
Seat 3: sagil643 (small blind) folded before Flop
Seat 4: sta$igk (big blind) collected ($2)
Seat 5: Y_19 folded before Flop (didn't bet)
Seat 6: coeeeelho folded before Flop (didn't bet)



PokerStars Hand #254249399058:  Hold'em No Limit ($0.50/$1.00 USD) - 2025/01/07 19:17:28 WET [2025/01/07 14:17:28 ET]
Table 'Zech II' 6-max Seat #3 is the button
Seat 1: DL1B ($100 in chips) is sitting out
Seat 2: rootask ($90.09 in chips) 
Seat 3: sagil643 ($36.79 in chips) 
Seat 4: sta$igk ($115.05 in chips) 
Seat 5: Y_19 ($100 in chips) 
Seat 6: coeeeelho ($129.40 in chips) 
sta$igk: posts small blind $0.50
Y_19: posts big blind $1
DL1B: sits out 
*** HOLE CARDS ***
coeeeelho: raises $1.20 to $2.20
rootask: folds 
sagil643: calls $2.20
sta$igk: folds 
Y_19: folds 
*** FLOP *** [6d 8c 4c]
coeeeelho: checks 
sagil643: checks 
*** TURN *** [6d 8c 4c] [8s]
coeeeelho: checks 
sagil643: bets $1
coeeeelho: raises $2.75 to $3.75
sagil643: calls $2.75
*** RIVER *** [6d 8c 4c 8s] [2h]
coeeeelho: bets $8.53
sagil643: folds 
Uncalled bet ($8.53) returned to coeeeelho
coeeeelho collected $12.73 from pot
coeeeelho: doesn't show hand 
*** SUMMARY ***
Total pot $13.40 | Rake $0.67 
Board [6d 8c 4c 8s 2h]
Seat 1: DL1B
Seat 2: rootask folded before Flop (didn't bet)
Seat 3: sagil643 (button) folded on the River
Seat 4: sta$igk (small blind) folded before Flop
Seat 5: Y_19 (big blind) folded before Flop
Seat 6: coeeeelho collected ($12.73)



PokerStars Hand #254249415915:  Hold'em No Limit ($0.50/$1.00 USD) - 2025/01/07 19:18:23 WET [2025/01/07 14:18:23 ET]
Table 'Zech II' 6-max Seat #4 is the button
Seat 1: DL1B ($100 in chips) is sitting out
Seat 2: rootask ($90.09 in chips) 
Seat 3: sagil643 ($30.84 in chips) 
Seat 4: sta$igk ($114.55 in chips) 
Seat 5: Y_19 ($100 in chips) 
Seat 6: coeeeelho ($136.18 in chips) 
Y_19: posts small blind $0.50
coeeeelho: posts big blind $1
DL1B: sits out 
*** HOLE CARDS ***
rootask: folds 
sagil643: calls $1
sta$igk: folds 
Y_19: folds 
coeeeelho: raises $5 to $6
sagil643: calls $5
*** FLOP *** [5s 8d Qh]
coeeeelho: checks 
sagil643: bets $5
coeeeelho: calls $5
*** TURN *** [5s 8d Qh] [6c]
coeeeelho: checks 
sagil643: checks 
*** RIVER *** [5s 8d Qh 6c] [9s]
coeeeelho: bets $125.18 and is all-in
sagil643: calls $19.84 and is all-in
Uncalled bet ($105.34) returned to coeeeelho
*** SHOW DOWN ***
coeeeelho: shows [Ah Jh] (high card Ace)
sagil643: shows [9h 6h] (two pair, Nines and Sixes)
sagil643 collected $59.68 from pot
*** SUMMARY ***
Total pot $62.18 | Rake $2.50 
Board [5s 8d Qh 6c 9s]
Seat 1: DL1B
Seat 2: rootask folded before Flop (didn't bet)
Seat 3: sagil643 showed [9h 6h] and won ($59.68) with two pair, Nines and Sixes
Seat 4: sta$igk (button) folded before Flop (didn't bet)
Seat 5: Y_19 (small blind) folded before Flop
Seat 6: coeeeelho (big blind) showed [Ah Jh] and lost with high card Ace



PokerStars Hand #254249441216:  Hold'em No Limit ($0.50/$1.00 USD) - 2025/01/07 19:19:46 WET [2025/01/07 14:19:46 ET]
Table 'Zech II' 6-max Seat #5 is the button
Seat 1: DL1B ($100 in chips) 
Seat 2: rootask ($90.09 in chips) 
Seat 3: sagil643 ($59.68 in chips) 
Seat 4: sta$igk ($114.55 in chips) 
Seat 5: Y_19 ($100 in chips) 
Seat 6: coeeeelho ($105.34 in chips) 
coeeeelho: posts small blind $0.50
DL1B: posts big blind $1
*** HOLE CARDS ***
rootask: folds 
sagil643: folds 
sta$igk: folds 
Y_19: raises $1.23 to $2.23
coeeeelho: folds 
DL1B: raises $9.77 to $12
Y_19: folds 
Uncalled bet ($9.77) returned to DL1B
DL1B collected $4.96 from pot
DL1B: doesn't show hand 
*** SUMMARY ***
Total pot $4.96 | Rake $0 
Seat 1: DL1B (big blind) collected ($4.96)
Seat 2: rootask folded before Flop (didn't bet)
Seat 3: sagil643 folded before Flop (didn't bet)
Seat 4: sta$igk folded before Flop (didn't bet)
Seat 5: Y_19 (button) folded before Flop
Seat 6: coeeeelho (small blind) folded before Flop



PokerStars Hand #254249448570:  Hold'em No Limit ($0.50/$1.00 USD) - 2025/01/07 19:20:10 WET [2025/01/07 14:20:10 ET]
Table 'Zech II' 6-max Seat #6 is the button
Seat 1: DL1B ($102.73 in chips) 
Seat 2: rootask ($90.09 in chips) 
Seat 3: sagil643 ($59.68 in chips) 
Seat 4: sta$igk ($114.55 in chips) 
Seat 5: Y_19 ($100 in chips) 
Seat 6: coeeeelho ($104.84 in chips) 
DL1B: posts small blind $0.50
rootask: posts big blind $1
*** HOLE CARDS ***
sagil643: folds 
sta$igk: folds 
Y_19: folds 
coeeeelho: raises $1.50 to $2.50
DL1B: folds 
rootask: calls $1.50
*** FLOP *** [2d 3c Qh]
rootask: checks 
coeeeelho: bets $1.30
rootask: calls $1.30
*** TURN *** [2d 3c Qh] [Qc]
rootask: checks 
coeeeelho: checks 
*** RIVER *** [2d 3c Qh Qc] [8c]
rootask: checks 
coeeeelho: checks 
*** SHOW DOWN ***
rootask: shows [Qd Th] (three of a kind, Queens)
coeeeelho: mucks hand 
rootask collected $7.70 from pot
*** SUMMARY ***
Total pot $8.10 | Rake $0.40 
Board [2d 3c Qh Qc 8c]
Seat 1: DL1B (small blind) folded before Flop
Seat 2: rootask (big blind) showed [Qd Th] and won ($7.70) with three of a kind, Queens
Seat 3: sagil643 folded before Flop (didn't bet)
Seat 4: sta$igk folded before Flop (didn't bet)
Seat 5: Y_19 folded before Flop (didn't bet)
Seat 6: coeeeelho (button) mucked



PokerStars Hand #254249468537:  Hold'em No Limit ($0.50/$1.00 USD) - 2025/01/07 19:21:15 WET [2025/01/07 14:21:15 ET]
Table 'Zech II' 6-max Seat #1 is the button
Seat 1: DL1B ($102.23 in chips) 
Seat 2: rootask ($93.99 in chips) 
Seat 3: sagil643 ($59.68 in chips) 
Seat 4: sta$igk ($114.55 in chips) 
Seat 5: Y_19 ($100 in chips) 
Seat 6: coeeeelho ($101.04 in chips) 
rootask: posts small blind $0.50
sagil643: posts big blind $1
*** HOLE CARDS ***
sta$igk: folds 
Y_19: folds 
coeeeelho: raises $1.20 to $2.20
DL1B: calls $2.20
rootask: calls $1.70
sagil643: folds 
*** FLOP *** [3s Ad 4h]
rootask: checks 
coeeeelho: checks 
DL1B: bets $2.38
rootask: calls $2.38
coeeeelho: raises $8.62 to $11
DL1B: calls $8.62
rootask: calls $8.62
*** TURN *** [3s Ad 4h] [6h]
rootask: checks 
coeeeelho: checks 
DL1B: bets $28.55
rootask: raises $52.24 to $80.79 and is all-in
coeeeelho: folds 
coeeeelho leaves the table
DL1B: folds 
Uncalled bet ($52.24) returned to rootask
yzuk joins the table at seat #6 
rootask collected $95.20 from pot
*** SUMMARY ***
Total pot $97.70 | Rake $2.50 
Board [3s Ad 4h 6h]
Seat 1: DL1B (button) folded on the Turn
Seat 2: rootask (small blind) collected ($95.20)
Seat 3: sagil643 (big blind) folded before Flop
Seat 4: sta$igk folded before Flop (didn't bet)
Seat 5: Y_19 folded before Flop (didn't bet)
Seat 6: coeeeelho folded on the Turn



PokerStars Hand #254249510619:  Hold'em No Limit ($0.50/$1.00 USD) - 2025/01/07 19:23:33 WET [2025/01/07 14:23:33 ET]
Table 'Zech II' 6-max Seat #2 is the button
Seat 6: yzuk ($100 in chips) is sitting out
Seat 1: DL1B ($100 in chips) 
Seat 2: rootask ($147.44 in chips) 
Seat 3: sagil643 ($58.68 in chips) 
Seat 4: sta$igk ($114.55 in chips) 
Seat 5: Y_19 ($100 in chips) 
sagil643: posts small blind $0.50
sta$igk: posts big blind $1
yzuk: sits out 
*** HOLE CARDS ***
Y_19: folds 
DL1B: folds 
rootask: folds 
sagil643: calls $0.50
sta$igk: checks 
*** FLOP *** [5s Jd Ac]
sagil643: checks 
sta$igk: checks 
*** TURN *** [5s Jd Ac] [Ts]
sagil643: checks 
sta$igk: checks 
*** RIVER *** [5s Jd Ac Ts] [6d]
sagil643: checks 
sta$igk: bets $1
sagil643: folds 
Uncalled bet ($1) returned to sta$igk
sta$igk collected $1.90 from pot
sta$igk: doesn't show hand 
*** SUMMARY ***
Total pot $2 | Rake $0.10 
Board [5s Jd Ac Ts 6d]
Seat 6: yzuk
Seat 1: DL1B folded before Flop (didn't bet)
Seat 2: rootask (button) folded before Flop (didn't bet)
Seat 3: sagil643 (small blind) folded on the River
Seat 4: sta$igk (big blind) collected ($1.90)
Seat 5: Y_19 folded before Flop (didn't bet)



PokerStars Hand #254249526876:  Hold'em No Limit ($0.50/$1.00 USD) - 2025/01/07 19:24:27 WET [2025/01/07 14:24:27 ET]
Table 'Zech II' 6-max Seat #3 is the button
Seat 6: yzuk ($100 in chips) is sitting out
Seat 1: DL1B ($100 in chips) 
Seat 2: rootask ($147.44 in chips) 
Seat 3: sagil643 ($57.68 in chips) 
Seat 4: sta$igk ($115.45 in chips) 
Seat 5: Y_19 ($100 in chips) 
sta$igk: posts small blind $0.50
Y_19: posts big blind $1
yzuk: sits out 
*** HOLE CARDS ***
DL1B: folds 
rootask: folds 
sagil643: folds 
sta$igk: raises $2 to $3
Y_19: folds 
Uncalled bet ($2) returned to sta$igk
sta$igk collected $2 from pot
sta$igk: doesn't show hand 
*** SUMMARY ***
Total pot $2 | Rake $0 
Seat 6: yzuk
Seat 1: DL1B folded before Flop (didn't bet)
Seat 2: rootask folded before Flop (didn't bet)
Seat 3: sagil643 (button) folded before Flop (didn't bet)
Seat 4: sta$igk (small blind) collected ($2)
Seat 5: Y_19 (big blind) folded before Flop



PokerStars Hand #254249533518:  Hold'em No Limit ($0.50/$1.00 USD) - 2025/01/07 19:24:49 WET [2025/01/07 14:24:49 ET]
Table 'Zech II' 6-max Seat #4 is the button
Seat 1: DL1B ($100 in chips) 
Seat 2: rootask ($147.44 in chips) 
Seat 3: sagil643 ($57.68 in chips) 
Seat 4: sta$igk ($116.45 in chips) 
Seat 5: Y_19 ($100 in chips) 
Seat 6: yzuk ($100 in chips) 
Y_19: posts small blind $0.50
yzuk: posts big blind $1
*** HOLE CARDS ***
DL1B: folds 
rootask: folds 
sagil643: calls $1
sta$igk: folds 
Y_19: folds 
yzuk: checks 
*** FLOP *** [8h 2c 5c]
yzuk: bets $1.21
sagil643: calls $1.21
*** TURN *** [8h 2c 5c] [6s]
yzuk: checks 
sagil643: checks 
*** RIVER *** [8h 2c 5c 6s] [4s]
yzuk: bets $2.38
sagil643: raises $13.38 to $15.76
yzuk: folds 
Uncalled bet ($13.38) returned to sagil643
sagil643 collected $9.20 from pot
sagil643: doesn't show hand 
*** SUMMARY ***
Total pot $9.68 | Rake $0.48 
Board [8h 2c 5c 6s 4s]
Seat 1: DL1B folded before Flop (didn't bet)
Seat 2: rootask folded before Flop (didn't bet)
Seat 3: sagil643 collected ($9.20)
Seat 4: sta$igk (button) folded before Flop (didn't bet)
Seat 5: Y_19 (small blind) folded before Flop
Seat 6: yzuk (big blind) folded on the River



PokerStars Hand #254249548013:  Hold'em No Limit ($0.50/$1.00 USD) - 2025/01/07 19:25:37 WET [2025/01/07 14:25:37 ET]
Table 'Zech II' 6-max Seat #5 is the button
Seat 1: DL1B ($100 in chips) 
Seat 2: rootask ($147.44 in chips) 
Seat 3: sagil643 ($62.29 in chips) 
Seat 4: sta$igk ($116.45 in chips) 
Seat 5: Y_19 ($100 in chips) 
Seat 6: yzuk ($100 in chips) 
yzuk: posts small blind $0.50
DL1B: posts big blind $1
*** HOLE CARDS ***
rootask: folds 
sagil643: calls $1
sta$igk: folds 
rootask leaves the table
Y_19: raises $2.63 to $3.63
yzuk: folds 
DL1B: folds 
sagil643: folds 
Uncalled bet ($2.63) returned to Y_19
Y_19 collected $3.50 from pot
Y_19: doesn't show hand 
*** SUMMARY ***
Total pot $3.50 | Rake $0 
Seat 1: DL1B (big blind) folded before Flop
Seat 2: rootask folded before Flop (didn't bet)
Seat 3: sagil643 folded before Flop
Seat 4: sta$igk folded before Flop (didn't bet)
Seat 5: Y_19 (button) collected ($3.50)
Seat 6: yzuk (small blind) folded before Flop



PokerStars Hand #254249556657:  Hold'em No Limit ($0.50/$1.00 USD) - 2025/01/07 19:26:05 WET [2025/01/07 14:26:05 ET]
Table 'Zech II' 6-max Seat #6 is the button
Seat 1: DL1B ($100 in chips) 
Seat 3: sagil643 ($61.29 in chips) 
Seat 4: sta$igk ($116.45 in chips) 
Seat 5: Y_19 ($102.50 in chips) 
Seat 6: yzuk ($100 in chips) 
DL1B: posts small blind $0.50
sagil643: posts big blind $1
*** HOLE CARDS ***
sta$igk: folds 
Y_19: raises $1.23 to $2.23
yzuk: folds 
DL1B: folds 
Yoalfre joins the table at seat #2 
sagil643: calls $1.23
*** FLOP *** [6c 5h Jh]
sagil643: checks 
Y_19: bets $1.55
sagil643: calls $1.55
*** TURN *** [6c 5h Jh] [9d]
sagil643: checks 
Y_19: checks 
*** RIVER *** [6c 5h Jh 9d] [Jc]
sagil643: checks 
Y_19: checks 
*** SHOW DOWN ***
sagil643: shows [2h Qs] (a pair of Jacks)
Y_19: shows [As Ts] (a pair of Jacks - Ace kicker)
Y_19 collected $7.66 from pot
*** SUMMARY ***
Total pot $8.06 | Rake $0.40 
Board [6c 5h Jh 9d Jc]
Seat 1: DL1B (small blind) folded before Flop
Seat 3: sagil643 (big blind) showed [2h Qs] and lost with a pair of Jacks
Seat 4: sta$igk folded before Flop (didn't bet)
Seat 5: Y_19 showed [As Ts] and won ($7.66) with a pair of Jacks
Seat 6: yzuk (button) folded before Flop (didn't bet)



PokerStars Hand #254249572881:  Hold'em No Limit ($0.50/$1.00 USD) - 2025/01/07 19:26:58 WET [2025/01/07 14:26:58 ET]
Table 'Zech II' 6-max Seat #1 is the button
Seat 2: Yoalfre ($100 in chips) is sitting out
Seat 1: DL1B ($100 in chips) 
Seat 3: sagil643 ($57.51 in chips) 
Seat 4: sta$igk ($116.45 in chips) 
Seat 5: Y_19 ($106.38 in chips) 
Seat 6: yzuk ($100 in chips) 
sagil643: posts small blind $0.50
sta$igk: posts big blind $1
*** HOLE CARDS ***
Y_19: folds 
yzuk: folds 
DL1B: raises $1.50 to $2.50
sagil643: calls $2
sta$igk: folds 
*** FLOP *** [4d 5h 5s]
sagil643: bets $1
DL1B: calls $1
*** TURN *** [4d 5h 5s] [9h]
sagil643: bets $1
DL1B: folds 
Uncalled bet ($1) returned to sagil643
sagil643 collected $7.60 from pot
sagil643: doesn't show hand 
*** SUMMARY ***
Total pot $8 | Rake $0.40 
Board [4d 5h 5s 9h]
Seat 2: Yoalfre
Seat 1: DL1B (button) folded on the Turn
Seat 3: sagil643 (small blind) collected ($7.60)
Seat 4: sta$igk (big blind) folded before Flop
Seat 5: Y_19 folded before Flop (didn't bet)
Seat 6: yzuk folded before Flop (didn't bet)



PokerStars Hand #254249581288:  Hold'em No Limit ($0.50/$1.00 USD) - 2025/01/07 19:27:26 WET [2025/01/07 14:27:26 ET]
Table 'Zech II' 6-max Seat #3 is the button
Seat 2: Yoalfre ($100 in chips) is sitting out
Seat 1: DL1B ($100 in chips) 
Seat 3: sagil643 ($61.61 in chips) 
Seat 4: sta$igk ($115.45 in chips) 
Seat 5: Y_19 ($106.38 in chips) 
Seat 6: yzuk ($100 in chips) 
sta$igk: posts small blind $0.50
Y_19: posts big blind $1
Yoalfre: sits out 
*** HOLE CARDS ***
yzuk: folds 
DL1B: folds 
sagil643: calls $1
sta$igk: folds 
Y_19: checks 
*** FLOP *** [2d Td Kh]
Y_19: checks 
sagil643: checks 
*** TURN *** [2d Td Kh] [8h]
Y_19: bets $1
sagil643: raises $1 to $2
Y_19: calls $1
*** RIVER *** [2d Td Kh 8h] [5h]
Y_19: checks 
sagil643: checks 
*** SHOW DOWN ***
Y_19: shows [2h 9h] (a flush, King high)
sagil643: mucks hand 
Y_19 collected $6.18 from pot
*** SUMMARY ***
Total pot $6.50 | Rake $0.32 
Board [2d Td Kh 8h 5h]
Seat 2: Yoalfre
Seat 1: DL1B folded before Flop (didn't bet)
Seat 3: sagil643 (button) mucked
Seat 4: sta$igk (small blind) folded before Flop
Seat 5: Y_19 (big blind) showed [2h 9h] and won ($6.18) with a flush, King high
Seat 6: yzuk folded before Flop (didn't bet)



PokerStars Hand #254249592888:  Hold'em No Limit ($0.50/$1.00 USD) - 2025/01/07 19:28:03 WET [2025/01/07 14:28:03 ET]
Table 'Zech II' 6-max Seat #4 is the button
Seat 2: Yoalfre ($100 in chips) is sitting out
Seat 1: DL1B ($100 in chips) 
Seat 3: sagil643 ($58.61 in chips) 
Seat 4: sta$igk ($114.95 in chips) 
Seat 5: Y_19 ($109.56 in chips) 
Seat 6: yzuk ($100 in chips) 
Y_19: posts small blind $0.50
yzuk: posts big blind $1
Yoalfre: sits out 
*** HOLE CARDS ***
DL1B: folds 
sagil643: folds 
sta$igk: raises $1.50 to $2.50
Y_19: folds 
yzuk: folds 
Uncalled bet ($1.50) returned to sta$igk
sta$igk collected $2.50 from pot
sta$igk: doesn't show hand 
*** SUMMARY ***
Total pot $2.50 | Rake $0 
Seat 2: Yoalfre
Seat 1: DL1B folded before Flop (didn't bet)
Seat 3: sagil643 folded before Flop (didn't bet)
Seat 4: sta$igk (button) collected ($2.50)
Seat 5: Y_19 (small blind) folded before Flop
Seat 6: yzuk (big blind) folded before Flop



PokerStars Hand #254249599070:  Hold'em No Limit ($0.50/$1.00 USD) - 2025/01/07 19:28:23 WET [2025/01/07 14:28:23 ET]
Table 'Zech II' 6-max Seat #5 is the button
Seat 2: Yoalfre ($100 in chips) is sitting out
Seat 1: DL1B ($100 in chips) 
Seat 3: sagil643 ($58.61 in chips) 
Seat 4: sta$igk ($116.45 in chips) 
Seat 5: Y_19 ($109.06 in chips) 
Seat 6: yzuk ($100 in chips) 
yzuk: posts small blind $0.50
DL1B: posts big blind $1
Yoalfre: sits out 
*** HOLE CARDS ***
sagil643: folds 
sta$igk: folds 
Y_19: folds 
yzuk: folds 
Uncalled bet ($0.50) returned to DL1B
DL1B collected $1 from pot
DL1B: doesn't show hand 
*** SUMMARY ***
Total pot $1 | Rake $0 
Seat 2: Yoalfre
Seat 1: DL1B (big blind) collected ($1)
Seat 3: sagil643 folded before Flop (didn't bet)
Seat 4: sta$igk folded before Flop (didn't bet)
Seat 5: Y_19 (button) folded before Flop (didn't bet)
Seat 6: yzuk (small blind) folded before Flop



PokerStars Hand #254249602871:  Hold'em No Limit ($0.50/$1.00 USD) - 2025/01/07 19:28:36 WET [2025/01/07 14:28:36 ET]
Table 'Zech II' 6-max Seat #6 is the button
Seat 1: DL1B ($100.50 in chips) 
Seat 2: Yoalfre ($100 in chips) 
Seat 3: sagil643 ($58.61 in chips) 
Seat 4: sta$igk ($116.45 in chips) 
Seat 5: Y_19 ($109.06 in chips) 
Seat 6: yzuk ($100 in chips) 
DL1B: posts small blind $0.50
Yoalfre: posts big blind $1
*** HOLE CARDS ***
sagil643: calls $1
sta$igk: folds 
Y_19: folds 
yzuk: raises $2.50 to $3.50
DL1B: folds 
Yoalfre: folds 
sagil643: calls $2.50
*** FLOP *** [5c 9s 6h]
sagil643: checks 
yzuk: checks 
*** TURN *** [5c 9s 6h] [8d]
sagil643: checks 
yzuk: checks 
*** RIVER *** [5c 9s 6h 8d] [Td]
sagil643: bets $3
yzuk: folds 
Uncalled bet ($3) returned to sagil643
sagil643 collected $8.08 from pot
sagil643: doesn't show hand 
*** SUMMARY ***
Total pot $8.50 | Rake $0.42 
Board [5c 9s 6h 8d Td]
Seat 1: DL1B (small blind) folded before Flop
Seat 2: Yoalfre (big blind) folded before Flop
Seat 3: sagil643 collected ($8.08)
Seat 4: sta$igk folded before Flop (didn't bet)
Seat 5: Y_19 folded before Flop (didn't bet)
Seat 6: yzuk (button) folded on the River



PokerStars Hand #254249616689:  Hold'em No Limit ($0.50/$1.00 USD) - 2025/01/07 19:29:21 WET [2025/01/07 14:29:21 ET]
Table 'Zech II' 6-max Seat #1 is the button
Seat 1: DL1B ($100 in chips) 
Seat 2: Yoalfre ($100 in chips) 
Seat 3: sagil643 ($63.19 in chips) 
Seat 4: sta$igk ($116.45 in chips) 
Seat 5: Y_19 ($109.06 in chips) 
Seat 6: yzuk ($100 in chips) 
Yoalfre: posts small blind $0.50
sagil643: posts big blind $1
*** HOLE CARDS ***
sta$igk: folds 
Y_19: folds 
yzuk: raises $1.50 to $2.50
DL1B: folds 
Yoalfre: folds 
sagil643: folds 
Uncalled bet ($1.50) returned to yzuk
yzuk collected $2.50 from pot
yzuk: doesn't show hand 
*** SUMMARY ***
Total pot $2.50 | Rake $0 
Seat 1: DL1B (button) folded before Flop (didn't bet)
Seat 2: Yoalfre (small blind) folded before Flop
Seat 3: sagil643 (big blind) folded before Flop
Seat 4: sta$igk folded before Flop (didn't bet)
Seat 5: Y_19 folded before Flop (didn't bet)
Seat 6: yzuk collected ($2.50)



PokerStars Hand #254249620855:  Hold'em No Limit ($0.50/$1.00 USD) - 2025/01/07 19:29:35 WET [2025/01/07 14:29:35 ET]
Table 'Zech II' 6-max Seat #2 is the button
Seat 1: DL1B ($100 in chips) 
Seat 2: Yoalfre ($100 in chips) 
Seat 3: sagil643 ($62.19 in chips) 
Seat 4: sta$igk ($116.45 in chips) 
Seat 5: Y_19 ($109.06 in chips) 
Seat 6: yzuk ($101.50 in chips) 
sagil643: posts small blind $0.50
sta$igk: posts big blind $1
*** HOLE CARDS ***
Y_19: folds 
yzuk: folds 
DL1B: folds 
Yoalfre: raises $1.50 to $2.50
sagil643: calls $2
sta$igk: raises $11.50 to $14
Yoalfre: folds 
sagil643: folds 
Uncalled bet ($11.50) returned to sta$igk
sta$igk collected $7.50 from pot
sta$igk: doesn't show hand 
*** SUMMARY ***
Total pot $7.50 | Rake $0 
Seat 1: DL1B folded before Flop (didn't bet)
Seat 2: Yoalfre (button) folded before Flop
Seat 3: sagil643 (small blind) folded before Flop
Seat 4: sta$igk (big blind) collected ($7.50)
Seat 5: Y_19 folded before Flop (didn't bet)
Seat 6: yzuk folded before Flop (didn't bet)



PokerStars Hand #254249633391:  Hold'em No Limit ($0.50/$1.00 USD) - 2025/01/07 19:30:15 WET [2025/01/07 14:30:15 ET]
Table 'Zech II' 6-max Seat #3 is the button
Seat 1: DL1B ($100 in chips) 
Seat 2: Yoalfre ($100 in chips) 
Seat 3: sagil643 ($59.69 in chips) 
Seat 4: sta$igk ($121.45 in chips) 
Seat 5: Y_19 ($109.06 in chips) 
Seat 6: yzuk ($101.50 in chips) 
sta$igk: posts small blind $0.50
Y_19: posts big blind $1
*** HOLE CARDS ***
yzuk: folds 
DL1B: folds 
Yoalfre: folds 
sagil643: folds 
sta$igk: raises $2 to $3
Y_19: folds 
Uncalled bet ($2) returned to sta$igk
sta$igk collected $2 from pot
sta$igk: doesn't show hand 
*** SUMMARY ***
Total pot $2 | Rake $0 
Seat 1: DL1B folded before Flop (didn't bet)
Seat 2: Yoalfre folded before Flop (didn't bet)
Seat 3: sagil643 (button) folded before Flop (didn't bet)
Seat 4: sta$igk (small blind) collected ($2)
Seat 5: Y_19 (big blind) folded before Flop
Seat 6: yzuk folded before Flop (didn't bet)



PokerStars Hand #254249641577:  Hold'em No Limit ($0.50/$1.00 USD) - 2025/01/07 19:30:41 WET [2025/01/07 14:30:41 ET]
Table 'Zech II' 6-max Seat #4 is the button
Seat 1: DL1B ($100 in chips) 
Seat 2: Yoalfre ($100 in chips) 
Seat 3: sagil643 ($59.69 in chips) 
Seat 4: sta$igk ($122.45 in chips) 
Seat 5: Y_19 ($108.06 in chips) 
Seat 6: yzuk ($101.50 in chips) 
Y_19: posts small blind $0.50
yzuk: posts big blind $1
*** HOLE CARDS ***
DL1B: folds 
Yoalfre: folds 
sagil643: calls $1
sta$igk: raises $3 to $4
Y_19: folds 
yzuk: folds 
sagil643: folds 
Uncalled bet ($3) returned to sta$igk
sta$igk collected $3.50 from pot
sta$igk: doesn't show hand 
*** SUMMARY ***
Total pot $3.50 | Rake $0 
Seat 1: DL1B folded before Flop (didn't bet)
Seat 2: Yoalfre folded before Flop (didn't bet)
Seat 3: sagil643 folded before Flop
Seat 4: sta$igk (button) collected ($3.50)
Seat 5: Y_19 (small blind) folded before Flop
Seat 6: yzuk (big blind) folded before Flop



PokerStars Hand #254249648343:  Hold'em No Limit ($0.50/$1.00 USD) - 2025/01/07 19:31:03 WET [2025/01/07 14:31:03 ET]
Table 'Zech II' 6-max Seat #5 is the button
Seat 1: DL1B ($100 in chips) 
Seat 2: Yoalfre ($100 in chips) 
Seat 3: sagil643 ($58.69 in chips) 
Seat 4: sta$igk ($124.95 in chips) 
Seat 5: Y_19 ($107.56 in chips) 
Seat 6: yzuk ($100.50 in chips) 
yzuk: posts small blind $0.50
DL1B: posts big blind $1
*** HOLE CARDS ***
Yoalfre: raises $1.50 to $2.50
sagil643: folds 
sta$igk: folds 
Y_19: folds 
yzuk: folds 
DL1B: folds 
Uncalled bet ($1.50) returned to Yoalfre
Yoalfre collected $2.50 from pot
Yoalfre: doesn't show hand 
*** SUMMARY ***
Total pot $2.50 | Rake $0 
Seat 1: DL1B (big blind) folded before Flop
Seat 2: Yoalfre collected ($2.50)
Seat 3: sagil643 folded before Flop (didn't bet)
Seat 4: sta$igk folded before Flop (didn't bet)
Seat 5: Y_19 (button) folded before Flop (didn't bet)
Seat 6: yzuk (small blind) folded before Flop



PokerStars Hand #254249653897:  Hold'em No Limit ($0.50/$1.00 USD) - 2025/01/07 19:31:21 WET [2025/01/07 14:31:21 ET]
Table 'Zech II' 6-max Seat #6 is the button
Seat 1: DL1B ($100 in chips) 
Seat 2: Yoalfre ($101.50 in chips) 
Seat 3: sagil643 ($58.69 in chips) 
Seat 4: sta$igk ($124.95 in chips) 
Seat 5: Y_19 ($107.56 in chips) 
Seat 6: yzuk ($100 in chips) 
DL1B: posts small blind $0.50
Yoalfre: posts big blind $1
*** HOLE CARDS ***
sagil643: calls $1
sta$igk: folds 
Y_19: folds 
yzuk: raises $2.50 to $3.50
DL1B: raises $9.75 to $13.25
Yoalfre: folds 
sagil643: calls $12.25
yzuk: folds 
*** FLOP *** [7c 3s 3h]
DL1B: bets $9.72
sagil643: calls $9.72
*** TURN *** [7c 3s 3h] [Js]
DL1B: bets $37.18
sagil643: folds 
Uncalled bet ($37.18) returned to DL1B
DL1B collected $47.94 from pot
DL1B: doesn't show hand 
*** SUMMARY ***
Total pot $50.44 | Rake $2.50 
Board [7c 3s 3h Js]
Seat 1: DL1B (small blind) collected ($47.94)
Seat 2: Yoalfre (big blind) folded before Flop
Seat 3: sagil643 folded on the Turn
Seat 4: sta$igk folded before Flop (didn't bet)
Seat 5: Y_19 folded before Flop (didn't bet)
Seat 6: yzuk (button) folded before Flop



PokerStars Hand #254249674599:  Hold'em No Limit ($0.50/$1.00 USD) - 2025/01/07 19:32:27 WET [2025/01/07 14:32:27 ET]
Table 'Zech II' 6-max Seat #1 is the button
Seat 1: DL1B ($124.97 in chips) 
Seat 2: Yoalfre ($100.50 in chips) 
Seat 3: sagil643 ($35.72 in chips) 
Seat 4: sta$igk ($124.95 in chips) 
Seat 5: Y_19 ($107.56 in chips) 
Seat 6: yzuk ($100 in chips) 
Yoalfre: posts small blind $0.50
sagil643: posts big blind $1
*** HOLE CARDS ***
sta$igk: folds 
Y_19: folds 
yzuk: folds 
DL1B: raises $1.50 to $2.50
Yoalfre: folds 
sagil643: calls $1.50
*** FLOP *** [6d 2c 8s]
sagil643: bets $2
DL1B: calls $2
*** TURN *** [6d 2c 8s] [3h]
sagil643: bets $2
DL1B: calls $2
*** RIVER *** [6d 2c 8s 3h] [Th]
sagil643: bets $1
DL1B: raises $117.47 to $118.47 and is all-in
sagil643: folds 
Uncalled bet ($117.47) returned to DL1B
DL1B collected $14.72 from pot
DL1B: doesn't show hand 
*** SUMMARY ***
Total pot $15.50 | Rake $0.78 
Board [6d 2c 8s 3h Th]
Seat 1: DL1B (button) collected ($14.72)
Seat 2: Yoalfre (small blind) folded before Flop
Seat 3: sagil643 (big blind) folded on the River
Seat 4: sta$igk folded before Flop (didn't bet)
Seat 5: Y_19 folded before Flop (didn't bet)
Seat 6: yzuk folded before Flop (didn't bet)



PokerStars Hand #254249692123:  Hold'em No Limit ($0.50/$1.00 USD) - 2025/01/07 19:33:23 WET [2025/01/07 14:33:23 ET]
Table 'Zech II' 6-max Seat #2 is the button
Seat 1: DL1B ($132.19 in chips) 
Seat 2: Yoalfre ($100 in chips) 
Seat 3: sagil643 ($28.22 in chips) 
Seat 4: sta$igk ($124.95 in chips) 
Seat 5: Y_19 ($107.56 in chips) 
Seat 6: yzuk ($100 in chips) 
sagil643: posts small blind $0.50
sta$igk: posts big blind $1
*** HOLE CARDS ***
Y_19: raises $1.23 to $2.23
yzuk: folds 
DL1B: folds 
Yoalfre: folds 
sagil643: folds 
sta$igk: folds 
Uncalled bet ($1.23) returned to Y_19
Y_19 collected $2.50 from pot
Y_19: doesn't show hand 
*** SUMMARY ***
Total pot $2.50 | Rake $0 
Seat 1: DL1B folded before Flop (didn't bet)
Seat 2: Yoalfre (button) folded before Flop (didn't bet)
Seat 3: sagil643 (small blind) folded before Flop
Seat 4: sta$igk (big blind) folded before Flop
Seat 5: Y_19 collected ($2.50)
Seat 6: yzuk folded before Flop (didn't bet)



PokerStars Hand #254249697336:  Hold'em No Limit ($0.50/$1.00 USD) - 2025/01/07 19:33:40 WET [2025/01/07 14:33:40 ET]
Table 'Zech II' 6-max Seat #3 is the button
Seat 1: DL1B ($132.19 in chips) 
Seat 2: Yoalfre ($100 in chips) 
Seat 3: sagil643 ($27.72 in chips) 
Seat 4: sta$igk ($123.95 in chips) 
Seat 5: Y_19 ($109.06 in chips) 
Seat 6: yzuk ($100 in chips) 
sta$igk: posts small blind $0.50
Y_19: posts big blind $1
*** HOLE CARDS ***
yzuk: folds 
DL1B: folds 
Yoalfre: folds 
sagil643: calls $1
sta$igk: folds 
Y_19: checks 
*** FLOP *** [5h Jc Jh]
Y_19: checks 
sagil643: checks 
*** TURN *** [5h Jc Jh] [Qs]
Y_19: bets $1
sagil643: calls $1
*** RIVER *** [5h Jc Jh Qs] [Ks]
Y_19: checks 
sagil643: checks 
*** SHOW DOWN ***
Y_19: shows [2d 5s] (two pair, Jacks and Fives)
sagil643: mucks hand 
Y_19 collected $4.28 from pot
*** SUMMARY ***
Total pot $4.50 | Rake $0.22 
Board [5h Jc Jh Qs Ks]
Seat 1: DL1B folded before Flop (didn't bet)
Seat 2: Yoalfre folded before Flop (didn't bet)
Seat 3: sagil643 (button) mucked
Seat 4: sta$igk (small blind) folded before Flop
Seat 5: Y_19 (big blind) showed [2d 5s] and won ($4.28) with two pair, Jacks and Fives
Seat 6: yzuk folded before Flop (didn't bet)



PokerStars Hand #254249711685:  Hold'em No Limit ($0.50/$1.00 USD) - 2025/01/07 19:34:26 WET [2025/01/07 14:34:26 ET]
Table 'Zech II' 6-max Seat #4 is the button
Seat 1: DL1B ($132.19 in chips) 
Seat 2: Yoalfre ($100 in chips) 
Seat 3: sagil643 ($25.72 in chips) 
Seat 4: sta$igk ($123.45 in chips) 
Seat 5: Y_19 ($111.34 in chips) 
Seat 6: yzuk ($100 in chips) 
Y_19: posts small blind $0.50
yzuk: posts big blind $1
*** HOLE CARDS ***
DL1B: folds 
Yoalfre: folds 
sagil643: folds 
sta$igk: folds 
Y_19: raises $2 to $3
yzuk: raises $6 to $9
Y_19: folds 
Uncalled bet ($6) returned to yzuk
yzuk collected $6 from pot
yzuk: doesn't show hand 
*** SUMMARY ***
Total pot $6 | Rake $0 
Seat 1: DL1B folded before Flop (didn't bet)
Seat 2: Yoalfre folded before Flop (didn't bet)
Seat 3: sagil643 folded before Flop (didn't bet)
Seat 4: sta$igk (button) folded before Flop (didn't bet)
Seat 5: Y_19 (small blind) folded before Flop
Seat 6: yzuk (big blind) collected ($6)



PokerStars Hand #254249722759:  Hold'em No Limit ($0.50/$1.00 USD) - 2025/01/07 19:35:02 WET [2025/01/07 14:35:02 ET]
Table 'Zech II' 6-max Seat #5 is the button
Seat 1: DL1B ($132.19 in chips) 
Seat 2: Yoalfre ($100 in chips) 
Seat 3: sagil643 ($25.72 in chips) 
Seat 4: sta$igk ($123.45 in chips) 
Seat 5: Y_19 ($108.34 in chips) 
Seat 6: yzuk ($103 in chips) 
yzuk: posts small blind $0.50
DL1B: posts big blind $1
*** HOLE CARDS ***
Yoalfre: folds 
sagil643: folds 
sta$igk: folds 
Y_19: folds 
yzuk: folds 
Uncalled bet ($0.50) returned to DL1B
DL1B collected $1 from pot
*** SUMMARY ***
Total pot $1 | Rake $0 
Seat 1: DL1B (big blind) collected ($1)
Seat 2: Yoalfre folded before Flop (didn't bet)
Seat 3: sagil643 folded before Flop (didn't bet)
Seat 4: sta$igk folded before Flop (didn't bet)
Seat 5: Y_19 (button) folded before Flop (didn't bet)
Seat 6: yzuk (small blind) folded before Flop



PokerStars Hand #254249727507:  Hold'em No Limit ($0.50/$1.00 USD) - 2025/01/07 19:35:17 WET [2025/01/07 14:35:17 ET]
Table 'Zech II' 6-max Seat #6 is the button
Seat 1: DL1B ($132.69 in chips) 
Seat 2: Yoalfre ($100 in chips) 
Seat 3: sagil643 ($25.72 in chips) 
Seat 4: sta$igk ($123.45 in chips) 
Seat 5: Y_19 ($108.34 in chips) 
Seat 6: yzuk ($102.50 in chips) 
DL1B: posts small blind $0.50
Yoalfre: posts big blind $1
*** HOLE CARDS ***
sagil643: folds 
sta$igk: folds 
Y_19: folds 
yzuk: raises $1.50 to $2.50
DL1B: folds 
Yoalfre: folds 
Uncalled bet ($1.50) returned to yzuk
yzuk collected $2.50 from pot
yzuk: doesn't show hand 
*** SUMMARY ***
Total pot $2.50 | Rake $0 
Seat 1: DL1B (small blind) folded before Flop
Seat 2: Yoalfre (big blind) folded before Flop
Seat 3: sagil643 folded before Flop (didn't bet)
Seat 4: sta$igk folded before Flop (didn't bet)
Seat 5: Y_19 folded before Flop (didn't bet)
Seat 6: yzuk (button) collected ($2.50)



PokerStars Hand #254249736138:  Hold'em No Limit ($0.50/$1.00 USD) - 2025/01/07 19:35:44 WET [2025/01/07 14:35:44 ET]
Table 'Zech II' 6-max Seat #1 is the button
Seat 1: DL1B ($132.19 in chips) 
Seat 2: Yoalfre ($100 in chips) 
Seat 3: sagil643 ($25.72 in chips) 
Seat 4: sta$igk ($123.45 in chips) 
Seat 5: Y_19 ($108.34 in chips) 
Seat 6: yzuk ($104 in chips) 
Yoalfre: posts small blind $0.50
sagil643: posts big blind $1
*** HOLE CARDS ***
sta$igk: raises $1.50 to $2.50
Y_19: raises $5 to $7.50
yzuk: folds 
DL1B: folds 
Yoalfre: folds 
sagil643: folds 
sta$igk: folds 
Uncalled bet ($5) returned to Y_19
Y_19 collected $6.50 from pot
Y_19: doesn't show hand 
*** SUMMARY ***
Total pot $6.50 | Rake $0 
Seat 1: DL1B (button) folded before Flop (didn't bet)
Seat 2: Yoalfre (small blind) folded before Flop
Seat 3: sagil643 (big blind) folded before Flop
Seat 4: sta$igk folded before Flop
Seat 5: Y_19 collected ($6.50)
Seat 6: yzuk folded before Flop (didn't bet)



PokerStars Hand #254249744125:  Hold'em No Limit ($0.50/$1.00 USD) - 2025/01/07 19:36:10 WET [2025/01/07 14:36:10 ET]
Table 'Zech II' 6-max Seat #2 is the button
Seat 1: DL1B ($132.19 in chips) 
Seat 2: Yoalfre ($100 in chips) 
Seat 3: sagil643 ($24.72 in chips) 
Seat 4: sta$igk ($120.95 in chips) 
Seat 5: Y_19 ($112.34 in chips) 
Seat 6: yzuk ($104 in chips) 
sagil643: posts small blind $0.50
sta$igk: posts big blind $1
*** HOLE CARDS ***
Y_19: folds 
yzuk: raises $1.50 to $2.50
DL1B: folds 
Yoalfre: raises $5 to $7.50
sagil643: calls $7
sta$igk: folds 
yzuk: folds 
*** FLOP *** [5s 9h 9s]
sagil643: checks 
Yoalfre: bets $21.98
sagil643: calls $17.22 and is all-in
Uncalled bet ($4.76) returned to Yoalfre
*** TURN *** [5s 9h 9s] [7d]
*** RIVER *** [5s 9h 9s 7d] [2s]
*** SHOW DOWN ***
sagil643: shows [4d 4h] (two pair, Nines and Fours)
Yoalfre: shows [Qd Kd] (a pair of Nines)
sagil643 cashed out the hand for $30.23 | Cash Out Fee $0.62
*** SUMMARY ***
Total pot $52.94 | Rake $2.50 
Board [5s 9h 9s 7d 2s]
Seat 1: DL1B folded before Flop (didn't bet)
Seat 2: Yoalfre (button) showed [Qd Kd] and lost with a pair of Nines
Seat 3: sagil643 (small blind) showed [4d 4h] and won ($50.44) with two pair, Nines and Fours (pot not awarded as player cashed out)
Seat 4: sta$igk (big blind) folded before Flop
Seat 5: Y_19 folded before Flop (didn't bet)
Seat 6: yzuk folded before Flop



PokerStars Hand #254249759476:  Hold'em No Limit ($0.50/$1.00 USD) - 2025/01/07 19:37:00 WET [2025/01/07 14:37:00 ET]
Table 'Zech II' 6-max Seat #3 is the button
Seat 1: DL1B ($132.19 in chips) 
Seat 2: Yoalfre ($100 in chips) 
Seat 3: sagil643 ($30.23 in chips) 
Seat 4: sta$igk ($119.95 in chips) 
Seat 5: Y_19 ($112.34 in chips) 
Seat 6: yzuk ($101.50 in chips) 
sta$igk: posts small blind $0.50
Y_19: posts big blind $1
*** HOLE CARDS ***
yzuk: folds 
DL1B: raises $1.50 to $2.50
Yoalfre: folds 
sagil643: folds 
sta$igk: raises $8.50 to $11
Y_19: raises $13 to $24
DL1B: folds 
sta$igk: raises $95.95 to $119.95 and is all-in
Y_19: calls $88.34 and is all-in
Uncalled bet ($7.61) returned to sta$igk
*** FIRST FLOP *** [5c Kd Js]
*** FIRST TURN *** [5c Kd Js] [8d]
*** FIRST RIVER *** [5c Kd Js 8d] [9c]
*** SECOND FLOP *** [6s Qd 4c]
*** SECOND TURN *** [6s Qd 4c] [5s]
*** SECOND RIVER *** [6s Qd 4c 5s] [2d]
*** FIRST SHOW DOWN ***
sta$igk: shows [Ad As] (a pair of Aces)
Y_19: shows [Kc Kh] (three of a kind, Kings)
Y_19 collected $112.34 from pot
*** SECOND SHOW DOWN ***
sta$igk: shows [Ad As] (a pair of Aces)
Y_19: shows [Kc Kh] (a pair of Kings)
sta$igk collected $112.34 from pot
*** SUMMARY ***
Total pot $227.18 | Rake $2.50 
Hand was run twice
FIRST Board [5c Kd Js 8d 9c]
SECOND Board [6s Qd 4c 5s 2d]
Seat 1: DL1B folded before Flop
Seat 2: Yoalfre folded before Flop (didn't bet)
Seat 3: sagil643 (button) folded before Flop (didn't bet)
Seat 4: sta$igk (small blind) showed [Ad As] and lost with a pair of Aces, and won ($112.34) with a pair of Aces
Seat 5: Y_19 (big blind) showed [Kc Kh] and won ($112.34) with three of a kind, Kings, and lost with a pair of Kings
Seat 6: yzuk folded before Flop (didn't bet)



PokerStars Hand #254249778601:  Hold'em No Limit ($0.50/$1.00 USD) - 2025/01/07 19:38:01 WET [2025/01/07 14:38:01 ET]
Table 'Zech II' 6-max Seat #4 is the button
Seat 1: DL1B ($129.69 in chips) 
Seat 2: Yoalfre ($100 in chips) 
Seat 3: sagil643 ($30.23 in chips) 
Seat 4: sta$igk ($119.95 in chips) 
Seat 5: Y_19 ($112.34 in chips) 
Seat 6: yzuk ($101.50 in chips) 
Y_19: posts small blind $0.50
yzuk: posts big blind $1
*** HOLE CARDS ***
DL1B: folds 
Yoalfre: folds 
sagil643: folds 
sta$igk: raises $1.50 to $2.50
Y_19: raises $9 to $11.50
yzuk: folds 
sta$igk: raises $13 to $24.50
Y_19: raises $87.84 to $112.34 and is all-in
sta$igk: calls $87.84
*** FIRST FLOP *** [3s Qs 9h]
*** FIRST TURN *** [3s Qs 9h] [4d]
*** FIRST RIVER *** [3s Qs 9h 4d] [5c]
*** SECOND FLOP *** [8c 7h 3c]
*** SECOND TURN *** [8c 7h 3c] [2s]
*** SECOND RIVER *** [8c 7h 3c 2s] [6h]
*** FIRST SHOW DOWN ***
Y_19: shows [Ks Ac] (high card Ace)
sta$igk: shows [Jc Jh] (a pair of Jacks)
sta$igk collected $111.59 from pot
*** SECOND SHOW DOWN ***
Y_19: shows [Ks Ac] (high card Ace)
sta$igk: shows [Jc Jh] (a pair of Jacks)
sta$igk collected $111.59 from pot
*** SUMMARY ***
Total pot $225.68 | Rake $2.50 
Hand was run twice
FIRST Board [3s Qs 9h 4d 5c]
SECOND Board [8c 7h 3c 2s 6h]
Seat 1: DL1B folded before Flop (didn't bet)
Seat 2: Yoalfre folded before Flop (didn't bet)
Seat 3: sagil643 folded before Flop (didn't bet)
Seat 4: sta$igk (button) showed [Jc Jh] and won ($111.59) with a pair of Jacks, and won ($111.59) with a pair of Jacks
Seat 5: Y_19 (small blind) showed [Ks Ac] and lost with high card Ace, and lost with high card Ace
Seat 6: yzuk (big blind) folded before Flop



PokerStars Hand #254249793791:  Hold'em No Limit ($0.50/$1.00 USD) - 2025/01/07 19:38:50 WET [2025/01/07 14:38:50 ET]
Table 'Zech II' 6-max Seat #5 is the button
Seat 1: DL1B ($129.69 in chips) 
Seat 2: Yoalfre ($100 in chips) 
Seat 3: sagil643 ($30.23 in chips) 
Seat 4: sta$igk ($230.79 in chips) 
Seat 5: Y_19 ($100 in chips) 
Seat 6: yzuk ($100.50 in chips) 
yzuk: posts small blind $0.50
DL1B: posts big blind $1
*** HOLE CARDS ***
Yoalfre: folds 
sagil643: folds 
sta$igk: folds 
Y_19: folds 
yzuk: folds 
Uncalled bet ($0.50) returned to DL1B
DL1B collected $1 from pot
DL1B: doesn't show hand 
*** SUMMARY ***
Total pot $1 | Rake $0 
Seat 1: DL1B (big blind) collected ($1)
Seat 2: Yoalfre folded before Flop (didn't bet)
Seat 3: sagil643 folded before Flop (didn't bet)
Seat 4: sta$igk folded before Flop (didn't bet)
Seat 5: Y_19 (button) folded before Flop (didn't bet)
Seat 6: yzuk (small blind) folded before Flop



PokerStars Hand #254249798828:  Hold'em No Limit ($0.50/$1.00 USD) - 2025/01/07 19:39:07 WET [2025/01/07 14:39:07 ET]
Table 'Zech II' 6-max Seat #6 is the button
Seat 1: DL1B ($130.19 in chips) 
Seat 2: Yoalfre ($100 in chips) 
Seat 3: sagil643 ($30.23 in chips) 
Seat 4: sta$igk ($230.79 in chips) 
Seat 5: Y_19 ($100 in chips) 
Seat 6: yzuk ($100 in chips) 
DL1B: posts small blind $0.50
Yoalfre: posts big blind $1
*** HOLE CARDS ***
sagil643: folds 
sta$igk: folds 
Y_19: raises $1.23 to $2.23
yzuk: folds 
DL1B: folds 
Yoalfre: folds 
Uncalled bet ($1.23) returned to Y_19
Y_19 collected $2.50 from pot
Y_19: doesn't show hand 
*** SUMMARY ***
Total pot $2.50 | Rake $0 
Seat 1: DL1B (small blind) folded before Flop
Seat 2: Yoalfre (big blind) folded before Flop
Seat 3: sagil643 folded before Flop (didn't bet)
Seat 4: sta$igk folded before Flop (didn't bet)
Seat 5: Y_19 collected ($2.50)
Seat 6: yzuk (button) folded before Flop (didn't bet)



PokerStars Hand #254249806504:  Hold'em No Limit ($0.50/$1.00 USD) - 2025/01/07 19:39:31 WET [2025/01/07 14:39:31 ET]
Table 'Zech II' 6-max Seat #1 is the button
Seat 1: DL1B ($129.69 in chips) 
Seat 2: Yoalfre ($100 in chips) 
Seat 3: sagil643 ($30.23 in chips) 
Seat 4: sta$igk ($230.79 in chips) 
Seat 5: Y_19 ($101.50 in chips) 
Seat 6: yzuk ($100 in chips) 
Yoalfre: posts small blind $0.50
sagil643: posts big blind $1
*** HOLE CARDS ***
sta$igk: raises $1.50 to $2.50
Y_19: folds 
yzuk: folds 
DL1B: folds 
Yoalfre: raises $8.50 to $11
sagil643: folds 
sta$igk: folds 
Uncalled bet ($8.50) returned to Yoalfre
Yoalfre collected $6 from pot
Yoalfre: doesn't show hand 
*** SUMMARY ***
Total pot $6 | Rake $0 
Seat 1: DL1B (button) folded before Flop (didn't bet)
Seat 2: Yoalfre (small blind) collected ($6)
Seat 3: sagil643 (big blind) folded before Flop
Seat 4: sta$igk folded before Flop
Seat 5: Y_19 folded before Flop (didn't bet)
Seat 6: yzuk folded before Flop (didn't bet)



PokerStars Hand #254249815231:  Hold'em No Limit ($0.50/$1.00 USD) - 2025/01/07 19:39:59 WET [2025/01/07 14:39:59 ET]
Table 'Zech II' 6-max Seat #2 is the button
Seat 1: DL1B ($129.69 in chips) 
Seat 2: Yoalfre ($103.50 in chips) 
Seat 3: sagil643 ($29.23 in chips) 
Seat 4: sta$igk ($228.29 in chips) 
Seat 5: Y_19 ($101.50 in chips) 
Seat 6: yzuk ($100 in chips) 
sagil643: posts small blind $0.50
sta$igk: posts big blind $1
*** HOLE CARDS ***
Y_19: folds 
yzuk: folds 
DL1B: folds 
Yoalfre: raises $1.50 to $2.50
sagil643: calls $2
sta$igk: folds 
*** FLOP *** [Jd Jh 4s]
sagil643: checks 
Yoalfre: bets $1.43
sagil643: calls $1.43
*** TURN *** [Jd Jh 4s] [Ts]
sagil643: checks 
Yoalfre: checks 
*** RIVER *** [Jd Jh 4s Ts] [As]
sagil643: bets $2
Yoalfre: calls $2
*** SHOW DOWN ***
sagil643: shows [3c 6c] (a pair of Jacks)
Yoalfre: shows [Ah Ks] (two pair, Aces and Jacks)
Yoalfre collected $12.22 from pot
*** SUMMARY ***
Total pot $12.86 | Rake $0.64 
Board [Jd Jh 4s Ts As]
Seat 1: DL1B folded before Flop (didn't bet)
Seat 2: Yoalfre (button) showed [Ah Ks] and won ($12.22) with two pair, Aces and Jacks
Seat 3: sagil643 (small blind) showed [3c 6c] and lost with a pair of Jacks
Seat 4: sta$igk (big blind) folded before Flop
Seat 5: Y_19 folded before Flop (didn't bet)
Seat 6: yzuk folded before Flop (didn't bet)



PokerStars Hand #254249831642:  Hold'em No Limit ($0.50/$1.00 USD) - 2025/01/07 19:40:52 WET [2025/01/07 14:40:52 ET]
Table 'Zech II' 6-max Seat #3 is the button
Seat 1: DL1B ($129.69 in chips) 
Seat 2: Yoalfre ($109.79 in chips) 
Seat 3: sagil643 ($23.30 in chips) 
Seat 4: sta$igk ($227.29 in chips) 
Seat 5: Y_19 ($101.50 in chips) 
Seat 6: yzuk ($100 in chips) 
sta$igk: posts small blind $0.50
Y_19: posts big blind $1
*** HOLE CARDS ***
yzuk: folds 
DL1B: folds 
Yoalfre: folds 
sagil643: calls $1
sta$igk: folds 
Y_19: raises $3 to $4
sagil643: calls $3
*** FLOP *** [4d Ad 4s]
Y_19: bets $2.67
sagil643: calls $2.67
*** TURN *** [4d Ad 4s] [Jd]
Y_19: checks 
sagil643: checks 
*** RIVER *** [4d Ad 4s Jd] [9s]
Y_19: checks 
sagil643: checks 
*** SHOW DOWN ***
Y_19: shows [Ks Qc] (a pair of Fours)
sagil643: mucks hand 
Y_19 collected $13.15 from pot
*** SUMMARY ***
Total pot $13.84 | Rake $0.69 
Board [4d Ad 4s Jd 9s]
Seat 1: DL1B folded before Flop (didn't bet)
Seat 2: Yoalfre folded before Flop (didn't bet)
Seat 3: sagil643 (button) mucked
Seat 4: sta$igk (small blind) folded before Flop
Seat 5: Y_19 (big blind) showed [Ks Qc] and won ($13.15) with a pair of Fours
Seat 6: yzuk folded before Flop (didn't bet)



PokerStars Hand #254249841394:  Hold'em No Limit ($0.50/$1.00 USD) - 2025/01/07 19:41:23 WET [2025/01/07 14:41:23 ET]
Table 'Zech II' 6-max Seat #4 is the button
Seat 1: DL1B ($129.69 in chips) 
Seat 2: Yoalfre ($109.79 in chips) 
Seat 3: sagil643 ($16.63 in chips) 
Seat 4: sta$igk ($226.79 in chips) 
Seat 5: Y_19 ($107.98 in chips) 
Seat 6: yzuk ($100 in chips) 
Y_19: posts small blind $0.50
yzuk: posts big blind $1
*** HOLE CARDS ***
DL1B: folds 
Yoalfre: folds 
sagil643: folds 
sta$igk: raises $1.50 to $2.50
Y_19: folds 
yzuk: folds 
Uncalled bet ($1.50) returned to sta$igk
sta$igk collected $2.50 from pot
sta$igk: doesn't show hand 
*** SUMMARY ***
Total pot $2.50 | Rake $0 
Seat 1: DL1B folded before Flop (didn't bet)
Seat 2: Yoalfre folded before Flop (didn't bet)
Seat 3: sagil643 folded before Flop (didn't bet)
Seat 4: sta$igk (button) collected ($2.50)
Seat 5: Y_19 (small blind) folded before Flop
Seat 6: yzuk (big blind) folded before Flop



PokerStars Hand #254249849746:  Hold'em No Limit ($0.50/$1.00 USD) - 2025/01/07 19:41:50 WET [2025/01/07 14:41:50 ET]
Table 'Zech II' 6-max Seat #5 is the button
Seat 1: DL1B ($129.69 in chips) 
Seat 2: Yoalfre ($109.79 in chips) 
Seat 3: sagil643 ($16.63 in chips) 
Seat 4: sta$igk ($228.29 in chips) 
Seat 5: Y_19 ($107.48 in chips) 
Seat 6: yzuk ($100 in chips) 
yzuk: posts small blind $0.50
DL1B: posts big blind $1
*** HOLE CARDS ***
Yoalfre: raises $1.50 to $2.50
sagil643: folds 
sta$igk: folds 
Y_19: folds 
yzuk: folds 
DL1B: folds 
Uncalled bet ($1.50) returned to Yoalfre
Yoalfre collected $2.50 from pot
Yoalfre: doesn't show hand 
*** SUMMARY ***
Total pot $2.50 | Rake $0 
Seat 1: DL1B (big blind) folded before Flop
Seat 2: Yoalfre collected ($2.50)
Seat 3: sagil643 folded before Flop (didn't bet)
Seat 4: sta$igk folded before Flop (didn't bet)
Seat 5: Y_19 (button) folded before Flop (didn't bet)
Seat 6: yzuk (small blind) folded before Flop



PokerStars Hand #254249855581:  Hold'em No Limit ($0.50/$1.00 USD) - 2025/01/07 19:42:09 WET [2025/01/07 14:42:09 ET]
Table 'Zech II' 6-max Seat #6 is the button
Seat 1: DL1B ($128.69 in chips) 
Seat 2: Yoalfre ($111.29 in chips) 
Seat 3: sagil643 ($16.63 in chips) 
Seat 4: sta$igk ($228.29 in chips) 
Seat 5: Y_19 ($107.48 in chips) 
Seat 6: yzuk ($100 in chips) 
DL1B: posts small blind $0.50
Yoalfre: posts big blind $1
*** HOLE CARDS ***
sagil643: calls $1
sta$igk: folds 
Y_19: folds 
yzuk: folds 
DL1B: folds 
Yoalfre: checks 
*** FLOP *** [7s Tc 5s]
Yoalfre: checks 
sagil643: bets $15.63 and is all-in
Yoalfre: folds 
Uncalled bet ($15.63) returned to sagil643
sagil643 collected $2.38 from pot
sagil643: doesn't show hand 
*** SUMMARY ***
Total pot $2.50 | Rake $0.12 
Board [7s Tc 5s]
Seat 1: DL1B (small blind) folded before Flop
Seat 2: Yoalfre (big blind) folded on the Flop
Seat 3: sagil643 collected ($2.38)
Seat 4: sta$igk folded before Flop (didn't bet)
Seat 5: Y_19 folded before Flop (didn't bet)
Seat 6: yzuk (button) folded before Flop (didn't bet)



PokerStars Hand #254249868900:  Hold'em No Limit ($0.50/$1.00 USD) - 2025/01/07 19:42:51 WET [2025/01/07 14:42:51 ET]
Table 'Zech II' 6-max Seat #1 is the button
Seat 1: DL1B ($128.19 in chips) 
Seat 2: Yoalfre ($110.29 in chips) 
Seat 3: sagil643 ($18.01 in chips) 
Seat 4: sta$igk ($228.29 in chips) 
Seat 5: Y_19 ($107.48 in chips) 
Seat 6: yzuk ($100 in chips) 
Yoalfre: posts small blind $0.50
sagil643: posts big blind $1
*** HOLE CARDS ***
sta$igk: folds 
Y_19: folds 
yzuk: raises $1.50 to $2.50
DL1B: raises $5 to $7.50
Yoalfre: folds 
sagil643: calls $6.50
yzuk: folds 
*** FLOP *** [6d Ad Td]
sagil643: checks 
DL1B: bets $10.89
sagil643: calls $10.51 and is all-in
Uncalled bet ($0.38) returned to DL1B
*** TURN *** [6d Ad Td] [Jc]
*** RIVER *** [6d Ad Td Jc] [7h]
*** SHOW DOWN ***
sagil643: shows [Kc Tc] (a pair of Tens)
DL1B: shows [Qs As] (a pair of Aces)
DL1B collected $37.07 from pot
*** SUMMARY ***
Total pot $39.02 | Rake $1.95 
Board [6d Ad Td Jc 7h]
Seat 1: DL1B (button) showed [Qs As] and won ($37.07) with a pair of Aces
Seat 2: Yoalfre (small blind) folded before Flop
Seat 3: sagil643 (big blind) showed [Kc Tc] and lost with a pair of Tens
Seat 4: sta$igk folded before Flop (didn't bet)
Seat 5: Y_19 folded before Flop (didn't bet)
Seat 6: yzuk folded before Flop



PokerStars Hand #254249886040:  Hold'em No Limit ($0.50/$1.00 USD) - 2025/01/07 19:43:46 WET [2025/01/07 14:43:46 ET]
Table 'Zech II' 6-max Seat #2 is the button
Seat 3: sagil643 ($0 in chips) is sitting out
Seat 1: DL1B ($147.25 in chips) 
Seat 2: Yoalfre ($109.79 in chips) 
Seat 4: sta$igk ($228.29 in chips) 
Seat 5: Y_19 ($107.48 in chips) 
Seat 6: yzuk ($100 in chips) 
sta$igk: posts small blind $0.50
Y_19: posts big blind $1
*** HOLE CARDS ***
yzuk: folds 
DL1B: folds 
Yoalfre: raises $1.50 to $2.50
yzuk leaves the table
sta$igk: folds 
Y_19: folds 
Uncalled bet ($1.50) returned to Yoalfre
Yoalfre collected $2.50 from pot
Yoalfre: doesn't show hand 
*** SUMMARY ***
Total pot $2.50 | Rake $0 
Seat 3: sagil643
Seat 1: DL1B folded before Flop (didn't bet)
Seat 2: Yoalfre (button) collected ($2.50)
Seat 4: sta$igk (small blind) folded before Flop
Seat 5: Y_19 (big blind) folded before Flop
Seat 6: yzuk folded before Flop (didn't bet)



PokerStars Hand #254249892554:  Hold'em No Limit ($0.50/$1.00 USD) - 2025/01/07 19:44:06 WET [2025/01/07 14:44:06 ET]
Table 'Zech II' 6-max Seat #4 is the button
Seat 3: sagil643 ($0 in chips) is sitting out
Seat 1: DL1B ($147.25 in chips) 
Seat 2: Yoalfre ($111.29 in chips) 
Seat 4: sta$igk ($227.79 in chips) 
Seat 5: Y_19 ($106.48 in chips) 
Y_19: posts small blind $0.50
DL1B: posts big blind $1
*** HOLE CARDS ***
sagil643 leaves the table
Yoalfre: folds 
sta$igk: folds 
Y_19: raises $2 to $3
DL1B: folds 
Uncalled bet ($2) returned to Y_19
Y_19 collected $2 from pot
Y_19: doesn't show hand 
*** SUMMARY ***
Total pot $2 | Rake $0 
Seat 3: sagil643
Seat 1: DL1B (big blind) folded before Flop
Seat 2: Yoalfre folded before Flop (didn't bet)
Seat 4: sta$igk (button) folded before Flop (didn't bet)
Seat 5: Y_19 (small blind) collected ($2)



PokerStars Hand #254249897962:  Hold'em No Limit ($0.50/$1.00 USD) - 2025/01/07 19:44:24 WET [2025/01/07 14:44:24 ET]
Table 'Zech II' 6-max Seat #5 is the button
Seat 1: DL1B ($146.25 in chips) 
Seat 2: Yoalfre ($111.29 in chips) 
Seat 4: sta$igk ($227.79 in chips) 
Seat 5: Y_19 ($107.48 in chips) 
DL1B: posts small blind $0.50
Yoalfre: posts big blind $1
*** HOLE CARDS ***
sta$igk: folds 
Y_19: folds 
DL1B: raises $2 to $3
Yoalfre: folds 
Uncalled bet ($2) returned to DL1B
DL1B collected $2 from pot
DL1B: doesn't show hand 
*** SUMMARY ***
Total pot $2 | Rake $0 
Seat 1: DL1B (small blind) collected ($2)
Seat 2: Yoalfre (big blind) folded before Flop
Seat 4: sta$igk folded before Flop (didn't bet)
Seat 5: Y_19 (button) folded before Flop (didn't bet)



PokerStars Hand #254249902407:  Hold'em No Limit ($0.50/$1.00 USD) - 2025/01/07 19:44:38 WET [2025/01/07 14:44:38 ET]
Table 'Zech II' 6-max Seat #2 is the button
Seat 4: sta$igk ($227.79 in chips) is sitting out
Seat 5: Y_19 ($107.48 in chips) is sitting out
Seat 1: DL1B ($147.25 in chips) 
Seat 2: Yoalfre ($110.29 in chips) 
Yoalfre: posts small blind $0.50
sta$igk: is sitting out 
Y_19: is sitting out 
DL1B: posts big blind $1
*** HOLE CARDS ***
sta$igk leaves the table
Yoalfre: raises $1.50 to $2.50
DL1B: folds 
Uncalled bet ($1.50) returned to Yoalfre
Yoalfre collected $2 from pot
Y_19 leaves the table
Yoalfre: doesn't show hand 
*** SUMMARY ***
Total pot $2 | Rake $0 
Seat 4: sta$igk
Seat 5: Y_19
Seat 1: DL1B (big blind) folded before Flop
Seat 2: Yoalfre (button) (small blind) collected ($2)



PokerStars Hand #254249944520:  Hold'em No Limit ($0.50/$1.00 USD) - 2025/01/07 19:46:53 WET [2025/01/07 14:46:53 ET]
Table 'Zech II' 6-max Seat #3 is the button
Seat 1: NadiJun ($79.28 in chips) 
Seat 2: app1e_j@ck ($10 in chips) 
Seat 3: yzuk ($100 in chips) 
Seat 4: sta$igk ($227.79 in chips) 
Seat 5: Y_19 ($107.48 in chips) 
sta$igk: posts small blind $0.50
Y_19: posts big blind $1
*** HOLE CARDS ***
NadiJun: folds 
app1e_j@ck: raises $1.50 to $2.50
Yoalfre joins the table at seat #6 
yzuk: folds 
sta$igk: folds 
Y_19: folds 
Uncalled bet ($1.50) returned to app1e_j@ck
app1e_j@ck collected $2.50 from pot
app1e_j@ck: doesn't show hand 
*** SUMMARY ***
Total pot $2.50 | Rake $0 
Seat 1: NadiJun folded before Flop (didn't bet)
Seat 2: app1e_j@ck collected ($2.50)
Seat 3: yzuk (button) folded before Flop (didn't bet)
Seat 4: sta$igk (small blind) folded before Flop
Seat 5: Y_19 (big blind) folded before Flop



PokerStars Hand #254249949560:  Hold'em No Limit ($0.50/$1.00 USD) - 2025/01/07 19:47:08 WET [2025/01/07 14:47:08 ET]
Table 'Zech II' 6-max Seat #4 is the button
Seat 1: NadiJun ($79.28 in chips) 
Seat 2: app1e_j@ck ($11.50 in chips) 
Seat 3: yzuk ($100 in chips) 
Seat 4: sta$igk ($227.29 in chips) 
Seat 5: Y_19 ($106.48 in chips) 
Seat 6: Yoalfre ($111.29 in chips) 
Y_19: posts small blind $0.50
Yoalfre: posts big blind $1
*** HOLE CARDS ***
NadiJun: folds 
app1e_j@ck: folds 
yzuk: folds 
sta$igk: raises $1.50 to $2.50
Y_19: folds 
Yoalfre: folds 
Uncalled bet ($1.50) returned to sta$igk
sta$igk collected $2.50 from pot
sta$igk: doesn't show hand 
*** SUMMARY ***
Total pot $2.50 | Rake $0 
Seat 1: NadiJun folded before Flop (didn't bet)
Seat 2: app1e_j@ck folded before Flop (didn't bet)
Seat 3: yzuk folded before Flop (didn't bet)
Seat 4: sta$igk (button) collected ($2.50)
Seat 5: Y_19 (small blind) folded before Flop
Seat 6: Yoalfre (big blind) folded before Flop



PokerStars Hand #254249954569:  Hold'em No Limit ($0.50/$1.00 USD) - 2025/01/07 19:47:24 WET [2025/01/07 14:47:24 ET]
Table 'Zech II' 6-max Seat #5 is the button
Seat 1: NadiJun ($79.28 in chips) 
Seat 2: app1e_j@ck ($11.50 in chips) 
Seat 3: yzuk ($100 in chips) 
Seat 4: sta$igk ($228.79 in chips) 
Seat 5: Y_19 ($105.98 in chips) 
Seat 6: Yoalfre ($110.29 in chips) 
Yoalfre: posts small blind $0.50
NadiJun: posts big blind $1
*** HOLE CARDS ***
app1e_j@ck: folds 
yzuk: folds 
sta$igk: raises $1.50 to $2.50
Y_19: folds 
Yoalfre: folds 
NadiJun: folds 
Uncalled bet ($1.50) returned to sta$igk
sta$igk collected $2.50 from pot
sta$igk: doesn't show hand 
*** SUMMARY ***
Total pot $2.50 | Rake $0 
Seat 1: NadiJun (big blind) folded before Flop
Seat 2: app1e_j@ck folded before Flop (didn't bet)
Seat 3: yzuk folded before Flop (didn't bet)
Seat 4: sta$igk collected ($2.50)
Seat 5: Y_19 (button) folded before Flop (didn't bet)
Seat 6: Yoalfre (small blind) folded before Flop



PokerStars Hand #254249960158:  Hold'em No Limit ($0.50/$1.00 USD) - 2025/01/07 19:47:42 WET [2025/01/07 14:47:42 ET]
Table 'Zech II' 6-max Seat #6 is the button
Seat 1: NadiJun ($78.28 in chips) 
Seat 2: app1e_j@ck ($11.50 in chips) 
Seat 3: yzuk ($100 in chips) 
Seat 4: sta$igk ($230.29 in chips) 
Seat 5: Y_19 ($105.98 in chips) 
Seat 6: Yoalfre ($109.79 in chips) 
NadiJun: posts small blind $0.50
app1e_j@ck: posts big blind $1
*** HOLE CARDS ***
yzuk: folds 
sta$igk: folds 
Y_19: folds 
Yoalfre: raises $1.50 to $2.50
NadiJun: calls $2
app1e_j@ck: raises $9 to $11.50 and is all-in
Yoalfre: calls $9
NadiJun: calls $9
*** FLOP *** [9c Qd 2d]
NadiJun: checks 
Yoalfre: bets $6.56
NadiJun: folds 
Uncalled bet ($6.56) returned to Yoalfre
*** FIRST TURN *** [9c Qd 2d] [9d]
*** FIRST RIVER *** [9c Qd 2d 9d] [8h]
*** SECOND TURN *** [9c Qd 2d] [Jh]
*** SECOND RIVER *** [9c Qd 2d Jh] [3s]
*** FIRST SHOW DOWN ***
app1e_j@ck: shows [Ah Tc] (a pair of Nines)
Yoalfre: shows [Kh Qs] (two pair, Queens and Nines)
Yoalfre collected $16.39 from pot
*** SECOND SHOW DOWN ***
app1e_j@ck: shows [Ah Tc] (high card Ace)
Yoalfre: shows [Kh Qs] (a pair of Queens)
Yoalfre collected $16.39 from pot
*** SUMMARY ***
Total pot $34.50 | Rake $1.72 
Hand was run twice
FIRST Board [9c Qd 2d 9d 8h]
SECOND Board [9c Qd 2d Jh 3s]
Seat 1: NadiJun (small blind) folded on the Flop
Seat 2: app1e_j@ck (big blind) showed [Ah Tc] and lost with a pair of Nines, and lost with high card Ace
Seat 3: yzuk folded before Flop (didn't bet)
Seat 4: sta$igk folded before Flop (didn't bet)
Seat 5: Y_19 folded before Flop (didn't bet)
Seat 6: Yoalfre (button) showed [Kh Qs] and won ($16.39) with two pair, Queens and Nines, and won ($16.39) with a pair of Queens



PokerStars Hand #254249976746:  Hold'em No Limit ($0.50/$1.00 USD) - 2025/01/07 19:48:34 WET [2025/01/07 14:48:34 ET]
Table 'Zech II' 6-max Seat #1 is the button
Seat 1: NadiJun ($66.78 in chips) 
Seat 2: app1e_j@ck ($100 in chips) 
Seat 3: yzuk ($100 in chips) 
Seat 4: sta$igk ($230.29 in chips) 
Seat 5: Y_19 ($105.98 in chips) 
Seat 6: Yoalfre ($131.07 in chips) 
app1e_j@ck: posts small blind $0.50
yzuk: posts big blind $1
*** HOLE CARDS ***
sta$igk: folds 
Y_19: raises $1.23 to $2.23
Yoalfre: raises $5.27 to $7.50
NadiJun: folds 
app1e_j@ck: folds 
yzuk: folds 
Y_19: folds 
Uncalled bet ($5.27) returned to Yoalfre
Yoalfre collected $5.96 from pot
Yoalfre: doesn't show hand 
*** SUMMARY ***
Total pot $5.96 | Rake $0 
Seat 1: NadiJun (button) folded before Flop (didn't bet)
Seat 2: app1e_j@ck (small blind) folded before Flop
Seat 3: yzuk (big blind) folded before Flop
Seat 4: sta$igk folded before Flop (didn't bet)
Seat 5: Y_19 folded before Flop
Seat 6: Yoalfre collected ($5.96)



PokerStars Hand #254249983176:  Hold'em No Limit ($0.50/$1.00 USD) - 2025/01/07 19:48:55 WET [2025/01/07 14:48:55 ET]
Table 'Zech II' 6-max Seat #2 is the button
Seat 1: NadiJun ($66.78 in chips) 
Seat 2: app1e_j@ck ($99.50 in chips) 
Seat 3: yzuk ($100 in chips) 
Seat 4: sta$igk ($230.29 in chips) 
Seat 5: Y_19 ($103.75 in chips) 
Seat 6: Yoalfre ($134.80 in chips) 
yzuk: posts small blind $0.50
sta$igk: posts big blind $1
*** HOLE CARDS ***
Y_19: folds 
Yoalfre: folds 
NadiJun: folds 
app1e_j@ck: folds 
yzuk: raises $2 to $3
sta$igk: calls $2
*** FLOP *** [7c Th 3h]
yzuk: checks 
sta$igk: bets $4.28
yzuk: calls $4.28
*** TURN *** [7c Th 3h] [9s]
yzuk: checks 
sta$igk: checks 
*** RIVER *** [7c Th 3h 9s] [Jh]
yzuk: bets $7.05
sta$igk: calls $7.05
*** SHOW DOWN ***
yzuk: shows [Qs Ts] (a pair of Tens)
sta$igk: shows [8h 9c] (a straight, Seven to Jack)
sta$igk collected $27.23 from pot
*** SUMMARY ***
Total pot $28.66 | Rake $1.43 
Board [7c Th 3h 9s Jh]
Seat 1: NadiJun folded before Flop (didn't bet)
Seat 2: app1e_j@ck (button) folded before Flop (didn't bet)
Seat 3: yzuk (small blind) showed [Qs Ts] and lost with a pair of Tens
Seat 4: sta$igk (big blind) showed [8h 9c] and won ($27.23) with a straight, Seven to Jack
Seat 5: Y_19 folded before Flop (didn't bet)
Seat 6: Yoalfre folded before Flop (didn't bet)



PokerStars Hand #254250012224:  Hold'em No Limit ($0.50/$1.00 USD) - 2025/01/07 19:50:28 WET [2025/01/07 14:50:28 ET]
Table 'Zech II' 6-max Seat #3 is the button
Seat 1: NadiJun ($66.78 in chips) 
Seat 2: app1e_j@ck ($99.50 in chips) 
Seat 3: yzuk ($100 in chips) 
Seat 4: sta$igk ($243.19 in chips) 
Seat 5: Y_19 ($103.75 in chips) 
Seat 6: Yoalfre ($134.80 in chips) 
sta$igk: posts small blind $0.50
Y_19: posts big blind $1
*** HOLE CARDS ***
Yoalfre: folds 
NadiJun: folds 
app1e_j@ck: folds 
yzuk: folds 
sta$igk: raises $2 to $3
Y_19: raises $6 to $9
sta$igk: folds 
Uncalled bet ($6) returned to Y_19
Y_19 collected $6 from pot
Y_19: doesn't show hand 
*** SUMMARY ***
Total pot $6 | Rake $0 
Seat 1: NadiJun folded before Flop (didn't bet)
Seat 2: app1e_j@ck folded before Flop (didn't bet)
Seat 3: yzuk (button) folded before Flop (didn't bet)
Seat 4: sta$igk (small blind) folded before Flop
Seat 5: Y_19 (big blind) collected ($6)
Seat 6: Yoalfre folded before Flop (didn't bet)



PokerStars Hand #254250020329:  Hold'em No Limit ($0.50/$1.00 USD) - 2025/01/07 19:50:53 WET [2025/01/07 14:50:53 ET]
Table 'Zech II' 6-max Seat #4 is the button
Seat 1: NadiJun ($66.78 in chips) 
Seat 2: app1e_j@ck ($99.50 in chips) 
Seat 3: yzuk ($100 in chips) 
Seat 4: sta$igk ($240.19 in chips) 
Seat 5: Y_19 ($106.75 in chips) 
Seat 6: Yoalfre ($134.80 in chips) 
Y_19: posts small blind $0.50
Yoalfre: posts big blind $1
*** HOLE CARDS ***
NadiJun: raises $2 to $3
app1e_j@ck: folds 
yzuk: folds 
sta$igk: raises $6 to $9
Y_19: folds 
Yoalfre: folds 
NadiJun: calls $6
*** FLOP *** [6h Ac Js]
NadiJun: checks 
sta$igk: bets $4.63
NadiJun: calls $4.63
*** TURN *** [6h Ac Js] [9s]
NadiJun: checks 
sta$igk: checks 
*** RIVER *** [6h Ac Js 9s] [5s]
NadiJun: bets $27.32
sta$igk: folds 
Uncalled bet ($27.32) returned to NadiJun
NadiJun collected $27.32 from pot
*** SUMMARY ***
Total pot $28.76 | Rake $1.44 
Board [6h Ac Js 9s 5s]
Seat 1: NadiJun collected ($27.32)
Seat 2: app1e_j@ck folded before Flop (didn't bet)
Seat 3: yzuk folded before Flop (didn't bet)
Seat 4: sta$igk (button) folded on the River
Seat 5: Y_19 (small blind) folded before Flop
Seat 6: Yoalfre (big blind) folded before Flop



PokerStars Hand #254250043057:  Hold'em No Limit ($0.50/$1.00 USD) - 2025/01/07 19:52:05 WET [2025/01/07 14:52:05 ET]
Table 'Zech II' 6-max Seat #5 is the button
Seat 1: NadiJun ($80.47 in chips) 
Seat 2: app1e_j@ck ($99.50 in chips) 
Seat 3: yzuk ($100 in chips) 
Seat 4: sta$igk ($226.56 in chips) 
Seat 5: Y_19 ($106.25 in chips) 
Seat 6: Yoalfre ($133.80 in chips) 
Yoalfre: posts small blind $0.50
NadiJun: posts big blind $1
*** HOLE CARDS ***
app1e_j@ck: folds 
yzuk: raises $1.50 to $2.50
sta$igk: folds 
Y_19: raises $5 to $7.50
Yoalfre: folds 
NadiJun: calls $6.50
yzuk: raises $17 to $24.50
Y_19: folds 
NadiJun: calls $17
*** FLOP *** [Jd 3c 5h]
NadiJun: bets $55.97 and is all-in
yzuk: calls $55.97
*** TURN *** [Jd 3c 5h] [3s]
*** RIVER *** [Jd 3c 5h 3s] [2s]
*** SHOW DOWN ***
NadiJun: shows [Ac 5c] (two pair, Fives and Threes)
yzuk: shows [Jh Jc] (a full house, Jacks full of Threes)
yzuk collected $166.44 from pot
*** SUMMARY ***
Total pot $168.94 | Rake $2.50 
Board [Jd 3c 5h 3s 2s]
Seat 1: NadiJun (big blind) showed [Ac 5c] and lost with two pair, Fives and Threes
Seat 2: app1e_j@ck folded before Flop (didn't bet)
Seat 3: yzuk showed [Jh Jc] and won ($166.44) with a full house, Jacks full of Threes
Seat 4: sta$igk folded before Flop (didn't bet)
Seat 5: Y_19 (button) folded before Flop
Seat 6: Yoalfre (small blind) folded before Flop



PokerStars Hand #254250063383:  Hold'em No Limit ($0.50/$1.00 USD) - 2025/01/07 19:53:09 WET [2025/01/07 14:53:09 ET]
Table 'Zech II' 6-max Seat #6 is the button
Seat 1: NadiJun ($0 in chips) is sitting out
Seat 2: app1e_j@ck ($99.50 in chips) 
Seat 3: yzuk ($185.97 in chips) 
Seat 4: sta$igk ($226.56 in chips) 
Seat 5: Y_19 ($100 in chips) 
Seat 6: Yoalfre ($133.30 in chips) 
app1e_j@ck: posts small blind $0.50
yzuk: posts big blind $1
*** HOLE CARDS ***
NadiJun is disconnected 
sta$igk: folds 
Y_19: folds 
Yoalfre: folds 
app1e_j@ck: folds 
Uncalled bet ($0.50) returned to yzuk
yzuk collected $1 from pot
yzuk: doesn't show hand 
*** SUMMARY ***
Total pot $1 | Rake $0 
Seat 1: NadiJun
Seat 2: app1e_j@ck (small blind) folded before Flop
Seat 3: yzuk (big blind) collected ($1)
Seat 4: sta$igk folded before Flop (didn't bet)
Seat 5: Y_19 folded before Flop (didn't bet)
Seat 6: Yoalfre (button) folded before Flop (didn't bet)



PokerStars Hand #254250066872:  Hold'em No Limit ($0.50/$1.00 USD) - 2025/01/07 19:53:20 WET [2025/01/07 14:53:20 ET]
Table 'Zech II' 6-max Seat #2 is the button
Seat 1: NadiJun ($0 in chips) is sitting out
Seat 2: app1e_j@ck ($99 in chips) 
Seat 3: yzuk ($186.47 in chips) 
Seat 4: sta$igk ($226.56 in chips) 
Seat 5: Y_19 ($100 in chips) 
Seat 6: Yoalfre ($133.30 in chips) 
yzuk: posts small blind $0.50
sta$igk: posts big blind $1
*** HOLE CARDS ***
Y_19: folds 
Yoalfre: folds 
app1e_j@ck: folds 
yzuk: folds 
Uncalled bet ($0.50) returned to sta$igk
sta$igk collected $1 from pot
sta$igk: doesn't show hand 
*** SUMMARY ***
Total pot $1 | Rake $0 
Seat 1: NadiJun
Seat 2: app1e_j@ck (button) folded before Flop (didn't bet)
Seat 3: yzuk (small blind) folded before Flop
Seat 4: sta$igk (big blind) collected ($1)
Seat 5: Y_19 folded before Flop (didn't bet)
Seat 6: Yoalfre folded before Flop (didn't bet)



PokerStars Hand #254250070801:  Hold'em No Limit ($0.50/$1.00 USD) - 2025/01/07 19:53:33 WET [2025/01/07 14:53:33 ET]
Table 'Zech II' 6-max Seat #3 is the button
Seat 1: NadiJun ($0 in chips) is sitting out
Seat 5: Y_19 ($100 in chips) is sitting out
Seat 2: app1e_j@ck ($99 in chips) 
Seat 3: yzuk ($185.97 in chips) 
Seat 4: sta$igk ($227.06 in chips) 
Seat 6: Yoalfre ($133.30 in chips) 
sta$igk: posts small blind $0.50
Y_19: is sitting out 
Yoalfre: posts big blind $1
*** HOLE CARDS ***
Y_19 leaves the table
app1e_j@ck: folds 
yzuk: raises $1.50 to $2.50
sta$igk: folds 
Yoalfre: folds 
Uncalled bet ($1.50) returned to yzuk
yzuk collected $2.50 from pot
yzuk: doesn't show hand 
*** SUMMARY ***
Total pot $2.50 | Rake $0 
Seat 1: NadiJun
Seat 5: Y_19
Seat 2: app1e_j@ck folded before Flop (didn't bet)
Seat 3: yzuk (button) collected ($2.50)
Seat 4: sta$igk (small blind) folded before Flop
Seat 6: Yoalfre (big blind) folded before Flop



PokerStars Hand #254250088916:  Hold'em No Limit ($0.50/$1.00 USD) - 2025/01/07 19:54:30 WET [2025/01/07 14:54:30 ET]
Table 'Zech II' 6-max Seat #6 is the button
Seat 1: NadiJun ($0 in chips) is sitting out
Seat 2: illarins ($100 in chips) 
Seat 6: Yoalfre ($132.30 in chips) 
Yoalfre: posts small blind $0.50
illarins: posts big blind $1
*** HOLE CARDS ***
Yoalfre: folds 
Uncalled bet ($0.50) returned to illarins
illarins collected $1 from pot
illarins: doesn't show hand 
*** SUMMARY ***
Total pot $1 | Rake $0 
Seat 1: NadiJun
Seat 2: illarins (big blind) collected ($1)
Seat 6: Yoalfre (button) (small blind) folded before Flop



PokerStars Hand #254250444676:  Hold'em No Limit ($0.50/$1.00 USD) - 2025/01/07 20:14:26 WET [2025/01/07 15:14:26 ET]
Table 'Zech II' 6-max Seat #1 is the button
Seat 1: Zvst ($100 in chips) 
Seat 2: sta$igk ($226.56 in chips) 
Seat 3: XneferX ($100 in chips) 
Seat 4: kekoccc ($100 in chips) 
Seat 6: YeeesMan ($100 in chips) 
sta$igk: posts small blind $0.50
XneferX: posts big blind $1
*** HOLE CARDS ***
kekoccc: raises $1.50 to $2.50
YeeesMan: folds 
Zvst: folds 
sta$igk: folds 
XneferX: folds 
Uncalled bet ($1.50) returned to kekoccc
kekoccc collected $2.50 from pot
kekoccc: doesn't show hand 
*** SUMMARY ***
Total pot $2.50 | Rake $0 
Seat 1: Zvst (button) folded before Flop (didn't bet)
Seat 2: sta$igk (small blind) folded before Flop
Seat 3: XneferX (big blind) folded before Flop
Seat 4: kekoccc collected ($2.50)
Seat 6: YeeesMan folded before Flop (didn't bet)



PokerStars Hand #254250456250:  Hold'em No Limit ($0.50/$1.00 USD) - 2025/01/07 20:15:00 WET [2025/01/07 15:15:00 ET]
Table 'Zech II' 6-max Seat #2 is the button
Seat 1: Zvst ($100 in chips) 
Seat 2: sta$igk ($226.06 in chips) 
Seat 3: XneferX ($100 in chips) 
Seat 4: kekoccc ($101.50 in chips) 
Seat 6: YeeesMan ($100 in chips) 
XneferX: posts small blind $0.50
kekoccc: posts big blind $1
*** HOLE CARDS ***
YeeesMan: raises $1.50 to $2.50
Zvst: folds 
sta$igk: folds 
XneferX: folds 
kekoccc: calls $1.50
*** FLOP *** [9h Kd Th]
kekoccc: checks 
YeeesMan: checks 
*** TURN *** [9h Kd Th] [7s]
kekoccc: bets $3.92
YeeesMan: calls $3.92
*** RIVER *** [9h Kd Th 7s] [Jd]
kekoccc: bets $9.53
YeeesMan: folds 
Uncalled bet ($9.53) returned to kekoccc
kekoccc collected $12.67 from pot
kekoccc: doesn't show hand 
*** SUMMARY ***
Total pot $13.34 | Rake $0.67 
Board [9h Kd Th 7s Jd]
Seat 1: Zvst folded before Flop (didn't bet)
Seat 2: sta$igk (button) folded before Flop (didn't bet)
Seat 3: XneferX (small blind) folded before Flop
Seat 4: kekoccc (big blind) collected ($12.67)
Seat 6: YeeesMan folded on the River



PokerStars Hand #254250493892:  Hold'em No Limit ($0.50/$1.00 USD) - 2025/01/07 20:16:52 WET [2025/01/07 15:16:52 ET]
Table 'Zech II' 6-max Seat #3 is the button
Seat 6: YeeesMan ($100 in chips) is sitting out
Seat 1: Zvst ($100 in chips) 
Seat 2: sta$igk ($226.06 in chips) 
Seat 3: XneferX ($100 in chips) 
Seat 4: kekoccc ($107.75 in chips) 
kekoccc: posts small blind $0.50
YeeesMan: is sitting out 
Zvst: posts big blind $1
*** HOLE CARDS ***
YeeesMan leaves the table
sta$igk: raises $1.50 to $2.50
XneferX: folds 
kekoccc: folds 
Zvst: raises $10.50 to $13
sta$igk: folds 
Uncalled bet ($10.50) returned to Zvst
Zvst collected $5.50 from pot
Zvst: doesn't show hand 
*** SUMMARY ***
Total pot $5.50 | Rake $0 
Seat 6: YeeesMan
Seat 1: Zvst (big blind) collected ($5.50)
Seat 2: sta$igk folded before Flop
Seat 3: XneferX (button) folded before Flop (didn't bet)
Seat 4: kekoccc (small blind) folded before Flop



PokerStars Hand #254250509040:  Hold'em No Limit ($0.50/$1.00 USD) - 2025/01/07 20:17:36 WET [2025/01/07 15:17:36 ET]
Table 'Zech II' 6-max Seat #4 is the button
Seat 1: Zvst ($103 in chips) 
Seat 2: sta$igk ($223.56 in chips) 
Seat 3: XneferX ($100 in chips) 
Seat 4: kekoccc ($107.25 in chips) 
Zvst: posts small blind $0.50
sta$igk: posts big blind $1
*** HOLE CARDS ***
XneferX: folds 
kekoccc: folds 
Zvst: raises $2 to $3
sta$igk: folds 
Uncalled bet ($2) returned to Zvst
Zvst collected $2 from pot
Zvst: doesn't show hand 
*** SUMMARY ***
Total pot $2 | Rake $0 
Seat 1: Zvst (small blind) collected ($2)
Seat 2: sta$igk (big blind) folded before Flop
Seat 3: XneferX folded before Flop (didn't bet)
Seat 4: kekoccc (button) folded before Flop (didn't bet)



