PokerStars Hand #254249893314:  Hold'em No Limit ($0.50/$1.00 USD) - 2025/01/07 19:44:09 WET [2025/01/07 14:44:09 ET]
Table 'Astyanax III' 6-max Seat #3 is the button
Seat 5: Manifestorr ($100 in chips) is sitting out
Seat 2: XneferX ($100 in chips) 
Seat 3: LuckyShikari ($100 in chips) 
LuckyShikari: posts small blind $0.50
XneferX: posts big blind $1
*** HOLE CARDS ***
LuckyShikari: raises $2.50 to $3.50
hitthieu joins the table at seat #4 
hitthieu is disconnected 
Zvst joins the table at seat #1 
XneferX: folds 
Uncalled bet ($2.50) returned to LuckyShikari
LuckyShikari collected $2 from pot
LuckyShikari: doesn't show hand 
Burlica2013 joins the table at seat #6 
*** SUMMARY ***
Total pot $2 | Rake $0 
Seat 5: Manifestorr
Seat 2: XneferX (big blind) folded before Flop
Seat 3: LuckyShikari (button) (small blind) collected ($2)



PokerStars Hand #254249901076:  Hold'em No Limit ($0.50/$1.00 USD) - 2025/01/07 19:44:34 WET [2025/01/07 14:44:34 ET]
Table 'Astyanax III' 6-max Seat #2 is the button
Seat 1: Zvst ($100 in chips) is sitting out
Seat 5: Manifestorr ($100 in chips) is sitting out
Seat 6: Burlica2013 ($100 in chips) is sitting out
Seat 2: XneferX ($100 in chips) 
Seat 3: LuckyShikari ($101 in chips) 
Seat 4: hitthieu ($40.37 in chips) 
LuckyShikari: posts small blind $0.50
hitthieu: posts big blind $1
Burlica2013: sits out 
Zvst: sits out 
*** HOLE CARDS ***
XneferX: folds 
LuckyShikari: raises $2.50 to $3.50
hitthieu: folds 
Uncalled bet ($2.50) returned to LuckyShikari
LuckyShikari collected $2 from pot
LuckyShikari: doesn't show hand 
*** SUMMARY ***
Total pot $2 | Rake $0 
Seat 1: Zvst
Seat 5: Manifestorr
Seat 6: Burlica2013
Seat 2: XneferX (button) folded before Flop (didn't bet)
Seat 3: LuckyShikari (small blind) collected ($2)
Seat 4: hitthieu (big blind) folded before Flop



PokerStars Hand #254249905647:  Hold'em No Limit ($0.50/$1.00 USD) - 2025/01/07 19:44:48 WET [2025/01/07 14:44:48 ET]
Table 'Astyanax III' 6-max Seat #3 is the button
Seat 1: Zvst ($100 in chips) is sitting out
Seat 5: Manifestorr ($100 in chips) is sitting out
Seat 2: XneferX ($100 in chips) 
Seat 3: LuckyShikari ($102 in chips) 
Seat 4: hitthieu ($39.37 in chips) 
Seat 6: Burlica2013 ($100 in chips) 
hitthieu: posts small blind $0.50
Burlica2013: posts big blind $1
Zvst: sits out 
*** HOLE CARDS ***
XneferX: folds 
LuckyShikari: folds 
hitthieu: raises $2 to $3
Burlica2013: calls $2
*** FLOP *** [Ad Ah Qc]
hitthieu: bets $2
Burlica2013: folds 
Uncalled bet ($2) returned to hitthieu
hitthieu collected $5.62 from pot
*** SUMMARY ***
Total pot $6 | Rake $0.38 
Board [Ad Ah Qc]
Seat 1: Zvst
Seat 5: Manifestorr
Seat 2: XneferX folded before Flop (didn't bet)
Seat 3: LuckyShikari (button) folded before Flop (didn't bet)
Seat 4: hitthieu (small blind) collected ($5.62)
Seat 6: Burlica2013 (big blind) folded on the Flop



PokerStars Hand #254249912380:  Hold'em No Limit ($0.50/$1.00 USD) - 2025/01/07 19:45:10 WET [2025/01/07 14:45:10 ET]
Table 'Astyanax III' 6-max Seat #4 is the button
Seat 5: Manifestorr ($100 in chips) is sitting out
Seat 1: Zvst ($100 in chips) 
Seat 2: XneferX ($100 in chips) 
Seat 3: LuckyShikari ($102 in chips) 
Seat 4: hitthieu ($41.99 in chips) 
Seat 6: Burlica2013 ($100 in chips) 
Burlica2013: posts small blind $0.50
Zvst: posts big blind $1
*** HOLE CARDS ***
XneferX: folds 
LuckyShikari: raises $2.50 to $3.50
hitthieu: folds 
Burlica2013: folds 
Zvst: folds 
Uncalled bet ($2.50) returned to LuckyShikari
LuckyShikari collected $2.50 from pot
LuckyShikari: doesn't show hand 
*** SUMMARY ***
Total pot $2.50 | Rake $0 
Seat 5: Manifestorr
Seat 1: Zvst (big blind) folded before Flop
Seat 2: XneferX folded before Flop (didn't bet)
Seat 3: LuckyShikari collected ($2.50)
Seat 4: hitthieu (button) folded before Flop (didn't bet)
Seat 6: Burlica2013 (small blind) folded before Flop



PokerStars Hand #254249917322:  Hold'em No Limit ($0.50/$1.00 USD) - 2025/01/07 19:45:26 WET [2025/01/07 14:45:26 ET]
Table 'Astyanax III' 6-max Seat #6 is the button
Seat 5: Manifestorr ($100 in chips) is sitting out
Seat 1: Zvst ($100 in chips) 
Seat 2: XneferX ($100 in chips) 
Seat 3: LuckyShikari ($103.50 in chips) 
Seat 4: hitthieu ($41.99 in chips) 
Seat 6: Burlica2013 ($100 in chips) 
Zvst: posts small blind $0.50
XneferX: posts big blind $1
*** HOLE CARDS ***
LuckyShikari: folds 
hitthieu: folds 
Burlica2013: folds 
Zvst: raises $2 to $3
XneferX: folds 
Uncalled bet ($2) returned to Zvst
Zvst collected $2 from pot
Zvst: doesn't show hand 
*** SUMMARY ***
Total pot $2 | Rake $0 
Seat 5: Manifestorr
Seat 1: Zvst (small blind) collected ($2)
Seat 2: XneferX (big blind) folded before Flop
Seat 3: LuckyShikari folded before Flop (didn't bet)
Seat 4: hitthieu folded before Flop (didn't bet)
Seat 6: Burlica2013 (button) folded before Flop (didn't bet)



PokerStars Hand #254249923177:  Hold'em No Limit ($0.50/$1.00 USD) - 2025/01/07 19:45:44 WET [2025/01/07 14:45:44 ET]
Table 'Astyanax III' 6-max Seat #1 is the button
Seat 5: Manifestorr ($100 in chips) is sitting out
Seat 1: Zvst ($101 in chips) 
Seat 2: XneferX ($100 in chips) 
Seat 3: LuckyShikari ($103.50 in chips) 
Seat 4: hitthieu ($41.99 in chips) 
Seat 6: Burlica2013 ($100 in chips) 
XneferX: posts small blind $0.50
LuckyShikari: posts big blind $1
*** HOLE CARDS ***
hitthieu: folds 
Burlica2013: folds 
Zvst: folds 
XneferX: folds 
Uncalled bet ($0.50) returned to LuckyShikari
LuckyShikari collected $1 from pot
LuckyShikari: doesn't show hand 
*** SUMMARY ***
Total pot $1 | Rake $0 
Seat 5: Manifestorr
Seat 1: Zvst (button) folded before Flop (didn't bet)
Seat 2: XneferX (small blind) folded before Flop
Seat 3: LuckyShikari (big blind) collected ($1)
Seat 4: hitthieu folded before Flop (didn't bet)
Seat 6: Burlica2013 folded before Flop (didn't bet)



PokerStars Hand #254249926914:  Hold'em No Limit ($0.50/$1.00 USD) - 2025/01/07 19:45:56 WET [2025/01/07 14:45:56 ET]
Table 'Astyanax III' 6-max Seat #2 is the button
Seat 5: Manifestorr ($100 in chips) is sitting out
Seat 1: Zvst ($101 in chips) 
Seat 2: XneferX ($100 in chips) 
Seat 3: LuckyShikari ($104 in chips) 
Seat 4: hitthieu ($41.99 in chips) 
Seat 6: Burlica2013 ($100 in chips) 
LuckyShikari: posts small blind $0.50
hitthieu: posts big blind $1
*** HOLE CARDS ***
Burlica2013: folds 
Zvst: folds 
XneferX: raises $1.77 to $2.77
LuckyShikari: raises $8.23 to $11
hitthieu: folds 
Burlica2013 leaves the table
ptolejmus joins the table at seat #6 
XneferX: raises $13 to $24
LuckyShikari: calls $13
*** FLOP *** [9s 9h Kh]
LuckyShikari: checks 
XneferX: bets $12.10
LuckyShikari: folds 
Uncalled bet ($12.10) returned to XneferX
XneferX collected $46.55 from pot
XneferX: doesn't show hand 
*** SUMMARY ***
Total pot $49 | Rake $2.45 
Board [9s 9h Kh]
Seat 5: Manifestorr
Seat 1: Zvst folded before Flop (didn't bet)
Seat 2: XneferX (button) collected ($46.55)
Seat 3: LuckyShikari (small blind) folded on the Flop
Seat 4: hitthieu (big blind) folded before Flop
Seat 6: Burlica2013 folded before Flop (didn't bet)



PokerStars Hand #254249953003:  Hold'em No Limit ($0.50/$1.00 USD) - 2025/01/07 19:47:19 WET [2025/01/07 14:47:19 ET]
Table 'Astyanax III' 6-max Seat #3 is the button
Seat 5: Manifestorr ($100 in chips) is sitting out
Seat 1: Zvst ($101 in chips) 
Seat 2: XneferX ($122.55 in chips) 
Seat 3: LuckyShikari ($100 in chips) 
Seat 4: hitthieu ($40.99 in chips) 
Seat 6: ptolejmus ($10 in chips) 
hitthieu: posts small blind $0.50
ptolejmus: posts big blind $1
*** HOLE CARDS ***
Zvst: folds 
XneferX: raises $1.20 to $2.20
LuckyShikari: folds 
hitthieu: calls $1.70
ptolejmus: folds 
*** FLOP *** [Qd 3s 8d]
hitthieu: checks 
XneferX: bets $1.74
hitthieu: calls $1.74
*** TURN *** [Qd 3s 8d] [3c]
hitthieu: checks 
XneferX: bets $5.65
hitthieu: folds 
Uncalled bet ($5.65) returned to XneferX
XneferX collected $8.44 from pot
XneferX: doesn't show hand 
*** SUMMARY ***
Total pot $8.88 | Rake $0.44 
Board [Qd 3s 8d 3c]
Seat 5: Manifestorr
Seat 1: Zvst folded before Flop (didn't bet)
Seat 2: XneferX collected ($8.44)
Seat 3: LuckyShikari (button) folded before Flop (didn't bet)
Seat 4: hitthieu (small blind) folded on the Turn
Seat 6: ptolejmus (big blind) folded before Flop



PokerStars Hand #254249973981:  Hold'em No Limit ($0.50/$1.00 USD) - 2025/01/07 19:48:25 WET [2025/01/07 14:48:25 ET]
Table 'Astyanax III' 6-max Seat #4 is the button
Seat 1: Zvst ($101 in chips) is sitting out
Seat 5: Manifestorr ($100 in chips) is sitting out
Seat 2: XneferX ($127.05 in chips) 
Seat 3: LuckyShikari ($100 in chips) 
Seat 4: hitthieu ($37.05 in chips) 
Seat 6: ptolejmus ($10 in chips) 
ptolejmus: posts small blind $0.50
Zvst: is sitting out 
XneferX: posts big blind $1
*** HOLE CARDS ***
Zvst leaves the table
LuckyShikari: folds 
hitthieu: raises $2 to $3
ptolejmus: folds 
XneferX: folds 
Uncalled bet ($2) returned to hitthieu
hitthieu collected $2.50 from pot
*** SUMMARY ***
Total pot $2.50 | Rake $0 
Seat 1: Zvst
Seat 5: Manifestorr
Seat 2: XneferX (big blind) folded before Flop
Seat 3: LuckyShikari folded before Flop (didn't bet)
Seat 4: hitthieu (button) collected ($2.50)
Seat 6: ptolejmus (small blind) folded before Flop



PokerStars Hand #254249980943:  Hold'em No Limit ($0.50/$1.00 USD) - 2025/01/07 19:48:48 WET [2025/01/07 14:48:48 ET]
Table 'Astyanax III' 6-max Seat #6 is the button
Seat 2: XneferX ($126.05 in chips) 
Seat 3: LuckyShikari ($100 in chips) 
Seat 4: hitthieu ($38.55 in chips) 
Seat 5: Manifestorr ($100 in chips) 
Seat 6: ptolejmus ($10 in chips) 
Yoalfre joins the table at seat #1 
XneferX: posts small blind $0.50
LuckyShikari: posts big blind $1
Manifestorr: posts small & big blinds $1.50
*** HOLE CARDS ***
hitthieu: folds 
Manifestorr: raises $1.50 to $2.50
ptolejmus: folds 
XneferX: folds 
LuckyShikari: calls $1.50
*** FLOP *** [Js 9s 9c]
LuckyShikari: checks 
Manifestorr: checks 
*** TURN *** [Js 9s 9c] [8s]
LuckyShikari: bets $1.88
Manifestorr: folds 
Uncalled bet ($1.88) returned to LuckyShikari
LuckyShikari collected $5.70 from pot
LuckyShikari: doesn't show hand 
*** SUMMARY ***
Total pot $6 | Rake $0.30 
Board [Js 9s 9c 8s]
Seat 2: XneferX (small blind) folded before Flop
Seat 3: LuckyShikari (big blind) collected ($5.70)
Seat 4: hitthieu folded before Flop (didn't bet)
Seat 5: Manifestorr folded on the Turn
Seat 6: ptolejmus (button) folded before Flop (didn't bet)



PokerStars Hand #254249996105:  Hold'em No Limit ($0.50/$1.00 USD) - 2025/01/07 19:49:36 WET [2025/01/07 14:49:36 ET]
Table 'Astyanax III' 6-max Seat #2 is the button
Seat 1: Yoalfre ($100 in chips) is sitting out
Seat 2: XneferX ($125.55 in chips) 
Seat 3: LuckyShikari ($103.20 in chips) 
Seat 4: hitthieu ($38.55 in chips) 
Seat 5: Manifestorr ($100 in chips) 
Seat 6: ptolejmus ($10 in chips) 
LuckyShikari: posts small blind $0.50
hitthieu: posts big blind $1
Yoalfre: sits out 
*** HOLE CARDS ***
Manifestorr: raises $1.20 to $2.20
ptolejmus: raises $7.80 to $10 and is all-in
XneferX: folds 
LuckyShikari: folds 
hitthieu: folds 
Manifestorr: calls $7.80
*** FIRST FLOP *** [Ks 5d 4c]
*** FIRST TURN *** [Ks 5d 4c] [9h]
*** FIRST RIVER *** [Ks 5d 4c 9h] [8c]
*** SECOND FLOP *** [Jc Kc 2s]
*** SECOND TURN *** [Jc Kc 2s] [Js]
*** SECOND RIVER *** [Jc Kc 2s Js] [Qd]
*** FIRST SHOW DOWN ***
Manifestorr: shows [Ts Qs] (high card King)
ptolejmus: shows [8d 8h] (three of a kind, Eights)
ptolejmus collected $10.21 from pot
*** SECOND SHOW DOWN ***
Manifestorr: shows [Ts Qs] (two pair, Queens and Jacks)
ptolejmus: shows [8d 8h] (two pair, Jacks and Eights)
Manifestorr collected $10.21 from pot
*** SUMMARY ***
Total pot $21.50 | Rake $1.08 
Hand was run twice
FIRST Board [Ks 5d 4c 9h 8c]
SECOND Board [Jc Kc 2s Js Qd]
Seat 1: Yoalfre
Seat 2: XneferX (button) folded before Flop (didn't bet)
Seat 3: LuckyShikari (small blind) folded before Flop
Seat 4: hitthieu (big blind) folded before Flop
Seat 5: Manifestorr showed [Ts Qs] and lost with high card King, and won ($10.21) with two pair, Queens and Jacks
Seat 6: ptolejmus showed [8d 8h] and won ($10.21) with three of a kind, Eights, and lost with two pair, Jacks and Eights



PokerStars Hand #254250007690:  Hold'em No Limit ($0.50/$1.00 USD) - 2025/01/07 19:50:13 WET [2025/01/07 14:50:13 ET]
Table 'Astyanax III' 6-max Seat #3 is the button
Seat 1: Yoalfre ($100 in chips) is sitting out
Seat 2: XneferX ($125.55 in chips) 
Seat 3: LuckyShikari ($102.70 in chips) 
Seat 4: hitthieu ($37.55 in chips) 
Seat 5: Manifestorr ($100.21 in chips) 
Seat 6: ptolejmus ($10.21 in chips) 
hitthieu: posts small blind $0.50
Manifestorr: posts big blind $1
Yoalfre: sits out 
*** HOLE CARDS ***
ptolejmus: folds 
XneferX: folds 
LuckyShikari: raises $2.50 to $3.50
hitthieu: calls $3
Manifestorr: folds 
*** FLOP *** [7h Kc Td]
hitthieu: checks 
LuckyShikari: checks 
*** TURN *** [7h Kc Td] [Qs]
hitthieu: bets $4
LuckyShikari: folds 
Uncalled bet ($4) returned to hitthieu
hitthieu collected $7.50 from pot
*** SUMMARY ***
Total pot $8 | Rake $0.50 
Board [7h Kc Td Qs]
Seat 1: Yoalfre
Seat 2: XneferX folded before Flop (didn't bet)
Seat 3: LuckyShikari (button) folded on the Turn
Seat 4: hitthieu (small blind) collected ($7.50)
Seat 5: Manifestorr (big blind) folded before Flop
Seat 6: ptolejmus folded before Flop (didn't bet)



PokerStars Hand #254250021298:  Hold'em No Limit ($0.50/$1.00 USD) - 2025/01/07 19:50:56 WET [2025/01/07 14:50:56 ET]
Table 'Astyanax III' 6-max Seat #4 is the button
Seat 1: Yoalfre ($100 in chips) is sitting out
Seat 2: XneferX ($125.55 in chips) 
Seat 3: LuckyShikari ($100 in chips) 
Seat 4: hitthieu ($41.55 in chips) 
Seat 5: Manifestorr ($100 in chips) 
Seat 6: ptolejmus ($10.21 in chips) 
Manifestorr: posts small blind $0.50
ptolejmus: posts big blind $1
Yoalfre: sits out 
*** HOLE CARDS ***
XneferX: folds 
LuckyShikari: folds 
hitthieu: raises $2 to $3
Manifestorr: folds 
ptolejmus: folds 
Uncalled bet ($2) returned to hitthieu
hitthieu collected $2.50 from pot
*** SUMMARY ***
Total pot $2.50 | Rake $0 
Seat 1: Yoalfre
Seat 2: XneferX folded before Flop (didn't bet)
Seat 3: LuckyShikari folded before Flop (didn't bet)
Seat 4: hitthieu (button) collected ($2.50)
Seat 5: Manifestorr (small blind) folded before Flop
Seat 6: ptolejmus (big blind) folded before Flop



PokerStars Hand #254250027488:  Hold'em No Limit ($0.50/$1.00 USD) - 2025/01/07 19:51:16 WET [2025/01/07 14:51:16 ET]
Table 'Astyanax III' 6-max Seat #5 is the button
Seat 1: Yoalfre ($100 in chips) 
Seat 2: XneferX ($125.55 in chips) 
Seat 3: LuckyShikari ($100 in chips) 
Seat 4: hitthieu ($43.05 in chips) 
Seat 5: Manifestorr ($100 in chips) 
Seat 6: ptolejmus ($10 in chips) 
ptolejmus: posts small blind $0.50
Yoalfre: posts big blind $1
*** HOLE CARDS ***
XneferX: folds 
LuckyShikari: raises $1 to $2
hitthieu: folds 
Manifestorr: folds 
ptolejmus: folds 
Yoalfre: folds 
Uncalled bet ($1) returned to LuckyShikari
LuckyShikari collected $2.50 from pot
LuckyShikari: doesn't show hand 
*** SUMMARY ***
Total pot $2.50 | Rake $0 
Seat 1: Yoalfre (big blind) folded before Flop
Seat 2: XneferX folded before Flop (didn't bet)
Seat 3: LuckyShikari collected ($2.50)
Seat 4: hitthieu folded before Flop (didn't bet)
Seat 5: Manifestorr (button) folded before Flop (didn't bet)
Seat 6: ptolejmus (small blind) folded before Flop



PokerStars Hand #254250034793:  Hold'em No Limit ($0.50/$1.00 USD) - 2025/01/07 19:51:39 WET [2025/01/07 14:51:39 ET]
Table 'Astyanax III' 6-max Seat #6 is the button
Seat 1: Yoalfre ($100 in chips) 
Seat 2: XneferX ($125.55 in chips) 
Seat 3: LuckyShikari ($101.50 in chips) 
Seat 4: hitthieu ($43.05 in chips) 
Seat 5: Manifestorr ($100 in chips) 
Seat 6: ptolejmus ($10 in chips) 
Yoalfre: posts small blind $0.50
XneferX: posts big blind $1
*** HOLE CARDS ***
LuckyShikari: raises $1.50 to $2.50
hitthieu is disconnected 
hitthieu is connected 
hitthieu: calls $2.50
Manifestorr: folds 
ptolejmus: folds 
Yoalfre: folds 
XneferX: raises $1.50 to $4
LuckyShikari: raises $20 to $24
hitthieu: folds 
XneferX: folds 
Uncalled bet ($20) returned to LuckyShikari
LuckyShikari collected $11 from pot
LuckyShikari: doesn't show hand 
*** SUMMARY ***
Total pot $11 | Rake $0 
Seat 1: Yoalfre (small blind) folded before Flop
Seat 2: XneferX (big blind) folded before Flop
Seat 3: LuckyShikari collected ($11)
Seat 4: hitthieu folded before Flop
Seat 5: Manifestorr folded before Flop (didn't bet)
Seat 6: ptolejmus (button) folded before Flop (didn't bet)



PokerStars Hand #254250060872:  Hold'em No Limit ($0.50/$1.00 USD) - 2025/01/07 19:53:02 WET [2025/01/07 14:53:02 ET]
Table 'Astyanax III' 6-max Seat #1 is the button
Seat 1: Yoalfre ($100 in chips) 
Seat 2: XneferX ($121.55 in chips) 
Seat 3: LuckyShikari ($108.50 in chips) 
Seat 4: hitthieu ($40.55 in chips) 
Seat 5: Manifestorr ($100 in chips) 
Seat 6: ptolejmus ($10 in chips) 
XneferX: posts small blind $0.50
LuckyShikari: posts big blind $1
*** HOLE CARDS ***
hitthieu: raises $3 to $4
Manifestorr: folds 
ptolejmus: folds 
Yoalfre: folds 
XneferX: folds 
LuckyShikari: folds 
Uncalled bet ($3) returned to hitthieu
hitthieu collected $2.50 from pot
*** SUMMARY ***
Total pot $2.50 | Rake $0 
Seat 1: Yoalfre (button) folded before Flop (didn't bet)
Seat 2: XneferX (small blind) folded before Flop
Seat 3: LuckyShikari (big blind) folded before Flop
Seat 4: hitthieu collected ($2.50)
Seat 5: Manifestorr folded before Flop (didn't bet)
Seat 6: ptolejmus folded before Flop (didn't bet)



PokerStars Hand #254250066017:  Hold'em No Limit ($0.50/$1.00 USD) - 2025/01/07 19:53:18 WET [2025/01/07 14:53:18 ET]
Table 'Astyanax III' 6-max Seat #2 is the button
Seat 1: Yoalfre ($100 in chips) 
Seat 2: XneferX ($121.05 in chips) 
Seat 3: LuckyShikari ($107.50 in chips) 
Seat 4: hitthieu ($42.05 in chips) 
Seat 5: Manifestorr ($100 in chips) 
Seat 6: ptolejmus ($10 in chips) 
LuckyShikari: posts small blind $0.50
hitthieu: posts big blind $1
*** HOLE CARDS ***
Manifestorr: raises $1.20 to $2.20
ptolejmus: folds 
Yoalfre: folds 
XneferX: folds 
LuckyShikari: raises $9.80 to $12
hitthieu: folds 
Manifestorr: calls $9.80
*** FLOP *** [4d Jd 5c]
LuckyShikari: bets $12
Manifestorr: folds 
Uncalled bet ($12) returned to LuckyShikari
LuckyShikari collected $23.75 from pot
LuckyShikari: doesn't show hand 
*** SUMMARY ***
Total pot $25 | Rake $1.25 
Board [4d Jd 5c]
Seat 1: Yoalfre folded before Flop (didn't bet)
Seat 2: XneferX (button) folded before Flop (didn't bet)
Seat 3: LuckyShikari (small blind) collected ($23.75)
Seat 4: hitthieu (big blind) folded before Flop
Seat 5: Manifestorr folded on the Flop
Seat 6: ptolejmus folded before Flop (didn't bet)



PokerStars Hand #254250074704:  Hold'em No Limit ($0.50/$1.00 USD) - 2025/01/07 19:53:45 WET [2025/01/07 14:53:45 ET]
Table 'Astyanax III' 6-max Seat #3 is the button
Seat 5: Manifestorr ($100 in chips) is sitting out
Seat 1: Yoalfre ($100 in chips) 
Seat 2: XneferX ($121.05 in chips) 
Seat 3: LuckyShikari ($119.25 in chips) 
Seat 4: hitthieu ($41.05 in chips) 
Seat 6: ptolejmus ($10 in chips) 
hitthieu: posts small blind $0.50
Manifestorr: is sitting out 
ptolejmus: posts big blind $1
*** HOLE CARDS ***
Manifestorr leaves the table
Yoalfre: folds 
XneferX: folds 
LuckyShikari: raises $1 to $2
hitthieu: calls $1.50
ptolejmus: folds 
*** FLOP *** [6c Qh 6h]
michasia joins the table at seat #5 
hitthieu: checks 
LuckyShikari: bets $1.50
hitthieu: calls $1.50
*** TURN *** [6c Qh 6h] [Kh]
hitthieu: checks 
LuckyShikari: checks 
*** RIVER *** [6c Qh 6h Kh] [3h]
hitthieu: bets $3.80
LuckyShikari: folds 
Uncalled bet ($3.80) returned to hitthieu
hitthieu collected $7.50 from pot
*** SUMMARY ***
Total pot $8 | Rake $0.50 
Board [6c Qh 6h Kh 3h]
Seat 5: Manifestorr
Seat 1: Yoalfre folded before Flop (didn't bet)
Seat 2: XneferX folded before Flop (didn't bet)
Seat 3: LuckyShikari (button) folded on the River
Seat 4: hitthieu (small blind) collected ($7.50)
Seat 6: ptolejmus (big blind) folded before Flop



PokerStars Hand #254250091634:  Hold'em No Limit ($0.50/$1.00 USD) - 2025/01/07 19:54:39 WET [2025/01/07 14:54:39 ET]
Table 'Astyanax III' 6-max Seat #4 is the button
Seat 5: michasia ($100 in chips) is sitting out
Seat 1: Yoalfre ($100 in chips) 
Seat 2: XneferX ($121.05 in chips) 
Seat 3: LuckyShikari ($115.75 in chips) 
Seat 4: hitthieu ($45.05 in chips) 
Seat 6: ptolejmus ($10 in chips) 
ptolejmus: posts small blind $0.50
Yoalfre: posts big blind $1
*** HOLE CARDS ***
XneferX: folds 
LuckyShikari: folds 
hitthieu: folds 
ptolejmus: raises $9 to $10 and is all-in
Yoalfre: folds 
Uncalled bet ($9) returned to ptolejmus
ptolejmus collected $2 from pot
*** SUMMARY ***
Total pot $2 | Rake $0 
Seat 5: michasia
Seat 1: Yoalfre (big blind) folded before Flop
Seat 2: XneferX folded before Flop (didn't bet)
Seat 3: LuckyShikari folded before Flop (didn't bet)
Seat 4: hitthieu (button) folded before Flop (didn't bet)
Seat 6: ptolejmus (small blind) collected ($2)



PokerStars Hand #254250099921:  Hold'em No Limit ($0.50/$1.00 USD) - 2025/01/07 19:55:05 WET [2025/01/07 14:55:05 ET]
Table 'Astyanax III' 6-max Seat #6 is the button
Seat 2: XneferX ($121.05 in chips) is sitting out
Seat 5: michasia ($100 in chips) is sitting out
Seat 1: Yoalfre ($100 in chips) 
Seat 3: LuckyShikari ($115.75 in chips) 
Seat 4: hitthieu ($45.05 in chips) 
Seat 6: ptolejmus ($11 in chips) 
Yoalfre: posts small blind $0.50
LuckyShikari: posts big blind $1
michasia: sits out 
*** HOLE CARDS ***
XneferX leaves the table
hitthieu: folds 
ptolejmus: folds 
Yoalfre: raises $2 to $3
LuckyShikari: folds 
Uncalled bet ($2) returned to Yoalfre
Yoalfre collected $2 from pot
Yoalfre: doesn't show hand 
*** SUMMARY ***
Total pot $2 | Rake $0 
Seat 2: XneferX
Seat 5: michasia
Seat 1: Yoalfre (small blind) collected ($2)
Seat 3: LuckyShikari (big blind) folded before Flop
Seat 4: hitthieu folded before Flop (didn't bet)
Seat 6: ptolejmus (button) folded before Flop (didn't bet)



PokerStars Hand #254250103614:  Hold'em No Limit ($0.50/$1.00 USD) - 2025/01/07 19:55:21 WET [2025/01/07 14:55:21 ET]
Table 'Astyanax III' 6-max Seat #1 is the button
Seat 5: michasia ($100 in chips) is sitting out
Seat 1: Yoalfre ($101 in chips) 
Seat 3: LuckyShikari ($114.75 in chips) 
Seat 4: hitthieu ($45.05 in chips) 
Seat 6: ptolejmus ($11 in chips) 
LuckyShikari: posts small blind $0.50
hitthieu: posts big blind $1
michasia: sits out 
*** HOLE CARDS ***
ptolejmus: folds 
Yoalfre: folds 
Joe_Li7 joins the table at seat #2 
LuckyShikari: folds 
Uncalled bet ($0.50) returned to hitthieu
hitthieu collected $1 from pot
*** SUMMARY ***
Total pot $1 | Rake $0 
Seat 5: michasia
Seat 1: Yoalfre (button) folded before Flop (didn't bet)
Seat 3: LuckyShikari (small blind) folded before Flop
Seat 4: hitthieu (big blind) collected ($1)
Seat 6: ptolejmus folded before Flop (didn't bet)



PokerStars Hand #254250106309:  Hold'em No Limit ($0.50/$1.00 USD) - 2025/01/07 19:55:33 WET [2025/01/07 14:55:33 ET]
Table 'Astyanax III' 6-max Seat #3 is the button
Seat 2: Joe_Li7 ($100 in chips) is sitting out
Seat 1: Yoalfre ($101 in chips) 
Seat 3: LuckyShikari ($114.25 in chips) 
Seat 4: hitthieu ($45.55 in chips) 
Seat 5: michasia ($100 in chips) 
Seat 6: ptolejmus ($11 in chips) 
hitthieu: posts small blind $0.50
michasia: posts big blind $1
Joe_Li7: sits out 
*** HOLE CARDS ***
ptolejmus: folds 
Yoalfre: folds 
LuckyShikari: folds 
hitthieu: raises $2 to $3
michasia: folds 
Uncalled bet ($2) returned to hitthieu
hitthieu collected $2 from pot
*** SUMMARY ***
Total pot $2 | Rake $0 
Seat 2: Joe_Li7
Seat 1: Yoalfre folded before Flop (didn't bet)
Seat 3: LuckyShikari (button) folded before Flop (didn't bet)
Seat 4: hitthieu (small blind) collected ($2)
Seat 5: michasia (big blind) folded before Flop
Seat 6: ptolejmus folded before Flop (didn't bet)



PokerStars Hand #254250109858:  Hold'em No Limit ($0.50/$1.00 USD) - 2025/01/07 19:55:48 WET [2025/01/07 14:55:48 ET]
Table 'Astyanax III' 6-max Seat #4 is the button
Seat 2: Joe_Li7 ($100 in chips) is sitting out
Seat 1: Yoalfre ($101 in chips) 
Seat 3: LuckyShikari ($114.25 in chips) 
Seat 4: hitthieu ($46.55 in chips) 
Seat 5: michasia ($100 in chips) 
Seat 6: ptolejmus ($11 in chips) 
michasia: posts small blind $0.50
ptolejmus: posts big blind $1
Joe_Li7: sits out 
*** HOLE CARDS ***
Yoalfre: folds 
LuckyShikari: calls $1
hitthieu: folds 
michasia: folds 
ptolejmus: checks 
*** FLOP *** [Jc 8d Qc]
ptolejmus: checks 
LuckyShikari: bets $1.50
ptolejmus: folds 
Uncalled bet ($1.50) returned to LuckyShikari
LuckyShikari collected $2.38 from pot
LuckyShikari: doesn't show hand 
*** SUMMARY ***
Total pot $2.50 | Rake $0.12 
Board [Jc 8d Qc]
Seat 2: Joe_Li7
Seat 1: Yoalfre folded before Flop (didn't bet)
Seat 3: LuckyShikari collected ($2.38)
Seat 4: hitthieu (button) folded before Flop (didn't bet)
Seat 5: michasia (small blind) folded before Flop
Seat 6: ptolejmus (big blind) folded on the Flop



PokerStars Hand #254250114982:  Hold'em No Limit ($0.50/$1.00 USD) - 2025/01/07 19:56:11 WET [2025/01/07 14:56:11 ET]
Table 'Astyanax III' 6-max Seat #5 is the button
Seat 2: Joe_Li7 ($100 in chips) is sitting out
Seat 1: Yoalfre ($101 in chips) 
Seat 3: LuckyShikari ($115.63 in chips) 
Seat 4: hitthieu ($46.55 in chips) 
Seat 5: michasia ($100 in chips) 
Seat 6: ptolejmus ($10 in chips) 
ptolejmus: posts small blind $0.50
Yoalfre: posts big blind $1
Joe_Li7: sits out 
*** HOLE CARDS ***
LuckyShikari: folds 
hitthieu: raises $1 to $2
michasia: raises $4 to $6
ptolejmus: folds 
Yoalfre: folds 
hitthieu: folds 
Uncalled bet ($4) returned to michasia
michasia collected $5.50 from pot
michasia: doesn't show hand 
*** SUMMARY ***
Total pot $5.50 | Rake $0 
Seat 2: Joe_Li7
Seat 1: Yoalfre (big blind) folded before Flop
Seat 3: LuckyShikari folded before Flop (didn't bet)
Seat 4: hitthieu folded before Flop
Seat 5: michasia (button) collected ($5.50)
Seat 6: ptolejmus (small blind) folded before Flop



PokerStars Hand #254250119635:  Hold'em No Limit ($0.50/$1.00 USD) - 2025/01/07 19:56:33 WET [2025/01/07 14:56:33 ET]
Table 'Astyanax III' 6-max Seat #6 is the button
Seat 1: Yoalfre ($100 in chips) 
Seat 2: Joe_Li7 ($100 in chips) 
Seat 3: LuckyShikari ($115.63 in chips) 
Seat 4: hitthieu ($44.55 in chips) 
Seat 5: michasia ($103.50 in chips) 
Seat 6: ptolejmus ($10 in chips) 
Yoalfre: posts small blind $0.50
Joe_Li7: posts big blind $1
*** HOLE CARDS ***
LuckyShikari: raises $1.50 to $2.50
hitthieu: folds 
michasia: folds 
ptolejmus: folds 
Yoalfre: folds 
Joe_Li7: folds 
Uncalled bet ($1.50) returned to LuckyShikari
LuckyShikari collected $2.50 from pot
LuckyShikari: doesn't show hand 
*** SUMMARY ***
Total pot $2.50 | Rake $0 
Seat 1: Yoalfre (small blind) folded before Flop
Seat 2: Joe_Li7 (big blind) folded before Flop
Seat 3: LuckyShikari collected ($2.50)
Seat 4: hitthieu folded before Flop (didn't bet)
Seat 5: michasia folded before Flop (didn't bet)
Seat 6: ptolejmus (button) folded before Flop (didn't bet)



PokerStars Hand #254250125473:  Hold'em No Limit ($0.50/$1.00 USD) - 2025/01/07 19:56:59 WET [2025/01/07 14:56:59 ET]
Table 'Astyanax III' 6-max Seat #1 is the button
Seat 1: Yoalfre ($100 in chips) 
Seat 2: Joe_Li7 ($100 in chips) 
Seat 3: LuckyShikari ($117.13 in chips) 
Seat 4: hitthieu ($44.55 in chips) 
Seat 5: michasia ($103.50 in chips) 
Seat 6: ptolejmus ($10 in chips) 
Joe_Li7: posts small blind $0.50
LuckyShikari: posts big blind $1
*** HOLE CARDS ***
hitthieu: folds 
michasia: folds 
ptolejmus: folds 
Yoalfre: folds 
Joe_Li7: folds 
Uncalled bet ($0.50) returned to LuckyShikari
LuckyShikari collected $1 from pot
LuckyShikari: doesn't show hand 
*** SUMMARY ***
Total pot $1 | Rake $0 
Seat 1: Yoalfre (button) folded before Flop (didn't bet)
Seat 2: Joe_Li7 (small blind) folded before Flop
Seat 3: LuckyShikari (big blind) collected ($1)
Seat 4: hitthieu folded before Flop (didn't bet)
Seat 5: michasia folded before Flop (didn't bet)
Seat 6: ptolejmus folded before Flop (didn't bet)



PokerStars Hand #254250130578:  Hold'em No Limit ($0.50/$1.00 USD) - 2025/01/07 19:57:22 WET [2025/01/07 14:57:22 ET]
Table 'Astyanax III' 6-max Seat #2 is the button
Seat 1: Yoalfre ($100 in chips) 
Seat 2: Joe_Li7 ($100 in chips) 
Seat 3: LuckyShikari ($117.63 in chips) 
Seat 4: hitthieu ($44.55 in chips) 
Seat 5: michasia ($103.50 in chips) 
Seat 6: ptolejmus ($10 in chips) 
LuckyShikari: posts small blind $0.50
hitthieu: posts big blind $1
*** HOLE CARDS ***
michasia: folds 
ptolejmus: raises $1 to $2
Yoalfre: folds 
Joe_Li7: folds 
LuckyShikari: folds 
hitthieu: calls $1
*** FLOP *** [Qs 6h Ad]
hitthieu: checks 
ptolejmus: bets $2.18
hitthieu: folds 
Uncalled bet ($2.18) returned to ptolejmus
ptolejmus collected $4.28 from pot
*** SUMMARY ***
Total pot $4.50 | Rake $0.22 
Board [Qs 6h Ad]
Seat 1: Yoalfre folded before Flop (didn't bet)
Seat 2: Joe_Li7 (button) folded before Flop (didn't bet)
Seat 3: LuckyShikari (small blind) folded before Flop
Seat 4: hitthieu (big blind) folded on the Flop
Seat 5: michasia folded before Flop (didn't bet)
Seat 6: ptolejmus collected ($4.28)



PokerStars Hand #254250138696:  Hold'em No Limit ($0.50/$1.00 USD) - 2025/01/07 19:57:58 WET [2025/01/07 14:57:58 ET]
Table 'Astyanax III' 6-max Seat #3 is the button
Seat 1: Yoalfre ($100 in chips) 
Seat 2: Joe_Li7 ($100 in chips) 
Seat 3: LuckyShikari ($117.13 in chips) 
Seat 4: hitthieu ($42.55 in chips) 
Seat 5: michasia ($103.50 in chips) 
Seat 6: ptolejmus ($12.28 in chips) 
hitthieu: posts small blind $0.50
michasia: posts big blind $1
*** HOLE CARDS ***
ptolejmus: folds 
Yoalfre: folds 
Joe_Li7: raises $1.20 to $2.20
LuckyShikari: calls $2.20
hitthieu: raises $6.20 to $8.40
michasia: folds 
Joe_Li7: folds 
LuckyShikari: calls $6.20
*** FLOP *** [Td Js Th]
hitthieu: bets $8
LuckyShikari: raises $100.73 to $108.73 and is all-in
hitthieu: calls $26.15 and is all-in
Uncalled bet ($74.58) returned to LuckyShikari
*** TURN *** [Td Js Th] [Kd]
*** RIVER *** [Td Js Th Kd] [Jd]
*** SHOW DOWN ***
hitthieu: shows [Ac Ks] (two pair, Kings and Jacks)
LuckyShikari: shows [9c Qc] (a straight, Nine to King)
LuckyShikari collected $85.80 from pot
*** SUMMARY ***
Total pot $88.30 | Rake $2.50 
Board [Td Js Th Kd Jd]
Seat 1: Yoalfre folded before Flop (didn't bet)
Seat 2: Joe_Li7 folded before Flop
Seat 3: LuckyShikari (button) showed [9c Qc] and won ($85.80) with a straight, Nine to King
Seat 4: hitthieu (small blind) showed [Ac Ks] and lost with two pair, Kings and Jacks
Seat 5: michasia (big blind) folded before Flop
Seat 6: ptolejmus folded before Flop (didn't bet)



PokerStars Hand #254250151093:  Hold'em No Limit ($0.50/$1.00 USD) - 2025/01/07 19:58:53 WET [2025/01/07 14:58:53 ET]
Table 'Astyanax III' 6-max Seat #5 is the button
Seat 4: hitthieu ($0 in chips) is sitting out
Seat 1: Yoalfre ($100 in chips) 
Seat 2: Joe_Li7 ($100 in chips) 
Seat 3: LuckyShikari ($160.38 in chips) 
Seat 5: michasia ($102.50 in chips) 
Seat 6: ptolejmus ($12.28 in chips) 
ptolejmus: posts small blind $0.50
Yoalfre: posts big blind $1
*** HOLE CARDS ***
Joe_Li7: raises $1.20 to $2.20
LuckyShikari: folds 
michasia: folds 
ptolejmus: folds 
Yoalfre: folds 
Uncalled bet ($1.20) returned to Joe_Li7
Joe_Li7 collected $2.50 from pot
*** SUMMARY ***
Total pot $2.50 | Rake $0 
Seat 4: hitthieu
Seat 1: Yoalfre (big blind) folded before Flop
Seat 2: Joe_Li7 collected ($2.50)
Seat 3: LuckyShikari folded before Flop (didn't bet)
Seat 5: michasia (button) folded before Flop (didn't bet)
Seat 6: ptolejmus (small blind) folded before Flop



PokerStars Hand #254250153896:  Hold'em No Limit ($0.50/$1.00 USD) - 2025/01/07 19:59:06 WET [2025/01/07 14:59:06 ET]
Table 'Astyanax III' 6-max Seat #6 is the button
Seat 1: Yoalfre ($100 in chips) 
Seat 2: Joe_Li7 ($101.50 in chips) 
Seat 3: LuckyShikari ($160.38 in chips) 
Seat 4: hitthieu ($100 in chips) 
Seat 5: michasia ($102.50 in chips) 
Seat 6: ptolejmus ($11.78 in chips) 
Yoalfre: posts small blind $0.50
Joe_Li7: posts big blind $1
*** HOLE CARDS ***
LuckyShikari: folds 
hitthieu: folds 
michasia: raises $1.80 to $2.80
ptolejmus: raises $8.98 to $11.78 and is all-in
Yoalfre: folds 
Joe_Li7: folds 
michasia: folds 
Uncalled bet ($8.98) returned to ptolejmus
ptolejmus collected $7.10 from pot
*** SUMMARY ***
Total pot $7.10 | Rake $0 
Seat 1: Yoalfre (small blind) folded before Flop
Seat 2: Joe_Li7 (big blind) folded before Flop
Seat 3: LuckyShikari folded before Flop (didn't bet)
Seat 4: hitthieu folded before Flop (didn't bet)
Seat 5: michasia folded before Flop
Seat 6: ptolejmus (button) collected ($7.10)



PokerStars Hand #254250158629:  Hold'em No Limit ($0.50/$1.00 USD) - 2025/01/07 19:59:26 WET [2025/01/07 14:59:26 ET]
Table 'Astyanax III' 6-max Seat #1 is the button
Seat 1: Yoalfre ($100 in chips) 
Seat 2: Joe_Li7 ($100.50 in chips) 
Seat 3: LuckyShikari ($160.38 in chips) 
Seat 4: hitthieu ($100 in chips) 
Seat 5: michasia ($100 in chips) 
Seat 6: ptolejmus ($16.08 in chips) 
Joe_Li7: posts small blind $0.50
LuckyShikari: posts big blind $1
*** HOLE CARDS ***
hitthieu: folds 
michasia: folds 
ptolejmus: raises $1 to $2
Yoalfre: raises $5.50 to $7.50
Joe_Li7: folds 
LuckyShikari: folds 
ptolejmus: raises $8.58 to $16.08 and is all-in
Yoalfre: calls $8.58
*** FIRST FLOP *** [Jc 6h 5c]
*** FIRST TURN *** [Jc 6h 5c] [2d]
*** FIRST RIVER *** [Jc 6h 5c 2d] [9h]
*** SECOND FLOP *** [6s 6c Td]
*** SECOND TURN *** [6s 6c Td] [8h]
*** SECOND RIVER *** [6s 6c Td 8h] [5d]
*** FIRST SHOW DOWN ***
ptolejmus: shows [Ts As] (high card Ace)
Yoalfre: shows [Ad Qh] (high card Ace - Queen kicker)
Yoalfre collected $15.99 from pot
*** SECOND SHOW DOWN ***
ptolejmus: shows [Ts As] (two pair, Tens and Sixes)
Yoalfre: shows [Ad Qh] (a pair of Sixes)
ptolejmus collected $15.99 from pot
*** SUMMARY ***
Total pot $33.66 | Rake $1.68 
Hand was run twice
FIRST Board [Jc 6h 5c 2d 9h]
SECOND Board [6s 6c Td 8h 5d]
Seat 1: Yoalfre (button) showed [Ad Qh] and won ($15.99) with high card Ace, and lost with a pair of Sixes
Seat 2: Joe_Li7 (small blind) folded before Flop
Seat 3: LuckyShikari (big blind) folded before Flop
Seat 4: hitthieu folded before Flop (didn't bet)
Seat 5: michasia folded before Flop (didn't bet)
Seat 6: ptolejmus showed [Ts As] and lost with high card Ace, and won ($15.99) with two pair, Tens and Sixes



PokerStars Hand #254250169294:  Hold'em No Limit ($0.50/$1.00 USD) - 2025/01/07 20:00:12 WET [2025/01/07 15:00:12 ET]
Table 'Astyanax III' 6-max Seat #2 is the button
Seat 1: Yoalfre ($100 in chips) 
Seat 2: Joe_Li7 ($100 in chips) 
Seat 3: LuckyShikari ($159.38 in chips) 
Seat 4: hitthieu ($100 in chips) 
Seat 5: michasia ($100 in chips) 
Seat 6: ptolejmus ($15.99 in chips) 
LuckyShikari: posts small blind $0.50
hitthieu: posts big blind $1
*** HOLE CARDS ***
michasia: folds 
ptolejmus: folds 
Yoalfre: folds 
Joe_Li7: folds 
LuckyShikari: raises $2.50 to $3.50
hitthieu: folds 
Uncalled bet ($2.50) returned to LuckyShikari
LuckyShikari collected $2 from pot
LuckyShikari: doesn't show hand 
*** SUMMARY ***
Total pot $2 | Rake $0 
Seat 1: Yoalfre folded before Flop (didn't bet)
Seat 2: Joe_Li7 (button) folded before Flop (didn't bet)
Seat 3: LuckyShikari (small blind) collected ($2)
Seat 4: hitthieu (big blind) folded before Flop
Seat 5: michasia folded before Flop (didn't bet)
Seat 6: ptolejmus folded before Flop (didn't bet)



PokerStars Hand #254250173059:  Hold'em No Limit ($0.50/$1.00 USD) - 2025/01/07 20:00:28 WET [2025/01/07 15:00:28 ET]
Table 'Astyanax III' 6-max Seat #3 is the button
Seat 1: Yoalfre ($100 in chips) 
Seat 2: Joe_Li7 ($100 in chips) 
Seat 3: LuckyShikari ($160.38 in chips) 
Seat 4: hitthieu ($99 in chips) 
Seat 5: michasia ($100 in chips) 
Seat 6: ptolejmus ($15.99 in chips) 
hitthieu: posts small blind $0.50
michasia: posts big blind $1
*** HOLE CARDS ***
ptolejmus: folds 
Yoalfre: folds 
Joe_Li7: folds 
LuckyShikari: raises $2.50 to $3.50
hitthieu: calls $3
michasia: folds 
*** FLOP *** [Ad 6d 9s]
hitthieu: checks 
LuckyShikari: bets $6.61
hitthieu: calls $6.61
*** TURN *** [Ad 6d 9s] [Qd]
hitthieu: checks 
LuckyShikari: bets $4.84
hitthieu: raises $5.84 to $10.68
LuckyShikari: calls $5.84
*** RIVER *** [Ad 6d 9s Qd] [2d]
hitthieu: bets $34
LuckyShikari: folds 
Uncalled bet ($34) returned to hitthieu
hitthieu collected $39.92 from pot
*** SUMMARY ***
Total pot $42.58 | Rake $2.66 
Board [Ad 6d 9s Qd 2d]
Seat 1: Yoalfre folded before Flop (didn't bet)
Seat 2: Joe_Li7 folded before Flop (didn't bet)
Seat 3: LuckyShikari (button) folded on the River
Seat 4: hitthieu (small blind) collected ($39.92)
Seat 5: michasia (big blind) folded before Flop
Seat 6: ptolejmus folded before Flop (didn't bet)



PokerStars Hand #254250186638:  Hold'em No Limit ($0.50/$1.00 USD) - 2025/01/07 20:01:20 WET [2025/01/07 15:01:20 ET]
Table 'Astyanax III' 6-max Seat #4 is the button
Seat 1: Yoalfre ($100 in chips) 
Seat 2: Joe_Li7 ($100 in chips) 
Seat 3: LuckyShikari ($139.59 in chips) 
Seat 4: hitthieu ($118.13 in chips) 
Seat 5: michasia ($100 in chips) 
Seat 6: ptolejmus ($15.99 in chips) 
michasia: posts small blind $0.50
ptolejmus: posts big blind $1
*** HOLE CARDS ***
Yoalfre: folds 
Joe_Li7: raises $1.20 to $2.20
LuckyShikari: raises $5.80 to $8
hitthieu: folds 
michasia: folds 
ptolejmus: folds 
Joe_Li7: calls $5.80
*** FLOP *** [8s 2d Tc]
Joe_Li7: checks 
LuckyShikari: bets $14.46
Joe_Li7: folds 
Uncalled bet ($14.46) returned to LuckyShikari
LuckyShikari collected $16.62 from pot
LuckyShikari: doesn't show hand 
*** SUMMARY ***
Total pot $17.50 | Rake $0.88 
Board [8s 2d Tc]
Seat 1: Yoalfre folded before Flop (didn't bet)
Seat 2: Joe_Li7 folded on the Flop
Seat 3: LuckyShikari collected ($16.62)
Seat 4: hitthieu (button) folded before Flop (didn't bet)
Seat 5: michasia (small blind) folded before Flop
Seat 6: ptolejmus (big blind) folded before Flop



PokerStars Hand #254250207298:  Hold'em No Limit ($0.50/$1.00 USD) - 2025/01/07 20:02:31 WET [2025/01/07 15:02:31 ET]
Table 'Astyanax III' 6-max Seat #5 is the button
Seat 1: Yoalfre ($100 in chips) 
Seat 2: Joe_Li7 ($100 in chips) 
Seat 3: LuckyShikari ($148.21 in chips) 
Seat 4: hitthieu ($118.13 in chips) 
Seat 5: michasia ($100 in chips) 
Seat 6: ptolejmus ($14.99 in chips) 
ptolejmus: posts small blind $0.50
Yoalfre: posts big blind $1
*** HOLE CARDS ***
Joe_Li7: raises $1.20 to $2.20
LuckyShikari: raises $5.80 to $8
hitthieu: folds 
michasia: folds 
ptolejmus: folds 
Yoalfre: folds 
Joe_Li7: folds 
Uncalled bet ($5.80) returned to LuckyShikari
LuckyShikari collected $5.90 from pot
LuckyShikari: doesn't show hand 
*** SUMMARY ***
Total pot $5.90 | Rake $0 
Seat 1: Yoalfre (big blind) folded before Flop
Seat 2: Joe_Li7 folded before Flop
Seat 3: LuckyShikari collected ($5.90)
Seat 4: hitthieu folded before Flop (didn't bet)
Seat 5: michasia (button) folded before Flop (didn't bet)
Seat 6: ptolejmus (small blind) folded before Flop



PokerStars Hand #254250213472:  Hold'em No Limit ($0.50/$1.00 USD) - 2025/01/07 20:02:50 WET [2025/01/07 15:02:50 ET]
Table 'Astyanax III' 6-max Seat #6 is the button
Seat 2: Joe_Li7 ($100 in chips) is sitting out
Seat 1: Yoalfre ($100 in chips) 
Seat 3: LuckyShikari ($151.91 in chips) 
Seat 4: hitthieu ($118.13 in chips) 
Seat 5: michasia ($100 in chips) 
Seat 6: ptolejmus ($14.49 in chips) 
Yoalfre: posts small blind $0.50
Joe_Li7: is sitting out 
Joe_Li7 leaves the table
LuckyShikari: posts big blind $1
*** HOLE CARDS ***
hitthieu: raises $2 to $3
Xenicide joins the table at seat #2 
michasia: folds 
ptolejmus: folds 
Yoalfre: folds 
LuckyShikari: folds 
Uncalled bet ($2) returned to hitthieu
hitthieu collected $2.50 from pot
*** SUMMARY ***
Total pot $2.50 | Rake $0 
Seat 2: Joe_Li7
Seat 1: Yoalfre (small blind) folded before Flop
Seat 3: LuckyShikari (big blind) folded before Flop
Seat 4: hitthieu collected ($2.50)
Seat 5: michasia folded before Flop (didn't bet)
Seat 6: ptolejmus (button) folded before Flop (didn't bet)



PokerStars Hand #254250218964:  Hold'em No Limit ($0.50/$1.00 USD) - 2025/01/07 20:03:08 WET [2025/01/07 15:03:08 ET]
Table 'Astyanax III' 6-max Seat #1 is the button
Seat 2: Xenicide ($100 in chips) is sitting out
Seat 1: Yoalfre ($100 in chips) 
Seat 3: LuckyShikari ($150.91 in chips) 
Seat 4: hitthieu ($119.63 in chips) 
Seat 5: michasia ($100 in chips) 
Seat 6: ptolejmus ($14.49 in chips) 
LuckyShikari: posts small blind $0.50
hitthieu: posts big blind $1
*** HOLE CARDS ***
michasia: folds 
ptolejmus: folds 
Yoalfre: folds 
LuckyShikari: folds 
Uncalled bet ($0.50) returned to hitthieu
hitthieu collected $1 from pot
*** SUMMARY ***
Total pot $1 | Rake $0 
Seat 2: Xenicide
Seat 1: Yoalfre (button) folded before Flop (didn't bet)
Seat 3: LuckyShikari (small blind) folded before Flop
Seat 4: hitthieu (big blind) collected ($1)
Seat 5: michasia folded before Flop (didn't bet)
Seat 6: ptolejmus folded before Flop (didn't bet)



PokerStars Hand #254250224415:  Hold'em No Limit ($0.50/$1.00 USD) - 2025/01/07 20:03:26 WET [2025/01/07 15:03:26 ET]
Table 'Astyanax III' 6-max Seat #3 is the button
Seat 2: Xenicide ($100 in chips) is sitting out
Seat 1: Yoalfre ($100 in chips) 
Seat 3: LuckyShikari ($150.41 in chips) 
Seat 4: hitthieu ($120.13 in chips) 
Seat 5: michasia ($100 in chips) 
Seat 6: ptolejmus ($14.49 in chips) 
hitthieu: posts small blind $0.50
michasia: posts big blind $1
Xenicide: sits out 
*** HOLE CARDS ***
ptolejmus: folds 
Yoalfre: folds 
LuckyShikari: raises $1.20 to $2.20
hitthieu: calls $1.70
michasia: raises $10.80 to $13
LuckyShikari: folds 
hitthieu: folds 
Uncalled bet ($10.80) returned to michasia
michasia collected $6.60 from pot
michasia: doesn't show hand 
*** SUMMARY ***
Total pot $6.60 | Rake $0 
Seat 2: Xenicide
Seat 1: Yoalfre folded before Flop (didn't bet)
Seat 3: LuckyShikari (button) folded before Flop
Seat 4: hitthieu (small blind) folded before Flop
Seat 5: michasia (big blind) collected ($6.60)
Seat 6: ptolejmus folded before Flop (didn't bet)



PokerStars Hand #254250232959:  Hold'em No Limit ($0.50/$1.00 USD) - 2025/01/07 20:03:53 WET [2025/01/07 15:03:53 ET]
Table 'Astyanax III' 6-max Seat #4 is the button
Seat 2: Xenicide ($100 in chips) is sitting out
Seat 1: Yoalfre ($100 in chips) 
Seat 3: LuckyShikari ($148.21 in chips) 
Seat 4: hitthieu ($117.93 in chips) 
Seat 5: michasia ($104.40 in chips) 
Seat 6: ptolejmus ($14.49 in chips) 
michasia: posts small blind $0.50
ptolejmus: posts big blind $1
Xenicide: sits out 
*** HOLE CARDS ***
Yoalfre: folds 
LuckyShikari: folds 
hitthieu: folds 
michasia: folds 
Uncalled bet ($0.50) returned to ptolejmus
ptolejmus collected $1 from pot
*** SUMMARY ***
Total pot $1 | Rake $0 
Seat 2: Xenicide
Seat 1: Yoalfre folded before Flop (didn't bet)
Seat 3: LuckyShikari folded before Flop (didn't bet)
Seat 4: hitthieu (button) folded before Flop (didn't bet)
Seat 5: michasia (small blind) folded before Flop
Seat 6: ptolejmus (big blind) collected ($1)



PokerStars Hand #254250236318:  Hold'em No Limit ($0.50/$1.00 USD) - 2025/01/07 20:04:03 WET [2025/01/07 15:04:03 ET]
Table 'Astyanax III' 6-max Seat #5 is the button
Seat 2: Xenicide ($100 in chips) is sitting out
Seat 1: Yoalfre ($100 in chips) 
Seat 3: LuckyShikari ($148.21 in chips) 
Seat 4: hitthieu ($117.93 in chips) 
Seat 5: michasia ($103.90 in chips) 
Seat 6: ptolejmus ($14.99 in chips) 
ptolejmus: posts small blind $0.50
Yoalfre: posts big blind $1
Xenicide: sits out 
*** HOLE CARDS ***
LuckyShikari: raises $2 to $3
hitthieu: calls $3
michasia: folds 
ptolejmus: folds 
Yoalfre: folds 
*** FLOP *** [6s 8s 3c]
LuckyShikari: checks 
hitthieu: bets $4
LuckyShikari: folds 
Uncalled bet ($4) returned to hitthieu
hitthieu collected $7.02 from pot
*** SUMMARY ***
Total pot $7.50 | Rake $0.48 
Board [6s 8s 3c]
Seat 2: Xenicide
Seat 1: Yoalfre (big blind) folded before Flop
Seat 3: LuckyShikari folded on the Flop
Seat 4: hitthieu collected ($7.02)
Seat 5: michasia (button) folded before Flop (didn't bet)
Seat 6: ptolejmus (small blind) folded before Flop



PokerStars Hand #254250247156:  Hold'em No Limit ($0.50/$1.00 USD) - 2025/01/07 20:04:38 WET [2025/01/07 15:04:38 ET]
Table 'Astyanax III' 6-max Seat #6 is the button
Seat 1: Yoalfre ($100 in chips) 
Seat 2: Xenicide ($100 in chips) 
Seat 3: LuckyShikari ($145.21 in chips) 
Seat 4: hitthieu ($121.95 in chips) 
Seat 5: michasia ($103.90 in chips) 
Seat 6: ptolejmus ($14.49 in chips) 
Yoalfre: posts small blind $0.50
Xenicide: posts big blind $1
*** HOLE CARDS ***
LuckyShikari: calls $1
hitthieu: raises $3 to $4
michasia: folds 
ptolejmus: folds 
Yoalfre: folds 
Xenicide: folds 
LuckyShikari: raises $13 to $17
hitthieu: raises $18 to $35
LuckyShikari: raises $110.21 to $145.21 and is all-in
hitthieu: calls $86.95 and is all-in
Uncalled bet ($23.26) returned to LuckyShikari
*** FLOP *** [Qs Qh 5c]
*** TURN *** [Qs Qh 5c] [3d]
*** RIVER *** [Qs Qh 5c 3d] [8c]
*** SHOW DOWN ***
LuckyShikari: shows [Kd Kh] (two pair, Kings and Queens)
hitthieu: shows [Ac As] (two pair, Aces and Queens)
hitthieu collected $242.28 from pot
LuckyShikari cashed out the hand for $44.63 | Cash Out Fee $0.91
*** SUMMARY ***
Total pot $245.40 | Rake $3.12 
Board [Qs Qh 5c 3d 8c]
Seat 1: Yoalfre (small blind) folded before Flop
Seat 2: Xenicide (big blind) folded before Flop
Seat 3: LuckyShikari showed [Kd Kh] and lost with two pair, Kings and Queens (cashed out).
Seat 4: hitthieu showed [Ac As] and won ($242.28) with two pair, Aces and Queens
Seat 5: michasia folded before Flop (didn't bet)
Seat 6: ptolejmus (button) folded before Flop (didn't bet)



PokerStars Hand #254250267676:  Hold'em No Limit ($0.50/$1.00 USD) - 2025/01/07 20:05:40 WET [2025/01/07 15:05:40 ET]
Table 'Astyanax III' 6-max Seat #1 is the button
Seat 1: Yoalfre ($100 in chips) 
Seat 2: Xenicide ($100 in chips) 
Seat 3: LuckyShikari ($100 in chips) 
Seat 4: hitthieu ($242.28 in chips) 
Seat 5: michasia ($103.90 in chips) 
Seat 6: ptolejmus ($14.49 in chips) 
Xenicide: posts small blind $0.50
LuckyShikari: posts big blind $1
*** HOLE CARDS ***
hitthieu: folds 
michasia: raises $1.60 to $2.60
ptolejmus: folds 
Yoalfre: folds 
Xenicide: folds 
LuckyShikari: folds 
Uncalled bet ($1.60) returned to michasia
michasia collected $2.50 from pot
michasia: doesn't show hand 
*** SUMMARY ***
Total pot $2.50 | Rake $0 
Seat 1: Yoalfre (button) folded before Flop (didn't bet)
Seat 2: Xenicide (small blind) folded before Flop
Seat 3: LuckyShikari (big blind) folded before Flop
Seat 4: hitthieu folded before Flop (didn't bet)
Seat 5: michasia collected ($2.50)
Seat 6: ptolejmus folded before Flop (didn't bet)



PokerStars Hand #254250280540:  Hold'em No Limit ($0.50/$1.00 USD) - 2025/01/07 20:06:19 WET [2025/01/07 15:06:19 ET]
Table 'Astyanax III' 6-max Seat #2 is the button
Seat 1: Yoalfre ($100 in chips) 
Seat 2: Xenicide ($100 in chips) 
Seat 3: LuckyShikari ($100 in chips) 
Seat 4: hitthieu ($242.28 in chips) 
Seat 5: michasia ($105.40 in chips) 
Seat 6: ptolejmus ($14.49 in chips) 
LuckyShikari: posts small blind $0.50
hitthieu: posts big blind $1
*** HOLE CARDS ***
michasia: folds 
ptolejmus: folds 
Yoalfre: raises $1.50 to $2.50
Xenicide: raises $4.50 to $7
LuckyShikari: folds 
hitthieu: folds 
Yoalfre: folds 
Uncalled bet ($4.50) returned to Xenicide
Xenicide collected $6.50 from pot
*** SUMMARY ***
Total pot $6.50 | Rake $0 
Seat 1: Yoalfre folded before Flop
Seat 2: Xenicide (button) collected ($6.50)
Seat 3: LuckyShikari (small blind) folded before Flop
Seat 4: hitthieu (big blind) folded before Flop
Seat 5: michasia folded before Flop (didn't bet)
Seat 6: ptolejmus folded before Flop (didn't bet)



PokerStars Hand #254250289738:  Hold'em No Limit ($0.50/$1.00 USD) - 2025/01/07 20:06:47 WET [2025/01/07 15:06:47 ET]
Table 'Astyanax III' 6-max Seat #3 is the button
Seat 1: Yoalfre ($100 in chips) 
Seat 2: Xenicide ($104 in chips) 
Seat 3: LuckyShikari ($100 in chips) 
Seat 4: hitthieu ($241.28 in chips) 
Seat 5: michasia ($105.40 in chips) 
Seat 6: ptolejmus ($14.49 in chips) 
hitthieu: posts small blind $0.50
michasia: posts big blind $1
*** HOLE CARDS ***
ptolejmus: raises $1 to $2
Yoalfre: folds 
Xenicide: folds 
LuckyShikari: calls $2
hitthieu: calls $1.50
michasia: folds 
*** FLOP *** [2h 9d 4h]
hitthieu: checks 
ptolejmus: checks 
LuckyShikari: checks 
*** TURN *** [2h 9d 4h] [6d]
hitthieu: bets $3
ptolejmus: folds 
LuckyShikari: raises $6 to $9
hitthieu: folds 
Uncalled bet ($6) returned to LuckyShikari
LuckyShikari collected $12.35 from pot
LuckyShikari: doesn't show hand 
*** SUMMARY ***
Total pot $13 | Rake $0.65 
Board [2h 9d 4h 6d]
Seat 1: Yoalfre folded before Flop (didn't bet)
Seat 2: Xenicide folded before Flop (didn't bet)
Seat 3: LuckyShikari (button) collected ($12.35)
Seat 4: hitthieu (small blind) folded on the Turn
Seat 5: michasia (big blind) folded before Flop
Seat 6: ptolejmus folded on the Turn



PokerStars Hand #254250304087:  Hold'em No Limit ($0.50/$1.00 USD) - 2025/01/07 20:07:29 WET [2025/01/07 15:07:29 ET]
Table 'Astyanax III' 6-max Seat #4 is the button
Seat 1: Yoalfre ($100 in chips) 
Seat 2: Xenicide ($104 in chips) 
Seat 3: LuckyShikari ($107.35 in chips) 
Seat 4: hitthieu ($236.28 in chips) 
Seat 5: michasia ($104.40 in chips) 
Seat 6: ptolejmus ($12.49 in chips) 
michasia: posts small blind $0.50
ptolejmus: posts big blind $1
*** HOLE CARDS ***
Yoalfre: folds 
Xenicide: folds 
LuckyShikari: raises $2.50 to $3.50
hitthieu: calls $3.50
michasia: folds 
ptolejmus: folds 
*** FLOP *** [7h Ts Kd]
LuckyShikari: bets $6
hitthieu: calls $6
*** TURN *** [7h Ts Kd] [Th]
LuckyShikari: checks 
hitthieu: checks 
*** RIVER *** [7h Ts Kd Th] [2h]
LuckyShikari: checks 
hitthieu: bets $8
LuckyShikari: folds 
Uncalled bet ($8) returned to hitthieu
hitthieu collected $19.22 from pot
*** SUMMARY ***
Total pot $20.50 | Rake $1.28 
Board [7h Ts Kd Th 2h]
Seat 1: Yoalfre folded before Flop (didn't bet)
Seat 2: Xenicide folded before Flop (didn't bet)
Seat 3: LuckyShikari folded on the River
Seat 4: hitthieu (button) collected ($19.22)
Seat 5: michasia (small blind) folded before Flop
Seat 6: ptolejmus (big blind) folded before Flop



PokerStars Hand #254250321575:  Hold'em No Limit ($0.50/$1.00 USD) - 2025/01/07 20:08:21 WET [2025/01/07 15:08:21 ET]
Table 'Astyanax III' 6-max Seat #5 is the button
Seat 1: Yoalfre ($100 in chips) 
Seat 2: Xenicide ($104 in chips) 
Seat 3: LuckyShikari ($100 in chips) 
Seat 4: hitthieu ($246 in chips) 
Seat 5: michasia ($103.90 in chips) 
Seat 6: ptolejmus ($11.49 in chips) 
ptolejmus: posts small blind $0.50
Yoalfre: posts big blind $1
*** HOLE CARDS ***
Xenicide: folds 
LuckyShikari: folds 
hitthieu: raises $2 to $3
michasia: folds 
ptolejmus: folds 
Yoalfre: calls $2
*** FLOP *** [Th Kd Qh]
Yoalfre: checks 
hitthieu: checks 
*** TURN *** [Th Kd Qh] [4d]
Yoalfre: checks 
hitthieu: bets $3
Yoalfre: calls $3
*** RIVER *** [Th Kd Qh 4d] [9h]
hitthieu is disconnected 
Yoalfre: bets $14.85
hitthieu is connected 
hitthieu: folds 
Uncalled bet ($14.85) returned to Yoalfre
Yoalfre collected $11.88 from pot
Yoalfre: doesn't show hand 
*** SUMMARY ***
Total pot $12.50 | Rake $0.62 
Board [Th Kd Qh 4d 9h]
Seat 1: Yoalfre (big blind) collected ($11.88)
Seat 2: Xenicide folded before Flop (didn't bet)
Seat 3: LuckyShikari folded before Flop (didn't bet)
Seat 4: hitthieu folded on the River
Seat 5: michasia (button) folded before Flop (didn't bet)
Seat 6: ptolejmus (small blind) folded before Flop



PokerStars Hand #254250358899:  Hold'em No Limit ($0.50/$1.00 USD) - 2025/01/07 20:10:13 WET [2025/01/07 15:10:13 ET]
Table 'Astyanax III' 6-max Seat #6 is the button
Seat 1: Yoalfre ($105.88 in chips) 
Seat 2: Xenicide ($104 in chips) 
Seat 3: LuckyShikari ($100 in chips) 
Seat 4: hitthieu ($240 in chips) 
Seat 5: michasia ($103.90 in chips) 
Seat 6: ptolejmus ($10.99 in chips) 
Yoalfre: posts small blind $0.50
Xenicide: posts big blind $1
*** HOLE CARDS ***
LuckyShikari: folds 
hitthieu: folds 
michasia: folds 
ptolejmus: raises $1 to $2
Yoalfre: folds 
Xenicide: calls $1
*** FLOP *** [9c 9h 7d]
Xenicide: checks 
ptolejmus: bets $1.16
Xenicide: folds 
Uncalled bet ($1.16) returned to ptolejmus
ptolejmus collected $4.28 from pot
*** SUMMARY ***
Total pot $4.50 | Rake $0.22 
Board [9c 9h 7d]
Seat 1: Yoalfre (small blind) folded before Flop
Seat 2: Xenicide (big blind) folded on the Flop
Seat 3: LuckyShikari folded before Flop (didn't bet)
Seat 4: hitthieu folded before Flop (didn't bet)
Seat 5: michasia folded before Flop (didn't bet)
Seat 6: ptolejmus (button) collected ($4.28)



PokerStars Hand #254250374006:  Hold'em No Limit ($0.50/$1.00 USD) - 2025/01/07 20:10:57 WET [2025/01/07 15:10:57 ET]
Table 'Astyanax III' 6-max Seat #1 is the button
Seat 1: Yoalfre ($105.38 in chips) 
Seat 2: Xenicide ($102 in chips) 
Seat 3: LuckyShikari ($100 in chips) 
Seat 4: hitthieu ($240 in chips) 
Seat 5: michasia ($103.90 in chips) 
Seat 6: ptolejmus ($13.27 in chips) 
Xenicide: posts small blind $0.50
LuckyShikari: posts big blind $1
*** HOLE CARDS ***
hitthieu is disconnected 
hitthieu is connected 
hitthieu has timed out
hitthieu: folds 
michasia: folds 
ptolejmus: folds 
Yoalfre: raises $1.50 to $2.50
Xenicide: folds 
LuckyShikari: folds 
Uncalled bet ($1.50) returned to Yoalfre
Yoalfre collected $2.50 from pot
Yoalfre: doesn't show hand 
*** SUMMARY ***
Total pot $2.50 | Rake $0 
Seat 1: Yoalfre (button) collected ($2.50)
Seat 2: Xenicide (small blind) folded before Flop
Seat 3: LuckyShikari (big blind) folded before Flop
Seat 4: hitthieu folded before Flop (didn't bet)
Seat 5: michasia folded before Flop (didn't bet)
Seat 6: ptolejmus folded before Flop (didn't bet)



PokerStars Hand #254250389080:  Hold'em No Limit ($0.50/$1.00 USD) - 2025/01/07 20:11:42 WET [2025/01/07 15:11:42 ET]
Table 'Astyanax III' 6-max Seat #2 is the button
Seat 1: Yoalfre ($106.88 in chips) 
Seat 2: Xenicide ($101.50 in chips) 
Seat 3: LuckyShikari ($100 in chips) 
Seat 4: hitthieu ($240 in chips) 
Seat 5: michasia ($103.90 in chips) 
Seat 6: ptolejmus ($13.27 in chips) 
LuckyShikari: posts small blind $0.50
hitthieu: posts big blind $1
*** HOLE CARDS ***
michasia: folds 
ptolejmus: folds 
Yoalfre: folds 
Xenicide: folds 
LuckyShikari: folds 
Uncalled bet ($0.50) returned to hitthieu
hitthieu collected $1 from pot
*** SUMMARY ***
Total pot $1 | Rake $0 
Seat 1: Yoalfre folded before Flop (didn't bet)
Seat 2: Xenicide (button) folded before Flop (didn't bet)
Seat 3: LuckyShikari (small blind) folded before Flop
Seat 4: hitthieu (big blind) collected ($1)
Seat 5: michasia folded before Flop (didn't bet)
Seat 6: ptolejmus folded before Flop (didn't bet)



PokerStars Hand #254250396079:  Hold'em No Limit ($0.50/$1.00 USD) - 2025/01/07 20:12:02 WET [2025/01/07 15:12:02 ET]
Table 'Astyanax III' 6-max Seat #3 is the button
Seat 1: Yoalfre ($106.88 in chips) 
Seat 2: Xenicide ($101.50 in chips) 
Seat 3: LuckyShikari ($100 in chips) 
Seat 4: hitthieu ($240.50 in chips) 
Seat 5: michasia ($103.90 in chips) 
Seat 6: ptolejmus ($13.27 in chips) 
hitthieu: posts small blind $0.50
michasia: posts big blind $1
*** HOLE CARDS ***
ptolejmus: folds 
Yoalfre: folds 
Xenicide: raises $1 to $2
LuckyShikari: raises $6 to $8
hitthieu: folds 
michasia: folds 
Xenicide: folds 
Uncalled bet ($6) returned to LuckyShikari
LuckyShikari collected $5.50 from pot
LuckyShikari: doesn't show hand 
*** SUMMARY ***
Total pot $5.50 | Rake $0 
Seat 1: Yoalfre folded before Flop (didn't bet)
Seat 2: Xenicide folded before Flop
Seat 3: LuckyShikari (button) collected ($5.50)
Seat 4: hitthieu (small blind) folded before Flop
Seat 5: michasia (big blind) folded before Flop
Seat 6: ptolejmus folded before Flop (didn't bet)



PokerStars Hand #254250406002:  Hold'em No Limit ($0.50/$1.00 USD) - 2025/01/07 20:12:32 WET [2025/01/07 15:12:32 ET]
Table 'Astyanax III' 6-max Seat #4 is the button
Seat 1: Yoalfre ($106.88 in chips) 
Seat 2: Xenicide ($100 in chips) 
Seat 3: LuckyShikari ($103.50 in chips) 
Seat 4: hitthieu ($240 in chips) 
Seat 5: michasia ($102.90 in chips) 
Seat 6: ptolejmus ($13.27 in chips) 
michasia: posts small blind $0.50
ptolejmus: posts big blind $1
*** HOLE CARDS ***
Yoalfre: folds 
Xenicide: folds 
LuckyShikari: raises $1.50 to $2.50
hitthieu is disconnected 
hitthieu is connected 
hitthieu: folds 
michasia: folds 
ptolejmus: folds 
Uncalled bet ($1.50) returned to LuckyShikari
LuckyShikari collected $2.50 from pot
LuckyShikari: doesn't show hand 
*** SUMMARY ***
Total pot $2.50 | Rake $0 
Seat 1: Yoalfre folded before Flop (didn't bet)
Seat 2: Xenicide folded before Flop (didn't bet)
Seat 3: LuckyShikari collected ($2.50)
Seat 4: hitthieu (button) folded before Flop (didn't bet)
Seat 5: michasia (small blind) folded before Flop
Seat 6: ptolejmus (big blind) folded before Flop



PokerStars Hand #254250415098:  Hold'em No Limit ($0.50/$1.00 USD) - 2025/01/07 20:12:59 WET [2025/01/07 15:12:59 ET]
Table 'Astyanax III' 6-max Seat #5 is the button
Seat 1: Yoalfre ($106.88 in chips) 
Seat 2: Xenicide ($100 in chips) 
Seat 3: LuckyShikari ($105 in chips) 
Seat 4: hitthieu ($240 in chips) 
Seat 5: michasia ($102.40 in chips) 
Seat 6: ptolejmus ($12.27 in chips) 
ptolejmus: posts small blind $0.50
Yoalfre: posts big blind $1
*** HOLE CARDS ***
Xenicide: folds 
LuckyShikari: raises $1.20 to $2.20
hitthieu is connected 
hitthieu: folds 
michasia: folds 
ptolejmus: folds 
Yoalfre: folds 
Uncalled bet ($1.20) returned to LuckyShikari
LuckyShikari collected $2.50 from pot
LuckyShikari: doesn't show hand 
*** SUMMARY ***
Total pot $2.50 | Rake $0 
Seat 1: Yoalfre (big blind) folded before Flop
Seat 2: Xenicide folded before Flop (didn't bet)
Seat 3: LuckyShikari collected ($2.50)
Seat 4: hitthieu folded before Flop (didn't bet)
Seat 5: michasia (button) folded before Flop (didn't bet)
Seat 6: ptolejmus (small blind) folded before Flop



PokerStars Hand #254250421861:  Hold'em No Limit ($0.50/$1.00 USD) - 2025/01/07 20:13:19 WET [2025/01/07 15:13:19 ET]
Table 'Astyanax III' 6-max Seat #6 is the button
Seat 1: Yoalfre ($105.88 in chips) 
Seat 2: Xenicide ($100 in chips) 
Seat 3: LuckyShikari ($106.50 in chips) 
Seat 4: hitthieu ($240 in chips) 
Seat 5: michasia ($102.40 in chips) 
Seat 6: ptolejmus ($11.77 in chips) 
Yoalfre: posts small blind $0.50
Xenicide: posts big blind $1
*** HOLE CARDS ***
LuckyShikari: raises $2 to $3
hitthieu: folds 
michasia: folds 
ptolejmus: folds 
Yoalfre: folds 
Xenicide: folds 
Uncalled bet ($2) returned to LuckyShikari
LuckyShikari collected $2.50 from pot
LuckyShikari: doesn't show hand 
*** SUMMARY ***
Total pot $2.50 | Rake $0 
Seat 1: Yoalfre (small blind) folded before Flop
Seat 2: Xenicide (big blind) folded before Flop
Seat 3: LuckyShikari collected ($2.50)
Seat 4: hitthieu folded before Flop (didn't bet)
Seat 5: michasia folded before Flop (didn't bet)
Seat 6: ptolejmus (button) folded before Flop (didn't bet)



PokerStars Hand #254250428746:  Hold'em No Limit ($0.50/$1.00 USD) - 2025/01/07 20:13:39 WET [2025/01/07 15:13:39 ET]
Table 'Astyanax III' 6-max Seat #1 is the button
Seat 1: Yoalfre ($105.38 in chips) 
Seat 2: Xenicide ($100 in chips) 
Seat 3: LuckyShikari ($108 in chips) 
Seat 4: hitthieu ($240 in chips) 
Seat 5: michasia ($102.40 in chips) 
Seat 6: ptolejmus ($11.77 in chips) 
Xenicide: posts small blind $0.50
LuckyShikari: posts big blind $1
*** HOLE CARDS ***
hitthieu: folds 
michasia: raises $1.60 to $2.60
ptolejmus: raises $9.17 to $11.77 and is all-in
Yoalfre: folds 
Xenicide: folds 
LuckyShikari: folds 
michasia: calls $9.17
*** FLOP *** [3s Ts Qh]
*** TURN *** [3s Ts Qh] [As]
*** RIVER *** [3s Ts Qh As] [5s]
*** SHOW DOWN ***
michasia: shows [Td Ad] (two pair, Aces and Tens)
ptolejmus: shows [Ac Qs] (a flush, Ace high)
ptolejmus collected $23.79 from pot
*** SUMMARY ***
Total pot $25.04 | Rake $1.25 
Board [3s Ts Qh As 5s]
Seat 1: Yoalfre (button) folded before Flop (didn't bet)
Seat 2: Xenicide (small blind) folded before Flop
Seat 3: LuckyShikari (big blind) folded before Flop
Seat 4: hitthieu folded before Flop (didn't bet)
Seat 5: michasia showed [Td Ad] and lost with two pair, Aces and Tens
Seat 6: ptolejmus showed [Ac Qs] and won ($23.79) with a flush, Ace high



PokerStars Hand #254250438514:  Hold'em No Limit ($0.50/$1.00 USD) - 2025/01/07 20:14:07 WET [2025/01/07 15:14:07 ET]
Table 'Astyanax III' 6-max Seat #2 is the button
Seat 5: michasia ($100 in chips) is sitting out
Seat 1: Yoalfre ($105.38 in chips) 
Seat 2: Xenicide ($100 in chips) 
Seat 3: LuckyShikari ($107 in chips) 
Seat 4: hitthieu ($240 in chips) 
Seat 6: ptolejmus ($23.79 in chips) 
LuckyShikari: posts small blind $0.50
hitthieu: posts big blind $1
*** HOLE CARDS ***
ptolejmus: folds 
Yoalfre: folds 
Xenicide: raises $1.25 to $2.25
LuckyShikari: folds 
hitthieu: calls $1.25
*** FLOP *** [6c Ad Ks]
hitthieu: checks 
Xenicide: bets $1.19
hitthieu: calls $1.19
*** TURN *** [6c Ad Ks] [Jd]
hitthieu: checks 
Xenicide: checks 
*** RIVER *** [6c Ad Ks Jd] [7c]
hitthieu: bets $4
Xenicide: folds 
Uncalled bet ($4) returned to hitthieu
hitthieu collected $6.92 from pot
*** SUMMARY ***
Total pot $7.38 | Rake $0.46 
Board [6c Ad Ks Jd 7c]
Seat 5: michasia
Seat 1: Yoalfre folded before Flop (didn't bet)
Seat 2: Xenicide (button) folded on the River
Seat 3: LuckyShikari (small blind) folded before Flop
Seat 4: hitthieu (big blind) collected ($6.92)
Seat 6: ptolejmus folded before Flop (didn't bet)



PokerStars Hand #254250454943:  Hold'em No Limit ($0.50/$1.00 USD) - 2025/01/07 20:14:56 WET [2025/01/07 15:14:56 ET]
Table 'Astyanax III' 6-max Seat #3 is the button
Seat 5: michasia ($100 in chips) is sitting out
Seat 1: Yoalfre ($105.38 in chips) 
Seat 2: Xenicide ($100 in chips) 
Seat 3: LuckyShikari ($106.50 in chips) 
Seat 4: hitthieu ($243.48 in chips) 
Seat 6: ptolejmus ($23.79 in chips) 
hitthieu: posts small blind $0.50
ptolejmus: posts big blind $1
*** HOLE CARDS ***
Yoalfre: folds 
Xenicide: folds 
LuckyShikari: raises $1 to $2
hitthieu: calls $1.50
ptolejmus: folds 
*** FLOP *** [Kc 7d 6s]
hitthieu: checks 
LuckyShikari: bets $5.50
hitthieu: calls $5.50
*** TURN *** [Kc 7d 6s] [3c]
hitthieu: checks 
LuckyShikari: checks 
*** RIVER *** [Kc 7d 6s 3c] [8h]
hitthieu: bets $5
LuckyShikari: calls $5
*** SHOW DOWN ***
hitthieu: shows [4d Kd] (a pair of Kings)
LuckyShikari: mucks hand 
hitthieu collected $24.38 from pot
*** SUMMARY ***
Total pot $26 | Rake $1.62 
Board [Kc 7d 6s 3c 8h]
Seat 5: michasia
Seat 1: Yoalfre folded before Flop (didn't bet)
Seat 2: Xenicide folded before Flop (didn't bet)
Seat 3: LuckyShikari (button) mucked
Seat 4: hitthieu (small blind) showed [4d Kd] and won ($24.38) with a pair of Kings
Seat 6: ptolejmus (big blind) folded before Flop



PokerStars Hand #254250482939:  Hold'em No Limit ($0.50/$1.00 USD) - 2025/01/07 20:16:19 WET [2025/01/07 15:16:19 ET]
Table 'Astyanax III' 6-max Seat #4 is the button
Seat 5: michasia ($100 in chips) is sitting out
Seat 1: Yoalfre ($105.38 in chips) 
Seat 2: Xenicide ($100 in chips) 
Seat 3: LuckyShikari ($100 in chips) 
Seat 4: hitthieu ($255.36 in chips) 
Seat 6: ptolejmus ($22.79 in chips) 
ptolejmus: posts small blind $0.50
Yoalfre: posts big blind $1
*** HOLE CARDS ***
Xenicide: folds 
LuckyShikari: folds 
hitthieu: folds 
ptolejmus: raises $1.75 to $2.75
Yoalfre: calls $1.75
*** FLOP *** [5s Qc Jh]
ptolejmus: bets $1.41
Yoalfre: folds 
Uncalled bet ($1.41) returned to ptolejmus
ptolejmus collected $5.22 from pot
*** SUMMARY ***
Total pot $5.50 | Rake $0.28 
Board [5s Qc Jh]
Seat 5: michasia
Seat 1: Yoalfre (big blind) folded on the Flop
Seat 2: Xenicide folded before Flop (didn't bet)
Seat 3: LuckyShikari folded before Flop (didn't bet)
Seat 4: hitthieu (button) folded before Flop (didn't bet)
Seat 6: ptolejmus (small blind) collected ($5.22)



PokerStars Hand #254250498448:  Hold'em No Limit ($0.50/$1.00 USD) - 2025/01/07 20:17:05 WET [2025/01/07 15:17:05 ET]
Table 'Astyanax III' 6-max Seat #6 is the button
Seat 5: michasia ($100 in chips) is sitting out
Seat 1: Yoalfre ($102.63 in chips) 
Seat 2: Xenicide ($100 in chips) 
Seat 3: LuckyShikari ($100 in chips) 
Seat 4: hitthieu ($255.36 in chips) 
Seat 6: ptolejmus ($25.26 in chips) 
Yoalfre: posts small blind $0.50
Xenicide: posts big blind $1
*** HOLE CARDS ***
LuckyShikari: raises $1.20 to $2.20
hitthieu: folds 
ptolejmus: folds 
Yoalfre: folds 
Xenicide: calls $1.20
*** FLOP *** [Jc 9s Ac]
Xenicide: checks 
LuckyShikari: checks 
*** TURN *** [Jc 9s Ac] [5d]
Xenicide: bets $5.83
LuckyShikari: raises $14.20 to $20.03
Xenicide: folds 
Uncalled bet ($14.20) returned to LuckyShikari
LuckyShikari collected $15.73 from pot
LuckyShikari: doesn't show hand 
*** SUMMARY ***
Total pot $16.56 | Rake $0.83 
Board [Jc 9s Ac 5d]
Seat 5: michasia
Seat 1: Yoalfre (small blind) folded before Flop
Seat 2: Xenicide (big blind) folded on the Turn
Seat 3: LuckyShikari collected ($15.73)
Seat 4: hitthieu folded before Flop (didn't bet)
Seat 6: ptolejmus (button) folded before Flop (didn't bet)



PokerStars Hand #254250515532:  Hold'em No Limit ($0.50/$1.00 USD) - 2025/01/07 20:17:55 WET [2025/01/07 15:17:55 ET]
Table 'Astyanax III' 6-max Seat #1 is the button
Seat 5: michasia ($100 in chips) is sitting out
Seat 1: Yoalfre ($102.13 in chips) 
Seat 2: Xenicide ($100 in chips) 
Seat 3: LuckyShikari ($107.70 in chips) 
Seat 4: hitthieu ($255.36 in chips) 
Seat 6: ptolejmus ($25.26 in chips) 
Xenicide: posts small blind $0.50
LuckyShikari: posts big blind $1
*** HOLE CARDS ***
hitthieu: folds 
ptolejmus: folds 
Yoalfre: folds 
Xenicide: folds 
Uncalled bet ($0.50) returned to LuckyShikari
LuckyShikari collected $1 from pot
LuckyShikari: doesn't show hand 
*** SUMMARY ***
Total pot $1 | Rake $0 
Seat 5: michasia
Seat 1: Yoalfre (button) folded before Flop (didn't bet)
Seat 2: Xenicide (small blind) folded before Flop
Seat 3: LuckyShikari (big blind) collected ($1)
Seat 4: hitthieu folded before Flop (didn't bet)
Seat 6: ptolejmus folded before Flop (didn't bet)



PokerStars Hand #254250522811:  Hold'em No Limit ($0.50/$1.00 USD) - 2025/01/07 20:18:17 WET [2025/01/07 15:18:17 ET]
Table 'Astyanax III' 6-max Seat #2 is the button
Seat 5: michasia ($100 in chips) is sitting out
Seat 1: Yoalfre ($102.13 in chips) 
Seat 2: Xenicide ($100 in chips) 
Seat 3: LuckyShikari ($108.20 in chips) 
Seat 4: hitthieu ($255.36 in chips) 
Seat 6: ptolejmus ($25.26 in chips) 
LuckyShikari: posts small blind $0.50
hitthieu: posts big blind $1
michasia: sits out 
*** HOLE CARDS ***
ptolejmus: folds 
Yoalfre: raises $1.50 to $2.50
Xenicide: raises $4.50 to $7
LuckyShikari: folds 
hitthieu: folds 
Yoalfre: calls $4.50
*** FLOP *** [Qs Jd 3c]
Yoalfre: checks 
Xenicide: bets $3.68
Yoalfre: calls $3.68
*** TURN *** [Qs Jd 3c] [Ad]
Yoalfre: checks 
Xenicide: bets $21.72
Yoalfre: folds 
Uncalled bet ($21.72) returned to Xenicide
Xenicide collected $21.72 from pot
*** SUMMARY ***
Total pot $22.86 | Rake $1.14 
Board [Qs Jd 3c Ad]
Seat 5: michasia
Seat 1: Yoalfre folded on the Turn
Seat 2: Xenicide (button) collected ($21.72)
Seat 3: LuckyShikari (small blind) folded before Flop
Seat 4: hitthieu (big blind) folded before Flop
Seat 6: ptolejmus folded before Flop (didn't bet)



PokerStars Hand #254250548433:  Hold'em No Limit ($0.50/$1.00 USD) - 2025/01/07 20:19:33 WET [2025/01/07 15:19:33 ET]
Table 'Astyanax III' 6-max Seat #3 is the button
Seat 1: Yoalfre ($100 in chips) 
Seat 2: Xenicide ($111.04 in chips) 
Seat 3: LuckyShikari ($107.70 in chips) 
Seat 4: hitthieu ($254.36 in chips) 
Seat 5: michasia ($100 in chips) 
Seat 6: ptolejmus ($25.26 in chips) 
hitthieu: posts small blind $0.50
michasia: posts big blind $1
*** HOLE CARDS ***
ptolejmus: folds 
Yoalfre: folds 
Xenicide: raises $1 to $2
LuckyShikari: folds 
hitthieu: calls $1.50
michasia: raises $10 to $12
Xenicide: folds 
hitthieu: folds 
Uncalled bet ($10) returned to michasia
michasia collected $6 from pot
michasia: doesn't show hand 
*** SUMMARY ***
Total pot $6 | Rake $0 
Seat 1: Yoalfre folded before Flop (didn't bet)
Seat 2: Xenicide folded before Flop
Seat 3: LuckyShikari (button) folded before Flop (didn't bet)
Seat 4: hitthieu (small blind) folded before Flop
Seat 5: michasia (big blind) collected ($6)
Seat 6: ptolejmus folded before Flop (didn't bet)



PokerStars Hand #254250558434:  Hold'em No Limit ($0.50/$1.00 USD) - 2025/01/07 20:20:03 WET [2025/01/07 15:20:03 ET]
Table 'Astyanax III' 6-max Seat #4 is the button
Seat 1: Yoalfre ($100 in chips) 
Seat 2: Xenicide ($109.04 in chips) 
Seat 3: LuckyShikari ($107.70 in chips) 
Seat 4: hitthieu ($252.36 in chips) 
Seat 5: michasia ($104 in chips) 
Seat 6: ptolejmus ($25.26 in chips) 
michasia: posts small blind $0.50
ptolejmus: posts big blind $1
*** HOLE CARDS ***
Yoalfre: folds 
Xenicide: folds 
LuckyShikari: raises $2.50 to $3.50
hitthieu: folds 
michasia: folds 
ptolejmus: folds 
Uncalled bet ($2.50) returned to LuckyShikari
LuckyShikari collected $2.50 from pot
LuckyShikari: doesn't show hand 
*** SUMMARY ***
Total pot $2.50 | Rake $0 
Seat 1: Yoalfre folded before Flop (didn't bet)
Seat 2: Xenicide folded before Flop (didn't bet)
Seat 3: LuckyShikari collected ($2.50)
Seat 4: hitthieu (button) folded before Flop (didn't bet)
Seat 5: michasia (small blind) folded before Flop
Seat 6: ptolejmus (big blind) folded before Flop



PokerStars Hand #254250564979:  Hold'em No Limit ($0.50/$1.00 USD) - 2025/01/07 20:20:22 WET [2025/01/07 15:20:22 ET]
Table 'Astyanax III' 6-max Seat #5 is the button
Seat 1: Yoalfre ($100 in chips) 
Seat 2: Xenicide ($109.04 in chips) 
Seat 3: LuckyShikari ($109.20 in chips) 
Seat 4: hitthieu ($252.36 in chips) 
Seat 5: michasia ($103.50 in chips) 
Seat 6: ptolejmus ($24.26 in chips) 
ptolejmus: posts small blind $0.50
Yoalfre: posts big blind $1
*** HOLE CARDS ***
Xenicide: folds 
LuckyShikari: raises $1.20 to $2.20
hitthieu: folds 
michasia: folds 
ptolejmus: folds 
Yoalfre: raises $8.80 to $11
LuckyShikari: folds 
Uncalled bet ($8.80) returned to Yoalfre
Yoalfre collected $4.90 from pot
Yoalfre: doesn't show hand 
*** SUMMARY ***
Total pot $4.90 | Rake $0 
Seat 1: Yoalfre (big blind) collected ($4.90)
Seat 2: Xenicide folded before Flop (didn't bet)
Seat 3: LuckyShikari folded before Flop
Seat 4: hitthieu folded before Flop (didn't bet)
Seat 5: michasia (button) folded before Flop (didn't bet)
Seat 6: ptolejmus (small blind) folded before Flop



PokerStars Hand #254250573510:  Hold'em No Limit ($0.50/$1.00 USD) - 2025/01/07 20:20:47 WET [2025/01/07 15:20:47 ET]
Table 'Astyanax III' 6-max Seat #6 is the button
Seat 1: Yoalfre ($102.70 in chips) 
Seat 2: Xenicide ($109.04 in chips) 
Seat 3: LuckyShikari ($107 in chips) 
Seat 4: hitthieu ($252.36 in chips) 
Seat 5: michasia ($103.50 in chips) 
Seat 6: ptolejmus ($23.76 in chips) 
Yoalfre: posts small blind $0.50
Xenicide: posts big blind $1
*** HOLE CARDS ***
LuckyShikari: folds 
hitthieu: folds 
michasia: folds 
ptolejmus: folds 
Yoalfre: raises $2 to $3
Xenicide: calls $2
*** FLOP *** [Td Qh 9h]
Yoalfre: checks 
Xenicide: checks 
*** TURN *** [Td Qh 9h] [As]
Yoalfre: bets $1.88
Xenicide: calls $1.88
*** RIVER *** [Td Qh 9h As] [Kd]
Yoalfre: checks 
Xenicide: checks 
*** SHOW DOWN ***
Yoalfre: shows [6s 7s] (high card Ace)
Xenicide: shows [3d Ah] (a pair of Aces)
Xenicide collected $9.27 from pot
*** SUMMARY ***
Total pot $9.76 | Rake $0.49 
Board [Td Qh 9h As Kd]
Seat 1: Yoalfre (small blind) showed [6s 7s] and lost with high card Ace
Seat 2: Xenicide (big blind) showed [3d Ah] and won ($9.27) with a pair of Aces
Seat 3: LuckyShikari folded before Flop (didn't bet)
Seat 4: hitthieu folded before Flop (didn't bet)
Seat 5: michasia folded before Flop (didn't bet)
Seat 6: ptolejmus (button) folded before Flop (didn't bet)



PokerStars Hand #254250599878:  Hold'em No Limit ($0.50/$1.00 USD) - 2025/01/07 20:22:05 WET [2025/01/07 15:22:05 ET]
Table 'Astyanax III' 6-max Seat #1 is the button
Seat 1: Yoalfre ($100 in chips) 
Seat 2: Xenicide ($113.43 in chips) 
Seat 3: LuckyShikari ($107 in chips) 
Seat 4: hitthieu ($252.36 in chips) 
Seat 5: michasia ($103.50 in chips) 
Seat 6: ptolejmus ($23.76 in chips) 
Xenicide: posts small blind $0.50
LuckyShikari: posts big blind $1
*** HOLE CARDS ***
hitthieu: folds 
michasia: folds 
ptolejmus: raises $1 to $2
Yoalfre: folds 
Xenicide: folds 
LuckyShikari: folds 
Uncalled bet ($1) returned to ptolejmus
ptolejmus collected $2.50 from pot
*** SUMMARY ***
Total pot $2.50 | Rake $0 
Seat 1: Yoalfre (button) folded before Flop (didn't bet)
Seat 2: Xenicide (small blind) folded before Flop
Seat 3: LuckyShikari (big blind) folded before Flop
Seat 4: hitthieu folded before Flop (didn't bet)
Seat 5: michasia folded before Flop (didn't bet)
Seat 6: ptolejmus collected ($2.50)



PokerStars Hand #254250607075:  Hold'em No Limit ($0.50/$1.00 USD) - 2025/01/07 20:22:26 WET [2025/01/07 15:22:26 ET]
Table 'Astyanax III' 6-max Seat #2 is the button
Seat 1: Yoalfre ($100 in chips) 
Seat 2: Xenicide ($112.93 in chips) 
Seat 3: LuckyShikari ($106 in chips) 
Seat 4: hitthieu ($252.36 in chips) 
Seat 5: michasia ($103.50 in chips) 
Seat 6: ptolejmus ($25.26 in chips) 
LuckyShikari: posts small blind $0.50
hitthieu: posts big blind $1
*** HOLE CARDS ***
michasia: folds 
ptolejmus: folds 
Yoalfre: folds 
Xenicide: folds 
LuckyShikari: raises $2.50 to $3.50
hitthieu: calls $2.50
*** FLOP *** [Ks 5s Ts]
LuckyShikari: bets $1.60
hitthieu: calls $1.60
*** TURN *** [Ks 5s Ts] [Ad]
LuckyShikari: checks 
hitthieu: bets $7
LuckyShikari: folds 
Uncalled bet ($7) returned to hitthieu
hitthieu collected $9.56 from pot
*** SUMMARY ***
Total pot $10.20 | Rake $0.64 
Board [Ks 5s Ts Ad]
Seat 1: Yoalfre folded before Flop (didn't bet)
Seat 2: Xenicide (button) folded before Flop (didn't bet)
Seat 3: LuckyShikari (small blind) folded on the Turn
Seat 4: hitthieu (big blind) collected ($9.56)
Seat 5: michasia folded before Flop (didn't bet)
Seat 6: ptolejmus folded before Flop (didn't bet)



PokerStars Hand #254250620836:  Hold'em No Limit ($0.50/$1.00 USD) - 2025/01/07 20:23:07 WET [2025/01/07 15:23:07 ET]
Table 'Astyanax III' 6-max Seat #3 is the button
Seat 1: Yoalfre ($100 in chips) 
Seat 2: Xenicide ($112.93 in chips) 
Seat 3: LuckyShikari ($100.90 in chips) 
Seat 4: hitthieu ($256.82 in chips) 
Seat 5: michasia ($103.50 in chips) 
Seat 6: ptolejmus ($25.26 in chips) 
hitthieu: posts small blind $0.50
michasia: posts big blind $1
*** HOLE CARDS ***
ptolejmus: folds 
Yoalfre: folds 
Xenicide: folds 
LuckyShikari: folds 
hitthieu: raises $1 to $2
michasia: folds 
Uncalled bet ($1) returned to hitthieu
hitthieu collected $2 from pot
*** SUMMARY ***
Total pot $2 | Rake $0 
Seat 1: Yoalfre folded before Flop (didn't bet)
Seat 2: Xenicide folded before Flop (didn't bet)
Seat 3: LuckyShikari (button) folded before Flop (didn't bet)
Seat 4: hitthieu (small blind) collected ($2)
Seat 5: michasia (big blind) folded before Flop
Seat 6: ptolejmus folded before Flop (didn't bet)



PokerStars Hand #254250629276:  Hold'em No Limit ($0.50/$1.00 USD) - 2025/01/07 20:23:32 WET [2025/01/07 15:23:32 ET]
Table 'Astyanax III' 6-max Seat #4 is the button
Seat 1: Yoalfre ($100 in chips) 
Seat 2: Xenicide ($112.93 in chips) 
Seat 3: LuckyShikari ($100.90 in chips) 
Seat 4: hitthieu ($257.82 in chips) 
Seat 5: michasia ($102.50 in chips) 
Seat 6: ptolejmus ($25.26 in chips) 
michasia: posts small blind $0.50
ptolejmus: posts big blind $1
*** HOLE CARDS ***
Yoalfre: raises $1.50 to $2.50
Xenicide: folds 
LuckyShikari: folds 
hitthieu: folds 
michasia: folds 
ptolejmus: folds 
Uncalled bet ($1.50) returned to Yoalfre
Yoalfre collected $2.50 from pot
Yoalfre: doesn't show hand 
*** SUMMARY ***
Total pot $2.50 | Rake $0 
Seat 1: Yoalfre collected ($2.50)
Seat 2: Xenicide folded before Flop (didn't bet)
Seat 3: LuckyShikari folded before Flop (didn't bet)
Seat 4: hitthieu (button) folded before Flop (didn't bet)
Seat 5: michasia (small blind) folded before Flop
Seat 6: ptolejmus (big blind) folded before Flop



PokerStars Hand #254250634842:  Hold'em No Limit ($0.50/$1.00 USD) - 2025/01/07 20:23:48 WET [2025/01/07 15:23:48 ET]
Table 'Astyanax III' 6-max Seat #5 is the button
Seat 1: Yoalfre ($101.50 in chips) 
Seat 2: Xenicide ($112.93 in chips) 
Seat 3: LuckyShikari ($100.90 in chips) 
Seat 4: hitthieu ($257.82 in chips) 
Seat 5: michasia ($102 in chips) 
Seat 6: ptolejmus ($24.26 in chips) 
ptolejmus: posts small blind $0.50
Yoalfre: posts big blind $1
*** HOLE CARDS ***
Xenicide: folds 
LuckyShikari: folds 
hitthieu: raises $2 to $3
michasia: folds 
ptolejmus: folds 
Yoalfre: calls $2
*** FLOP *** [4h 5c As]
Yoalfre: checks 
hitthieu: bets $3
Yoalfre: folds 
Uncalled bet ($3) returned to hitthieu
hitthieu collected $6.10 from pot
*** SUMMARY ***
Total pot $6.50 | Rake $0.40 
Board [4h 5c As]
Seat 1: Yoalfre (big blind) folded on the Flop
Seat 2: Xenicide folded before Flop (didn't bet)
Seat 3: LuckyShikari folded before Flop (didn't bet)
Seat 4: hitthieu collected ($6.10)
Seat 5: michasia (button) folded before Flop (didn't bet)
Seat 6: ptolejmus (small blind) folded before Flop



PokerStars Hand #254250649180:  Hold'em No Limit ($0.50/$1.00 USD) - 2025/01/07 20:24:31 WET [2025/01/07 15:24:31 ET]
Table 'Astyanax III' 6-max Seat #6 is the button
Seat 1: Yoalfre ($100 in chips) 
Seat 2: Xenicide ($112.93 in chips) 
Seat 3: LuckyShikari ($100.90 in chips) 
Seat 4: hitthieu ($260.92 in chips) 
Seat 5: michasia ($102 in chips) 
Seat 6: ptolejmus ($23.76 in chips) 
Yoalfre: posts small blind $0.50
Xenicide: posts big blind $1
*** HOLE CARDS ***
LuckyShikari: folds 
hitthieu: folds 
michasia: folds 
ptolejmus: raises $1 to $2
Yoalfre: folds 
Xenicide: folds 
Uncalled bet ($1) returned to ptolejmus
ptolejmus collected $2.50 from pot
*** SUMMARY ***
Total pot $2.50 | Rake $0 
Seat 1: Yoalfre (small blind) folded before Flop
Seat 2: Xenicide (big blind) folded before Flop
Seat 3: LuckyShikari folded before Flop (didn't bet)
Seat 4: hitthieu folded before Flop (didn't bet)
Seat 5: michasia folded before Flop (didn't bet)
Seat 6: ptolejmus (button) collected ($2.50)



PokerStars Hand #254250657417:  Hold'em No Limit ($0.50/$1.00 USD) - 2025/01/07 20:24:55 WET [2025/01/07 15:24:55 ET]
Table 'Astyanax III' 6-max Seat #1 is the button
Seat 3: LuckyShikari ($100.90 in chips) is sitting out
Seat 1: Yoalfre ($100 in chips) 
Seat 2: Xenicide ($111.93 in chips) 
Seat 4: hitthieu ($260.92 in chips) 
Seat 5: michasia ($102 in chips) 
Seat 6: ptolejmus ($25.26 in chips) 
Xenicide: posts small blind $0.50
LuckyShikari: is sitting out 
hitthieu: posts big blind $1
*** HOLE CARDS ***
michasia: raises $1.60 to $2.60
ptolejmus: folds 
Yoalfre: folds 
Xenicide: folds 
hitthieu: calls $1.60
*** FLOP *** [Qc Qd 3h]
hitthieu: checks 
michasia: bets $1.79
hitthieu: folds 
Uncalled bet ($1.79) returned to michasia
michasia collected $5.42 from pot
michasia: doesn't show hand 
*** SUMMARY ***
Total pot $5.70 | Rake $0.28 
Board [Qc Qd 3h]
Seat 3: LuckyShikari
Seat 1: Yoalfre (button) folded before Flop (didn't bet)
Seat 2: Xenicide (small blind) folded before Flop
Seat 4: hitthieu (big blind) folded on the Flop
Seat 5: michasia collected ($5.42)
Seat 6: ptolejmus folded before Flop (didn't bet)



PokerStars Hand #254250667756:  Hold'em No Limit ($0.50/$1.00 USD) - 2025/01/07 20:25:27 WET [2025/01/07 15:25:27 ET]
Table 'Astyanax III' 6-max Seat #2 is the button
Seat 3: LuckyShikari ($100.90 in chips) is sitting out
Seat 1: Yoalfre ($100 in chips) 
Seat 2: Xenicide ($111.43 in chips) 
Seat 4: hitthieu ($258.32 in chips) 
Seat 5: michasia ($104.82 in chips) 
Seat 6: ptolejmus ($25.26 in chips) 
hitthieu: posts small blind $0.50
michasia: posts big blind $1
*** HOLE CARDS ***
ptolejmus: folds 
Yoalfre: folds 
Xenicide: folds 
hitthieu: folds 
Uncalled bet ($0.50) returned to michasia
michasia collected $1 from pot
michasia: doesn't show hand 
*** SUMMARY ***
Total pot $1 | Rake $0 
Seat 3: LuckyShikari
Seat 1: Yoalfre folded before Flop (didn't bet)
Seat 2: Xenicide (button) folded before Flop (didn't bet)
Seat 4: hitthieu (small blind) folded before Flop
Seat 5: michasia (big blind) collected ($1)
Seat 6: ptolejmus folded before Flop (didn't bet)



PokerStars Hand #254250671929:  Hold'em No Limit ($0.50/$1.00 USD) - 2025/01/07 20:25:39 WET [2025/01/07 15:25:39 ET]
Table 'Astyanax III' 6-max Seat #4 is the button
Seat 3: LuckyShikari ($100.90 in chips) is sitting out
Seat 1: Yoalfre ($100 in chips) 
Seat 2: Xenicide ($111.43 in chips) 
Seat 4: hitthieu ($257.82 in chips) 
Seat 5: michasia ($105.32 in chips) 
Seat 6: ptolejmus ($25.26 in chips) 
michasia: posts small blind $0.50
ptolejmus: posts big blind $1
*** HOLE CARDS ***
Yoalfre: raises $1.50 to $2.50
Xenicide: folds 
hitthieu: calls $2.50
michasia: folds 
ptolejmus: calls $1.50
*** FLOP *** [Qs Ks Kd]
ptolejmus: checks 
Yoalfre: bets $2.51
hitthieu: calls $2.51
ptolejmus: folds 
*** TURN *** [Qs Ks Kd] [6d]
Yoalfre: checks 
hitthieu: bets $7
Yoalfre: folds 
Uncalled bet ($7) returned to hitthieu
hitthieu collected $12.21 from pot
*** SUMMARY ***
Total pot $13.02 | Rake $0.81 
Board [Qs Ks Kd 6d]
Seat 3: LuckyShikari
Seat 1: Yoalfre folded on the Turn
Seat 2: Xenicide folded before Flop (didn't bet)
Seat 4: hitthieu (button) collected ($12.21)
Seat 5: michasia (small blind) folded before Flop
Seat 6: ptolejmus (big blind) folded on the Flop



PokerStars Hand #254250695334:  Hold'em No Limit ($0.50/$1.00 USD) - 2025/01/07 20:26:49 WET [2025/01/07 15:26:49 ET]
Table 'Astyanax III' 6-max Seat #5 is the button
Seat 3: LuckyShikari ($100.90 in chips) is sitting out
Seat 1: Yoalfre ($100 in chips) 
Seat 2: Xenicide ($111.43 in chips) 
Seat 4: hitthieu ($265.02 in chips) 
Seat 5: michasia ($104.82 in chips) 
Seat 6: ptolejmus ($22.76 in chips) 
ptolejmus: posts small blind $0.50
Yoalfre: posts big blind $1
*** HOLE CARDS ***
Xenicide: folds 
hitthieu: raises $1 to $2
michasia: calls $2
ptolejmus: folds 
Yoalfre: calls $1
*** FLOP *** [2s Ts 7d]
Yoalfre: checks 
hitthieu: checks 
michasia: bets $4.12
Yoalfre: calls $4.12
hitthieu: folds 
*** TURN *** [2s Ts 7d] [As]
Yoalfre: checks 
michasia: checks 
*** RIVER *** [2s Ts 7d As] [Kd]
Yoalfre: bets $13.30
michasia: folds 
Uncalled bet ($13.30) returned to Yoalfre
Yoalfre collected $14 from pot
Yoalfre: doesn't show hand 
*** SUMMARY ***
Total pot $14.74 | Rake $0.74 
Board [2s Ts 7d As Kd]
Seat 3: LuckyShikari
Seat 1: Yoalfre (big blind) collected ($14)
Seat 2: Xenicide folded before Flop (didn't bet)
Seat 4: hitthieu folded on the Flop
Seat 5: michasia (button) folded on the River
Seat 6: ptolejmus (small blind) folded before Flop



PokerStars Hand #254250719541:  Hold'em No Limit ($0.50/$1.00 USD) - 2025/01/07 20:28:01 WET [2025/01/07 15:28:01 ET]
Table 'Astyanax III' 6-max Seat #6 is the button
Seat 3: LuckyShikari ($100.90 in chips) is sitting out
Seat 1: Yoalfre ($107.88 in chips) 
Seat 2: Xenicide ($111.43 in chips) 
Seat 4: hitthieu ($263.02 in chips) 
Seat 5: michasia ($100 in chips) 
Seat 6: ptolejmus ($22.26 in chips) 
Yoalfre: posts small blind $0.50
Xenicide: posts big blind $1
*** HOLE CARDS ***
hitthieu: folds 
michasia: raises $1.80 to $2.80
ptolejmus: folds 
hitthieu leaves the table
Yoalfre: raises $8.20 to $11
Xenicide: folds 
michasia: folds 
Uncalled bet ($8.20) returned to Yoalfre
Yoalfre collected $6.60 from pot
Yoalfre: doesn't show hand 
*** SUMMARY ***
Total pot $6.60 | Rake $0 
Seat 3: LuckyShikari
Seat 1: Yoalfre (small blind) collected ($6.60)
Seat 2: Xenicide (big blind) folded before Flop
Seat 4: hitthieu folded before Flop (didn't bet)
Seat 5: michasia folded before Flop
Seat 6: ptolejmus (button) folded before Flop (didn't bet)



PokerStars Hand #254250732781:  Hold'em No Limit ($0.50/$1.00 USD) - 2025/01/07 20:28:41 WET [2025/01/07 15:28:41 ET]
Table 'Astyanax III' 6-max Seat #1 is the button
Seat 3: LuckyShikari ($100.90 in chips) is sitting out
Seat 1: Yoalfre ($111.68 in chips) 
Seat 2: Xenicide ($110.43 in chips) 
Seat 5: michasia ($100 in chips) 
Seat 6: ptolejmus ($22.26 in chips) 
Xenicide: posts small blind $0.50
michasia: posts big blind $1
*** HOLE CARDS ***
ptolejmus: raises $1 to $2
LuckyShikari leaves the table
Yoalfre: folds 
Xenicide: folds 
michasia: calls $1
*** FLOP *** [4h 7h 8d]
michasia: checks 
ptolejmus: checks 
*** TURN *** [4h 7h 8d] [As]
michasia: checks 
ptolejmus: checks 
*** RIVER *** [4h 7h 8d As] [Qc]
michasia: checks 
ptolejmus: bets $3.21
michasia: folds 
Uncalled bet ($3.21) returned to ptolejmus
ptolejmus collected $4.28 from pot
*** SUMMARY ***
Total pot $4.50 | Rake $0.22 
Board [4h 7h 8d As Qc]
Seat 3: LuckyShikari
Seat 1: Yoalfre (button) folded before Flop (didn't bet)
Seat 2: Xenicide (small blind) folded before Flop
Seat 5: michasia (big blind) folded on the River
Seat 6: ptolejmus collected ($4.28)



