PokerStars Hand #254246958192:  Hold'em No Limit ($0.50/$1.00 USD) - 2025/01/07 16:47:44 WET [2025/01/07 11:47:44 ET]
Table 'Graffias III' 6-max Seat #6 is the button
Seat 3: yxo_opka ($40 in chips) is sitting out
Seat 5: vadjkeee ($100 in chips) is sitting out
Seat 1: tintin641 ($100 in chips) 
Seat 2: YeeesMan ($100 in chips) 
Seat 6: Alavits ($105.05 in chips) 
tintin641: posts small blind $0.50
YeeesMan: posts big blind $1
yxo_opka: sits out 
vadjkeee: sits out 
*** HOLE CARDS ***
Alavits: folds 
tintin641: folds 
Uncalled bet ($0.50) returned to YeeesMan
YeeesMan collected $1 from pot
YeeesMan: doesn't show hand 
*** SUMMARY ***
Total pot $1 | Rake $0 
Seat 3: yxo_opka
Seat 5: vadjkeee
Seat 1: tintin641 (small blind) folded before Flop
Seat 2: YeeesMan (big blind) collected ($1)
Seat 6: Alavits (button) folded before Flop (didn't bet)



PokerStars Hand #254246960745:  Hold'em No Limit ($0.50/$1.00 USD) - 2025/01/07 16:47:54 WET [2025/01/07 11:47:54 ET]
Table 'Graffias III' 6-max Seat #1 is the button
Seat 5: vadjkeee ($100 in chips) is sitting out
Seat 1: tintin641 ($100 in chips) 
Seat 2: YeeesMan ($100.50 in chips) 
Seat 3: yxo_opka ($40 in chips) 
Seat 6: Alavits ($105.05 in chips) 
YeeesMan: posts small blind $0.50
yxo_opka: posts big blind $1
vadjkeee: sits out 
*** HOLE CARDS ***
Alavits: raises $1 to $2
tintin641: folds 
YeeesMan: calls $1.50
yxo_opka: folds 
*** FLOP *** [6h Qc 8c]
YeeesMan: checks 
Alavits: bets $3
YeeesMan: calls $3
*** TURN *** [6h Qc 8c] [5d]
YeeesMan: checks 
Alavits: bets $3
YeeesMan: calls $3
*** RIVER *** [6h Qc 8c 5d] [As]
MaRKiToScoK joins the table at seat #4 
YeeesMan: checks 
Alavits: bets $7
YeeesMan: folds 
Uncalled bet ($7) returned to Alavits
Alavits collected $16.15 from pot
*** SUMMARY ***
Total pot $17 | Rake $0.85 
Board [6h Qc 8c 5d As]
Seat 5: vadjkeee
Seat 1: tintin641 (button) folded before Flop (didn't bet)
Seat 2: YeeesMan (small blind) folded on the River
Seat 3: yxo_opka (big blind) folded before Flop
Seat 6: Alavits collected ($16.15)



PokerStars Hand #254246976182:  Hold'em No Limit ($0.50/$1.00 USD) - 2025/01/07 16:48:59 WET [2025/01/07 11:48:59 ET]
Table 'Graffias III' 6-max Seat #2 is the button
Seat 5: vadjkeee ($100 in chips) is sitting out
Seat 1: tintin641 ($100 in chips) 
Seat 2: YeeesMan ($100 in chips) 
Seat 3: yxo_opka ($39 in chips) 
Seat 4: MaRKiToScoK ($100 in chips) 
Seat 6: Alavits ($113.20 in chips) 
yxo_opka: posts small blind $0.50
MaRKiToScoK: posts big blind $1
vadjkeee: sits out 
*** HOLE CARDS ***
Alavits: calls $1
tintin641: folds 
YeeesMan: folds 
yxo_opka: calls $0.50
MaRKiToScoK: checks 
*** FLOP *** [4h 5c 2d]
yxo_opka: checks 
MaRKiToScoK: checks 
Alavits: bets $2
yxo_opka: calls $2
MaRKiToScoK: calls $2
*** TURN *** [4h 5c 2d] [8h]
yxo_opka: checks 
MaRKiToScoK: checks 
Alavits: bets $2
yxo_opka: calls $2
MaRKiToScoK: folds 
*** RIVER *** [4h 5c 2d 8h] [Qh]
yxo_opka: bets $21
Alavits: folds 
Uncalled bet ($21) returned to yxo_opka
yxo_opka collected $12.35 from pot
yxo_opka: doesn't show hand 
*** SUMMARY ***
Total pot $13 | Rake $0.65 
Board [4h 5c 2d 8h Qh]
Seat 5: vadjkeee
Seat 1: tintin641 folded before Flop (didn't bet)
Seat 2: YeeesMan (button) folded before Flop (didn't bet)
Seat 3: yxo_opka (small blind) collected ($12.35)
Seat 4: MaRKiToScoK (big blind) folded on the Turn
Seat 6: Alavits folded on the River



PokerStars Hand #254247003488:  Hold'em No Limit ($0.50/$1.00 USD) - 2025/01/07 16:50:52 WET [2025/01/07 11:50:52 ET]
Table 'Graffias III' 6-max Seat #3 is the button
Seat 1: tintin641 ($100 in chips) 
Seat 2: YeeesMan ($100 in chips) 
Seat 3: yxo_opka ($46.35 in chips) 
Seat 4: MaRKiToScoK ($100 in chips) 
Seat 5: vadjkeee ($100 in chips) 
Seat 6: Alavits ($108.20 in chips) 
MaRKiToScoK: posts small blind $0.50
vadjkeee: posts big blind $1
*** HOLE CARDS ***
Alavits: calls $1
tintin641: raises $3 to $4
YeeesMan: folds 
yxo_opka: folds 
MaRKiToScoK: folds 
vadjkeee: folds 
Alavits: calls $3
*** FLOP *** [As 9c 6h]
Alavits: checks 
tintin641: checks 
*** TURN *** [As 9c 6h] [Qh]
Alavits: bets $3
tintin641: calls $3
*** RIVER *** [As 9c 6h Qh] [8s]
Alavits: bets $10
tintin641: folds 
Uncalled bet ($10) returned to Alavits
Alavits collected $14.72 from pot
Alavits: shows [8h Ac] (two pair, Aces and Eights)
*** SUMMARY ***
Total pot $15.50 | Rake $0.78 
Board [As 9c 6h Qh 8s]
Seat 1: tintin641 folded on the River
Seat 2: YeeesMan folded before Flop (didn't bet)
Seat 3: yxo_opka (button) folded before Flop (didn't bet)
Seat 4: MaRKiToScoK (small blind) folded before Flop
Seat 5: vadjkeee (big blind) folded before Flop
Seat 6: Alavits collected ($14.72)



PokerStars Hand #254247020727:  Hold'em No Limit ($0.50/$1.00 USD) - 2025/01/07 16:52:04 WET [2025/01/07 11:52:04 ET]
Table 'Graffias III' 6-max Seat #4 is the button
Seat 1: tintin641 ($100 in chips) 
Seat 2: YeeesMan ($100 in chips) 
Seat 3: yxo_opka ($46.35 in chips) 
Seat 4: MaRKiToScoK ($100 in chips) 
Seat 5: vadjkeee ($100 in chips) 
Seat 6: Alavits ($115.92 in chips) 
vadjkeee: posts small blind $0.50
Alavits: posts big blind $1
*** HOLE CARDS ***
tintin641: folds 
YeeesMan: folds 
yxo_opka: folds 
MaRKiToScoK: raises $1.50 to $2.50
vadjkeee: folds 
Alavits: calls $1.50
*** FLOP *** [3s 6d 7c]
Alavits: checks 
MaRKiToScoK: bets $1.57
Alavits: calls $1.57
*** TURN *** [3s 6d 7c] [Jd]
Alavits: checks 
MaRKiToScoK: checks 
*** RIVER *** [3s 6d 7c Jd] [Kh]
Alavits: checks 
MaRKiToScoK: checks 
*** SHOW DOWN ***
Alavits: shows [9s Td] (high card King)
MaRKiToScoK: shows [5c 5h] (a pair of Fives)
MaRKiToScoK collected $8.21 from pot
*** SUMMARY ***
Total pot $8.64 | Rake $0.43 
Board [3s 6d 7c Jd Kh]
Seat 1: tintin641 folded before Flop (didn't bet)
Seat 2: YeeesMan folded before Flop (didn't bet)
Seat 3: yxo_opka folded before Flop (didn't bet)
Seat 4: MaRKiToScoK (button) showed [5c 5h] and won ($8.21) with a pair of Fives
Seat 5: vadjkeee (small blind) folded before Flop
Seat 6: Alavits (big blind) showed [9s Td] and lost with high card King



PokerStars Hand #254247030942:  Hold'em No Limit ($0.50/$1.00 USD) - 2025/01/07 16:52:47 WET [2025/01/07 11:52:47 ET]
Table 'Graffias III' 6-max Seat #5 is the button
Seat 1: tintin641 ($100 in chips) 
Seat 2: YeeesMan ($100 in chips) 
Seat 3: yxo_opka ($46.35 in chips) 
Seat 4: MaRKiToScoK ($104.14 in chips) 
Seat 5: vadjkeee ($100 in chips) 
Seat 6: Alavits ($111.85 in chips) 
Alavits: posts small blind $0.50
tintin641: posts big blind $1
*** HOLE CARDS ***
YeeesMan: raises $1.50 to $2.50
yxo_opka: folds 
MaRKiToScoK: folds 
vadjkeee: folds 
Alavits: calls $2
tintin641: calls $1.50
*** FLOP *** [6h Js Qh]
Alavits: checks 
tintin641: checks 
YeeesMan: bets $5.34
Alavits: folds 
tintin641: raises $13.35 to $18.69
YeeesMan: calls $13.35
*** TURN *** [6h Js Qh] [7s]
tintin641: bets $78.81 and is all-in
YeeesMan: folds 
Uncalled bet ($78.81) returned to tintin641
tintin641 collected $42.64 from pot
tintin641: doesn't show hand 
*** SUMMARY ***
Total pot $44.88 | Rake $2.24 
Board [6h Js Qh 7s]
Seat 1: tintin641 (big blind) collected ($42.64)
Seat 2: YeeesMan folded on the Turn
Seat 3: yxo_opka folded before Flop (didn't bet)
Seat 4: MaRKiToScoK folded before Flop (didn't bet)
Seat 5: vadjkeee (button) folded before Flop (didn't bet)
Seat 6: Alavits (small blind) folded on the Flop



PokerStars Hand #254247058555:  Hold'em No Limit ($0.50/$1.00 USD) - 2025/01/07 16:54:41 WET [2025/01/07 11:54:41 ET]
Table 'Graffias III' 6-max Seat #6 is the button
Seat 1: tintin641 ($121.45 in chips) 
Seat 2: YeeesMan ($100 in chips) 
Seat 3: yxo_opka ($46.35 in chips) 
Seat 4: MaRKiToScoK ($104.14 in chips) 
Seat 5: vadjkeee ($100 in chips) 
Seat 6: Alavits ($109.35 in chips) 
tintin641: posts small blind $0.50
YeeesMan: posts big blind $1
*** HOLE CARDS ***
yxo_opka: folds 
MaRKiToScoK: raises $1.10 to $2.10
vadjkeee: folds 
Alavits: raises $1.10 to $3.20
tintin641: folds 
YeeesMan: folds 
MaRKiToScoK: calls $1.10
*** FLOP *** [6s 2s 8c]
MaRKiToScoK: checks 
Alavits: bets $3
MaRKiToScoK: folds 
Uncalled bet ($3) returned to Alavits
Alavits collected $7.50 from pot
*** SUMMARY ***
Total pot $7.90 | Rake $0.40 
Board [6s 2s 8c]
Seat 1: tintin641 (small blind) folded before Flop
Seat 2: YeeesMan (big blind) folded before Flop
Seat 3: yxo_opka folded before Flop (didn't bet)
Seat 4: MaRKiToScoK folded on the Flop
Seat 5: vadjkeee folded before Flop (didn't bet)
Seat 6: Alavits (button) collected ($7.50)



PokerStars Hand #254247071944:  Hold'em No Limit ($0.50/$1.00 USD) - 2025/01/07 16:55:45 WET [2025/01/07 11:55:45 ET]
Table 'Graffias III' 6-max Seat #1 is the button
Seat 1: tintin641 ($120.95 in chips) 
Seat 2: YeeesMan ($100 in chips) 
Seat 3: yxo_opka ($46.35 in chips) 
Seat 4: MaRKiToScoK ($100.94 in chips) 
Seat 5: vadjkeee ($100 in chips) 
Seat 6: Alavits ($113.65 in chips) 
YeeesMan: posts small blind $0.50
yxo_opka: posts big blind $1
*** HOLE CARDS ***
MaRKiToScoK: folds 
vadjkeee: folds 
Alavits: calls $1
tintin641: raises $3 to $4
YeeesMan: folds 
yxo_opka: folds 
Alavits: calls $3
*** FLOP *** [6s Ks 6d]
Alavits: checks 
tintin641: bets $2.98
Alavits: raises $2.98 to $5.96
tintin641: folds 
Uncalled bet ($2.98) returned to Alavits
Alavits collected $14.69 from pot
*** SUMMARY ***
Total pot $15.46 | Rake $0.77 
Board [6s Ks 6d]
Seat 1: tintin641 (button) folded on the Flop
Seat 2: YeeesMan (small blind) folded before Flop
Seat 3: yxo_opka (big blind) folded before Flop
Seat 4: MaRKiToScoK folded before Flop (didn't bet)
Seat 5: vadjkeee folded before Flop (didn't bet)
Seat 6: Alavits collected ($14.69)



PokerStars Hand #254247080901:  Hold'em No Limit ($0.50/$1.00 USD) - 2025/01/07 16:56:33 WET [2025/01/07 11:56:33 ET]
Table 'Graffias III' 6-max Seat #2 is the button
Seat 1: tintin641 ($113.97 in chips) 
Seat 2: YeeesMan ($100 in chips) 
Seat 3: yxo_opka ($45.35 in chips) 
Seat 4: MaRKiToScoK ($100.94 in chips) 
Seat 5: vadjkeee ($100 in chips) 
Seat 6: Alavits ($121.36 in chips) 
yxo_opka: posts small blind $0.50
MaRKiToScoK: posts big blind $1
*** HOLE CARDS ***
vadjkeee: folds 
Alavits: calls $1
tintin641: folds 
YeeesMan: raises $2.50 to $3.50
yxo_opka: folds 
MaRKiToScoK: calls $2.50
Alavits: calls $2.50
*** FLOP *** [4s 7h 3d]
MaRKiToScoK: checks 
Alavits: checks 
YeeesMan: bets $7.84
MaRKiToScoK: calls $7.84
Alavits: folds 
*** TURN *** [4s 7h 3d] [Td]
MaRKiToScoK: checks 
YeeesMan: bets $19.01
MaRKiToScoK: folds 
Uncalled bet ($19.01) returned to YeeesMan
YeeesMan collected $25.35 from pot
YeeesMan: doesn't show hand 
*** SUMMARY ***
Total pot $26.68 | Rake $1.33 
Board [4s 7h 3d Td]
Seat 1: tintin641 folded before Flop (didn't bet)
Seat 2: YeeesMan (button) collected ($25.35)
Seat 3: yxo_opka (small blind) folded before Flop
Seat 4: MaRKiToScoK (big blind) folded on the Turn
Seat 5: vadjkeee folded before Flop (didn't bet)
Seat 6: Alavits folded on the Flop



PokerStars Hand #254247094491:  Hold'em No Limit ($0.50/$1.00 USD) - 2025/01/07 16:57:46 WET [2025/01/07 11:57:46 ET]
Table 'Graffias III' 6-max Seat #3 is the button
Seat 1: tintin641 ($113.97 in chips) 
Seat 2: YeeesMan ($114.01 in chips) 
Seat 3: yxo_opka ($44.85 in chips) 
Seat 4: MaRKiToScoK ($100 in chips) 
Seat 5: vadjkeee ($100 in chips) 
Seat 6: Alavits ($117.86 in chips) 
MaRKiToScoK: posts small blind $0.50
vadjkeee: posts big blind $1
*** HOLE CARDS ***
Alavits: calls $1
tintin641: folds 
YeeesMan: raises $2.50 to $3.50
yxo_opka: folds 
MaRKiToScoK: folds 
vadjkeee: calls $2.50
Alavits: calls $2.50
*** FLOP *** [Th 7s 7c]
vadjkeee: checks 
Alavits: checks 
YeeesMan: checks 
*** TURN *** [Th 7s 7c] [6d]
vadjkeee: checks 
Alavits: checks 
YeeesMan: checks 
*** RIVER *** [Th 7s 7c 6d] [2d]
vadjkeee: checks 
Alavits: bets $4
YeeesMan: folds 
vadjkeee: calls $4
*** SHOW DOWN ***
Alavits: shows [2c Kd] (two pair, Sevens and Deuces)
vadjkeee: shows [5c 5h] (two pair, Sevens and Fives)
vadjkeee collected $18.05 from pot
*** SUMMARY ***
Total pot $19 | Rake $0.95 
Board [Th 7s 7c 6d 2d]
Seat 1: tintin641 folded before Flop (didn't bet)
Seat 2: YeeesMan folded on the River
Seat 3: yxo_opka (button) folded before Flop (didn't bet)
Seat 4: MaRKiToScoK (small blind) folded before Flop
Seat 5: vadjkeee (big blind) showed [5c 5h] and won ($18.05) with two pair, Sevens and Fives
Seat 6: Alavits showed [2c Kd] and lost with two pair, Sevens and Deuces



PokerStars Hand #254247112987:  Hold'em No Limit ($0.50/$1.00 USD) - 2025/01/07 16:59:25 WET [2025/01/07 11:59:25 ET]
Table 'Graffias III' 6-max Seat #4 is the button
Seat 1: tintin641 ($113.97 in chips) 
Seat 2: YeeesMan ($110.51 in chips) 
Seat 3: yxo_opka ($44.85 in chips) 
Seat 4: MaRKiToScoK ($100 in chips) 
Seat 5: vadjkeee ($110.55 in chips) 
Seat 6: Alavits ($110.36 in chips) 
vadjkeee: posts small blind $0.50
Alavits: posts big blind $1
*** HOLE CARDS ***
tintin641: folds 
YeeesMan: folds 
yxo_opka: folds 
MaRKiToScoK: raises $1.50 to $2.50
vadjkeee: folds 
Alavits: calls $1.50
*** FLOP *** [2d 6d 3h]
Alavits: checks 
MaRKiToScoK: bets $3.92
Alavits: folds 
Uncalled bet ($3.92) returned to MaRKiToScoK
MaRKiToScoK collected $5.22 from pot
*** SUMMARY ***
Total pot $5.50 | Rake $0.28 
Board [2d 6d 3h]
Seat 1: tintin641 folded before Flop (didn't bet)
Seat 2: YeeesMan folded before Flop (didn't bet)
Seat 3: yxo_opka folded before Flop (didn't bet)
Seat 4: MaRKiToScoK (button) collected ($5.22)
Seat 5: vadjkeee (small blind) folded before Flop
Seat 6: Alavits (big blind) folded on the Flop



PokerStars Hand #254247122899:  Hold'em No Limit ($0.50/$1.00 USD) - 2025/01/07 17:00:17 WET [2025/01/07 12:00:17 ET]
Table 'Graffias III' 6-max Seat #5 is the button
Seat 1: tintin641 ($113.97 in chips) 
Seat 2: YeeesMan ($110.51 in chips) 
Seat 3: yxo_opka ($44.85 in chips) 
Seat 4: MaRKiToScoK ($102.72 in chips) 
Seat 5: vadjkeee ($110.05 in chips) 
Seat 6: Alavits ($107.86 in chips) 
Alavits: posts small blind $0.50
tintin641: posts big blind $1
*** HOLE CARDS ***
YeeesMan: raises $1.50 to $2.50
yxo_opka: folds 
MaRKiToScoK: folds 
vadjkeee: folds 
Alavits: calls $2
tintin641: folds 
*** FLOP *** [2c 3h Qs]
Alavits: checks 
YeeesMan: bets $1.88
Alavits: folds 
Uncalled bet ($1.88) returned to YeeesMan
YeeesMan collected $5.70 from pot
YeeesMan: doesn't show hand 
*** SUMMARY ***
Total pot $6 | Rake $0.30 
Board [2c 3h Qs]
Seat 1: tintin641 (big blind) folded before Flop
Seat 2: YeeesMan collected ($5.70)
Seat 3: yxo_opka folded before Flop (didn't bet)
Seat 4: MaRKiToScoK folded before Flop (didn't bet)
Seat 5: vadjkeee (button) folded before Flop (didn't bet)
Seat 6: Alavits (small blind) folded on the Flop



PokerStars Hand #254247130131:  Hold'em No Limit ($0.50/$1.00 USD) - 2025/01/07 17:00:53 WET [2025/01/07 12:00:53 ET]
Table 'Graffias III' 6-max Seat #6 is the button
Seat 1: tintin641 ($112.97 in chips) 
Seat 2: YeeesMan ($113.71 in chips) 
Seat 3: yxo_opka ($44.85 in chips) 
Seat 4: MaRKiToScoK ($102.72 in chips) 
Seat 5: vadjkeee ($110.05 in chips) 
Seat 6: Alavits ($105.36 in chips) 
tintin641: posts small blind $0.50
YeeesMan: posts big blind $1
*** HOLE CARDS ***
yxo_opka: raises $1.50 to $2.50
MaRKiToScoK: folds 
vadjkeee: folds 
Alavits: folds 
tintin641: folds 
YeeesMan: folds 
Uncalled bet ($1.50) returned to yxo_opka
yxo_opka collected $2.50 from pot
yxo_opka: doesn't show hand 
*** SUMMARY ***
Total pot $2.50 | Rake $0 
Seat 1: tintin641 (small blind) folded before Flop
Seat 2: YeeesMan (big blind) folded before Flop
Seat 3: yxo_opka collected ($2.50)
Seat 4: MaRKiToScoK folded before Flop (didn't bet)
Seat 5: vadjkeee folded before Flop (didn't bet)
Seat 6: Alavits (button) folded before Flop (didn't bet)



PokerStars Hand #254247136619:  Hold'em No Limit ($0.50/$1.00 USD) - 2025/01/07 17:01:23 WET [2025/01/07 12:01:23 ET]
Table 'Graffias III' 6-max Seat #1 is the button
Seat 1: tintin641 ($112.47 in chips) 
Seat 2: YeeesMan ($112.71 in chips) 
Seat 3: yxo_opka ($46.35 in chips) 
Seat 4: MaRKiToScoK ($102.72 in chips) 
Seat 5: vadjkeee ($110.05 in chips) 
Seat 6: Alavits ($105.36 in chips) 
YeeesMan: posts small blind $0.50
yxo_opka: posts big blind $1
*** HOLE CARDS ***
MaRKiToScoK: raises $1.10 to $2.10
vadjkeee: folds 
Alavits: folds 
tintin641: folds 
YeeesMan: folds 
yxo_opka: calls $1.10
*** FLOP *** [Js 9s 4h]
yxo_opka: checks 
MaRKiToScoK: checks 
*** TURN *** [Js 9s 4h] [4d]
yxo_opka: checks 
MaRKiToScoK: bets $3.34
yxo_opka: raises $5.66 to $9
MaRKiToScoK: calls $5.66
*** RIVER *** [Js 9s 4h 4d] [8h]
yxo_opka: bets $35.25 and is all-in
MaRKiToScoK: folds 
Uncalled bet ($35.25) returned to yxo_opka
yxo_opka collected $21.56 from pot
yxo_opka: doesn't show hand 
*** SUMMARY ***
Total pot $22.70 | Rake $1.14 
Board [Js 9s 4h 4d 8h]
Seat 1: tintin641 (button) folded before Flop (didn't bet)
Seat 2: YeeesMan (small blind) folded before Flop
Seat 3: yxo_opka (big blind) collected ($21.56)
Seat 4: MaRKiToScoK folded on the River
Seat 5: vadjkeee folded before Flop (didn't bet)
Seat 6: Alavits folded before Flop (didn't bet)



PokerStars Hand #254247150749:  Hold'em No Limit ($0.50/$1.00 USD) - 2025/01/07 17:02:26 WET [2025/01/07 12:02:26 ET]
Table 'Graffias III' 6-max Seat #2 is the button
Seat 1: tintin641 ($112.47 in chips) 
Seat 2: YeeesMan ($112.21 in chips) 
Seat 3: yxo_opka ($56.81 in chips) 
Seat 4: MaRKiToScoK ($100 in chips) 
Seat 5: vadjkeee ($110.05 in chips) 
Seat 6: Alavits ($105.36 in chips) 
yxo_opka: posts small blind $0.50
MaRKiToScoK: posts big blind $1
*** HOLE CARDS ***
vadjkeee: folds 
Alavits: folds 
tintin641: folds 
YeeesMan: raises $1.50 to $2.50
yxo_opka: folds 
MaRKiToScoK: calls $1.50
*** FLOP *** [Js 4c 9h]
MaRKiToScoK: checks 
YeeesMan: checks 
*** TURN *** [Js 4c 9h] [7h]
MaRKiToScoK: checks 
YeeesMan: bets $3.92
MaRKiToScoK: calls $3.92
*** RIVER *** [Js 4c 9h 7h] [Td]
MaRKiToScoK: checks 
YeeesMan: bets $9.50
MaRKiToScoK: calls $9.50
*** SHOW DOWN ***
YeeesMan: shows [8s Ah] (a straight, Seven to Jack)
MaRKiToScoK: mucks hand 
YeeesMan collected $30.72 from pot
*** SUMMARY ***
Total pot $32.34 | Rake $1.62 
Board [Js 4c 9h 7h Td]
Seat 1: tintin641 folded before Flop (didn't bet)
Seat 2: YeeesMan (button) showed [8s Ah] and won ($30.72) with a straight, Seven to Jack
Seat 3: yxo_opka (small blind) folded before Flop
Seat 4: MaRKiToScoK (big blind) mucked
Seat 5: vadjkeee folded before Flop (didn't bet)
Seat 6: Alavits folded before Flop (didn't bet)



PokerStars Hand #254247174126:  Hold'em No Limit ($0.50/$1.00 USD) - 2025/01/07 17:04:02 WET [2025/01/07 12:04:02 ET]
Table 'Graffias III' 6-max Seat #3 is the button
Seat 1: tintin641 ($112.47 in chips) 
Seat 2: YeeesMan ($127.01 in chips) 
Seat 3: yxo_opka ($56.31 in chips) 
Seat 4: MaRKiToScoK ($100 in chips) 
Seat 5: vadjkeee ($110.05 in chips) 
Seat 6: Alavits ($105.36 in chips) 
MaRKiToScoK: posts small blind $0.50
vadjkeee: posts big blind $1
*** HOLE CARDS ***
Alavits: calls $1
tintin641: folds 
YeeesMan: folds 
yxo_opka: folds 
MaRKiToScoK: raises $5 to $6
vadjkeee: folds 
Alavits: folds 
Uncalled bet ($5) returned to MaRKiToScoK
MaRKiToScoK collected $3 from pot
*** SUMMARY ***
Total pot $3 | Rake $0 
Seat 1: tintin641 folded before Flop (didn't bet)
Seat 2: YeeesMan folded before Flop (didn't bet)
Seat 3: yxo_opka (button) folded before Flop (didn't bet)
Seat 4: MaRKiToScoK (small blind) collected ($3)
Seat 5: vadjkeee (big blind) folded before Flop
Seat 6: Alavits folded before Flop



PokerStars Hand #254247185504:  Hold'em No Limit ($0.50/$1.00 USD) - 2025/01/07 17:04:48 WET [2025/01/07 12:04:48 ET]
Table 'Graffias III' 6-max Seat #4 is the button
Seat 1: tintin641 ($112.47 in chips) 
Seat 2: YeeesMan ($127.01 in chips) 
Seat 3: yxo_opka ($56.31 in chips) 
Seat 4: MaRKiToScoK ($102 in chips) 
Seat 5: vadjkeee ($109.05 in chips) 
Seat 6: Alavits ($104.36 in chips) 
vadjkeee: posts small blind $0.50
Alavits: posts big blind $1
*** HOLE CARDS ***
tintin641: folds 
YeeesMan: folds 
yxo_opka: folds 
MaRKiToScoK: folds 
vadjkeee: folds 
Uncalled bet ($0.50) returned to Alavits
Alavits collected $1 from pot
*** SUMMARY ***
Total pot $1 | Rake $0 
Seat 1: tintin641 folded before Flop (didn't bet)
Seat 2: YeeesMan folded before Flop (didn't bet)
Seat 3: yxo_opka folded before Flop (didn't bet)
Seat 4: MaRKiToScoK (button) folded before Flop (didn't bet)
Seat 5: vadjkeee (small blind) folded before Flop
Seat 6: Alavits (big blind) collected ($1)



PokerStars Hand #254247188249:  Hold'em No Limit ($0.50/$1.00 USD) - 2025/01/07 17:05:02 WET [2025/01/07 12:05:02 ET]
Table 'Graffias III' 6-max Seat #5 is the button
Seat 1: tintin641 ($112.47 in chips) 
Seat 2: YeeesMan ($127.01 in chips) 
Seat 3: yxo_opka ($56.31 in chips) 
Seat 4: MaRKiToScoK ($102 in chips) 
Seat 5: vadjkeee ($108.55 in chips) 
Seat 6: Alavits ($104.86 in chips) 
Alavits: posts small blind $0.50
tintin641: posts big blind $1
*** HOLE CARDS ***
YeeesMan: folds 
yxo_opka: folds 
MaRKiToScoK: folds 
vadjkeee: folds 
Alavits: calls $0.50
tintin641: checks 
*** FLOP *** [4s 7s Jc]
Alavits: checks 
tintin641: bets $1
Alavits: folds 
Uncalled bet ($1) returned to tintin641
tintin641 collected $1.90 from pot
tintin641: doesn't show hand 
*** SUMMARY ***
Total pot $2 | Rake $0.10 
Board [4s 7s Jc]
Seat 1: tintin641 (big blind) collected ($1.90)
Seat 2: YeeesMan folded before Flop (didn't bet)
Seat 3: yxo_opka folded before Flop (didn't bet)
Seat 4: MaRKiToScoK folded before Flop (didn't bet)
Seat 5: vadjkeee (button) folded before Flop (didn't bet)
Seat 6: Alavits (small blind) folded on the Flop



PokerStars Hand #254247199232:  Hold'em No Limit ($0.50/$1.00 USD) - 2025/01/07 17:05:44 WET [2025/01/07 12:05:44 ET]
Table 'Graffias III' 6-max Seat #6 is the button
Seat 1: tintin641 ($113.37 in chips) 
Seat 2: YeeesMan ($127.01 in chips) 
Seat 3: yxo_opka ($56.31 in chips) 
Seat 4: MaRKiToScoK ($102 in chips) 
Seat 5: vadjkeee ($108.55 in chips) 
Seat 6: Alavits ($103.86 in chips) 
tintin641: posts small blind $0.50
YeeesMan: posts big blind $1
*** HOLE CARDS ***
yxo_opka: folds 
MaRKiToScoK: raises $1.10 to $2.10
vadjkeee: folds 
Alavits: folds 
tintin641: folds 
YeeesMan: folds 
Uncalled bet ($1.10) returned to MaRKiToScoK
MaRKiToScoK collected $2.50 from pot
*** SUMMARY ***
Total pot $2.50 | Rake $0 
Seat 1: tintin641 (small blind) folded before Flop
Seat 2: YeeesMan (big blind) folded before Flop
Seat 3: yxo_opka folded before Flop (didn't bet)
Seat 4: MaRKiToScoK collected ($2.50)
Seat 5: vadjkeee folded before Flop (didn't bet)
Seat 6: Alavits (button) folded before Flop (didn't bet)



PokerStars Hand #254247205819:  Hold'em No Limit ($0.50/$1.00 USD) - 2025/01/07 17:06:10 WET [2025/01/07 12:06:10 ET]
Table 'Graffias III' 6-max Seat #1 is the button
Seat 1: tintin641 ($112.87 in chips) 
Seat 2: YeeesMan ($126.01 in chips) 
Seat 3: yxo_opka ($56.31 in chips) 
Seat 4: MaRKiToScoK ($103.50 in chips) 
Seat 5: vadjkeee ($108.55 in chips) 
Seat 6: Alavits ($103.86 in chips) 
YeeesMan: posts small blind $0.50
yxo_opka: posts big blind $1
*** HOLE CARDS ***
MaRKiToScoK: folds 
vadjkeee: folds 
MaRKiToScoK leaves the table
Alavits: raises $1 to $2
tintin641: folds 
YeeesMan: folds 
yxo_opka: folds 
Uncalled bet ($1) returned to Alavits
Alavits collected $2.50 from pot
*** SUMMARY ***
Total pot $2.50 | Rake $0 
Seat 1: tintin641 (button) folded before Flop (didn't bet)
Seat 2: YeeesMan (small blind) folded before Flop
Seat 3: yxo_opka (big blind) folded before Flop
Seat 4: MaRKiToScoK folded before Flop (didn't bet)
Seat 5: vadjkeee folded before Flop (didn't bet)
Seat 6: Alavits collected ($2.50)



PokerStars Hand #254247210981:  Hold'em No Limit ($0.50/$1.00 USD) - 2025/01/07 17:06:31 WET [2025/01/07 12:06:31 ET]
Table 'Graffias III' 6-max Seat #2 is the button
Seat 1: tintin641 ($112.87 in chips) 
Seat 2: YeeesMan ($125.51 in chips) 
Seat 3: yxo_opka ($55.31 in chips) 
Seat 5: vadjkeee ($108.55 in chips) 
Seat 6: Alavits ($105.36 in chips) 
yxo_opka: posts small blind $0.50
vadjkeee: posts big blind $1
*** HOLE CARDS ***
Alavits: folds 
tintin641: folds 
YeeesMan: folds 
yxo_opka: raises $1.50 to $2.50
vadjkeee: raises $6.50 to $9
yxo_opka: folds 
Uncalled bet ($6.50) returned to vadjkeee
vadjkeee collected $5 from pot
vadjkeee: doesn't show hand 
*** SUMMARY ***
Total pot $5 | Rake $0 
Seat 1: tintin641 folded before Flop (didn't bet)
Seat 2: YeeesMan (button) folded before Flop (didn't bet)
Seat 3: yxo_opka (small blind) folded before Flop
Seat 5: vadjkeee (big blind) collected ($5)
Seat 6: Alavits folded before Flop (didn't bet)



PokerStars Hand #254247217857:  Hold'em No Limit ($0.50/$1.00 USD) - 2025/01/07 17:06:59 WET [2025/01/07 12:06:59 ET]
Table 'Graffias III' 6-max Seat #3 is the button
Seat 1: tintin641 ($112.87 in chips) 
Seat 2: YeeesMan ($125.51 in chips) 
Seat 3: yxo_opka ($52.81 in chips) 
Seat 5: vadjkeee ($111.05 in chips) 
Seat 6: Alavits ($105.36 in chips) 
vadjkeee: posts small blind $0.50
Alavits: posts big blind $1
*** HOLE CARDS ***
tintin641: folds 
YeeesMan: folds 
yxo_opka: folds 
vadjkeee: raises $2 to $3
Alavits: calls $2
*** FLOP *** [Th 8d Kd]
vadjkeee: checks 
blistein joins the table at seat #4 
Alavits: checks 
*** TURN *** [Th 8d Kd] [5d]
vadjkeee: bets $3.82
Alavits: calls $3.82
*** RIVER *** [Th 8d Kd 5d] [Td]
vadjkeee: bets $8.68
Alavits: folds 
Uncalled bet ($8.68) returned to vadjkeee
vadjkeee collected $12.96 from pot
vadjkeee: doesn't show hand 
*** SUMMARY ***
Total pot $13.64 | Rake $0.68 
Board [Th 8d Kd 5d Td]
Seat 1: tintin641 folded before Flop (didn't bet)
Seat 2: YeeesMan folded before Flop (didn't bet)
Seat 3: yxo_opka (button) folded before Flop (didn't bet)
Seat 5: vadjkeee (small blind) collected ($12.96)
Seat 6: Alavits (big blind) folded on the River



PokerStars Hand #254247229602:  Hold'em No Limit ($0.50/$1.00 USD) - 2025/01/07 17:07:47 WET [2025/01/07 12:07:47 ET]
Table 'Graffias III' 6-max Seat #5 is the button
Seat 4: blistein ($100 in chips) is sitting out
Seat 1: tintin641 ($112.87 in chips) 
Seat 2: YeeesMan ($125.51 in chips) 
Seat 3: yxo_opka ($52.81 in chips) 
Seat 5: vadjkeee ($117.19 in chips) 
Seat 6: Alavits ($98.54 in chips) 
Alavits: posts small blind $0.50
tintin641: posts big blind $1
blistein: sits out 
*** HOLE CARDS ***
YeeesMan: folds 
yxo_opka: folds 
vadjkeee: folds 
Alavits: calls $0.50
tintin641: raises $3 to $4
Alavits: calls $3
*** FLOP *** [Ks 7h As]
Alavits: checks 
tintin641: checks 
*** TURN *** [Ks 7h As] [Kh]
Alavits: bets $2
tintin641: raises $8 to $10
Alavits: folds 
Uncalled bet ($8) returned to tintin641
tintin641 collected $11.40 from pot
tintin641: doesn't show hand 
*** SUMMARY ***
Total pot $12 | Rake $0.60 
Board [Ks 7h As Kh]
Seat 4: blistein
Seat 1: tintin641 (big blind) collected ($11.40)
Seat 2: YeeesMan folded before Flop (didn't bet)
Seat 3: yxo_opka folded before Flop (didn't bet)
Seat 5: vadjkeee (button) folded before Flop (didn't bet)
Seat 6: Alavits (small blind) folded on the Turn



PokerStars Hand #254247248348:  Hold'em No Limit ($0.50/$1.00 USD) - 2025/01/07 17:09:03 WET [2025/01/07 12:09:03 ET]
Table 'Graffias III' 6-max Seat #6 is the button
Seat 4: blistein ($100 in chips) is sitting out
Seat 1: tintin641 ($118.27 in chips) 
Seat 2: YeeesMan ($125.51 in chips) 
Seat 3: yxo_opka ($52.81 in chips) 
Seat 5: vadjkeee ($117.19 in chips) 
Seat 6: Alavits ($92.54 in chips) 
tintin641: posts small blind $0.50
YeeesMan: posts big blind $1
blistein: sits out 
*** HOLE CARDS ***
yxo_opka: folds 
vadjkeee: raises $1.50 to $2.50
Alavits: calls $2.50
tintin641: raises $11 to $13.50
YeeesMan: folds 
vadjkeee: folds 
Alavits: calls $11
*** FLOP *** [7s 8s 6c]
tintin641: checks 
Alavits: checks 
*** TURN *** [7s 8s 6c] [Qc]
tintin641: checks 
Alavits: bets $6
tintin641: calls $6
*** RIVER *** [7s 8s 6c Qc] [Jd]
tintin641: checks 
Alavits: bets $73.04 and is all-in
tintin641: folds 
Uncalled bet ($73.04) returned to Alavits
Alavits collected $40.38 from pot
*** SUMMARY ***
Total pot $42.50 | Rake $2.12 
Board [7s 8s 6c Qc Jd]
Seat 4: blistein
Seat 1: tintin641 (small blind) folded on the River
Seat 2: YeeesMan (big blind) folded before Flop
Seat 3: yxo_opka folded before Flop (didn't bet)
Seat 5: vadjkeee folded before Flop
Seat 6: Alavits (button) collected ($40.38)



PokerStars Hand #254247268692:  Hold'em No Limit ($0.50/$1.00 USD) - 2025/01/07 17:10:24 WET [2025/01/07 12:10:24 ET]
Table 'Graffias III' 6-max Seat #1 is the button
Seat 4: blistein ($100 in chips) is sitting out
Seat 1: tintin641 ($100 in chips) 
Seat 2: YeeesMan ($124.51 in chips) 
Seat 3: yxo_opka ($52.81 in chips) 
Seat 5: vadjkeee ($114.69 in chips) 
Seat 6: Alavits ($113.42 in chips) 
YeeesMan: posts small blind $0.50
yxo_opka: posts big blind $1
blistein: sits out 
*** HOLE CARDS ***
vadjkeee: folds 
Alavits: calls $1
tintin641: folds 
YeeesMan: raises $4 to $5
yxo_opka: folds 
Alavits: folds 
Uncalled bet ($4) returned to YeeesMan
YeeesMan collected $3 from pot
YeeesMan: doesn't show hand 
*** SUMMARY ***
Total pot $3 | Rake $0 
Seat 4: blistein
Seat 1: tintin641 (button) folded before Flop (didn't bet)
Seat 2: YeeesMan (small blind) collected ($3)
Seat 3: yxo_opka (big blind) folded before Flop
Seat 5: vadjkeee folded before Flop (didn't bet)
Seat 6: Alavits folded before Flop



PokerStars Hand #254247275680:  Hold'em No Limit ($0.50/$1.00 USD) - 2025/01/07 17:10:52 WET [2025/01/07 12:10:52 ET]
Table 'Graffias III' 6-max Seat #2 is the button
Seat 1: tintin641 ($100 in chips) 
Seat 2: YeeesMan ($126.51 in chips) 
Seat 3: yxo_opka ($51.81 in chips) 
Seat 4: blistein ($100 in chips) 
Seat 5: vadjkeee ($114.69 in chips) 
Seat 6: Alavits ($112.42 in chips) 
yxo_opka: posts small blind $0.50
blistein: posts big blind $1
*** HOLE CARDS ***
vadjkeee: folds 
Alavits: folds 
tintin641: raises $1.50 to $2.50
YeeesMan: folds 
yxo_opka: raises $5.50 to $8
blistein: folds 
tintin641: folds 
Uncalled bet ($5.50) returned to yxo_opka
yxo_opka collected $6 from pot
yxo_opka: doesn't show hand 
*** SUMMARY ***
Total pot $6 | Rake $0 
Seat 1: tintin641 folded before Flop
Seat 2: YeeesMan (button) folded before Flop (didn't bet)
Seat 3: yxo_opka (small blind) collected ($6)
Seat 4: blistein (big blind) folded before Flop
Seat 5: vadjkeee folded before Flop (didn't bet)
Seat 6: Alavits folded before Flop (didn't bet)



PokerStars Hand #254247284756:  Hold'em No Limit ($0.50/$1.00 USD) - 2025/01/07 17:11:28 WET [2025/01/07 12:11:28 ET]
Table 'Graffias III' 6-max Seat #3 is the button
Seat 1: tintin641 ($100 in chips) 
Seat 2: YeeesMan ($126.51 in chips) 
Seat 3: yxo_opka ($55.31 in chips) 
Seat 4: blistein ($100 in chips) 
Seat 5: vadjkeee ($114.69 in chips) 
Seat 6: Alavits ($112.42 in chips) 
blistein: posts small blind $0.50
vadjkeee: posts big blind $1
*** HOLE CARDS ***
Alavits: calls $1
tintin641: folds 
YeeesMan: folds 
yxo_opka: folds 
blistein: calls $0.50
vadjkeee: raises $6 to $7
Alavits: folds 
blistein: folds 
Uncalled bet ($6) returned to vadjkeee
vadjkeee collected $3 from pot
vadjkeee: doesn't show hand 
*** SUMMARY ***
Total pot $3 | Rake $0 
Seat 1: tintin641 folded before Flop (didn't bet)
Seat 2: YeeesMan folded before Flop (didn't bet)
Seat 3: yxo_opka (button) folded before Flop (didn't bet)
Seat 4: blistein (small blind) folded before Flop
Seat 5: vadjkeee (big blind) collected ($3)
Seat 6: Alavits folded before Flop



PokerStars Hand #254247293222:  Hold'em No Limit ($0.50/$1.00 USD) - 2025/01/07 17:12:02 WET [2025/01/07 12:12:02 ET]
Table 'Graffias III' 6-max Seat #4 is the button
Seat 1: tintin641 ($100 in chips) 
Seat 2: YeeesMan ($126.51 in chips) 
Seat 3: yxo_opka ($55.31 in chips) 
Seat 4: blistein ($100 in chips) 
Seat 5: vadjkeee ($116.69 in chips) 
Seat 6: Alavits ($111.42 in chips) 
vadjkeee: posts small blind $0.50
Alavits: posts big blind $1
*** HOLE CARDS ***
tintin641: folds 
YeeesMan: folds 
yxo_opka: folds 
blistein: raises $1.50 to $2.50
vadjkeee: folds 
Alavits: calls $1.50
*** FLOP *** [5h 3h 9c]
Alavits: bets $2
blistein: calls $2
*** TURN *** [5h 3h 9c] [Qd]
Alavits: checks 
blistein: checks 
*** RIVER *** [5h 3h 9c Qd] [4d]
Alavits: bets $5
blistein: folds 
Uncalled bet ($5) returned to Alavits
Alavits collected $9.02 from pot
*** SUMMARY ***
Total pot $9.50 | Rake $0.48 
Board [5h 3h 9c Qd 4d]
Seat 1: tintin641 folded before Flop (didn't bet)
Seat 2: YeeesMan folded before Flop (didn't bet)
Seat 3: yxo_opka folded before Flop (didn't bet)
Seat 4: blistein (button) folded on the River
Seat 5: vadjkeee (small blind) folded before Flop
Seat 6: Alavits (big blind) collected ($9.02)



PokerStars Hand #254247314151:  Hold'em No Limit ($0.50/$1.00 USD) - 2025/01/07 17:13:24 WET [2025/01/07 12:13:24 ET]
Table 'Graffias III' 6-max Seat #5 is the button
Seat 1: tintin641 ($100 in chips) 
Seat 2: YeeesMan ($126.51 in chips) 
Seat 3: yxo_opka ($55.31 in chips) 
Seat 4: blistein ($100 in chips) 
Seat 5: vadjkeee ($116.19 in chips) 
Seat 6: Alavits ($115.94 in chips) 
Alavits: posts small blind $0.50
tintin641: posts big blind $1
*** HOLE CARDS ***
YeeesMan: raises $1.50 to $2.50
yxo_opka: folds 
blistein: folds 
vadjkeee: folds 
Alavits: calls $2
tintin641: raises $11 to $13.50
YeeesMan: raises $113.01 to $126.51 and is all-in
Alavits: calls $113.44 and is all-in
tintin641: folds 
Uncalled bet ($10.57) returned to YeeesMan
*** FLOP *** [4s Ts 8s]
*** TURN *** [4s Ts 8s] [6c]
*** RIVER *** [4s Ts 8s 6c] [6d]
*** SHOW DOWN ***
Alavits: shows [Js Qd] (a pair of Sixes)
YeeesMan: shows [As Kd] (a pair of Sixes - Ace kicker)
YeeesMan collected $242.88 from pot
*** SUMMARY ***
Total pot $245.38 | Rake $2.50 
Board [4s Ts 8s 6c 6d]
Seat 1: tintin641 (big blind) folded before Flop
Seat 2: YeeesMan showed [As Kd] and won ($242.88) with a pair of Sixes
Seat 3: yxo_opka folded before Flop (didn't bet)
Seat 4: blistein folded before Flop (didn't bet)
Seat 5: vadjkeee (button) folded before Flop (didn't bet)
Seat 6: Alavits (small blind) showed [Js Qd] and lost with a pair of Sixes



PokerStars Hand #254247330021:  Hold'em No Limit ($0.50/$1.00 USD) - 2025/01/07 17:14:26 WET [2025/01/07 12:14:26 ET]
Table 'Graffias III' 6-max Seat #1 is the button
Seat 3: yxo_opka ($55.31 in chips) is sitting out
Seat 6: Alavits ($0 in chips) is sitting out
Seat 1: tintin641 ($100 in chips) 
Seat 2: YeeesMan ($253.45 in chips) 
Seat 4: blistein ($100 in chips) 
Seat 5: vadjkeee ($116.19 in chips) 
YeeesMan: posts small blind $0.50
yxo_opka: is sitting out 
blistein: posts big blind $1
*** HOLE CARDS ***
yxo_opka leaves the table
vadjkeee: folds 
tintin641: raises $1.50 to $2.50
rrrro joins the table at seat #3 
YeeesMan: folds 
blistein: folds 
Uncalled bet ($1.50) returned to tintin641
tintin641 collected $2.50 from pot
tintin641: doesn't show hand 
*** SUMMARY ***
Total pot $2.50 | Rake $0 
Seat 3: yxo_opka
Seat 6: Alavits
Seat 1: tintin641 (button) collected ($2.50)
Seat 2: YeeesMan (small blind) folded before Flop
Seat 4: blistein (big blind) folded before Flop
Seat 5: vadjkeee folded before Flop (didn't bet)



PokerStars Hand #254247338048:  Hold'em No Limit ($0.50/$1.00 USD) - 2025/01/07 17:14:57 WET [2025/01/07 12:14:57 ET]
Table 'Graffias III' 6-max Seat #2 is the button
Seat 3: rrrro ($100 in chips) is sitting out
Seat 6: Alavits ($0 in chips) is sitting out
Seat 1: tintin641 ($101.50 in chips) 
Seat 2: YeeesMan ($252.95 in chips) 
Seat 4: blistein ($100 in chips) 
Seat 5: vadjkeee ($116.19 in chips) 
blistein: posts small blind $0.50
vadjkeee: posts big blind $1
*** HOLE CARDS ***
tintin641: raises $1.50 to $2.50
YeeesMan: folds 
blistein: folds 
vadjkeee: folds 
Uncalled bet ($1.50) returned to tintin641
tintin641 collected $2.50 from pot
tintin641: doesn't show hand 
*** SUMMARY ***
Total pot $2.50 | Rake $0 
Seat 3: rrrro
Seat 6: Alavits
Seat 1: tintin641 collected ($2.50)
Seat 2: YeeesMan (button) folded before Flop (didn't bet)
Seat 4: blistein (small blind) folded before Flop
Seat 5: vadjkeee (big blind) folded before Flop



PokerStars Hand #254247344564:  Hold'em No Limit ($0.50/$1.00 USD) - 2025/01/07 17:15:22 WET [2025/01/07 12:15:22 ET]
Table 'Graffias III' 6-max Seat #4 is the button
Seat 3: rrrro ($100 in chips) is sitting out
Seat 6: Alavits ($0 in chips) is sitting out
Seat 1: tintin641 ($103 in chips) 
Seat 2: YeeesMan ($252.95 in chips) 
Seat 4: blistein ($100 in chips) 
Seat 5: vadjkeee ($115.19 in chips) 
vadjkeee: posts small blind $0.50
tintin641: posts big blind $1
rrrro: sits out 
*** HOLE CARDS ***
Alavits is disconnected 
YeeesMan: folds 
blistein: folds 
vadjkeee: raises $2 to $3
tintin641: calls $2
*** FLOP *** [9c 8s 7s]
vadjkeee: checks 
tintin641: checks 
*** TURN *** [9c 8s 7s] [Qs]
vadjkeee: checks 
blistein leaves the table
sta$igk joins the table at seat #4 
tintin641: checks 
*** RIVER *** [9c 8s 7s Qs] [3h]
vadjkeee: bets $4.28
tintin641: calls $4.28
*** SHOW DOWN ***
vadjkeee: shows [4d Ac] (high card Ace)
tintin641: shows [9h Ah] (a pair of Nines)
tintin641 collected $13.83 from pot
*** SUMMARY ***
Total pot $14.56 | Rake $0.73 
Board [9c 8s 7s Qs 3h]
Seat 3: rrrro
Seat 6: Alavits
Seat 1: tintin641 (big blind) showed [9h Ah] and won ($13.83) with a pair of Nines
Seat 2: YeeesMan folded before Flop (didn't bet)
Seat 4: blistein (button) folded before Flop (didn't bet)
Seat 5: vadjkeee (small blind) showed [4d Ac] and lost with high card Ace



PokerStars Hand #254247370223:  Hold'em No Limit ($0.50/$1.00 USD) - 2025/01/07 17:17:02 WET [2025/01/07 12:17:02 ET]
Table 'Graffias III' 6-max Seat #5 is the button
Seat 2: YeeesMan ($252.95 in chips) is sitting out
Seat 4: sta$igk ($100 in chips) is sitting out
Seat 6: Alavits ($0 in chips) is sitting out
Seat 1: tintin641 ($109.55 in chips) 
Seat 3: rrrro ($100 in chips) 
Seat 5: vadjkeee ($107.91 in chips) 
tintin641: posts small blind $0.50
YeeesMan: is sitting out 
rrrro: posts big blind $1
sta$igk: sits out 
*** HOLE CARDS ***
vadjkeee: raises $1.50 to $2.50
tintin641: folds 
YeeesMan leaves the table
rrrro: folds 
Uncalled bet ($1.50) returned to vadjkeee
vadjkeee collected $2.50 from pot
vadjkeee: doesn't show hand 
*** SUMMARY ***
Total pot $2.50 | Rake $0 
Seat 2: YeeesMan
Seat 4: sta$igk
Seat 6: Alavits
Seat 1: tintin641 (small blind) folded before Flop
Seat 3: rrrro (big blind) folded before Flop
Seat 5: vadjkeee (button) collected ($2.50)



PokerStars Hand #254247373435:  Hold'em No Limit ($0.50/$1.00 USD) - 2025/01/07 17:17:15 WET [2025/01/07 12:17:15 ET]
Table 'Graffias III' 6-max Seat #1 is the button
Seat 6: Alavits ($0 in chips) is sitting out
Seat 1: tintin641 ($109.05 in chips) 
Seat 3: rrrro ($100 in chips) 
Seat 4: sta$igk ($100 in chips) 
Seat 5: vadjkeee ($109.41 in chips) 
rrrro: posts small blind $0.50
sta$igk: posts big blind $1
*** HOLE CARDS ***
vadjkeee: raises $1.50 to $2.50
tintin641: folds 
rrrro: folds 
sta$igk: calls $1.50
*** FLOP *** [5h 3h 8d]
sta$igk: checks 
vadjkeee: bets $2.87
sta$igk: raises $8.22 to $11.09
vadjkeee: calls $8.22
*** TURN *** [5h 3h 8d] [9s]
sta$igk: checks 
vadjkeee: checks 
*** RIVER *** [5h 3h 8d 9s] [Th]
sta$igk: bets $22.68
vadjkeee: folds 
Uncalled bet ($22.68) returned to sta$igk
sta$igk collected $26.68 from pot
sta$igk: doesn't show hand 
*** SUMMARY ***
Total pot $27.68 | Rake $1 
Board [5h 3h 8d 9s Th]
Seat 6: Alavits
Seat 1: tintin641 (button) folded before Flop (didn't bet)
Seat 3: rrrro (small blind) folded before Flop
Seat 4: sta$igk (big blind) collected ($26.68)
Seat 5: vadjkeee folded on the River



PokerStars Hand #254247409989:  Hold'em No Limit ($0.50/$1.00 USD) - 2025/01/07 17:19:36 WET [2025/01/07 12:19:36 ET]
Table 'Graffias III' 6-max Seat #3 is the button
Seat 6: Alavits ($0 in chips) is sitting out
Seat 1: tintin641 ($109.05 in chips) 
Seat 3: rrrro ($100 in chips) 
Seat 4: sta$igk ($113.09 in chips) 
Seat 5: vadjkeee ($100 in chips) 
sta$igk: posts small blind $0.50
vadjkeee: posts big blind $1
*** HOLE CARDS ***
tintin641: folds 
rrrro: folds 
sta$igk: raises $2 to $3
vadjkeee: folds 
Uncalled bet ($2) returned to sta$igk
sta$igk collected $2 from pot
sta$igk: doesn't show hand 
*** SUMMARY ***
Total pot $2 | Rake $0 
Seat 6: Alavits
Seat 1: tintin641 folded before Flop (didn't bet)
Seat 3: rrrro (button) folded before Flop (didn't bet)
Seat 4: sta$igk (small blind) collected ($2)
Seat 5: vadjkeee (big blind) folded before Flop



PokerStars Hand #254247413382:  Hold'em No Limit ($0.50/$1.00 USD) - 2025/01/07 17:19:49 WET [2025/01/07 12:19:49 ET]
Table 'Graffias III' 6-max Seat #4 is the button
Seat 1: tintin641 ($109.05 in chips) is sitting out
Seat 6: Alavits ($0 in chips) is sitting out
Seat 3: rrrro ($100 in chips) 
Seat 4: sta$igk ($114.09 in chips) 
Seat 5: vadjkeee ($100 in chips) 
vadjkeee: posts small blind $0.50
tintin641: is sitting out 
rrrro: posts big blind $1
*** HOLE CARDS ***
tintin641 leaves the table
sta$igk: folds 
vadjkeee: folds 
Uncalled bet ($0.50) returned to rrrro
rrrro collected $1 from pot
rrrro: doesn't show hand 
sta$igk leaves the table
*** SUMMARY ***
Total pot $1 | Rake $0 
Seat 1: tintin641
Seat 6: Alavits
Seat 3: rrrro (big blind) collected ($1)
Seat 4: sta$igk (button) folded before Flop (didn't bet)
Seat 5: vadjkeee (small blind) folded before Flop



