PokerStars Hand #254252864883:  Hold'em No Limit ($0.50/$1.00 USD) - 2025/01/07 22:18:31 WET [2025/01/07 17:18:31 ET]
Table 'Danjon' 6-max Seat #5 is the button
Seat 1: blistein ($100 in chips) 
Seat 2: CichiChanMarian ($106.74 in chips) 
Seat 3: EasyGamerrr ($100 in chips) 
Seat 4: aoish30 ($100 in chips) 
Seat 5: SuperLimper007 ($97.50 in chips) 
Seat 6: Eredar5 ($100 in chips) 
Eredar5: posts small blind $0.50
blistein: posts big blind $1
*** HOLE CARDS ***
CichiChanMarian: folds 
EasyGamerrr: folds 
aoish30: raises $1.50 to $2.50
SuperLimper007: calls $2.50
Eredar5: folds 
blistein: folds 
*** FLOP *** [2h Qh 4c]
aoish30: bets $2.04
SuperLimper007: calls $2.04
*** TURN *** [2h Qh 4c] [Ac]
aoish30: checks 
SuperLimper007: checks 
*** RIVER *** [2h Qh 4c Ac] [Ah]
aoish30: checks 
SuperLimper007: checks 
*** SHOW DOWN ***
aoish30: shows [6d 6s] (two pair, Aces and Sixes)
SuperLimper007: mucks hand 
aoish30 collected $10.05 from pot
*** SUMMARY ***
Total pot $10.58 | Rake $0.53 
Board [2h Qh 4c Ac Ah]
Seat 1: blistein (big blind) folded before Flop
Seat 2: CichiChanMarian folded before Flop (didn't bet)
Seat 3: EasyGamerrr folded before Flop (didn't bet)
Seat 4: aoish30 showed [6d 6s] and won ($10.05) with two pair, Aces and Sixes
Seat 5: SuperLimper007 (button) mucked
Seat 6: Eredar5 (small blind) folded before Flop



PokerStars Hand #254252875460:  Hold'em No Limit ($0.50/$1.00 USD) - 2025/01/07 22:19:03 WET [2025/01/07 17:19:03 ET]
Table 'Danjon' 6-max Seat #6 is the button
Seat 1: blistein ($100 in chips) 
Seat 2: CichiChanMarian ($106.74 in chips) 
Seat 3: EasyGamerrr ($100 in chips) 
Seat 4: aoish30 ($105.51 in chips) 
Seat 5: SuperLimper007 ($92.96 in chips) 
Seat 6: Eredar5 ($100 in chips) 
blistein: posts small blind $0.50
CichiChanMarian: posts big blind $1
*** HOLE CARDS ***
EasyGamerrr: folds 
aoish30: folds 
SuperLimper007: folds 
Eredar5: folds 
blistein: folds 
Uncalled bet ($0.50) returned to CichiChanMarian
CichiChanMarian collected $1 from pot
CichiChanMarian: doesn't show hand 
*** SUMMARY ***
Total pot $1 | Rake $0 
Seat 1: blistein (small blind) folded before Flop
Seat 2: CichiChanMarian (big blind) collected ($1)
Seat 3: EasyGamerrr folded before Flop (didn't bet)
Seat 4: aoish30 folded before Flop (didn't bet)
Seat 5: SuperLimper007 folded before Flop (didn't bet)
Seat 6: Eredar5 (button) folded before Flop (didn't bet)



PokerStars Hand #254252878659:  Hold'em No Limit ($0.50/$1.00 USD) - 2025/01/07 22:19:13 WET [2025/01/07 17:19:13 ET]
Table 'Danjon' 6-max Seat #1 is the button
Seat 1: blistein ($100 in chips) 
Seat 2: CichiChanMarian ($107.24 in chips) 
Seat 3: EasyGamerrr ($100 in chips) 
Seat 4: aoish30 ($105.51 in chips) 
Seat 5: SuperLimper007 ($92.96 in chips) 
Seat 6: Eredar5 ($100 in chips) 
CichiChanMarian: posts small blind $0.50
EasyGamerrr: posts big blind $1
*** HOLE CARDS ***
aoish30: folds 
SuperLimper007 is disconnected 
SuperLimper007 has timed out while disconnected
SuperLimper007: folds 
Eredar5: raises $1.50 to $2.50
blistein: folds 
CichiChanMarian: folds 
EasyGamerrr: folds 
Uncalled bet ($1.50) returned to Eredar5
Eredar5 collected $2.50 from pot
Eredar5: doesn't show hand 
*** SUMMARY ***
Total pot $2.50 | Rake $0 
Seat 1: blistein (button) folded before Flop (didn't bet)
Seat 2: CichiChanMarian (small blind) folded before Flop
Seat 3: EasyGamerrr (big blind) folded before Flop
Seat 4: aoish30 folded before Flop (didn't bet)
Seat 5: SuperLimper007 folded before Flop (didn't bet)
Seat 6: Eredar5 collected ($2.50)



PokerStars Hand #254252887104:  Hold'em No Limit ($0.50/$1.00 USD) - 2025/01/07 22:19:39 WET [2025/01/07 17:19:39 ET]
Table 'Danjon' 6-max Seat #2 is the button
Seat 1: blistein ($100 in chips) 
Seat 2: CichiChanMarian ($106.74 in chips) 
Seat 3: EasyGamerrr ($100 in chips) 
Seat 4: aoish30 ($105.51 in chips) 
Seat 5: SuperLimper007 ($92.96 in chips) 
Seat 6: Eredar5 ($101.50 in chips) 
EasyGamerrr: posts small blind $0.50
aoish30: posts big blind $1
*** HOLE CARDS ***
SuperLimper007: folds 
Eredar5: raises $2 to $3
blistein: folds 
CichiChanMarian: folds 
EasyGamerrr: raises $8 to $11
aoish30: folds 
Eredar5: folds 
Uncalled bet ($8) returned to EasyGamerrr
EasyGamerrr collected $7 from pot
EasyGamerrr: doesn't show hand 
*** SUMMARY ***
Total pot $7 | Rake $0 
Seat 1: blistein folded before Flop (didn't bet)
Seat 2: CichiChanMarian (button) folded before Flop (didn't bet)
Seat 3: EasyGamerrr (small blind) collected ($7)
Seat 4: aoish30 (big blind) folded before Flop
Seat 5: SuperLimper007 folded before Flop (didn't bet)
Seat 6: Eredar5 folded before Flop



PokerStars Hand #254252899971:  Hold'em No Limit ($0.50/$1.00 USD) - 2025/01/07 22:20:19 WET [2025/01/07 17:20:19 ET]
Table 'Danjon' 6-max Seat #3 is the button
Seat 1: blistein ($100 in chips) 
Seat 2: CichiChanMarian ($106.74 in chips) 
Seat 3: EasyGamerrr ($104 in chips) 
Seat 4: aoish30 ($104.51 in chips) 
Seat 5: SuperLimper007 ($92.96 in chips) 
Seat 6: Eredar5 ($100 in chips) 
aoish30: posts small blind $0.50
SuperLimper007: posts big blind $1
*** HOLE CARDS ***
Eredar5: folds 
blistein: folds 
CichiChanMarian: raises $1.50 to $2.50
EasyGamerrr: folds 
aoish30: raises $10.50 to $13
SuperLimper007: folds 
CichiChanMarian: folds 
Uncalled bet ($10.50) returned to aoish30
aoish30 collected $6 from pot
aoish30: doesn't show hand 
*** SUMMARY ***
Total pot $6 | Rake $0 
Seat 1: blistein folded before Flop (didn't bet)
Seat 2: CichiChanMarian folded before Flop
Seat 3: EasyGamerrr (button) folded before Flop (didn't bet)
Seat 4: aoish30 (small blind) collected ($6)
Seat 5: SuperLimper007 (big blind) folded before Flop
Seat 6: Eredar5 folded before Flop (didn't bet)



PokerStars Hand #254252906375:  Hold'em No Limit ($0.50/$1.00 USD) - 2025/01/07 22:20:39 WET [2025/01/07 17:20:39 ET]
Table 'Danjon' 6-max Seat #5 is the button
Seat 1: blistein ($100 in chips) is sitting out
Seat 2: CichiChanMarian ($104.24 in chips) is sitting out
Seat 3: EasyGamerrr ($104 in chips) is sitting out
Seat 6: Eredar5 ($100 in chips) is sitting out
Seat 4: aoish30 ($108.01 in chips) 
Seat 5: SuperLimper007 ($91.96 in chips) 
SuperLimper007: posts small blind $0.50
Eredar5: is sitting out 
blistein: is sitting out 
CichiChanMarian: is sitting out 
EasyGamerrr: is sitting out 
aoish30: posts big blind $1
*** HOLE CARDS ***
EasyGamerrr leaves the table
CichiChanMarian leaves the table
blistein leaves the table
Eredar5 leaves the table
SuperLimper007: raises $1 to $2
aoish30: calls $1
*** FLOP *** [5h 4c Jc]
aoish30: checks 
SuperLimper007: bets $2
aoish30: calls $2
*** TURN *** [5h 4c Jc] [Ad]
aoish30: checks 
XneferX joins the table at seat #3 
SuperLimper007: checks 
*** RIVER *** [5h 4c Jc Ad] [8h]
aoish30: checks 
Supermegopro joins the table at seat #6 
SuperLimper007: bets $3.80
aoish30: folds 
Uncalled bet ($3.80) returned to SuperLimper007
SuperLimper007 collected $7.60 from pot
*** SUMMARY ***
Total pot $8 | Rake $0.40 
Board [5h 4c Jc Ad 8h]
Seat 1: blistein
Seat 2: CichiChanMarian
Seat 3: EasyGamerrr
Seat 6: Eredar5
Seat 4: aoish30 (big blind) folded on the River
Seat 5: SuperLimper007 (button) (small blind) collected ($7.60)



PokerStars Hand #254252920093:  Hold'em No Limit ($0.50/$1.00 USD) - 2025/01/07 22:21:21 WET [2025/01/07 17:21:21 ET]
Table 'Danjon' 6-max Seat #4 is the button
Seat 3: XneferX ($100 in chips) is sitting out
Seat 4: aoish30 ($104.01 in chips) 
Seat 5: SuperLimper007 ($95.56 in chips) 
Seat 6: Supermegopro ($100 in chips) 
SuperLimper007: posts small blind $0.50
Supermegopro: posts big blind $1
XneferX: sits out 
*** HOLE CARDS ***
kniferok joins the table at seat #1 
aoish30: raises $1.50 to $2.50
SuperLimper007: calls $2
Supermegopro: calls $1.50
*** FLOP *** [6d 6c Td]
Zvst joins the table at seat #2 
SuperLimper007: checks 
Supermegopro: checks 
aoish30: checks 
*** TURN *** [6d 6c Td] [Ts]
SuperLimper007: bets $3.56
Supermegopro: folds 
aoish30: calls $3.56
*** RIVER *** [6d 6c Td Ts] [4c]
SuperLimper007: bets $6.95
aoish30: calls $6.95
*** SHOW DOWN ***
SuperLimper007: shows [Kh Qd] (two pair, Tens and Sixes)
aoish30: shows [7d 7c] (two pair, Tens and Sevens)
aoish30 collected $27.52 from pot
*** SUMMARY ***
Total pot $28.52 | Rake $1 
Board [6d 6c Td Ts 4c]
Seat 3: XneferX
Seat 4: aoish30 (button) showed [7d 7c] and won ($27.52) with two pair, Tens and Sevens
Seat 5: SuperLimper007 (small blind) showed [Kh Qd] and lost with two pair, Tens and Sixes
Seat 6: Supermegopro (big blind) folded on the Turn



PokerStars Hand #254252935406:  Hold'em No Limit ($0.50/$1.00 USD) - 2025/01/07 22:22:09 WET [2025/01/07 17:22:09 ET]
Table 'Danjon' 6-max Seat #5 is the button
Seat 2: Zvst ($100 in chips) is sitting out
Seat 3: XneferX ($100 in chips) is sitting out
Seat 1: kniferok ($100 in chips) 
Seat 4: aoish30 ($118.52 in chips) 
Seat 5: SuperLimper007 ($82.55 in chips) 
Seat 6: Supermegopro ($100 in chips) 
Supermegopro: posts small blind $0.50
kniferok: posts big blind $1
Zvst: sits out 
XneferX: sits out 
*** HOLE CARDS ***
aoish30: folds 
SuperLimper007: raises $1 to $2
Supermegopro: folds 
kniferok: calls $1
*** FLOP *** [4c 7s Td]
kniferok: checks 
SuperLimper007 is disconnected 
SuperLimper007 is connected 
SuperLimper007: checks 
*** TURN *** [4c 7s Td] [Ad]
kniferok: checks 
SuperLimper007: bets $4.28
kniferok: folds 
Uncalled bet ($4.28) returned to SuperLimper007
SuperLimper007 collected $4.28 from pot
*** SUMMARY ***
Total pot $4.50 | Rake $0.22 
Board [4c 7s Td Ad]
Seat 2: Zvst
Seat 3: XneferX
Seat 1: kniferok (big blind) folded on the Turn
Seat 4: aoish30 folded before Flop (didn't bet)
Seat 5: SuperLimper007 (button) collected ($4.28)
Seat 6: Supermegopro (small blind) folded before Flop



PokerStars Hand #254252951461:  Hold'em No Limit ($0.50/$1.00 USD) - 2025/01/07 22:23:00 WET [2025/01/07 17:23:00 ET]
Table 'Danjon' 6-max Seat #6 is the button
Seat 3: XneferX ($100 in chips) is sitting out
Seat 1: kniferok ($100 in chips) 
Seat 2: Zvst ($100 in chips) 
Seat 4: aoish30 ($118.52 in chips) 
Seat 5: SuperLimper007 ($84.83 in chips) 
Seat 6: Supermegopro ($100 in chips) 
kniferok: posts small blind $0.50
Zvst: posts big blind $1
XneferX: sits out 
*** HOLE CARDS ***
aoish30: folds 
SuperLimper007: raises $1 to $2
Supermegopro: folds 
kniferok: raises $9.50 to $11.50
Zvst: folds 
SuperLimper007: folds 
Uncalled bet ($9.50) returned to kniferok
kniferok collected $5 from pot
kniferok: doesn't show hand 
*** SUMMARY ***
Total pot $5 | Rake $0 
Seat 3: XneferX
Seat 1: kniferok (small blind) collected ($5)
Seat 2: Zvst (big blind) folded before Flop
Seat 4: aoish30 folded before Flop (didn't bet)
Seat 5: SuperLimper007 folded before Flop
Seat 6: Supermegopro (button) folded before Flop (didn't bet)



PokerStars Hand #254252956949:  Hold'em No Limit ($0.50/$1.00 USD) - 2025/01/07 22:23:17 WET [2025/01/07 17:23:17 ET]
Table 'Danjon' 6-max Seat #1 is the button
Seat 1: kniferok ($103 in chips) 
Seat 2: Zvst ($100 in chips) 
Seat 3: XneferX ($100 in chips) 
Seat 4: aoish30 ($118.52 in chips) 
Seat 5: SuperLimper007 ($82.83 in chips) 
Seat 6: Supermegopro ($100 in chips) 
Zvst: posts small blind $0.50
XneferX: posts big blind $1
*** HOLE CARDS ***
aoish30: folds 
SuperLimper007: raises $1 to $2
Supermegopro: folds 
kniferok: folds 
Zvst: folds 
XneferX: calls $1
*** FLOP *** [Th 7s Kc]
XneferX: checks 
SuperLimper007: checks 
*** TURN *** [Th 7s Kc] [9c]
XneferX: bets $1.46
SuperLimper007: raises $1.46 to $2.92
XneferX: calls $1.46
*** RIVER *** [Th 7s Kc 9c] [7h]
XneferX: checks 
SuperLimper007: bets $4.91
XneferX: folds 
Uncalled bet ($4.91) returned to SuperLimper007
SuperLimper007 collected $9.82 from pot
*** SUMMARY ***
Total pot $10.34 | Rake $0.52 
Board [Th 7s Kc 9c 7h]
Seat 1: kniferok (button) folded before Flop (didn't bet)
Seat 2: Zvst (small blind) folded before Flop
Seat 3: XneferX (big blind) folded on the River
Seat 4: aoish30 folded before Flop (didn't bet)
Seat 5: SuperLimper007 collected ($9.82)
Seat 6: Supermegopro folded before Flop (didn't bet)



PokerStars Hand #254252982796:  Hold'em No Limit ($0.50/$1.00 USD) - 2025/01/07 22:24:38 WET [2025/01/07 17:24:38 ET]
Table 'Danjon' 6-max Seat #2 is the button
Seat 1: kniferok ($103 in chips) 
Seat 2: Zvst ($100 in chips) 
Seat 3: XneferX ($100 in chips) 
Seat 4: aoish30 ($118.52 in chips) 
Seat 5: SuperLimper007 ($87.73 in chips) 
Seat 6: Supermegopro ($100 in chips) 
XneferX: posts small blind $0.50
aoish30: posts big blind $1
*** HOLE CARDS ***
SuperLimper007: raises $1 to $2
Supermegopro: folds 
SuperLimper007 is disconnected 
kniferok: raises $5.50 to $7.50
Zvst: folds 
XneferX: folds 
aoish30: folds 
SuperLimper007: folds 
Uncalled bet ($5.50) returned to kniferok
kniferok collected $5.50 from pot
kniferok: doesn't show hand 
*** SUMMARY ***
Total pot $5.50 | Rake $0 
Seat 1: kniferok collected ($5.50)
Seat 2: Zvst (button) folded before Flop (didn't bet)
Seat 3: XneferX (small blind) folded before Flop
Seat 4: aoish30 (big blind) folded before Flop
Seat 5: SuperLimper007 folded before Flop
Seat 6: Supermegopro folded before Flop (didn't bet)



PokerStars Hand #254252992405:  Hold'em No Limit ($0.50/$1.00 USD) - 2025/01/07 22:25:07 WET [2025/01/07 17:25:07 ET]
Table 'Danjon' 6-max Seat #3 is the button
Seat 1: kniferok ($106.50 in chips) 
Seat 2: Zvst ($100 in chips) 
Seat 3: XneferX ($100 in chips) 
Seat 4: aoish30 ($117.52 in chips) 
Seat 5: SuperLimper007 ($85.73 in chips) 
Seat 6: Supermegopro ($100 in chips) 
aoish30: posts small blind $0.50
SuperLimper007: posts big blind $1
*** HOLE CARDS ***
Supermegopro: raises $1.50 to $2.50
kniferok: folds 
Zvst: raises $6.50 to $9
XneferX: folds 
aoish30: folds 
SuperLimper007: folds 
Supermegopro: folds 
Uncalled bet ($6.50) returned to Zvst
Zvst collected $6.50 from pot
Zvst: doesn't show hand 
*** SUMMARY ***
Total pot $6.50 | Rake $0 
Seat 1: kniferok folded before Flop (didn't bet)
Seat 2: Zvst collected ($6.50)
Seat 3: XneferX (button) folded before Flop (didn't bet)
Seat 4: aoish30 (small blind) folded before Flop
Seat 5: SuperLimper007 (big blind) folded before Flop
Seat 6: Supermegopro folded before Flop



PokerStars Hand #254252999917:  Hold'em No Limit ($0.50/$1.00 USD) - 2025/01/07 22:25:30 WET [2025/01/07 17:25:30 ET]
Table 'Danjon' 6-max Seat #4 is the button
Seat 1: kniferok ($106.50 in chips) 
Seat 2: Zvst ($104 in chips) 
Seat 3: XneferX ($100 in chips) 
Seat 4: aoish30 ($117.02 in chips) 
Seat 5: SuperLimper007 ($84.73 in chips) 
Seat 6: Supermegopro ($100 in chips) 
SuperLimper007: posts small blind $0.50
Supermegopro: posts big blind $1
*** HOLE CARDS ***
kniferok: folds 
Zvst: raises $1 to $2
XneferX: folds 
aoish30: folds 
SuperLimper007: raises $6 to $8
Supermegopro: raises $92 to $100 and is all-in
Zvst: folds 
SuperLimper007: calls $76.73 and is all-in
Uncalled bet ($15.27) returned to Supermegopro
*** FLOP *** [Jc 5c 5s]
*** TURN *** [Jc 5c 5s] [6d]
*** RIVER *** [Jc 5c 5s 6d] [2c]
*** SHOW DOWN ***
SuperLimper007: shows [Tc Td] (two pair, Tens and Fives)
Supermegopro: shows [Ks As] (a pair of Fives)
SuperLimper007 collected $168.96 from pot
*** SUMMARY ***
Total pot $171.46 | Rake $2.50 
Board [Jc 5c 5s 6d 2c]
Seat 1: kniferok folded before Flop (didn't bet)
Seat 2: Zvst folded before Flop
Seat 3: XneferX folded before Flop (didn't bet)
Seat 4: aoish30 (button) folded before Flop (didn't bet)
Seat 5: SuperLimper007 (small blind) showed [Tc Td] and won ($168.96) with two pair, Tens and Fives
Seat 6: Supermegopro (big blind) showed [Ks As] and lost with a pair of Fives



PokerStars Hand #254253019208:  Hold'em No Limit ($0.50/$1.00 USD) - 2025/01/07 22:26:31 WET [2025/01/07 17:26:31 ET]
Table 'Danjon' 6-max Seat #5 is the button
Seat 1: kniferok ($106.50 in chips) 
Seat 2: Zvst ($102 in chips) 
Seat 3: XneferX ($100 in chips) 
Seat 4: aoish30 ($117.02 in chips) 
Seat 5: SuperLimper007 ($168.96 in chips) 
Seat 6: Supermegopro ($100 in chips) 
Supermegopro: posts small blind $0.50
kniferok: posts big blind $1
*** HOLE CARDS ***
Zvst: raises $1 to $2
XneferX: folds 
aoish30: folds 
SuperLimper007: calls $2
Supermegopro: folds 
kniferok: calls $1
*** FLOP *** [4h 4c 2d]
kniferok: checks 
Zvst: checks 
SuperLimper007: checks 
*** TURN *** [4h 4c 2d] [Td]
kniferok: checks 
Zvst: checks 
SuperLimper007: checks 
*** RIVER *** [4h 4c 2d Td] [5s]
kniferok: bets $1.50
Zvst: folds 
SuperLimper007: folds 
Uncalled bet ($1.50) returned to kniferok
kniferok collected $6.18 from pot
kniferok: doesn't show hand 
*** SUMMARY ***
Total pot $6.50 | Rake $0.32 
Board [4h 4c 2d Td 5s]
Seat 1: kniferok (big blind) collected ($6.18)
Seat 2: Zvst folded on the River
Seat 3: XneferX folded before Flop (didn't bet)
Seat 4: aoish30 folded before Flop (didn't bet)
Seat 5: SuperLimper007 (button) folded on the River
Seat 6: Supermegopro (small blind) folded before Flop



PokerStars Hand #254253036977:  Hold'em No Limit ($0.50/$1.00 USD) - 2025/01/07 22:27:26 WET [2025/01/07 17:27:26 ET]
Table 'Danjon' 6-max Seat #6 is the button
Seat 2: Zvst ($100 in chips) is sitting out
Seat 1: kniferok ($110.68 in chips) 
Seat 3: XneferX ($100 in chips) 
Seat 4: aoish30 ($117.02 in chips) 
Seat 5: SuperLimper007 ($166.96 in chips) 
Seat 6: Supermegopro ($100 in chips) 
kniferok: posts small blind $0.50
Zvst: is sitting out 
XneferX: posts big blind $1
*** HOLE CARDS ***
aoish30: folds 
SuperLimper007: raises $1 to $2
Supermegopro: raises $5.50 to $7.50
kniferok: raises $17.50 to $25
XneferX: folds 
SuperLimper007: folds 
Supermegopro: folds 
Uncalled bet ($17.50) returned to kniferok
kniferok collected $18 from pot
kniferok: doesn't show hand 
Zvst leaves the table
*** SUMMARY ***
Total pot $18 | Rake $0 
Seat 2: Zvst
Seat 1: kniferok (small blind) collected ($18)
Seat 3: XneferX (big blind) folded before Flop
Seat 4: aoish30 folded before Flop (didn't bet)
Seat 5: SuperLimper007 folded before Flop
Seat 6: Supermegopro (button) folded before Flop



PokerStars Hand #254253045828:  Hold'em No Limit ($0.50/$1.00 USD) - 2025/01/07 22:27:54 WET [2025/01/07 17:27:54 ET]
Table 'Danjon' 6-max Seat #1 is the button
Seat 1: kniferok ($121.18 in chips) 
Seat 3: XneferX ($100 in chips) 
Seat 4: aoish30 ($117.02 in chips) 
Seat 5: SuperLimper007 ($164.96 in chips) 
Seat 6: Supermegopro ($100 in chips) 
XneferX: posts small blind $0.50
aoish30: posts big blind $1
*** HOLE CARDS ***
SuperLimper007: folds 
Supermegopro: raises $1.50 to $2.50
kniferok: folds 
Christianzt1 joins the table at seat #2 
XneferX: folds 
aoish30: folds 
Uncalled bet ($1.50) returned to Supermegopro
Supermegopro collected $2.50 from pot
Supermegopro: doesn't show hand 
*** SUMMARY ***
Total pot $2.50 | Rake $0 
Seat 1: kniferok (button) folded before Flop (didn't bet)
Seat 3: XneferX (small blind) folded before Flop
Seat 4: aoish30 (big blind) folded before Flop
Seat 5: SuperLimper007 folded before Flop (didn't bet)
Seat 6: Supermegopro collected ($2.50)



PokerStars Hand #254253051047:  Hold'em No Limit ($0.50/$1.00 USD) - 2025/01/07 22:28:10 WET [2025/01/07 17:28:10 ET]
Table 'Danjon' 6-max Seat #3 is the button
Seat 2: Christianzt1 ($100 in chips) is sitting out
Seat 1: kniferok ($121.18 in chips) 
Seat 3: XneferX ($100 in chips) 
Seat 4: aoish30 ($116.02 in chips) 
Seat 5: SuperLimper007 ($164.96 in chips) 
Seat 6: Supermegopro ($101.50 in chips) 
aoish30: posts small blind $0.50
SuperLimper007: posts big blind $1
Christianzt1: sits out 
*** HOLE CARDS ***
Supermegopro: folds 
kniferok: folds 
XneferX: folds 
aoish30: raises $2 to $3
SuperLimper007: calls $2
*** FLOP *** [Qh 5h Qd]
aoish30: bets $1.88
SuperLimper007: calls $1.88
*** TURN *** [Qh 5h Qd] [9h]
aoish30: checks 
SuperLimper007: checks 
*** RIVER *** [Qh 5h Qd 9h] [Th]
aoish30: checks 
SuperLimper007: checks 
*** SHOW DOWN ***
aoish30: shows [Ks 9s] (two pair, Queens and Nines)
SuperLimper007: shows [Ts Jd] (two pair, Queens and Tens)
SuperLimper007 collected $9.27 from pot
*** SUMMARY ***
Total pot $9.76 | Rake $0.49 
Board [Qh 5h Qd 9h Th]
Seat 2: Christianzt1
Seat 1: kniferok folded before Flop (didn't bet)
Seat 3: XneferX (button) folded before Flop (didn't bet)
Seat 4: aoish30 (small blind) showed [Ks 9s] and lost with two pair, Queens and Nines
Seat 5: SuperLimper007 (big blind) showed [Ts Jd] and won ($9.27) with two pair, Queens and Tens
Seat 6: Supermegopro folded before Flop (didn't bet)



PokerStars Hand #254253066409:  Hold'em No Limit ($0.50/$1.00 USD) - 2025/01/07 22:28:59 WET [2025/01/07 17:28:59 ET]
Table 'Danjon' 6-max Seat #4 is the button
Seat 2: Christianzt1 ($100 in chips) is sitting out
Seat 1: kniferok ($121.18 in chips) 
Seat 3: XneferX ($100 in chips) 
Seat 4: aoish30 ($111.14 in chips) 
Seat 5: SuperLimper007 ($169.35 in chips) 
Seat 6: Supermegopro ($101.50 in chips) 
SuperLimper007: posts small blind $0.50
Supermegopro: posts big blind $1
Christianzt1: sits out 
*** HOLE CARDS ***
kniferok: folds 
XneferX: folds 
SuperLimper007 is disconnected 
aoish30: folds 
SuperLimper007 is connected 
SuperLimper007 is disconnected 
SuperLimper007 has timed out while disconnected
SuperLimper007: folds 
Uncalled bet ($0.50) returned to Supermegopro
Supermegopro collected $1 from pot
Supermegopro: doesn't show hand 
*** SUMMARY ***
Total pot $1 | Rake $0 
Seat 2: Christianzt1
Seat 1: kniferok folded before Flop (didn't bet)
Seat 3: XneferX folded before Flop (didn't bet)
Seat 4: aoish30 (button) folded before Flop (didn't bet)
Seat 5: SuperLimper007 (small blind) folded before Flop
Seat 6: Supermegopro (big blind) collected ($1)



PokerStars Hand #254253075630:  Hold'em No Limit ($0.50/$1.00 USD) - 2025/01/07 22:29:28 WET [2025/01/07 17:29:28 ET]
Table 'Danjon' 6-max Seat #6 is the button
Seat 5: SuperLimper007 ($168.85 in chips) is sitting out
Seat 1: kniferok ($121.18 in chips) 
Seat 2: Christianzt1 ($100 in chips) 
Seat 3: XneferX ($100 in chips) 
Seat 4: aoish30 ($111.14 in chips) 
Seat 6: Supermegopro ($102 in chips) 
kniferok: posts small blind $0.50
Christianzt1: posts big blind $1
*** HOLE CARDS ***
XneferX: folds 
aoish30: folds 
Supermegopro: folds 
kniferok: raises $2 to $3
Christianzt1: folds 
Uncalled bet ($2) returned to kniferok
kniferok collected $2 from pot
kniferok: doesn't show hand 
*** SUMMARY ***
Total pot $2 | Rake $0 
Seat 5: SuperLimper007
Seat 1: kniferok (small blind) collected ($2)
Seat 2: Christianzt1 (big blind) folded before Flop
Seat 3: XneferX folded before Flop (didn't bet)
Seat 4: aoish30 folded before Flop (didn't bet)
Seat 6: Supermegopro (button) folded before Flop (didn't bet)



PokerStars Hand #254253081775:  Hold'em No Limit ($0.50/$1.00 USD) - 2025/01/07 22:29:48 WET [2025/01/07 17:29:48 ET]
Table 'Danjon' 6-max Seat #1 is the button
Seat 5: SuperLimper007 ($168.85 in chips) is sitting out
Seat 1: kniferok ($122.18 in chips) 
Seat 2: Christianzt1 ($100 in chips) 
Seat 3: XneferX ($100 in chips) 
Seat 4: aoish30 ($111.14 in chips) 
Seat 6: Supermegopro ($102 in chips) 
Christianzt1: posts small blind $0.50
XneferX: posts big blind $1
*** HOLE CARDS ***
aoish30: folds 
Supermegopro: raises $1.50 to $2.50
kniferok: folds 
Christianzt1: folds 
SuperLimper007 is disconnected 
XneferX: folds 
Uncalled bet ($1.50) returned to Supermegopro
Supermegopro collected $2.50 from pot
Supermegopro: doesn't show hand 
*** SUMMARY ***
Total pot $2.50 | Rake $0 
Seat 5: SuperLimper007
Seat 1: kniferok (button) folded before Flop (didn't bet)
Seat 2: Christianzt1 (small blind) folded before Flop
Seat 3: XneferX (big blind) folded before Flop
Seat 4: aoish30 folded before Flop (didn't bet)
Seat 6: Supermegopro collected ($2.50)



PokerStars Hand #254253092707:  Hold'em No Limit ($0.50/$1.00 USD) - 2025/01/07 22:30:22 WET [2025/01/07 17:30:22 ET]
Table 'Danjon' 6-max Seat #2 is the button
Seat 5: SuperLimper007 ($168.85 in chips) is sitting out
Seat 1: kniferok ($122.18 in chips) 
Seat 2: Christianzt1 ($100 in chips) 
Seat 3: XneferX ($100 in chips) 
Seat 4: aoish30 ($111.14 in chips) 
Seat 6: Supermegopro ($103.50 in chips) 
XneferX: posts small blind $0.50
aoish30: posts big blind $1
*** HOLE CARDS ***
Supermegopro: raises $1.50 to $2.50
kniferok: raises $6.50 to $9
Christianzt1: folds 
XneferX: folds 
aoish30: folds 
Supermegopro: calls $6.50
*** FLOP *** [Tc 7d 4s]
Supermegopro: checks 
kniferok: bets $6.11
Supermegopro: calls $6.11
*** TURN *** [Tc 7d 4s] [2c]
Supermegopro: checks 
kniferok: checks 
*** RIVER *** [Tc 7d 4s 2c] [9d]
SuperLimper007 is disconnected 
Supermegopro: bets $9.94
kniferok: folds 
Uncalled bet ($9.94) returned to Supermegopro
Supermegopro collected $30.13 from pot
Supermegopro: doesn't show hand 
*** SUMMARY ***
Total pot $31.72 | Rake $1.59 
Board [Tc 7d 4s 2c 9d]
Seat 5: SuperLimper007
Seat 1: kniferok folded on the River
Seat 2: Christianzt1 (button) folded before Flop (didn't bet)
Seat 3: XneferX (small blind) folded before Flop
Seat 4: aoish30 (big blind) folded before Flop
Seat 6: Supermegopro collected ($30.13)



PokerStars Hand #254253111859:  Hold'em No Limit ($0.50/$1.00 USD) - 2025/01/07 22:31:23 WET [2025/01/07 17:31:23 ET]
Table 'Danjon' 6-max Seat #3 is the button
Seat 5: SuperLimper007 ($168.85 in chips) is sitting out
Seat 1: kniferok ($107.07 in chips) 
Seat 2: Christianzt1 ($100 in chips) 
Seat 3: XneferX ($100 in chips) 
Seat 4: aoish30 ($110.14 in chips) 
Seat 6: Supermegopro ($118.52 in chips) 
aoish30: posts small blind $0.50
SuperLimper007 has timed out while disconnected
SuperLimper007: is sitting out 
Supermegopro: posts big blind $1
*** HOLE CARDS ***
kniferok: folds 
Christianzt1: folds 
XneferX: raises $1.77 to $2.77
aoish30: folds 
Supermegopro: raises $9.23 to $12
XneferX: folds 
Uncalled bet ($9.23) returned to Supermegopro
Supermegopro collected $6.04 from pot
Supermegopro: doesn't show hand 
*** SUMMARY ***
Total pot $6.04 | Rake $0 
Seat 5: SuperLimper007
Seat 1: kniferok folded before Flop (didn't bet)
Seat 2: Christianzt1 folded before Flop (didn't bet)
Seat 3: XneferX (button) folded before Flop
Seat 4: aoish30 (small blind) folded before Flop
Seat 6: Supermegopro (big blind) collected ($6.04)



PokerStars Hand #254253125254:  Hold'em No Limit ($0.50/$1.00 USD) - 2025/01/07 22:32:05 WET [2025/01/07 17:32:05 ET]
Table 'Danjon' 6-max Seat #4 is the button
Seat 5: SuperLimper007 ($168.85 in chips) is sitting out
Seat 1: kniferok ($107.07 in chips) 
Seat 2: Christianzt1 ($100 in chips) 
Seat 3: XneferX ($100 in chips) 
Seat 4: aoish30 ($109.64 in chips) 
Seat 6: Supermegopro ($121.79 in chips) 
Supermegopro: posts small blind $0.50
kniferok: posts big blind $1
*** HOLE CARDS ***
Christianzt1: raises $1.40 to $2.40
XneferX: folds 
aoish30: folds 
Supermegopro: calls $1.90
kniferok: folds 
*** FLOP *** [As Qh 7h]
Supermegopro: checks 
Christianzt1: checks 
*** TURN *** [As Qh 7h] [Ts]
Supermegopro: checks 
Christianzt1: checks 
*** RIVER *** [As Qh 7h Ts] [2h]
Supermegopro: checks 
Christianzt1: checks 
*** SHOW DOWN ***
Supermegopro: shows [8c 8d] (a pair of Eights)
Christianzt1: shows [Qc Jd] (a pair of Queens)
Christianzt1 collected $5.51 from pot
*** SUMMARY ***
Total pot $5.80 | Rake $0.29 
Board [As Qh 7h Ts 2h]
Seat 5: SuperLimper007
Seat 1: kniferok (big blind) folded before Flop
Seat 2: Christianzt1 showed [Qc Jd] and won ($5.51) with a pair of Queens
Seat 3: XneferX folded before Flop (didn't bet)
Seat 4: aoish30 (button) folded before Flop (didn't bet)
Seat 6: Supermegopro (small blind) showed [8c 8d] and lost with a pair of Eights



PokerStars Hand #254253134699:  Hold'em No Limit ($0.50/$1.00 USD) - 2025/01/07 22:32:34 WET [2025/01/07 17:32:34 ET]
Table 'Danjon' 6-max Seat #6 is the button
Seat 1: kniferok ($106.07 in chips) 
Seat 2: Christianzt1 ($103.11 in chips) 
Seat 3: XneferX ($100 in chips) 
Seat 4: aoish30 ($109.64 in chips) 
Seat 5: SuperLimper007 ($168.85 in chips) 
Seat 6: Supermegopro ($119.39 in chips) 
kniferok: posts small blind $0.50
Christianzt1: posts big blind $1
SuperLimper007: posts small & big blinds $1.50
*** HOLE CARDS ***
XneferX: folds 
aoish30: folds 
SuperLimper007: checks 
Supermegopro: folds 
kniferok: folds 
Christianzt1: checks 
*** FLOP *** [5d Td Kc]
Christianzt1: checks 
SuperLimper007: checks 
*** TURN *** [5d Td Kc] [Kd]
Christianzt1: checks 
SuperLimper007: checks 
*** RIVER *** [5d Td Kc Kd] [6d]
Christianzt1: checks 
SuperLimper007: checks 
*** SHOW DOWN ***
Christianzt1: shows [6h 4c] (two pair, Kings and Sixes)
SuperLimper007: mucks hand 
Christianzt1 collected $2.85 from pot
*** SUMMARY ***
Total pot $3 | Rake $0.15 
Board [5d Td Kc Kd 6d]
Seat 1: kniferok (small blind) folded before Flop
Seat 2: Christianzt1 (big blind) showed [6h 4c] and won ($2.85) with two pair, Kings and Sixes
Seat 3: XneferX folded before Flop (didn't bet)
Seat 4: aoish30 folded before Flop (didn't bet)
Seat 5: SuperLimper007 mucked
Seat 6: Supermegopro (button) folded before Flop (didn't bet)



PokerStars Hand #254253146066:  Hold'em No Limit ($0.50/$1.00 USD) - 2025/01/07 22:33:09 WET [2025/01/07 17:33:09 ET]
Table 'Danjon' 6-max Seat #1 is the button
Seat 1: kniferok ($105.57 in chips) 
Seat 2: Christianzt1 ($104.96 in chips) 
Seat 3: XneferX ($100 in chips) 
Seat 4: aoish30 ($109.64 in chips) 
Seat 5: SuperLimper007 ($167.35 in chips) 
Seat 6: Supermegopro ($119.39 in chips) 
Christianzt1: posts small blind $0.50
XneferX: posts big blind $1
*** HOLE CARDS ***
aoish30: folds 
SuperLimper007: raises $1 to $2
Supermegopro: folds 
kniferok: folds 
Christianzt1: folds 
XneferX: folds 
Uncalled bet ($1) returned to SuperLimper007
SuperLimper007 collected $2.50 from pot
*** SUMMARY ***
Total pot $2.50 | Rake $0 
Seat 1: kniferok (button) folded before Flop (didn't bet)
Seat 2: Christianzt1 (small blind) folded before Flop
Seat 3: XneferX (big blind) folded before Flop
Seat 4: aoish30 folded before Flop (didn't bet)
Seat 5: SuperLimper007 collected ($2.50)
Seat 6: Supermegopro folded before Flop (didn't bet)



PokerStars Hand #254253150920:  Hold'em No Limit ($0.50/$1.00 USD) - 2025/01/07 22:33:24 WET [2025/01/07 17:33:24 ET]
Table 'Danjon' 6-max Seat #2 is the button
Seat 4: aoish30 ($109.64 in chips) is sitting out
Seat 1: kniferok ($105.57 in chips) 
Seat 2: Christianzt1 ($104.46 in chips) 
Seat 3: XneferX ($100 in chips) 
Seat 5: SuperLimper007 ($168.85 in chips) 
Seat 6: Supermegopro ($119.39 in chips) 
XneferX: posts small blind $0.50
aoish30: is sitting out 
SuperLimper007: posts big blind $1
*** HOLE CARDS ***
Supermegopro: folds 
kniferok: raises $1.50 to $2.50
Christianzt1: raises $5 to $7.50
XneferX: folds 
SuperLimper007: folds 
kniferok: folds 
Uncalled bet ($5) returned to Christianzt1
Christianzt1 collected $6.50 from pot
SuperLimper007 is disconnected 
*** SUMMARY ***
Total pot $6.50 | Rake $0 
Seat 4: aoish30
Seat 1: kniferok folded before Flop
Seat 2: Christianzt1 (button) collected ($6.50)
Seat 3: XneferX (small blind) folded before Flop
Seat 5: SuperLimper007 (big blind) folded before Flop
Seat 6: Supermegopro folded before Flop (didn't bet)



PokerStars Hand #254253158293:  Hold'em No Limit ($0.50/$1.00 USD) - 2025/01/07 22:33:47 WET [2025/01/07 17:33:47 ET]
Table 'Danjon' 6-max Seat #3 is the button
Seat 4: aoish30 ($109.64 in chips) is sitting out
Seat 5: SuperLimper007 ($167.85 in chips) is sitting out
Seat 1: kniferok ($103.07 in chips) 
Seat 2: Christianzt1 ($108.46 in chips) 
Seat 3: XneferX ($100 in chips) 
Seat 6: Supermegopro ($119.39 in chips) 
SuperLimper007 has timed out while disconnected
SuperLimper007: is sitting out 
Supermegopro: posts small blind $0.50
kniferok: posts big blind $1
*** HOLE CARDS ***
Christianzt1: folds 
XneferX: folds 
Supermegopro: folds 
Uncalled bet ($0.50) returned to kniferok
kniferok collected $1 from pot
kniferok: doesn't show hand 
*** SUMMARY ***
Total pot $1 | Rake $0 
Seat 4: aoish30
Seat 5: SuperLimper007
Seat 1: kniferok (big blind) collected ($1)
Seat 2: Christianzt1 folded before Flop (didn't bet)
Seat 3: XneferX (button) folded before Flop (didn't bet)
Seat 6: Supermegopro (small blind) folded before Flop



PokerStars Hand #254253166778:  Hold'em No Limit ($0.50/$1.00 USD) - 2025/01/07 22:34:14 WET [2025/01/07 17:34:14 ET]
Table 'Danjon' 6-max Seat #6 is the button
Seat 4: aoish30 ($109.64 in chips) is sitting out
Seat 1: kniferok ($103.57 in chips) 
Seat 2: Christianzt1 ($108.46 in chips) 
Seat 3: XneferX ($100 in chips) 
Seat 5: SuperLimper007 ($167.85 in chips) 
Seat 6: Supermegopro ($118.89 in chips) 
kniferok: posts small blind $0.50
Christianzt1: posts big blind $1
aoish30: sits out 
SuperLimper007: posts small blind $0.50
*** HOLE CARDS ***
XneferX: raises $1.20 to $2.20
SuperLimper007: folds 
Supermegopro: folds 
kniferok: folds 
Christianzt1: raises $10.80 to $13
XneferX: folds 
Uncalled bet ($10.80) returned to Christianzt1
SuperLimper007 is disconnected 
Christianzt1 collected $5.40 from pot
*** SUMMARY ***
Total pot $5.40 | Rake $0 
Seat 4: aoish30
Seat 1: kniferok (small blind) folded before Flop
Seat 2: Christianzt1 (big blind) collected ($5.40)
Seat 3: XneferX folded before Flop
Seat 5: SuperLimper007 folded before Flop (didn't bet)
Seat 6: Supermegopro (button) folded before Flop (didn't bet)



PokerStars Hand #254253180464:  Hold'em No Limit ($0.50/$1.00 USD) - 2025/01/07 22:34:58 WET [2025/01/07 17:34:58 ET]
Table 'Danjon' 6-max Seat #1 is the button
Seat 4: aoish30 ($109.64 in chips) is sitting out
Seat 1: kniferok ($103.07 in chips) 
Seat 2: Christianzt1 ($111.66 in chips) 
Seat 3: XneferX ($100 in chips) 
Seat 5: SuperLimper007 ($167.35 in chips) 
Seat 6: Supermegopro ($118.89 in chips) 
Christianzt1: posts small blind $0.50
XneferX: posts big blind $1
aoish30: sits out 
*** HOLE CARDS ***
SuperLimper007 has timed out while disconnected
SuperLimper007: folds 
Supermegopro: raises $1.50 to $2.50
kniferok: folds 
Christianzt1: folds 
XneferX: folds 
Uncalled bet ($1.50) returned to Supermegopro
Supermegopro collected $2.50 from pot
Supermegopro: doesn't show hand 
*** SUMMARY ***
Total pot $2.50 | Rake $0 
Seat 4: aoish30
Seat 1: kniferok (button) folded before Flop (didn't bet)
Seat 2: Christianzt1 (small blind) folded before Flop
Seat 3: XneferX (big blind) folded before Flop
Seat 5: SuperLimper007 folded before Flop (didn't bet)
Seat 6: Supermegopro collected ($2.50)



PokerStars Hand #254253191582:  Hold'em No Limit ($0.50/$1.00 USD) - 2025/01/07 22:35:33 WET [2025/01/07 17:35:33 ET]
Table 'Danjon' 6-max Seat #2 is the button
Seat 1: kniferok ($103.07 in chips) 
Seat 2: Christianzt1 ($111.16 in chips) 
Seat 3: XneferX ($100 in chips) 
Seat 4: aoish30 ($109.64 in chips) 
Seat 5: SuperLimper007 ($167.35 in chips) 
Seat 6: Supermegopro ($120.39 in chips) 
SuperLimper007 is disconnected 
XneferX: posts small blind $0.50
aoish30: posts big blind $1
*** HOLE CARDS ***
SuperLimper007 has timed out while disconnected
SuperLimper007: folds 
Supermegopro: folds 
kniferok: folds 
Christianzt1: raises $1.40 to $2.40
XneferX: folds 
aoish30: folds 
Uncalled bet ($1.40) returned to Christianzt1
Christianzt1 collected $2.50 from pot
*** SUMMARY ***
Total pot $2.50 | Rake $0 
Seat 1: kniferok folded before Flop (didn't bet)
Seat 2: Christianzt1 (button) collected ($2.50)
Seat 3: XneferX (small blind) folded before Flop
Seat 4: aoish30 (big blind) folded before Flop
Seat 5: SuperLimper007 folded before Flop (didn't bet)
Seat 6: Supermegopro folded before Flop (didn't bet)



PokerStars Hand #254253198591:  Hold'em No Limit ($0.50/$1.00 USD) - 2025/01/07 22:35:54 WET [2025/01/07 17:35:54 ET]
Table 'Danjon' 6-max Seat #3 is the button
Seat 5: SuperLimper007 ($167.35 in chips) is sitting out
Seat 1: kniferok ($103.07 in chips) 
Seat 2: Christianzt1 ($112.66 in chips) 
Seat 3: XneferX ($100 in chips) 
Seat 4: aoish30 ($108.64 in chips) 
Seat 6: Supermegopro ($120.39 in chips) 
aoish30: posts small blind $0.50
Supermegopro: posts big blind $1
*** HOLE CARDS ***
kniferok: folds 
Christianzt1: folds 
XneferX: folds 
aoish30: raises $2 to $3
Supermegopro: raises $7 to $10
aoish30: folds 
Uncalled bet ($7) returned to Supermegopro
Supermegopro collected $6 from pot
Supermegopro: doesn't show hand 
*** SUMMARY ***
Total pot $6 | Rake $0 
Seat 5: SuperLimper007
Seat 1: kniferok folded before Flop (didn't bet)
Seat 2: Christianzt1 folded before Flop (didn't bet)
Seat 3: XneferX (button) folded before Flop (didn't bet)
Seat 4: aoish30 (small blind) folded before Flop
Seat 6: Supermegopro (big blind) collected ($6)



PokerStars Hand #254253205105:  Hold'em No Limit ($0.50/$1.00 USD) - 2025/01/07 22:36:15 WET [2025/01/07 17:36:15 ET]
Table 'Danjon' 6-max Seat #4 is the button
Seat 5: SuperLimper007 ($167.35 in chips) is sitting out
Seat 1: kniferok ($103.07 in chips) 
Seat 2: Christianzt1 ($112.66 in chips) 
Seat 3: XneferX ($100 in chips) 
Seat 4: aoish30 ($105.64 in chips) 
Seat 6: Supermegopro ($123.39 in chips) 
Supermegopro: posts small blind $0.50
kniferok: posts big blind $1
*** HOLE CARDS ***
Christianzt1: folds 
XneferX: folds 
aoish30: raises $1.50 to $2.50
Supermegopro: folds 
kniferok: calls $1.50
*** FLOP *** [6h 8c 4d]
kniferok: checks 
SuperLimper007 is disconnected 
aoish30: checks 
*** TURN *** [6h 8c 4d] [3c]
kniferok: checks 
aoish30: checks 
*** RIVER *** [6h 8c 4d 3c] [Th]
kniferok: bets $2.61
aoish30: folds 
Uncalled bet ($2.61) returned to kniferok
kniferok collected $5.22 from pot
kniferok: doesn't show hand 
*** SUMMARY ***
Total pot $5.50 | Rake $0.28 
Board [6h 8c 4d 3c Th]
Seat 5: SuperLimper007
Seat 1: kniferok (big blind) collected ($5.22)
Seat 2: Christianzt1 folded before Flop (didn't bet)
Seat 3: XneferX folded before Flop (didn't bet)
Seat 4: aoish30 (button) folded on the River
Seat 6: Supermegopro (small blind) folded before Flop



PokerStars Hand #254253218736:  Hold'em No Limit ($0.50/$1.00 USD) - 2025/01/07 22:36:58 WET [2025/01/07 17:36:58 ET]
Table 'Danjon' 6-max Seat #6 is the button
Seat 1: kniferok ($105.79 in chips) 
Seat 2: Christianzt1 ($112.66 in chips) 
Seat 3: XneferX ($100 in chips) 
Seat 4: aoish30 ($103.14 in chips) 
Seat 5: SuperLimper007 ($167.35 in chips) 
Seat 6: Supermegopro ($122.89 in chips) 
kniferok: posts small blind $0.50
Christianzt1: posts big blind $1
SuperLimper007: posts small & big blinds $1.50
*** HOLE CARDS ***
XneferX: raises $1.20 to $2.20
aoish30: folds 
SuperLimper007: calls $1.20
Supermegopro: calls $2.20
kniferok: folds 
Christianzt1: calls $1.20
*** FLOP *** [As Jd 9s]
Christianzt1: checks 
XneferX: bets $3.17
SuperLimper007: folds 
Supermegopro: calls $3.17
Christianzt1: folds 
*** TURN *** [As Jd 9s] [Tc]
SuperLimper007 is disconnected 
XneferX: bets $5.21
Supermegopro: folds 
Uncalled bet ($5.21) returned to XneferX
XneferX collected $15.33 from pot
XneferX: doesn't show hand 
*** SUMMARY ***
Total pot $16.14 | Rake $0.81 
Board [As Jd 9s Tc]
Seat 1: kniferok (small blind) folded before Flop
Seat 2: Christianzt1 (big blind) folded on the Flop
Seat 3: XneferX collected ($15.33)
Seat 4: aoish30 folded before Flop (didn't bet)
Seat 5: SuperLimper007 folded on the Flop
Seat 6: Supermegopro (button) folded on the Turn



PokerStars Hand #254253236171:  Hold'em No Limit ($0.50/$1.00 USD) - 2025/01/07 22:37:54 WET [2025/01/07 17:37:54 ET]
Table 'Danjon' 6-max Seat #1 is the button
Seat 1: kniferok ($105.29 in chips) 
Seat 2: Christianzt1 ($110.46 in chips) 
Seat 3: XneferX ($109.96 in chips) 
Seat 4: aoish30 ($103.14 in chips) 
Seat 5: SuperLimper007 ($164.65 in chips) 
Seat 6: Supermegopro ($117.52 in chips) 
Christianzt1: posts small blind $0.50
XneferX: posts big blind $1
*** HOLE CARDS ***
aoish30: folds 
SuperLimper007: folds 
Supermegopro: raises $1.50 to $2.50
kniferok: folds 
Christianzt1: folds 
SuperLimper007 is disconnected 
XneferX: calls $1.50
*** FLOP *** [Jc 6c Ad]
XneferX: checks 
Supermegopro: checks 
*** TURN *** [Jc 6c Ad] [8h]
XneferX: checks 
Supermegopro: bets $1.72
SuperLimper007 is disconnected 
XneferX: calls $1.72
*** RIVER *** [Jc 6c Ad 8h] [2c]
XneferX: checks 
Supermegopro: checks 
*** SHOW DOWN ***
XneferX: shows [Ts Kh] (high card Ace)
Supermegopro: shows [Td 8d] (a pair of Eights)
Supermegopro collected $8.49 from pot
*** SUMMARY ***
Total pot $8.94 | Rake $0.45 
Board [Jc 6c Ad 8h 2c]
Seat 1: kniferok (button) folded before Flop (didn't bet)
Seat 2: Christianzt1 (small blind) folded before Flop
Seat 3: XneferX (big blind) showed [Ts Kh] and lost with high card Ace
Seat 4: aoish30 folded before Flop (didn't bet)
Seat 5: SuperLimper007 folded before Flop (didn't bet)
Seat 6: Supermegopro showed [Td 8d] and won ($8.49) with a pair of Eights



PokerStars Hand #254253264494:  Hold'em No Limit ($0.50/$1.00 USD) - 2025/01/07 22:39:24 WET [2025/01/07 17:39:24 ET]
Table 'Danjon' 6-max Seat #2 is the button
Seat 1: kniferok ($105.29 in chips) 
Seat 2: Christianzt1 ($109.96 in chips) 
Seat 3: XneferX ($105.74 in chips) 
Seat 4: aoish30 ($103.14 in chips) 
Seat 5: SuperLimper007 ($164.65 in chips) 
Seat 6: Supermegopro ($121.79 in chips) 
XneferX: posts small blind $0.50
aoish30: posts big blind $1
*** HOLE CARDS ***
SuperLimper007: folds 
Supermegopro: folds 
kniferok: raises $1.50 to $2.50
Christianzt1: folds 
XneferX: folds 
aoish30: calls $1.50
*** FLOP *** [As 9c 7c]
SuperLimper007 is disconnected 
aoish30: checks 
kniferok: checks 
*** TURN *** [As 9c 7c] [Kc]
aoish30: bets $1.72
kniferok: calls $1.72
*** RIVER *** [As 9c 7c Kc] [Qd]
aoish30: checks 
kniferok: checks 
*** SHOW DOWN ***
aoish30: shows [Ac Ts] (a pair of Aces)
kniferok: mucks hand 
aoish30 collected $8.49 from pot
*** SUMMARY ***
Total pot $8.94 | Rake $0.45 
Board [As 9c 7c Kc Qd]
Seat 1: kniferok mucked
Seat 2: Christianzt1 (button) folded before Flop (didn't bet)
Seat 3: XneferX (small blind) folded before Flop
Seat 4: aoish30 (big blind) showed [Ac Ts] and won ($8.49) with a pair of Aces
Seat 5: SuperLimper007 folded before Flop (didn't bet)
Seat 6: Supermegopro folded before Flop (didn't bet)



PokerStars Hand #254253274485:  Hold'em No Limit ($0.50/$1.00 USD) - 2025/01/07 22:39:57 WET [2025/01/07 17:39:57 ET]
Table 'Danjon' 6-max Seat #3 is the button
Seat 1: kniferok ($101.07 in chips) 
Seat 2: Christianzt1 ($109.96 in chips) 
Seat 3: XneferX ($105.24 in chips) 
Seat 4: aoish30 ($107.41 in chips) 
Seat 5: SuperLimper007 ($164.65 in chips) 
Seat 6: Supermegopro ($121.79 in chips) 
aoish30: posts small blind $0.50
SuperLimper007 is connected 
SuperLimper007: posts big blind $1
*** HOLE CARDS ***
Supermegopro: raises $1.50 to $2.50
kniferok: folds 
Christianzt1: folds 
XneferX: folds 
aoish30: folds 
SuperLimper007: folds 
Uncalled bet ($1.50) returned to Supermegopro
Supermegopro collected $2.50 from pot
Supermegopro: doesn't show hand 
*** SUMMARY ***
Total pot $2.50 | Rake $0 
Seat 1: kniferok folded before Flop (didn't bet)
Seat 2: Christianzt1 folded before Flop (didn't bet)
Seat 3: XneferX (button) folded before Flop (didn't bet)
Seat 4: aoish30 (small blind) folded before Flop
Seat 5: SuperLimper007 (big blind) folded before Flop
Seat 6: Supermegopro collected ($2.50)



PokerStars Hand #254253281507:  Hold'em No Limit ($0.50/$1.00 USD) - 2025/01/07 22:40:19 WET [2025/01/07 17:40:19 ET]
Table 'Danjon' 6-max Seat #4 is the button
Seat 1: kniferok ($101.07 in chips) 
Seat 2: Christianzt1 ($109.96 in chips) 
Seat 3: XneferX ($105.24 in chips) 
Seat 4: aoish30 ($106.91 in chips) 
Seat 5: SuperLimper007 ($163.65 in chips) 
Seat 6: Supermegopro ($123.29 in chips) 
SuperLimper007: posts small blind $0.50
Supermegopro: posts big blind $1
*** HOLE CARDS ***
kniferok: folds 
Christianzt1: folds 
XneferX: folds 
aoish30: folds 
SuperLimper007: raises $2 to $3
Supermegopro: calls $2
*** FLOP *** [Th 5d Qs]
SuperLimper007: bets $2.85
Supermegopro: calls $2.85
*** TURN *** [Th 5d Qs] [9c]
SuperLimper007: checks 
Supermegopro: bets $2.78
SuperLimper007: folds 
Uncalled bet ($2.78) returned to Supermegopro
Supermegopro collected $11.12 from pot
Supermegopro: doesn't show hand 
*** SUMMARY ***
Total pot $11.70 | Rake $0.58 
Board [Th 5d Qs 9c]
Seat 1: kniferok folded before Flop (didn't bet)
Seat 2: Christianzt1 folded before Flop (didn't bet)
Seat 3: XneferX folded before Flop (didn't bet)
Seat 4: aoish30 (button) folded before Flop (didn't bet)
Seat 5: SuperLimper007 (small blind) folded on the Turn
Seat 6: Supermegopro (big blind) collected ($11.12)



PokerStars Hand #254253298600:  Hold'em No Limit ($0.50/$1.00 USD) - 2025/01/07 22:41:14 WET [2025/01/07 17:41:14 ET]
Table 'Danjon' 6-max Seat #5 is the button
Seat 1: kniferok ($101.07 in chips) 
Seat 2: Christianzt1 ($109.96 in chips) 
Seat 3: XneferX ($105.24 in chips) 
Seat 4: aoish30 ($106.91 in chips) 
Seat 5: SuperLimper007 ($157.80 in chips) 
Seat 6: Supermegopro ($128.56 in chips) 
Supermegopro: posts small blind $0.50
kniferok: posts big blind $1
*** HOLE CARDS ***
Christianzt1: raises $1.40 to $2.40
XneferX: folds 
aoish30: folds 
SuperLimper007: folds 
Supermegopro: folds 
kniferok: calls $1.40
*** FLOP *** [Ac 5c 9c]
kniferok: checks 
SuperLimper007 is disconnected 
Christianzt1: bets $1
kniferok: calls $1
*** TURN *** [Ac 5c 9c] [4d]
kniferok: checks 
Christianzt1: checks 
*** RIVER *** [Ac 5c 9c 4d] [Jh]
kniferok: bets $4.97
Christianzt1: calls $4.97
*** SHOW DOWN ***
kniferok: shows [7d Ad] (a pair of Aces)
Christianzt1: mucks hand 
kniferok collected $16.38 from pot
*** SUMMARY ***
Total pot $17.24 | Rake $0.86 
Board [Ac 5c 9c 4d Jh]
Seat 1: kniferok (big blind) showed [7d Ad] and won ($16.38) with a pair of Aces
Seat 2: Christianzt1 mucked
Seat 3: XneferX folded before Flop (didn't bet)
Seat 4: aoish30 folded before Flop (didn't bet)
Seat 5: SuperLimper007 (button) folded before Flop (didn't bet)
Seat 6: Supermegopro (small blind) folded before Flop



PokerStars Hand #254253323448:  Hold'em No Limit ($0.50/$1.00 USD) - 2025/01/07 22:42:35 WET [2025/01/07 17:42:35 ET]
Table 'Danjon' 6-max Seat #6 is the button
Seat 1: kniferok ($109.08 in chips) 
Seat 2: Christianzt1 ($101.59 in chips) 
Seat 3: XneferX ($105.24 in chips) 
Seat 4: aoish30 ($106.91 in chips) 
Seat 5: SuperLimper007 ($157.80 in chips) 
Seat 6: Supermegopro ($128.06 in chips) 
kniferok: posts small blind $0.50
Christianzt1: posts big blind $1
*** HOLE CARDS ***
XneferX: folds 
aoish30: folds 
SuperLimper007: raises $1 to $2
Supermegopro: raises $5 to $7
kniferok: folds 
Christianzt1: folds 
SuperLimper007: raises $15.50 to $22.50
Supermegopro: folds 
Uncalled bet ($15.50) returned to SuperLimper007
SuperLimper007 collected $15.50 from pot
*** SUMMARY ***
Total pot $15.50 | Rake $0 
Seat 1: kniferok (small blind) folded before Flop
Seat 2: Christianzt1 (big blind) folded before Flop
Seat 3: XneferX folded before Flop (didn't bet)
Seat 4: aoish30 folded before Flop (didn't bet)
Seat 5: SuperLimper007 collected ($15.50)
Seat 6: Supermegopro (button) folded before Flop



PokerStars Hand #254253332729:  Hold'em No Limit ($0.50/$1.00 USD) - 2025/01/07 22:43:05 WET [2025/01/07 17:43:05 ET]
Table 'Danjon' 6-max Seat #1 is the button
Seat 1: kniferok ($108.58 in chips) 
Seat 2: Christianzt1 ($100.59 in chips) 
Seat 3: XneferX ($105.24 in chips) 
Seat 4: aoish30 ($106.91 in chips) 
Seat 5: SuperLimper007 ($166.30 in chips) 
Seat 6: Supermegopro ($121.06 in chips) 
Christianzt1: posts small blind $0.50
XneferX: posts big blind $1
*** HOLE CARDS ***
aoish30: folds 
SuperLimper007: folds 
Supermegopro: raises $1.50 to $2.50
kniferok: folds 
Christianzt1: raises $8.50 to $11
XneferX: folds 
Supermegopro: calls $8.50
*** FLOP *** [Kc 2h 5h]
Christianzt1: bets $7.21
Supermegopro: folds 
Uncalled bet ($7.21) returned to Christianzt1
Christianzt1 collected $21.85 from pot
*** SUMMARY ***
Total pot $23 | Rake $1.15 
Board [Kc 2h 5h]
Seat 1: kniferok (button) folded before Flop (didn't bet)
Seat 2: Christianzt1 (small blind) collected ($21.85)
Seat 3: XneferX (big blind) folded before Flop
Seat 4: aoish30 folded before Flop (didn't bet)
Seat 5: SuperLimper007 folded before Flop (didn't bet)
Seat 6: Supermegopro folded on the Flop



PokerStars Hand #254253487078:  Hold'em No Limit ($0.50/$1.00 USD) - 2025/01/07 22:51:29 WET [2025/01/07 17:51:29 ET]
Table 'Danjon' 6-max Seat #2 is the button
Seat 1: kniferok ($101 in chips) 
Seat 2: Christianzt1 ($122.58 in chips) 
Seat 3: XneferX ($100 in chips) 
Seat 4: aoish30 ($100 in chips) 
Seat 5: SuperLimper007 ($177.69 in chips) 
Seat 6: Supermegopro ($119.76 in chips) 
XneferX: posts small blind $0.50
aoish30: posts big blind $1
*** HOLE CARDS ***
SuperLimper007: raises $1 to $2
Supermegopro: folds 
kniferok: raises $5 to $7
Christianzt1: folds 
XneferX: folds 
aoish30: folds 
SuperLimper007: calls $5
*** FLOP *** [Qh 4d 3s]
SuperLimper007: checks 
kniferok: bets $8.86
SuperLimper007: folds 
Uncalled bet ($8.86) returned to kniferok
kniferok collected $14.72 from pot
kniferok: doesn't show hand 
*** SUMMARY ***
Total pot $15.50 | Rake $0.78 
Board [Qh 4d 3s]
Seat 1: kniferok collected ($14.72)
Seat 2: Christianzt1 (button) folded before Flop (didn't bet)
Seat 3: XneferX (small blind) folded before Flop
Seat 4: aoish30 (big blind) folded before Flop
Seat 5: SuperLimper007 folded on the Flop
Seat 6: Supermegopro folded before Flop (didn't bet)



PokerStars Hand #254253502383:  Hold'em No Limit ($0.50/$1.00 USD) - 2025/01/07 22:52:20 WET [2025/01/07 17:52:20 ET]
Table 'Danjon' 6-max Seat #3 is the button
Seat 1: kniferok ($108.72 in chips) 
Seat 2: Christianzt1 ($122.58 in chips) 
Seat 3: XneferX ($100 in chips) 
Seat 4: aoish30 ($100 in chips) 
Seat 5: SuperLimper007 ($170.69 in chips) 
Seat 6: Supermegopro ($119.76 in chips) 
aoish30: posts small blind $0.50
SuperLimper007: posts big blind $1
*** HOLE CARDS ***
Supermegopro: folds 
kniferok: folds 
Christianzt1: raises $1.40 to $2.40
XneferX: folds 
aoish30: folds 
SuperLimper007: calls $1.40
*** FLOP *** [3d 3s Jc]
SuperLimper007: checks 
Christianzt1: bets $1.66
SuperLimper007: raises $4.18 to $5.84
Christianzt1: folds 
Uncalled bet ($4.18) returned to SuperLimper007
SuperLimper007 collected $8.19 from pot
*** SUMMARY ***
Total pot $8.62 | Rake $0.43 
Board [3d 3s Jc]
Seat 1: kniferok folded before Flop (didn't bet)
Seat 2: Christianzt1 folded on the Flop
Seat 3: XneferX (button) folded before Flop (didn't bet)
Seat 4: aoish30 (small blind) folded before Flop
Seat 5: SuperLimper007 (big blind) collected ($8.19)
Seat 6: Supermegopro folded before Flop (didn't bet)



PokerStars Hand #254253514677:  Hold'em No Limit ($0.50/$1.00 USD) - 2025/01/07 22:53:00 WET [2025/01/07 17:53:00 ET]
Table 'Danjon' 6-max Seat #4 is the button
Seat 1: kniferok ($108.72 in chips) 
Seat 2: Christianzt1 ($118.52 in chips) 
Seat 3: XneferX ($100 in chips) 
Seat 4: aoish30 ($100 in chips) 
Seat 5: SuperLimper007 ($174.82 in chips) 
Seat 6: Supermegopro ($119.76 in chips) 
SuperLimper007: posts small blind $0.50
Supermegopro: posts big blind $1
*** HOLE CARDS ***
kniferok: folds 
Christianzt1: raises $1.40 to $2.40
XneferX: folds 
aoish30: folds 
SuperLimper007: folds 
Supermegopro: folds 
Uncalled bet ($1.40) returned to Christianzt1
Christianzt1 collected $2.50 from pot
*** SUMMARY ***
Total pot $2.50 | Rake $0 
Seat 1: kniferok folded before Flop (didn't bet)
Seat 2: Christianzt1 collected ($2.50)
Seat 3: XneferX folded before Flop (didn't bet)
Seat 4: aoish30 (button) folded before Flop (didn't bet)
Seat 5: SuperLimper007 (small blind) folded before Flop
Seat 6: Supermegopro (big blind) folded before Flop



PokerStars Hand #254253521305:  Hold'em No Limit ($0.50/$1.00 USD) - 2025/01/07 22:53:22 WET [2025/01/07 17:53:22 ET]
Table 'Danjon' 6-max Seat #5 is the button
Seat 1: kniferok ($108.72 in chips) 
Seat 2: Christianzt1 ($120.02 in chips) 
Seat 3: XneferX ($100 in chips) 
Seat 4: aoish30 ($100 in chips) 
Seat 5: SuperLimper007 ($174.32 in chips) 
Seat 6: Supermegopro ($118.76 in chips) 
Supermegopro: posts small blind $0.50
kniferok: posts big blind $1
*** HOLE CARDS ***
Christianzt1: folds 
XneferX: folds 
aoish30: folds 
SuperLimper007: folds 
Supermegopro: folds 
Uncalled bet ($0.50) returned to kniferok
kniferok collected $1 from pot
kniferok: doesn't show hand 
*** SUMMARY ***
Total pot $1 | Rake $0 
Seat 1: kniferok (big blind) collected ($1)
Seat 2: Christianzt1 folded before Flop (didn't bet)
Seat 3: XneferX folded before Flop (didn't bet)
Seat 4: aoish30 folded before Flop (didn't bet)
Seat 5: SuperLimper007 (button) folded before Flop (didn't bet)
Seat 6: Supermegopro (small blind) folded before Flop



PokerStars Hand #254253524645:  Hold'em No Limit ($0.50/$1.00 USD) - 2025/01/07 22:53:33 WET [2025/01/07 17:53:33 ET]
Table 'Danjon' 6-max Seat #6 is the button
Seat 1: kniferok ($109.22 in chips) 
Seat 2: Christianzt1 ($120.02 in chips) 
Seat 3: XneferX ($100 in chips) 
Seat 4: aoish30 ($100 in chips) 
Seat 5: SuperLimper007 ($174.32 in chips) 
Seat 6: Supermegopro ($118.26 in chips) 
kniferok: posts small blind $0.50
Christianzt1: posts big blind $1
*** HOLE CARDS ***
XneferX: folds 
aoish30: folds 
SuperLimper007: folds 
Supermegopro: folds 
kniferok: folds 
Uncalled bet ($0.50) returned to Christianzt1
Christianzt1 collected $1 from pot
*** SUMMARY ***
Total pot $1 | Rake $0 
Seat 1: kniferok (small blind) folded before Flop
Seat 2: Christianzt1 (big blind) collected ($1)
Seat 3: XneferX folded before Flop (didn't bet)
Seat 4: aoish30 folded before Flop (didn't bet)
Seat 5: SuperLimper007 folded before Flop (didn't bet)
Seat 6: Supermegopro (button) folded before Flop (didn't bet)



PokerStars Hand #254253527696:  Hold'em No Limit ($0.50/$1.00 USD) - 2025/01/07 22:53:43 WET [2025/01/07 17:53:43 ET]
Table 'Danjon' 6-max Seat #1 is the button
Seat 1: kniferok ($108.72 in chips) 
Seat 2: Christianzt1 ($120.52 in chips) 
Seat 3: XneferX ($100 in chips) 
Seat 4: aoish30 ($100 in chips) 
Seat 5: SuperLimper007 ($174.32 in chips) 
Seat 6: Supermegopro ($118.26 in chips) 
Christianzt1: posts small blind $0.50
XneferX: posts big blind $1
*** HOLE CARDS ***
SuperLimper007 is disconnected 
aoish30: folds 
SuperLimper007 has timed out while disconnected
SuperLimper007: folds 
Supermegopro: folds 
kniferok: raises $1.50 to $2.50
Christianzt1: folds 
XneferX: folds 
Uncalled bet ($1.50) returned to kniferok
kniferok collected $2.50 from pot
kniferok: doesn't show hand 
*** SUMMARY ***
Total pot $2.50 | Rake $0 
Seat 1: kniferok (button) collected ($2.50)
Seat 2: Christianzt1 (small blind) folded before Flop
Seat 3: XneferX (big blind) folded before Flop
Seat 4: aoish30 folded before Flop (didn't bet)
Seat 5: SuperLimper007 folded before Flop (didn't bet)
Seat 6: Supermegopro folded before Flop (didn't bet)



PokerStars Hand #254253534291:  Hold'em No Limit ($0.50/$1.00 USD) - 2025/01/07 22:54:05 WET [2025/01/07 17:54:05 ET]
Table 'Danjon' 6-max Seat #2 is the button
Seat 1: kniferok ($110.22 in chips) 
Seat 2: Christianzt1 ($120.02 in chips) 
Seat 3: XneferX ($100 in chips) 
Seat 4: aoish30 ($100 in chips) 
Seat 5: SuperLimper007 ($174.32 in chips) 
Seat 6: Supermegopro ($118.26 in chips) 
XneferX: posts small blind $0.50
aoish30: posts big blind $1
*** HOLE CARDS ***
SuperLimper007: raises $1 to $2
Supermegopro: folds 
kniferok: folds 
Christianzt1: folds 
XneferX: folds 
aoish30: folds 
Uncalled bet ($1) returned to SuperLimper007
SuperLimper007 collected $2.50 from pot
*** SUMMARY ***
Total pot $2.50 | Rake $0 
Seat 1: kniferok folded before Flop (didn't bet)
Seat 2: Christianzt1 (button) folded before Flop (didn't bet)
Seat 3: XneferX (small blind) folded before Flop
Seat 4: aoish30 (big blind) folded before Flop
Seat 5: SuperLimper007 collected ($2.50)
Seat 6: Supermegopro folded before Flop (didn't bet)



PokerStars Hand #254253541467:  Hold'em No Limit ($0.50/$1.00 USD) - 2025/01/07 22:54:30 WET [2025/01/07 17:54:30 ET]
Table 'Danjon' 6-max Seat #3 is the button
Seat 1: kniferok ($110.22 in chips) 
Seat 2: Christianzt1 ($120.02 in chips) 
Seat 3: XneferX ($100 in chips) 
Seat 4: aoish30 ($100 in chips) 
Seat 5: SuperLimper007 ($175.82 in chips) 
Seat 6: Supermegopro ($118.26 in chips) 
aoish30: posts small blind $0.50
SuperLimper007: posts big blind $1
*** HOLE CARDS ***
Supermegopro: folds 
kniferok: raises $1.50 to $2.50
Christianzt1: folds 
XneferX: folds 
aoish30: folds 
SuperLimper007: folds 
Uncalled bet ($1.50) returned to kniferok
kniferok collected $2.50 from pot
kniferok: doesn't show hand 
*** SUMMARY ***
Total pot $2.50 | Rake $0 
Seat 1: kniferok collected ($2.50)
Seat 2: Christianzt1 folded before Flop (didn't bet)
Seat 3: XneferX (button) folded before Flop (didn't bet)
Seat 4: aoish30 (small blind) folded before Flop
Seat 5: SuperLimper007 (big blind) folded before Flop
Seat 6: Supermegopro folded before Flop (didn't bet)



PokerStars Hand #254253547847:  Hold'em No Limit ($0.50/$1.00 USD) - 2025/01/07 22:54:51 WET [2025/01/07 17:54:51 ET]
Table 'Danjon' 6-max Seat #4 is the button
Seat 1: kniferok ($111.72 in chips) 
Seat 2: Christianzt1 ($120.02 in chips) 
Seat 3: XneferX ($100 in chips) 
Seat 4: aoish30 ($100 in chips) 
Seat 5: SuperLimper007 ($174.82 in chips) 
Seat 6: Supermegopro ($118.26 in chips) 
SuperLimper007: posts small blind $0.50
Supermegopro: posts big blind $1
*** HOLE CARDS ***
kniferok: raises $1 to $2
Christianzt1: folds 
SuperLimper007 is disconnected 
XneferX: calls $2
aoish30: folds 
SuperLimper007 is connected 
SuperLimper007: folds 
Supermegopro: folds 
*** FLOP *** [7c 4d Ad]
kniferok: bets $3.61
XneferX: calls $3.61
*** TURN *** [7c 4d Ad] [3c]
kniferok: checks 
XneferX: checks 
*** RIVER *** [7c 4d Ad 3c] [7h]
kniferok: checks 
XneferX: checks 
*** SHOW DOWN ***
kniferok: shows [5h 5c] (two pair, Sevens and Fives)
XneferX: shows [9d 9h] (two pair, Nines and Sevens)
XneferX collected $12.08 from pot
*** SUMMARY ***
Total pot $12.72 | Rake $0.64 
Board [7c 4d Ad 3c 7h]
Seat 1: kniferok showed [5h 5c] and lost with two pair, Sevens and Fives
Seat 2: Christianzt1 folded before Flop (didn't bet)
Seat 3: XneferX showed [9d 9h] and won ($12.08) with two pair, Nines and Sevens
Seat 4: aoish30 (button) folded before Flop (didn't bet)
Seat 5: SuperLimper007 (small blind) folded before Flop
Seat 6: Supermegopro (big blind) folded before Flop



PokerStars Hand #254253571570:  Hold'em No Limit ($0.50/$1.00 USD) - 2025/01/07 22:56:36 WET [2025/01/07 17:56:36 ET]
Table 'Danjon' 6-max Seat #5 is the button
Seat 1: kniferok ($106.11 in chips) 
Seat 2: Christianzt1 ($120.02 in chips) 
Seat 3: XneferX ($106.47 in chips) 
Seat 4: aoish30 ($100 in chips) 
Seat 5: SuperLimper007 ($174.32 in chips) 
Seat 6: Supermegopro ($117.26 in chips) 
Supermegopro: posts small blind $0.50
kniferok: posts big blind $1
*** HOLE CARDS ***
Christianzt1: folds 
XneferX: folds 
aoish30: folds 
SuperLimper007: raises $1 to $2
Supermegopro: folds 
kniferok: raises $5 to $7
SuperLimper007: folds 
Uncalled bet ($5) returned to kniferok
kniferok collected $4.50 from pot
kniferok: doesn't show hand 
*** SUMMARY ***
Total pot $4.50 | Rake $0 
Seat 1: kniferok (big blind) collected ($4.50)
Seat 2: Christianzt1 folded before Flop (didn't bet)
Seat 3: XneferX folded before Flop (didn't bet)
Seat 4: aoish30 folded before Flop (didn't bet)
Seat 5: SuperLimper007 (button) folded before Flop
Seat 6: Supermegopro (small blind) folded before Flop



PokerStars Hand #254253576738:  Hold'em No Limit ($0.50/$1.00 USD) - 2025/01/07 22:57:00 WET [2025/01/07 17:57:00 ET]
Table 'Danjon' 6-max Seat #6 is the button
Seat 1: kniferok ($108.61 in chips) 
Seat 2: Christianzt1 ($120.02 in chips) 
Seat 3: XneferX ($106.47 in chips) 
Seat 4: aoish30 ($100 in chips) 
Seat 5: SuperLimper007 ($172.32 in chips) 
Seat 6: Supermegopro ($116.76 in chips) 
kniferok: posts small blind $0.50
Christianzt1: posts big blind $1
*** HOLE CARDS ***
XneferX: raises $1.20 to $2.20
aoish30: raises $5.28 to $7.48
SuperLimper007: folds 
Supermegopro: folds 
kniferok: folds 
Christianzt1: folds 
XneferX: calls $5.28
*** FLOP *** [2s Js Jd]
XneferX: checks 
SuperLimper007 is disconnected 
aoish30: bets $5.16
XneferX: calls $5.16
*** TURN *** [2s Js Jd] [7h]
XneferX: checks 
aoish30: bets $19.08
XneferX: folds 
Uncalled bet ($19.08) returned to aoish30
aoish30 collected $25.44 from pot
aoish30: doesn't show hand 
*** SUMMARY ***
Total pot $26.78 | Rake $1.34 
Board [2s Js Jd 7h]
Seat 1: kniferok (small blind) folded before Flop
Seat 2: Christianzt1 (big blind) folded before Flop
Seat 3: XneferX folded on the Turn
Seat 4: aoish30 collected ($25.44)
Seat 5: SuperLimper007 folded before Flop (didn't bet)
Seat 6: Supermegopro (button) folded before Flop (didn't bet)



PokerStars Hand #254253593995:  Hold'em No Limit ($0.50/$1.00 USD) - 2025/01/07 22:58:19 WET [2025/01/07 17:58:19 ET]
Table 'Danjon' 6-max Seat #1 is the button
Seat 1: kniferok ($108.11 in chips) 
Seat 2: Christianzt1 ($119.02 in chips) 
Seat 3: XneferX ($100 in chips) 
Seat 4: aoish30 ($112.80 in chips) 
Seat 5: SuperLimper007 ($172.32 in chips) 
Seat 6: Supermegopro ($116.76 in chips) 
Christianzt1: posts small blind $0.50
XneferX: posts big blind $1
*** HOLE CARDS ***
aoish30: folds 
SuperLimper007: folds 
SuperLimper007 is disconnected 
Supermegopro: folds 
kniferok: raises $1.50 to $2.50
Christianzt1: folds 
XneferX: calls $1.50
*** FLOP *** [8d Js Qc]
XneferX: checks 
kniferok: checks 
*** TURN *** [8d Js Qc] [Td]
XneferX: checks 
kniferok: bets $9.72
XneferX: folds 
Uncalled bet ($9.72) returned to kniferok
kniferok collected $5.22 from pot
kniferok: doesn't show hand 
*** SUMMARY ***
Total pot $5.50 | Rake $0.28 
Board [8d Js Qc Td]
Seat 1: kniferok (button) collected ($5.22)
Seat 2: Christianzt1 (small blind) folded before Flop
Seat 3: XneferX (big blind) folded on the Turn
Seat 4: aoish30 folded before Flop (didn't bet)
Seat 5: SuperLimper007 folded before Flop (didn't bet)
Seat 6: Supermegopro folded before Flop (didn't bet)



PokerStars Hand #254253611489:  Hold'em No Limit ($0.50/$1.00 USD) - 2025/01/07 22:59:39 WET [2025/01/07 17:59:39 ET]
Table 'Danjon' 6-max Seat #2 is the button
Seat 1: kniferok ($110.83 in chips) 
Seat 2: Christianzt1 ($118.52 in chips) 
Seat 3: XneferX ($100 in chips) 
Seat 4: aoish30 ($112.80 in chips) 
Seat 5: SuperLimper007 ($172.32 in chips) 
Seat 6: Supermegopro ($116.76 in chips) 
XneferX: posts small blind $0.50
aoish30: posts big blind $1
*** HOLE CARDS ***
SuperLimper007: folds 
Supermegopro: folds 
kniferok: raises $1.50 to $2.50
Christianzt1: folds 
SuperLimper007 is disconnected 
XneferX: folds 
aoish30: calls $1.50
*** FLOP *** [6h Qc Js]
aoish30: checks 
kniferok: bets $2.22
aoish30: folds 
Uncalled bet ($2.22) returned to kniferok
SuperLimper007 is disconnected 
kniferok collected $5.22 from pot
kniferok: doesn't show hand 
*** SUMMARY ***
Total pot $5.50 | Rake $0.28 
Board [6h Qc Js]
Seat 1: kniferok collected ($5.22)
Seat 2: Christianzt1 (button) folded before Flop (didn't bet)
Seat 3: XneferX (small blind) folded before Flop
Seat 4: aoish30 (big blind) folded on the Flop
Seat 5: SuperLimper007 folded before Flop (didn't bet)
Seat 6: Supermegopro folded before Flop (didn't bet)



PokerStars Hand #254253619107:  Hold'em No Limit ($0.50/$1.00 USD) - 2025/01/07 23:00:15 WET [2025/01/07 18:00:15 ET]
Table 'Danjon' 6-max Seat #3 is the button
Seat 5: SuperLimper007 ($172.32 in chips) is sitting out
Seat 1: kniferok ($113.55 in chips) 
Seat 2: Christianzt1 ($118.52 in chips) 
Seat 3: XneferX ($100 in chips) 
Seat 4: aoish30 ($110.30 in chips) 
Seat 6: Supermegopro ($116.76 in chips) 
aoish30: posts small blind $0.50
SuperLimper007 has timed out while disconnected
SuperLimper007: is sitting out 
Supermegopro: posts big blind $1
*** HOLE CARDS ***
kniferok: folds 
Christianzt1: folds 
XneferX: raises $1.77 to $2.77
aoish30: folds 
Supermegopro: calls $1.77
*** FLOP *** [Qc 5c Jh]
Supermegopro: checks 
XneferX: checks 
*** TURN *** [Qc 5c Jh] [Tc]
Supermegopro: bets $3.83
XneferX: folds 
Uncalled bet ($3.83) returned to Supermegopro
Supermegopro collected $5.74 from pot
Supermegopro: doesn't show hand 
*** SUMMARY ***
Total pot $6.04 | Rake $0.30 
Board [Qc 5c Jh Tc]
Seat 5: SuperLimper007
Seat 1: kniferok folded before Flop (didn't bet)
Seat 2: Christianzt1 folded before Flop (didn't bet)
Seat 3: XneferX (button) folded on the Turn
Seat 4: aoish30 (small blind) folded before Flop
Seat 6: Supermegopro (big blind) collected ($5.74)



PokerStars Hand #254253633993:  Hold'em No Limit ($0.50/$1.00 USD) - 2025/01/07 23:01:16 WET [2025/01/07 18:01:16 ET]
Table 'Danjon' 6-max Seat #4 is the button
Seat 5: SuperLimper007 ($172.32 in chips) is sitting out
Seat 1: kniferok ($113.55 in chips) 
Seat 2: Christianzt1 ($118.52 in chips) 
Seat 3: XneferX ($100 in chips) 
Seat 4: aoish30 ($109.80 in chips) 
Seat 6: Supermegopro ($119.73 in chips) 
Supermegopro: posts small blind $0.50
kniferok: posts big blind $1
*** HOLE CARDS ***
Christianzt1: folds 
XneferX: folds 
aoish30: folds 
Supermegopro: folds 
Uncalled bet ($0.50) returned to kniferok
kniferok collected $1 from pot
kniferok: doesn't show hand 
*** SUMMARY ***
Total pot $1 | Rake $0 
Seat 5: SuperLimper007
Seat 1: kniferok (big blind) collected ($1)
Seat 2: Christianzt1 folded before Flop (didn't bet)
Seat 3: XneferX folded before Flop (didn't bet)
Seat 4: aoish30 (button) folded before Flop (didn't bet)
Seat 6: Supermegopro (small blind) folded before Flop



PokerStars Hand #254253637136:  Hold'em No Limit ($0.50/$1.00 USD) - 2025/01/07 23:01:29 WET [2025/01/07 18:01:29 ET]
Table 'Danjon' 6-max Seat #6 is the button
Seat 1: kniferok ($114.05 in chips) 
Seat 2: Christianzt1 ($118.52 in chips) 
Seat 3: XneferX ($100 in chips) 
Seat 4: aoish30 ($109.80 in chips) 
Seat 5: SuperLimper007 ($172.32 in chips) 
Seat 6: Supermegopro ($119.23 in chips) 
kniferok: posts small blind $0.50
Christianzt1: posts big blind $1
SuperLimper007: posts small & big blinds $1.50
*** HOLE CARDS ***
XneferX: folds 
aoish30: folds 
SuperLimper007: checks 
Supermegopro: folds 
kniferok: folds 
Christianzt1: checks 
*** FLOP *** [8d 4h Ks]
Christianzt1: checks 
SuperLimper007: bets $2.85
Christianzt1: folds 
Uncalled bet ($2.85) returned to SuperLimper007
SuperLimper007 collected $2.85 from pot
*** SUMMARY ***
Total pot $3 | Rake $0.15 
Board [8d 4h Ks]
Seat 1: kniferok (small blind) folded before Flop
Seat 2: Christianzt1 (big blind) folded on the Flop
Seat 3: XneferX folded before Flop (didn't bet)
Seat 4: aoish30 folded before Flop (didn't bet)
Seat 5: SuperLimper007 collected ($2.85)
Seat 6: Supermegopro (button) folded before Flop (didn't bet)



PokerStars Hand #254253645241:  Hold'em No Limit ($0.50/$1.00 USD) - 2025/01/07 23:01:57 WET [2025/01/07 18:01:57 ET]
Table 'Danjon' 6-max Seat #1 is the button
Seat 1: kniferok ($113.55 in chips) 
Seat 2: Christianzt1 ($117.52 in chips) 
Seat 3: XneferX ($100 in chips) 
Seat 4: aoish30 ($109.80 in chips) 
Seat 5: SuperLimper007 ($173.67 in chips) 
Seat 6: Supermegopro ($119.23 in chips) 
Christianzt1: posts small blind $0.50
XneferX: posts big blind $1
*** HOLE CARDS ***
aoish30: folds 
SuperLimper007: folds 
Supermegopro: folds 
kniferok: raises $1.50 to $2.50
Christianzt1: folds 
XneferX: folds 
Uncalled bet ($1.50) returned to kniferok
kniferok collected $2.50 from pot
kniferok: doesn't show hand 
*** SUMMARY ***
Total pot $2.50 | Rake $0 
Seat 1: kniferok (button) collected ($2.50)
Seat 2: Christianzt1 (small blind) folded before Flop
Seat 3: XneferX (big blind) folded before Flop
Seat 4: aoish30 folded before Flop (didn't bet)
Seat 5: SuperLimper007 folded before Flop (didn't bet)
Seat 6: Supermegopro folded before Flop (didn't bet)



PokerStars Hand #254253648944:  Hold'em No Limit ($0.50/$1.00 USD) - 2025/01/07 23:02:11 WET [2025/01/07 18:02:11 ET]
Table 'Danjon' 6-max Seat #2 is the button
Seat 4: aoish30 ($109.80 in chips) is sitting out
Seat 5: SuperLimper007 ($173.67 in chips) is sitting out
Seat 1: kniferok ($115.05 in chips) 
Seat 2: Christianzt1 ($117.02 in chips) 
Seat 3: XneferX ($100 in chips) 
Seat 6: Supermegopro ($119.23 in chips) 
XneferX: posts small blind $0.50
SuperLimper007 is disconnected 
aoish30: is sitting out 
aoish30 leaves the table
SuperLimper007 has timed out while disconnected
SuperLimper007: is sitting out 
Supermegopro: posts big blind $1
*** HOLE CARDS ***
Rdalonso joins the table at seat #4 
kniferok: folds 
Christianzt1: folds 
XneferX: folds 
Uncalled bet ($0.50) returned to Supermegopro
Supermegopro collected $1 from pot
Supermegopro: doesn't show hand 
SuperLimper007 is disconnected 
*** SUMMARY ***
Total pot $1 | Rake $0 
Seat 4: aoish30
Seat 5: SuperLimper007
Seat 1: kniferok folded before Flop (didn't bet)
Seat 2: Christianzt1 (button) folded before Flop (didn't bet)
Seat 3: XneferX (small blind) folded before Flop
Seat 6: Supermegopro (big blind) collected ($1)



PokerStars Hand #254253656520:  Hold'em No Limit ($0.50/$1.00 USD) - 2025/01/07 23:02:37 WET [2025/01/07 18:02:37 ET]
Table 'Danjon' 6-max Seat #3 is the button
Seat 4: Rdalonso ($100 in chips) is sitting out
Seat 5: SuperLimper007 ($173.67 in chips) is sitting out
Seat 1: kniferok ($115.05 in chips) 
Seat 2: Christianzt1 ($117.02 in chips) 
Seat 3: XneferX ($100 in chips) 
Seat 6: Supermegopro ($119.73 in chips) 
Supermegopro: posts small blind $0.50
kniferok: posts big blind $1
*** HOLE CARDS ***
Christianzt1: folds 
XneferX: folds 
Supermegopro: folds 
Uncalled bet ($0.50) returned to kniferok
kniferok collected $1 from pot
kniferok: doesn't show hand 
*** SUMMARY ***
Total pot $1 | Rake $0 
Seat 4: Rdalonso
Seat 5: SuperLimper007
Seat 1: kniferok (big blind) collected ($1)
Seat 2: Christianzt1 folded before Flop (didn't bet)
Seat 3: XneferX (button) folded before Flop (didn't bet)
Seat 6: Supermegopro (small blind) folded before Flop



PokerStars Hand #254253659532:  Hold'em No Limit ($0.50/$1.00 USD) - 2025/01/07 23:02:48 WET [2025/01/07 18:02:48 ET]
Table 'Danjon' 6-max Seat #6 is the button
Seat 4: Rdalonso ($100 in chips) is sitting out
Seat 5: SuperLimper007 ($173.67 in chips) is sitting out
Seat 1: kniferok ($115.55 in chips) 
Seat 2: Christianzt1 ($117.02 in chips) 
Seat 3: XneferX ($100 in chips) 
Seat 6: Supermegopro ($119.23 in chips) 
kniferok: posts small blind $0.50
Christianzt1: posts big blind $1
Rdalonso: sits out 
SuperLimper007 has timed out while disconnected
SuperLimper007: is sitting out 
*** HOLE CARDS ***
XneferX: folds 
Supermegopro: folds 
kniferok: folds 
Uncalled bet ($0.50) returned to Christianzt1
Christianzt1 collected $1 from pot
*** SUMMARY ***
Total pot $1 | Rake $0 
Seat 4: Rdalonso
Seat 5: SuperLimper007
Seat 1: kniferok (small blind) folded before Flop
Seat 2: Christianzt1 (big blind) collected ($1)
Seat 3: XneferX folded before Flop (didn't bet)
Seat 6: Supermegopro (button) folded before Flop (didn't bet)



PokerStars Hand #254253670213:  Hold'em No Limit ($0.50/$1.00 USD) - 2025/01/07 23:03:25 WET [2025/01/07 18:03:25 ET]
Table 'Danjon' 6-max Seat #1 is the button
Seat 4: Rdalonso ($100 in chips) is sitting out
Seat 1: kniferok ($115.05 in chips) 
Seat 2: Christianzt1 ($117.52 in chips) 
Seat 3: XneferX ($100 in chips) 
Seat 5: SuperLimper007 ($173.67 in chips) 
Seat 6: Supermegopro ($119.23 in chips) 
Christianzt1: posts small blind $0.50
XneferX: posts big blind $1
Rdalonso: sits out 
SuperLimper007: posts small & big blinds $1.50
*** HOLE CARDS ***
SuperLimper007 is disconnected 
SuperLimper007 is connected 
SuperLimper007: checks 
Supermegopro: folds 
kniferok: folds 
Christianzt1: raises $4 to $5
XneferX: folds 
SuperLimper007: folds 
Uncalled bet ($4) returned to Christianzt1
Christianzt1 collected $3.50 from pot
*** SUMMARY ***
Total pot $3.50 | Rake $0 
Seat 4: Rdalonso
Seat 1: kniferok (button) folded before Flop (didn't bet)
Seat 2: Christianzt1 (small blind) collected ($3.50)
Seat 3: XneferX (big blind) folded before Flop
Seat 5: SuperLimper007 folded before Flop (didn't bet)
Seat 6: Supermegopro folded before Flop (didn't bet)



PokerStars Hand #254253678954:  Hold'em No Limit ($0.50/$1.00 USD) - 2025/01/07 23:03:55 WET [2025/01/07 18:03:55 ET]
Table 'Danjon' 6-max Seat #2 is the button
Seat 1: kniferok ($115.05 in chips) 
Seat 2: Christianzt1 ($120.02 in chips) 
Seat 3: XneferX ($100 in chips) 
Seat 4: Rdalonso ($100 in chips) 
Seat 5: SuperLimper007 ($172.17 in chips) 
Seat 6: Supermegopro ($119.23 in chips) 
XneferX: posts small blind $0.50
Rdalonso: posts big blind $1
*** HOLE CARDS ***
SuperLimper007: raises $1 to $2
Supermegopro: raises $4 to $6
kniferok: folds 
Christianzt1: folds 
XneferX: folds 
Rdalonso: folds 
SuperLimper007: calls $4
*** FLOP *** [Ac 5h Td]
SuperLimper007: checks 
Supermegopro: checks 
*** TURN *** [Ac 5h Td] [2s]
SuperLimper007: checks 
Supermegopro: checks 
*** RIVER *** [Ac 5h Td 2s] [Ts]
SuperLimper007: bets $4
Supermegopro: folds 
Uncalled bet ($4) returned to SuperLimper007
SuperLimper007 collected $12.82 from pot
*** SUMMARY ***
Total pot $13.50 | Rake $0.68 
Board [Ac 5h Td 2s Ts]
Seat 1: kniferok folded before Flop (didn't bet)
Seat 2: Christianzt1 (button) folded before Flop (didn't bet)
Seat 3: XneferX (small blind) folded before Flop
Seat 4: Rdalonso (big blind) folded before Flop
Seat 5: SuperLimper007 collected ($12.82)
Seat 6: Supermegopro folded on the River



PokerStars Hand #254253696033:  Hold'em No Limit ($0.50/$1.00 USD) - 2025/01/07 23:04:53 WET [2025/01/07 18:04:53 ET]
Table 'Danjon' 6-max Seat #3 is the button
Seat 1: kniferok ($115.05 in chips) 
Seat 2: Christianzt1 ($120.02 in chips) 
Seat 3: XneferX ($100 in chips) 
Seat 4: Rdalonso ($100 in chips) 
Seat 5: SuperLimper007 ($178.99 in chips) 
Seat 6: Supermegopro ($113.23 in chips) 
Rdalonso: posts small blind $0.50
SuperLimper007: posts big blind $1
*** HOLE CARDS ***
Supermegopro: folds 
kniferok: raises $1.50 to $2.50
Christianzt1: folds 
XneferX: folds 
Rdalonso: folds 
SuperLimper007: folds 
Uncalled bet ($1.50) returned to kniferok
kniferok collected $2.50 from pot
kniferok: doesn't show hand 
*** SUMMARY ***
Total pot $2.50 | Rake $0 
Seat 1: kniferok collected ($2.50)
Seat 2: Christianzt1 folded before Flop (didn't bet)
Seat 3: XneferX (button) folded before Flop (didn't bet)
Seat 4: Rdalonso (small blind) folded before Flop
Seat 5: SuperLimper007 (big blind) folded before Flop
Seat 6: Supermegopro folded before Flop (didn't bet)



PokerStars Hand #254253700303:  Hold'em No Limit ($0.50/$1.00 USD) - 2025/01/07 23:05:07 WET [2025/01/07 18:05:07 ET]
Table 'Danjon' 6-max Seat #4 is the button
Seat 1: kniferok ($116.55 in chips) 
Seat 2: Christianzt1 ($120.02 in chips) 
Seat 3: XneferX ($100 in chips) 
Seat 4: Rdalonso ($100 in chips) 
Seat 5: SuperLimper007 ($177.99 in chips) 
Seat 6: Supermegopro ($113.23 in chips) 
SuperLimper007: posts small blind $0.50
Supermegopro: posts big blind $1
*** HOLE CARDS ***
kniferok: folds 
Christianzt1: folds 
XneferX: folds 
Rdalonso: raises $1.50 to $2.50
SuperLimper007: folds 
Supermegopro: calls $1.50
*** FLOP *** [4d 2s Ks]
Supermegopro: checks 
Rdalonso: bets $1.72
SuperLimper007 is disconnected 
Supermegopro: raises $5.28 to $7
Rdalonso: folds 
Uncalled bet ($5.28) returned to Supermegopro
Supermegopro collected $8.49 from pot
Supermegopro: doesn't show hand 
*** SUMMARY ***
Total pot $8.94 | Rake $0.45 
Board [4d 2s Ks]
Seat 1: kniferok folded before Flop (didn't bet)
Seat 2: Christianzt1 folded before Flop (didn't bet)
Seat 3: XneferX folded before Flop (didn't bet)
Seat 4: Rdalonso (button) folded on the Flop
Seat 5: SuperLimper007 (small blind) folded before Flop
Seat 6: Supermegopro (big blind) collected ($8.49)



PokerStars Hand #254253711673:  Hold'em No Limit ($0.50/$1.00 USD) - 2025/01/07 23:05:47 WET [2025/01/07 18:05:47 ET]
Table 'Danjon' 6-max Seat #5 is the button
Seat 1: kniferok ($116.55 in chips) 
Seat 2: Christianzt1 ($120.02 in chips) 
Seat 3: XneferX ($100 in chips) 
Seat 4: Rdalonso ($100 in chips) 
Seat 5: SuperLimper007 ($177.49 in chips) 
Seat 6: Supermegopro ($117.50 in chips) 
Supermegopro: posts small blind $0.50
kniferok: posts big blind $1
*** HOLE CARDS ***
Christianzt1: folds 
XneferX: folds 
Rdalonso: raises $1.50 to $2.50
SuperLimper007: calls $2.50
Supermegopro: folds 
kniferok: calls $1.50
*** FLOP *** [8s Qh 2h]
kniferok: checks 
Rdalonso: checks 
SuperLimper007: bets $2.80
kniferok: raises $4.30 to $7.10
Rdalonso: folds 
SuperLimper007: calls $4.30
*** TURN *** [8s Qh 2h] [Th]
kniferok: checks 
SuperLimper007: bets $9.55
kniferok: folds 
Uncalled bet ($9.55) returned to SuperLimper007
SuperLimper007 collected $21.09 from pot
*** SUMMARY ***
Total pot $22.20 | Rake $1.11 
Board [8s Qh 2h Th]
Seat 1: kniferok (big blind) folded on the Turn
Seat 2: Christianzt1 folded before Flop (didn't bet)
Seat 3: XneferX folded before Flop (didn't bet)
Seat 4: Rdalonso folded on the Flop
Seat 5: SuperLimper007 (button) collected ($21.09)
Seat 6: Supermegopro (small blind) folded before Flop



PokerStars Hand #254253732069:  Hold'em No Limit ($0.50/$1.00 USD) - 2025/01/07 23:06:56 WET [2025/01/07 18:06:56 ET]
Table 'Danjon' 6-max Seat #6 is the button
Seat 1: kniferok ($106.95 in chips) 
Seat 2: Christianzt1 ($120.02 in chips) 
Seat 3: XneferX ($100 in chips) 
Seat 4: Rdalonso ($100 in chips) 
Seat 5: SuperLimper007 ($188.98 in chips) 
Seat 6: Supermegopro ($117 in chips) 
kniferok: posts small blind $0.50
Christianzt1: posts big blind $1
*** HOLE CARDS ***
XneferX: folds 
Rdalonso: folds 
SuperLimper007: folds 
Supermegopro: raises $2 to $3
kniferok: raises $9.50 to $12.50
Christianzt1: folds 
Supermegopro: calls $9.50
*** FLOP *** [Qh Qs Ac]
SuperLimper007 is disconnected 
kniferok: bets $8.50
Supermegopro: calls $8.50
*** TURN *** [Qh Qs Ac] [Ks]
kniferok: checks 
Supermegopro: checks 
*** RIVER *** [Qh Qs Ac Ks] [6s]
SuperLimper007 is disconnected 
kniferok: bets $20.43
Supermegopro: calls $20.43
*** SHOW DOWN ***
kniferok: shows [Kc Ad] (two pair, Aces and Kings)
Supermegopro: shows [9s As] (a flush, Ace high)
Supermegopro collected $81.36 from pot
*** SUMMARY ***
Total pot $83.86 | Rake $2.50 
Board [Qh Qs Ac Ks 6s]
Seat 1: kniferok (small blind) showed [Kc Ad] and lost with two pair, Aces and Kings
Seat 2: Christianzt1 (big blind) folded before Flop
Seat 3: XneferX folded before Flop (didn't bet)
Seat 4: Rdalonso folded before Flop (didn't bet)
Seat 5: SuperLimper007 folded before Flop (didn't bet)
Seat 6: Supermegopro (button) showed [9s As] and won ($81.36) with a flush, Ace high



PokerStars Hand #254253752064:  Hold'em No Limit ($0.50/$1.00 USD) - 2025/01/07 23:08:05 WET [2025/01/07 18:08:05 ET]
Table 'Danjon' 6-max Seat #1 is the button
Seat 1: kniferok ($100 in chips) 
Seat 2: Christianzt1 ($119.02 in chips) 
Seat 3: XneferX ($100 in chips) 
Seat 4: Rdalonso ($100 in chips) 
Seat 5: SuperLimper007 ($188.98 in chips) 
Seat 6: Supermegopro ($156.93 in chips) 
Christianzt1: posts small blind $0.50
XneferX: posts big blind $1
*** HOLE CARDS ***
Rdalonso: folds 
SuperLimper007 has timed out while disconnected
SuperLimper007: folds 
Supermegopro: raises $1.50 to $2.50
kniferok: folds 
Christianzt1: folds 
XneferX: folds 
Uncalled bet ($1.50) returned to Supermegopro
Supermegopro collected $2.50 from pot
Supermegopro: doesn't show hand 
*** SUMMARY ***
Total pot $2.50 | Rake $0 
Seat 1: kniferok (button) folded before Flop (didn't bet)
Seat 2: Christianzt1 (small blind) folded before Flop
Seat 3: XneferX (big blind) folded before Flop
Seat 4: Rdalonso folded before Flop (didn't bet)
Seat 5: SuperLimper007 folded before Flop (didn't bet)
Seat 6: Supermegopro collected ($2.50)



PokerStars Hand #254253758908:  Hold'em No Limit ($0.50/$1.00 USD) - 2025/01/07 23:08:29 WET [2025/01/07 18:08:29 ET]
Table 'Danjon' 6-max Seat #2 is the button
Seat 5: SuperLimper007 ($188.98 in chips) is sitting out
Seat 1: kniferok ($100 in chips) 
Seat 2: Christianzt1 ($118.52 in chips) 
Seat 3: XneferX ($100 in chips) 
Seat 4: Rdalonso ($100 in chips) 
Seat 6: Supermegopro ($158.43 in chips) 
XneferX: posts small blind $0.50
Rdalonso: posts big blind $1
*** HOLE CARDS ***
Supermegopro: folds 
kniferok: folds 
Christianzt1: folds 
XneferX: raises $1.90 to $2.90
Rdalonso: folds 
Uncalled bet ($1.90) returned to XneferX
XneferX collected $2 from pot
XneferX: doesn't show hand 
*** SUMMARY ***
Total pot $2 | Rake $0 
Seat 5: SuperLimper007
Seat 1: kniferok folded before Flop (didn't bet)
Seat 2: Christianzt1 (button) folded before Flop (didn't bet)
Seat 3: XneferX (small blind) collected ($2)
Seat 4: Rdalonso (big blind) folded before Flop
Seat 6: Supermegopro folded before Flop (didn't bet)



PokerStars Hand #254253765590:  Hold'em No Limit ($0.50/$1.00 USD) - 2025/01/07 23:08:52 WET [2025/01/07 18:08:52 ET]
Table 'Danjon' 6-max Seat #3 is the button
Seat 5: SuperLimper007 ($188.98 in chips) is sitting out
Seat 1: kniferok ($100 in chips) 
Seat 2: Christianzt1 ($118.52 in chips) 
Seat 3: XneferX ($101 in chips) 
Seat 4: Rdalonso ($100 in chips) 
Seat 6: Supermegopro ($158.43 in chips) 
Rdalonso: posts small blind $0.50
Supermegopro: posts big blind $1
*** HOLE CARDS ***
kniferok: folds 
Christianzt1: raises $1.40 to $2.40
XneferX: folds 
Rdalonso: folds 
Supermegopro: calls $1.40
*** FLOP *** [4s Kh Qs]
Supermegopro: checks 
Christianzt1: checks 
*** TURN *** [4s Kh Qs] [9c]
Supermegopro: bets $10.08
Christianzt1: calls $10.08
*** RIVER *** [4s Kh Qs 9c] [5c]
Supermegopro: checks 
Christianzt1: checks 
*** SHOW DOWN ***
Supermegopro: shows [8s 9s] (a pair of Nines)
Christianzt1: shows [Ts Ks] (a pair of Kings)
Christianzt1 collected $24.19 from pot
*** SUMMARY ***
Total pot $25.46 | Rake $1.27 
Board [4s Kh Qs 9c 5c]
Seat 5: SuperLimper007
Seat 1: kniferok folded before Flop (didn't bet)
Seat 2: Christianzt1 showed [Ts Ks] and won ($24.19) with a pair of Kings
Seat 3: XneferX (button) folded before Flop (didn't bet)
Seat 4: Rdalonso (small blind) folded before Flop
Seat 6: Supermegopro (big blind) showed [8s 9s] and lost with a pair of Nines



PokerStars Hand #254253781372:  Hold'em No Limit ($0.50/$1.00 USD) - 2025/01/07 23:09:47 WET [2025/01/07 18:09:47 ET]
Table 'Danjon' 6-max Seat #4 is the button
Seat 5: SuperLimper007 ($188.98 in chips) is sitting out
Seat 1: kniferok ($100 in chips) 
Seat 2: Christianzt1 ($130.23 in chips) 
Seat 3: XneferX ($101 in chips) 
Seat 4: Rdalonso ($100 in chips) 
Seat 6: Supermegopro ($145.95 in chips) 
Supermegopro: posts small blind $0.50
kniferok: posts big blind $1
*** HOLE CARDS ***
Christianzt1: folds 
XneferX: raises $1.20 to $2.20
Rdalonso: folds 
Supermegopro: calls $1.70
kniferok: folds 
*** FLOP *** [Jh 8h 7c]
Supermegopro: checks 
XneferX: checks 
*** TURN *** [Jh 8h 7c] [2c]
Supermegopro: checks 
XneferX: checks 
*** RIVER *** [Jh 8h 7c 2c] [5h]
Supermegopro: bets $6.41
XneferX: folds 
Uncalled bet ($6.41) returned to Supermegopro
Supermegopro collected $5.13 from pot
Supermegopro: doesn't show hand 
*** SUMMARY ***
Total pot $5.40 | Rake $0.27 
Board [Jh 8h 7c 2c 5h]
Seat 5: SuperLimper007
Seat 1: kniferok (big blind) folded before Flop
Seat 2: Christianzt1 folded before Flop (didn't bet)
Seat 3: XneferX folded on the River
Seat 4: Rdalonso (button) folded before Flop (didn't bet)
Seat 6: Supermegopro (small blind) collected ($5.13)



PokerStars Hand #254253798958:  Hold'em No Limit ($0.50/$1.00 USD) - 2025/01/07 23:10:48 WET [2025/01/07 18:10:48 ET]
Table 'Danjon' 6-max Seat #6 is the button
Seat 2: Christianzt1 ($130.23 in chips) is sitting out
Seat 1: kniferok ($100 in chips) 
Seat 3: XneferX ($100 in chips) 
Seat 4: Rdalonso ($100 in chips) 
Seat 5: SuperLimper007 ($188.98 in chips) 
Seat 6: Supermegopro ($148.88 in chips) 
kniferok: posts small blind $0.50
Christianzt1: is sitting out 
XneferX: posts big blind $1
SuperLimper007: posts small & big blinds $1.50
*** HOLE CARDS ***
Rdalonso: folds 
Christianzt1 leaves the table
SuperLimper007: checks 
Supermegopro: folds 
kniferok: folds 
XneferX: checks 
*** FLOP *** [7s 6c 4c]
XneferX: checks 
SuperLimper007: checks 
*** TURN *** [7s 6c 4c] [3h]
XneferX: checks 
SuperLimper007: checks 
*** RIVER *** [7s 6c 4c 3h] [4s]
XneferX: checks 
SuperLimper007: bets $1.43
XneferX: calls $1.43
*** SHOW DOWN ***
SuperLimper007: shows [9d Ah] (a pair of Fours)
XneferX: shows [3d Jh] (two pair, Fours and Threes)
XneferX collected $5.57 from pot
*** SUMMARY ***
Total pot $5.86 | Rake $0.29 
Board [7s 6c 4c 3h 4s]
Seat 2: Christianzt1
Seat 1: kniferok (small blind) folded before Flop
Seat 3: XneferX (big blind) showed [3d Jh] and won ($5.57) with two pair, Fours and Threes
Seat 4: Rdalonso folded before Flop (didn't bet)
Seat 5: SuperLimper007 showed [9d Ah] and lost with a pair of Fours
Seat 6: Supermegopro (button) folded before Flop (didn't bet)



PokerStars Hand #254253809452:  Hold'em No Limit ($0.50/$1.00 USD) - 2025/01/07 23:11:25 WET [2025/01/07 18:11:25 ET]
Table 'Danjon' 6-max Seat #1 is the button
Seat 1: kniferok ($100 in chips) 
Seat 3: XneferX ($103.14 in chips) 
Seat 4: Rdalonso ($100 in chips) 
Seat 5: SuperLimper007 ($186.05 in chips) 
Seat 6: Supermegopro ($148.88 in chips) 
XneferX: posts small blind $0.50
Rdalonso: posts big blind $1
*** HOLE CARDS ***
SuperLimper007: folds 
Supermegopro: folds 
kniferok: folds 
XneferX: folds 
Uncalled bet ($0.50) returned to Rdalonso
Rdalonso collected $1 from pot
Rdalonso: doesn't show hand 
*** SUMMARY ***
Total pot $1 | Rake $0 
Seat 1: kniferok (button) folded before Flop (didn't bet)
Seat 3: XneferX (small blind) folded before Flop
Seat 4: Rdalonso (big blind) collected ($1)
Seat 5: SuperLimper007 folded before Flop (didn't bet)
Seat 6: Supermegopro folded before Flop (didn't bet)



PokerStars Hand #254253812342:  Hold'em No Limit ($0.50/$1.00 USD) - 2025/01/07 23:11:35 WET [2025/01/07 18:11:35 ET]
Table 'Danjon' 6-max Seat #3 is the button
Seat 1: kniferok ($100 in chips) 
Seat 3: XneferX ($102.64 in chips) 
Seat 4: Rdalonso ($100.50 in chips) 
Seat 5: SuperLimper007 ($186.05 in chips) 
Seat 6: Supermegopro ($148.88 in chips) 
Rdalonso: posts small blind $0.50
SuperLimper007: posts big blind $1
*** HOLE CARDS ***
Supermegopro: raises $1.50 to $2.50
kniferok: folds 
XneferX: folds 
Rdalonso: raises $8.50 to $11
SuperLimper007: folds 
Dai5dop joins the table at seat #2 
Supermegopro: calls $8.50
*** FLOP *** [Qc Qh 3c]
Rdalonso: bets $7.21
Supermegopro: folds 
Uncalled bet ($7.21) returned to Rdalonso
SuperLimper007 is disconnected 
Rdalonso collected $21.85 from pot
Rdalonso: doesn't show hand 
*** SUMMARY ***
Total pot $23 | Rake $1.15 
Board [Qc Qh 3c]
Seat 1: kniferok folded before Flop (didn't bet)
Seat 3: XneferX (button) folded before Flop (didn't bet)
Seat 4: Rdalonso (small blind) collected ($21.85)
Seat 5: SuperLimper007 (big blind) folded before Flop
Seat 6: Supermegopro folded on the Flop



PokerStars Hand #254253821755:  Hold'em No Limit ($0.50/$1.00 USD) - 2025/01/07 23:12:09 WET [2025/01/07 18:12:09 ET]
Table 'Danjon' 6-max Seat #4 is the button
Seat 1: kniferok ($100 in chips) is sitting out
Seat 5: SuperLimper007 ($185.05 in chips) is sitting out
Seat 2: Dai5dop ($100 in chips) 
Seat 3: XneferX ($102.64 in chips) 
Seat 4: Rdalonso ($111.35 in chips) 
Seat 6: Supermegopro ($137.88 in chips) 
SuperLimper007 has timed out while disconnected
SuperLimper007: is sitting out 
Supermegopro: posts small blind $0.50
kniferok: is sitting out 
Dai5dop: posts big blind $1
*** HOLE CARDS ***
XneferX: folds 
Rdalonso: folds 
Supermegopro: folds 
Uncalled bet ($0.50) returned to Dai5dop
kniferok leaves the table
Dai5dop collected $1 from pot
Dai5dop: doesn't show hand 
*** SUMMARY ***
Total pot $1 | Rake $0 
Seat 1: kniferok
Seat 5: SuperLimper007
Seat 2: Dai5dop (big blind) collected ($1)
Seat 3: XneferX folded before Flop (didn't bet)
Seat 4: Rdalonso (button) folded before Flop (didn't bet)
Seat 6: Supermegopro (small blind) folded before Flop



PokerStars Hand #254253826656:  Hold'em No Limit ($0.50/$1.00 USD) - 2025/01/07 23:12:26 WET [2025/01/07 18:12:26 ET]
Table 'Danjon' 6-max Seat #6 is the button
Seat 5: SuperLimper007 ($185.05 in chips) is sitting out
Seat 2: Dai5dop ($100.50 in chips) 
Seat 3: XneferX ($102.64 in chips) 
Seat 4: Rdalonso ($111.35 in chips) 
Seat 6: Supermegopro ($137.38 in chips) 
Dai5dop: posts small blind $0.50
XneferX: posts big blind $1
*** HOLE CARDS ***
Rdalonso: raises $1.50 to $2.50
Supermegopro: folds 
Dai5dop: folds 
aoish30 joins the table at seat #1 
XneferX: raises $9.50 to $12
Rdalonso: folds 
Uncalled bet ($9.50) returned to XneferX
XneferX collected $5.50 from pot
XneferX: doesn't show hand 
*** SUMMARY ***
Total pot $5.50 | Rake $0 
Seat 5: SuperLimper007
Seat 2: Dai5dop (small blind) folded before Flop
Seat 3: XneferX (big blind) collected ($5.50)
Seat 4: Rdalonso folded before Flop
Seat 6: Supermegopro (button) folded before Flop (didn't bet)



PokerStars Hand #254253836104:  Hold'em No Limit ($0.50/$1.00 USD) - 2025/01/07 23:13:01 WET [2025/01/07 18:13:01 ET]
Table 'Danjon' 6-max Seat #2 is the button
Seat 1: aoish30 ($109.80 in chips) is sitting out
Seat 2: Dai5dop ($100 in chips) 
Seat 3: XneferX ($105.64 in chips) 
Seat 4: Rdalonso ($108.85 in chips) 
Seat 5: SuperLimper007 ($185.05 in chips) 
Seat 6: Supermegopro ($137.38 in chips) 
XneferX: posts small blind $0.50
Rdalonso: posts big blind $1
SuperLimper007: posts small blind $0.50
aoish30: sits out 
*** HOLE CARDS ***
SuperLimper007: raises $1 to $2
Supermegopro: folds 
Dai5dop: folds 
SuperLimper007 is disconnected 
XneferX: calls $1.50
Rdalonso: calls $1
*** FLOP *** [Qh 4h Jh]
XneferX: checks 
Rdalonso: checks 
SuperLimper007: bets $2.09
XneferX: calls $2.09
Rdalonso: folds 
*** TURN *** [Qh 4h Jh] [4c]
XneferX: checks 
SuperLimper007: checks 
*** RIVER *** [Qh 4h Jh 4c] [Ad]
XneferX: checks 
SuperLimper007: bets $2
XneferX: calls $2
*** SHOW DOWN ***
SuperLimper007: shows [Ac 9d] (two pair, Aces and Fours)
XneferX: mucks hand 
SuperLimper007 collected $13.95 from pot
*** SUMMARY ***
Total pot $14.68 | Rake $0.73 
Board [Qh 4h Jh 4c Ad]
Seat 1: aoish30
Seat 2: Dai5dop (button) folded before Flop (didn't bet)
Seat 3: XneferX (small blind) mucked
Seat 4: Rdalonso (big blind) folded on the Flop
Seat 5: SuperLimper007 showed [Ac 9d] and won ($13.95) with two pair, Aces and Fours
Seat 6: Supermegopro folded before Flop (didn't bet)



PokerStars Hand #254253865795:  Hold'em No Limit ($0.50/$1.00 USD) - 2025/01/07 23:14:47 WET [2025/01/07 18:14:47 ET]
Table 'Danjon' 6-max Seat #3 is the button
Seat 1: aoish30 ($109.80 in chips) is sitting out
Seat 2: Dai5dop ($100 in chips) 
Seat 3: XneferX ($100 in chips) 
Seat 4: Rdalonso ($106.85 in chips) 
Seat 5: SuperLimper007 ($192.41 in chips) 
Seat 6: Supermegopro ($137.38 in chips) 
Rdalonso: posts small blind $0.50
SuperLimper007: posts big blind $1
aoish30: sits out 
*** HOLE CARDS ***
Supermegopro: raises $1.50 to $2.50
Dai5dop: folds 
XneferX: folds 
Rdalonso: folds 
SuperLimper007: calls $1.50
*** FLOP *** [3s Qs Qc]
SuperLimper007: checks 
Supermegopro: checks 
*** TURN *** [3s Qs Qc] [Jc]
SuperLimper007: bets $2.61
Supermegopro: calls $2.61
*** RIVER *** [3s Qs Qc Jc] [Kc]
SuperLimper007: checks 
Supermegopro: bets $8.65
SuperLimper007: folds 
Uncalled bet ($8.65) returned to Supermegopro
Supermegopro collected $10.18 from pot
Supermegopro: doesn't show hand 
*** SUMMARY ***
Total pot $10.72 | Rake $0.54 
Board [3s Qs Qc Jc Kc]
Seat 1: aoish30
Seat 2: Dai5dop folded before Flop (didn't bet)
Seat 3: XneferX (button) folded before Flop (didn't bet)
Seat 4: Rdalonso (small blind) folded before Flop
Seat 5: SuperLimper007 (big blind) folded on the River
Seat 6: Supermegopro collected ($10.18)



PokerStars Hand #254253881002:  Hold'em No Limit ($0.50/$1.00 USD) - 2025/01/07 23:15:41 WET [2025/01/07 18:15:41 ET]
Table 'Danjon' 6-max Seat #4 is the button
Seat 1: aoish30 ($109.80 in chips) is sitting out
Seat 2: Dai5dop ($100 in chips) 
Seat 3: XneferX ($100 in chips) 
Seat 4: Rdalonso ($106.35 in chips) 
Seat 5: SuperLimper007 ($187.30 in chips) 
Seat 6: Supermegopro ($142.45 in chips) 
SuperLimper007: posts small blind $0.50
Supermegopro: posts big blind $1
aoish30: sits out 
*** HOLE CARDS ***
Dai5dop: folds 
XneferX: raises $1.20 to $2.20
Rdalonso: folds 
SuperLimper007 is disconnected 
SuperLimper007 is connected 
SuperLimper007: folds 
Supermegopro: folds 
Uncalled bet ($1.20) returned to XneferX
XneferX collected $2.50 from pot
XneferX: doesn't show hand 
*** SUMMARY ***
Total pot $2.50 | Rake $0 
Seat 1: aoish30
Seat 2: Dai5dop folded before Flop (didn't bet)
Seat 3: XneferX collected ($2.50)
Seat 4: Rdalonso (button) folded before Flop (didn't bet)
Seat 5: SuperLimper007 (small blind) folded before Flop
Seat 6: Supermegopro (big blind) folded before Flop



PokerStars Hand #254253890650:  Hold'em No Limit ($0.50/$1.00 USD) - 2025/01/07 23:16:16 WET [2025/01/07 18:16:16 ET]
Table 'Danjon' 6-max Seat #5 is the button
Seat 1: aoish30 ($109.80 in chips) 
Seat 2: Dai5dop ($100 in chips) 
Seat 3: XneferX ($101.50 in chips) 
Seat 4: Rdalonso ($106.35 in chips) 
Seat 5: SuperLimper007 ($186.80 in chips) 
Seat 6: Supermegopro ($141.45 in chips) 
Supermegopro: posts small blind $0.50
aoish30: posts big blind $1
*** HOLE CARDS ***
Dai5dop: folds 
XneferX: folds 
Rdalonso: folds 
SuperLimper007: raises $1 to $2
Supermegopro: folds 
aoish30: folds 
Uncalled bet ($1) returned to SuperLimper007
SuperLimper007 collected $2.50 from pot
*** SUMMARY ***
Total pot $2.50 | Rake $0 
Seat 1: aoish30 (big blind) folded before Flop
Seat 2: Dai5dop folded before Flop (didn't bet)
Seat 3: XneferX folded before Flop (didn't bet)
Seat 4: Rdalonso folded before Flop (didn't bet)
Seat 5: SuperLimper007 (button) collected ($2.50)
Seat 6: Supermegopro (small blind) folded before Flop



PokerStars Hand #254253896402:  Hold'em No Limit ($0.50/$1.00 USD) - 2025/01/07 23:16:38 WET [2025/01/07 18:16:38 ET]
Table 'Danjon' 6-max Seat #6 is the button
Seat 1: aoish30 ($108.80 in chips) 
Seat 2: Dai5dop ($100 in chips) 
Seat 3: XneferX ($101.50 in chips) 
Seat 4: Rdalonso ($106.35 in chips) 
Seat 5: SuperLimper007 ($188.30 in chips) 
Seat 6: Supermegopro ($140.95 in chips) 
aoish30: posts small blind $0.50
Dai5dop: posts big blind $1
*** HOLE CARDS ***
XneferX: folds 
Rdalonso: folds 
SuperLimper007: folds 
Supermegopro: folds 
aoish30: folds 
Uncalled bet ($0.50) returned to Dai5dop
Dai5dop collected $1 from pot
Dai5dop: doesn't show hand 
*** SUMMARY ***
Total pot $1 | Rake $0 
Seat 1: aoish30 (small blind) folded before Flop
Seat 2: Dai5dop (big blind) collected ($1)
Seat 3: XneferX folded before Flop (didn't bet)
Seat 4: Rdalonso folded before Flop (didn't bet)
Seat 5: SuperLimper007 folded before Flop (didn't bet)
Seat 6: Supermegopro (button) folded before Flop (didn't bet)



PokerStars Hand #254253899663:  Hold'em No Limit ($0.50/$1.00 USD) - 2025/01/07 23:16:49 WET [2025/01/07 18:16:49 ET]
Table 'Danjon' 6-max Seat #1 is the button
Seat 1: aoish30 ($108.30 in chips) 
Seat 2: Dai5dop ($100.50 in chips) 
Seat 3: XneferX ($101.50 in chips) 
Seat 4: Rdalonso ($106.35 in chips) 
Seat 5: SuperLimper007 ($188.30 in chips) 
Seat 6: Supermegopro ($140.95 in chips) 
Dai5dop: posts small blind $0.50
XneferX: posts big blind $1
*** HOLE CARDS ***
Rdalonso: folds 
SuperLimper007: folds 
Supermegopro: folds 
aoish30: raises $1.50 to $2.50
Dai5dop: folds 
SuperLimper007 is disconnected 
XneferX: calls $1.50
*** FLOP *** [4s 7s 6c]
XneferX: checks 
aoish30: bets $1.72
XneferX: raises $3.58 to $5.30
aoish30: calls $3.58
*** TURN *** [4s 7s 6c] [9d]
XneferX: bets $17.90
aoish30: folds 
Uncalled bet ($17.90) returned to XneferX
XneferX collected $15.30 from pot
XneferX: doesn't show hand 
*** SUMMARY ***
Total pot $16.10 | Rake $0.80 
Board [4s 7s 6c 9d]
Seat 1: aoish30 (button) folded on the Turn
Seat 2: Dai5dop (small blind) folded before Flop
Seat 3: XneferX (big blind) collected ($15.30)
Seat 4: Rdalonso folded before Flop (didn't bet)
Seat 5: SuperLimper007 folded before Flop (didn't bet)
Seat 6: Supermegopro folded before Flop (didn't bet)



PokerStars Hand #254253918525:  Hold'em No Limit ($0.50/$1.00 USD) - 2025/01/07 23:17:59 WET [2025/01/07 18:17:59 ET]
Table 'Danjon' 6-max Seat #2 is the button
Seat 1: aoish30 ($100.50 in chips) 
Seat 2: Dai5dop ($100 in chips) 
Seat 3: XneferX ($109 in chips) 
Seat 4: Rdalonso ($106.35 in chips) 
Seat 5: SuperLimper007 ($188.30 in chips) 
Seat 6: Supermegopro ($140.95 in chips) 
XneferX: posts small blind $0.50
Rdalonso: posts big blind $1
*** HOLE CARDS ***
SuperLimper007: folds 
Supermegopro: folds 
aoish30: folds 
Dai5dop: folds 
XneferX: folds 
Uncalled bet ($0.50) returned to Rdalonso
Rdalonso collected $1 from pot
SuperLimper007 is disconnected 
Rdalonso: doesn't show hand 
*** SUMMARY ***
Total pot $1 | Rake $0 
Seat 1: aoish30 folded before Flop (didn't bet)
Seat 2: Dai5dop (button) folded before Flop (didn't bet)
Seat 3: XneferX (small blind) folded before Flop
Seat 4: Rdalonso (big blind) collected ($1)
Seat 5: SuperLimper007 folded before Flop (didn't bet)
Seat 6: Supermegopro folded before Flop (didn't bet)



PokerStars Hand #254253922218:  Hold'em No Limit ($0.50/$1.00 USD) - 2025/01/07 23:18:12 WET [2025/01/07 18:18:12 ET]
Table 'Danjon' 6-max Seat #3 is the button
Seat 5: SuperLimper007 ($188.30 in chips) is sitting out
Seat 1: aoish30 ($100.50 in chips) 
Seat 2: Dai5dop ($100 in chips) 
Seat 3: XneferX ($108.50 in chips) 
Seat 4: Rdalonso ($106.85 in chips) 
Seat 6: Supermegopro ($140.95 in chips) 
Rdalonso: posts small blind $0.50
SuperLimper007 has timed out while disconnected
SuperLimper007: is sitting out 
Supermegopro: posts big blind $1
*** HOLE CARDS ***
aoish30: folds 
Dai5dop: folds 
XneferX: raises $1.77 to $2.77
Rdalonso: folds 
Supermegopro: calls $1.77
*** FLOP *** [Kh Ts 3d]
Supermegopro: checks 
XneferX: checks 
*** TURN *** [Kh Ts 3d] [Qh]
Supermegopro: checks 
XneferX: checks 
*** RIVER *** [Kh Ts 3d Qh] [5d]
Supermegopro: checks 
XneferX: bets $2.93
Supermegopro: folds 
Uncalled bet ($2.93) returned to XneferX
XneferX collected $5.74 from pot
XneferX: doesn't show hand 
*** SUMMARY ***
Total pot $6.04 | Rake $0.30 
Board [Kh Ts 3d Qh 5d]
Seat 5: SuperLimper007
Seat 1: aoish30 folded before Flop (didn't bet)
Seat 2: Dai5dop folded before Flop (didn't bet)
Seat 3: XneferX (button) collected ($5.74)
Seat 4: Rdalonso (small blind) folded before Flop
Seat 6: Supermegopro (big blind) folded on the River



PokerStars Hand #254253941548:  Hold'em No Limit ($0.50/$1.00 USD) - 2025/01/07 23:19:23 WET [2025/01/07 18:19:23 ET]
Table 'Danjon' 6-max Seat #4 is the button
Seat 1: aoish30 ($100.50 in chips) is sitting out
Seat 5: SuperLimper007 ($188.30 in chips) is sitting out
Seat 2: Dai5dop ($100 in chips) 
Seat 3: XneferX ($111.47 in chips) 
Seat 4: Rdalonso ($106.35 in chips) 
Seat 6: Supermegopro ($138.18 in chips) 
Supermegopro: posts small blind $0.50
aoish30: is sitting out 
Dai5dop: posts big blind $1
*** HOLE CARDS ***
XneferX: raises $1.20 to $2.20
Rdalonso: folds 
aoish30 leaves the table
Supermegopro: folds 
SuperLimper007 is disconnected 
Dai5dop: folds 
Uncalled bet ($1.20) returned to XneferX
XneferX collected $2.50 from pot
XneferX: doesn't show hand 
*** SUMMARY ***
Total pot $2.50 | Rake $0 
Seat 1: aoish30
Seat 5: SuperLimper007
Seat 2: Dai5dop (big blind) folded before Flop
Seat 3: XneferX collected ($2.50)
Seat 4: Rdalonso (button) folded before Flop (didn't bet)
Seat 6: Supermegopro (small blind) folded before Flop



PokerStars Hand #254253946274:  Hold'em No Limit ($0.50/$1.00 USD) - 2025/01/07 23:19:40 WET [2025/01/07 18:19:40 ET]
Table 'Danjon' 6-max Seat #6 is the button
Seat 2: Dai5dop ($100 in chips) 
Seat 3: XneferX ($112.97 in chips) 
Seat 4: Rdalonso ($106.35 in chips) 
Seat 5: SuperLimper007 ($188.30 in chips) 
Seat 6: Supermegopro ($137.68 in chips) 
Dai5dop: posts small blind $0.50
XneferX: posts big blind $1
SuperLimper007: posts small & big blinds $1.50
*** HOLE CARDS ***
Rdalonso: folds 
SuperLimper007: checks 
Supermegopro: raises $4 to $5
Dai5dop: folds 
XneferX: folds 
SuperLimper007: folds 
Uncalled bet ($4) returned to Supermegopro
Supermegopro collected $4 from pot
Supermegopro: doesn't show hand 
*** SUMMARY ***
Total pot $4 | Rake $0 
Seat 2: Dai5dop (small blind) folded before Flop
Seat 3: XneferX (big blind) folded before Flop
Seat 4: Rdalonso folded before Flop (didn't bet)
Seat 5: SuperLimper007 folded before Flop (didn't bet)
Seat 6: Supermegopro (button) collected ($4)



PokerStars Hand #254253951970:  Hold'em No Limit ($0.50/$1.00 USD) - 2025/01/07 23:20:01 WET [2025/01/07 18:20:01 ET]
Table 'Danjon' 6-max Seat #2 is the button
Seat 2: Dai5dop ($100 in chips) 
Seat 3: XneferX ($111.97 in chips) 
Seat 4: Rdalonso ($106.35 in chips) 
Seat 5: SuperLimper007 ($186.80 in chips) 
Seat 6: Supermegopro ($140.68 in chips) 
XneferX: posts small blind $0.50
Rdalonso: posts big blind $1
*** HOLE CARDS ***
SuperLimper007: folds 
Supermegopro: folds 
Dai5dop: raises $1.50 to $2.50
XneferX: folds 
SuperLimper007 is disconnected 
Rdalonso: calls $1.50
*** FLOP *** [2h 9h Qh]
Rdalonso: checks 
Dai5dop: bets $1.30
Rdalonso: folds 
Uncalled bet ($1.30) returned to Dai5dop
Dai5dop collected $5.22 from pot
Dai5dop: doesn't show hand 
*** SUMMARY ***
Total pot $5.50 | Rake $0.28 
Board [2h 9h Qh]
Seat 2: Dai5dop (button) collected ($5.22)
Seat 3: XneferX (small blind) folded before Flop
Seat 4: Rdalonso (big blind) folded on the Flop
Seat 5: SuperLimper007 folded before Flop (didn't bet)
Seat 6: Supermegopro folded before Flop (didn't bet)



PokerStars Hand #254253962542:  Hold'em No Limit ($0.50/$1.00 USD) - 2025/01/07 23:20:40 WET [2025/01/07 18:20:40 ET]
Table 'Danjon' 6-max Seat #3 is the button
Seat 2: Dai5dop ($102.72 in chips) 
Seat 3: XneferX ($111.47 in chips) 
Seat 4: Rdalonso ($103.85 in chips) 
Seat 5: SuperLimper007 ($186.80 in chips) 
Seat 6: Supermegopro ($140.68 in chips) 
Rdalonso: posts small blind $0.50
SuperLimper007: posts big blind $1
*** HOLE CARDS ***
Unipoker11 joins the table at seat #1 
Supermegopro: folds 
Dai5dop: folds 
XneferX: raises $1.77 to $2.77
Rdalonso: folds 
SuperLimper007: calls $1.77
*** FLOP *** [3s 9d 6d]
SuperLimper007: checks 
XneferX: checks 
*** TURN *** [3s 9d 6d] [6c]
SuperLimper007: checks 
XneferX: checks 
*** RIVER *** [3s 9d 6d 6c] [Js]
SuperLimper007: checks 
XneferX: checks 
*** SHOW DOWN ***
SuperLimper007: shows [Ah 7h] (a pair of Sixes)
XneferX: mucks hand 
SuperLimper007 collected $5.74 from pot
*** SUMMARY ***
Total pot $6.04 | Rake $0.30 
Board [3s 9d 6d 6c Js]
Seat 2: Dai5dop folded before Flop (didn't bet)
Seat 3: XneferX (button) mucked
Seat 4: Rdalonso (small blind) folded before Flop
Seat 5: SuperLimper007 (big blind) showed [Ah 7h] and won ($5.74) with a pair of Sixes
Seat 6: Supermegopro folded before Flop (didn't bet)



PokerStars Hand #254253975838:  Hold'em No Limit ($0.50/$1.00 USD) - 2025/01/07 23:21:28 WET [2025/01/07 18:21:28 ET]
Table 'Danjon' 6-max Seat #4 is the button
Seat 1: Unipoker11 ($100 in chips) is sitting out
Seat 2: Dai5dop ($102.72 in chips) 
Seat 3: XneferX ($108.70 in chips) 
Seat 4: Rdalonso ($103.35 in chips) 
Seat 5: SuperLimper007 ($189.77 in chips) 
Seat 6: Supermegopro ($140.68 in chips) 
SuperLimper007: posts small blind $0.50
Supermegopro: posts big blind $1
Unipoker11: sits out 
*** HOLE CARDS ***
Dai5dop: folds 
XneferX: folds 
Rdalonso: raises $1.50 to $2.50
SuperLimper007: folds 
Supermegopro: folds 
Uncalled bet ($1.50) returned to Rdalonso
Rdalonso collected $2.50 from pot
Rdalonso: doesn't show hand 
*** SUMMARY ***
Total pot $2.50 | Rake $0 
Seat 1: Unipoker11
Seat 2: Dai5dop folded before Flop (didn't bet)
Seat 3: XneferX folded before Flop (didn't bet)
Seat 4: Rdalonso (button) collected ($2.50)
Seat 5: SuperLimper007 (small blind) folded before Flop
Seat 6: Supermegopro (big blind) folded before Flop



PokerStars Hand #254253980075:  Hold'em No Limit ($0.50/$1.00 USD) - 2025/01/07 23:21:44 WET [2025/01/07 18:21:44 ET]
Table 'Danjon' 6-max Seat #5 is the button
Seat 1: Unipoker11 ($100 in chips) 
Seat 2: Dai5dop ($102.72 in chips) 
Seat 3: XneferX ($108.70 in chips) 
Seat 4: Rdalonso ($104.85 in chips) 
Seat 5: SuperLimper007 ($189.27 in chips) 
Seat 6: Supermegopro ($139.68 in chips) 
Supermegopro: posts small blind $0.50
Unipoker11: posts big blind $1
*** HOLE CARDS ***
Dai5dop: folds 
XneferX: folds 
Rdalonso: folds 
SuperLimper007: folds 
Supermegopro: folds 
Uncalled bet ($0.50) returned to Unipoker11
Unipoker11 collected $1 from pot
Unipoker11: doesn't show hand 
*** SUMMARY ***
Total pot $1 | Rake $0 
Seat 1: Unipoker11 (big blind) collected ($1)
Seat 2: Dai5dop folded before Flop (didn't bet)
Seat 3: XneferX folded before Flop (didn't bet)
Seat 4: Rdalonso folded before Flop (didn't bet)
Seat 5: SuperLimper007 (button) folded before Flop (didn't bet)
Seat 6: Supermegopro (small blind) folded before Flop



PokerStars Hand #254253984518:  Hold'em No Limit ($0.50/$1.00 USD) - 2025/01/07 23:22:00 WET [2025/01/07 18:22:00 ET]
Table 'Danjon' 6-max Seat #6 is the button
Seat 1: Unipoker11 ($100.50 in chips) 
Seat 2: Dai5dop ($102.72 in chips) 
Seat 3: XneferX ($108.70 in chips) 
Seat 4: Rdalonso ($104.85 in chips) 
Seat 5: SuperLimper007 ($189.27 in chips) 
Seat 6: Supermegopro ($139.18 in chips) 
Unipoker11: posts small blind $0.50
Dai5dop: posts big blind $1
*** HOLE CARDS ***
XneferX: folds 
Rdalonso: folds 
SuperLimper007 is disconnected 
SuperLimper007 is connected 
SuperLimper007: folds 
Supermegopro: folds 
Unipoker11: folds 
Uncalled bet ($0.50) returned to Dai5dop
Dai5dop collected $1 from pot
Dai5dop: doesn't show hand 
*** SUMMARY ***
Total pot $1 | Rake $0 
Seat 1: Unipoker11 (small blind) folded before Flop
Seat 2: Dai5dop (big blind) collected ($1)
Seat 3: XneferX folded before Flop (didn't bet)
Seat 4: Rdalonso folded before Flop (didn't bet)
Seat 5: SuperLimper007 folded before Flop (didn't bet)
Seat 6: Supermegopro (button) folded before Flop (didn't bet)



PokerStars Hand #254253988568:  Hold'em No Limit ($0.50/$1.00 USD) - 2025/01/07 23:22:15 WET [2025/01/07 18:22:15 ET]
Table 'Danjon' 6-max Seat #1 is the button
Seat 1: Unipoker11 ($100 in chips) 
Seat 2: Dai5dop ($103.22 in chips) 
Seat 3: XneferX ($108.70 in chips) 
Seat 4: Rdalonso ($104.85 in chips) 
Seat 5: SuperLimper007 ($189.27 in chips) 
Seat 6: Supermegopro ($139.18 in chips) 
Dai5dop: posts small blind $0.50
XneferX: posts big blind $1
*** HOLE CARDS ***
Rdalonso: raises $1.50 to $2.50
SuperLimper007: raises $1.50 to $4
Supermegopro: folds 
Unipoker11: folds 
Dai5dop: folds 
XneferX: folds 
Rdalonso: calls $1.50
*** FLOP *** [Td 5h 4d]
Rdalonso: checks 
SuperLimper007: bets $4.51
Rdalonso: calls $4.51
*** TURN *** [Td 5h 4d] [Tc]
Rdalonso: checks 
SuperLimper007: checks 
*** RIVER *** [Td 5h 4d Tc] [Ah]
Rdalonso: checks 
SuperLimper007: checks 
*** SHOW DOWN ***
Rdalonso: shows [7s 7d] (two pair, Tens and Sevens)
SuperLimper007: mucks hand 
Rdalonso collected $17.59 from pot
*** SUMMARY ***
Total pot $18.52 | Rake $0.93 
Board [Td 5h 4d Tc Ah]
Seat 1: Unipoker11 (button) folded before Flop (didn't bet)
Seat 2: Dai5dop (small blind) folded before Flop
Seat 3: XneferX (big blind) folded before Flop
Seat 4: Rdalonso showed [7s 7d] and won ($17.59) with two pair, Tens and Sevens
Seat 5: SuperLimper007 mucked
Seat 6: Supermegopro folded before Flop (didn't bet)



PokerStars Hand #254254004233:  Hold'em No Limit ($0.50/$1.00 USD) - 2025/01/07 23:23:12 WET [2025/01/07 18:23:12 ET]
Table 'Danjon' 6-max Seat #2 is the button
Seat 1: Unipoker11 ($100 in chips) 
Seat 2: Dai5dop ($102.72 in chips) 
Seat 3: XneferX ($107.70 in chips) 
Seat 4: Rdalonso ($113.93 in chips) 
Seat 5: SuperLimper007 ($180.76 in chips) 
Seat 6: Supermegopro ($139.18 in chips) 
XneferX: posts small blind $0.50
Rdalonso: posts big blind $1
*** HOLE CARDS ***
SuperLimper007: raises $1 to $2
Supermegopro: folds 
Unipoker11: folds 
Dai5dop: folds 
XneferX: raises $10 to $12
Rdalonso: folds 
SuperLimper007: calls $10
*** FLOP *** [Ad 2c 8c]
XneferX: bets $6.17
SuperLimper007: folds 
Uncalled bet ($6.17) returned to XneferX
XneferX collected $23.75 from pot
XneferX: doesn't show hand 
*** SUMMARY ***
Total pot $25 | Rake $1.25 
Board [Ad 2c 8c]
Seat 1: Unipoker11 folded before Flop (didn't bet)
Seat 2: Dai5dop (button) folded before Flop (didn't bet)
Seat 3: XneferX (small blind) collected ($23.75)
Seat 4: Rdalonso (big blind) folded before Flop
Seat 5: SuperLimper007 folded on the Flop
Seat 6: Supermegopro folded before Flop (didn't bet)



PokerStars Hand #254254014785:  Hold'em No Limit ($0.50/$1.00 USD) - 2025/01/07 23:23:51 WET [2025/01/07 18:23:51 ET]
Table 'Danjon' 6-max Seat #3 is the button
Seat 1: Unipoker11 ($100 in chips) 
Seat 2: Dai5dop ($102.72 in chips) 
Seat 3: XneferX ($119.45 in chips) 
Seat 4: Rdalonso ($112.93 in chips) 
Seat 5: SuperLimper007 ($168.76 in chips) 
Seat 6: Supermegopro ($139.18 in chips) 
Rdalonso: posts small blind $0.50
SuperLimper007: posts big blind $1
*** HOLE CARDS ***
Supermegopro: folds 
Unipoker11: folds 
Dai5dop: folds 
XneferX: folds 
Rdalonso: folds 
Uncalled bet ($0.50) returned to SuperLimper007
SuperLimper007 collected $1 from pot
*** SUMMARY ***
Total pot $1 | Rake $0 
Seat 1: Unipoker11 folded before Flop (didn't bet)
Seat 2: Dai5dop folded before Flop (didn't bet)
Seat 3: XneferX (button) folded before Flop (didn't bet)
Seat 4: Rdalonso (small blind) folded before Flop
Seat 5: SuperLimper007 (big blind) collected ($1)
Seat 6: Supermegopro folded before Flop (didn't bet)



PokerStars Hand #254254017993:  Hold'em No Limit ($0.50/$1.00 USD) - 2025/01/07 23:24:03 WET [2025/01/07 18:24:03 ET]
Table 'Danjon' 6-max Seat #4 is the button
Seat 1: Unipoker11 ($100 in chips) 
Seat 2: Dai5dop ($102.72 in chips) 
Seat 3: XneferX ($119.45 in chips) 
Seat 4: Rdalonso ($112.43 in chips) 
Seat 5: SuperLimper007 ($169.26 in chips) 
Seat 6: Supermegopro ($139.18 in chips) 
SuperLimper007: posts small blind $0.50
Supermegopro: posts big blind $1
*** HOLE CARDS ***
Unipoker11: folds 
Dai5dop: folds 
XneferX: folds 
Rdalonso: raises $1.50 to $2.50
SuperLimper007: calls $2
Supermegopro: calls $1.50
*** FLOP *** [6h Jd 7s]
SuperLimper007: checks 
Supermegopro: checks 
Rdalonso: checks 
*** TURN *** [6h Jd 7s] [5d]
SuperLimper007: bets $3.56
Supermegopro: raises $12.10 to $15.66
Rdalonso: folds 
SuperLimper007: calls $12.10
*** RIVER *** [6h Jd 7s 5d] [2c]
SuperLimper007: checks 
Supermegopro: bets $31.35
SuperLimper007: calls $31.35
*** SHOW DOWN ***
Supermegopro: shows [Js 6s] (two pair, Jacks and Sixes)
SuperLimper007: mucks hand 
Supermegopro collected $99.02 from pot
*** SUMMARY ***
Total pot $101.52 | Rake $2.50 
Board [6h Jd 7s 5d 2c]
Seat 1: Unipoker11 folded before Flop (didn't bet)
Seat 2: Dai5dop folded before Flop (didn't bet)
Seat 3: XneferX folded before Flop (didn't bet)
Seat 4: Rdalonso (button) folded on the Turn
Seat 5: SuperLimper007 (small blind) mucked
Seat 6: Supermegopro (big blind) showed [Js 6s] and won ($99.02) with two pair, Jacks and Sixes



PokerStars Hand #254254035892:  Hold'em No Limit ($0.50/$1.00 USD) - 2025/01/07 23:25:08 WET [2025/01/07 18:25:08 ET]
Table 'Danjon' 6-max Seat #5 is the button
Seat 1: Unipoker11 ($100 in chips) 
Seat 2: Dai5dop ($102.72 in chips) 
Seat 3: XneferX ($119.45 in chips) 
Seat 4: Rdalonso ($109.93 in chips) 
Seat 5: SuperLimper007 ($119.75 in chips) 
Seat 6: Supermegopro ($188.69 in chips) 
Supermegopro: posts small blind $0.50
Unipoker11: posts big blind $1
*** HOLE CARDS ***
Dai5dop: folds 
XneferX: folds 
Rdalonso: raises $1.50 to $2.50
Dai5dop leaves the table
SuperLimper007: folds 
Supermegopro: folds 
Unipoker11: raises $11 to $13.50
Rdalonso: calls $11
*** FLOP *** [2s 5c 6d]
Unipoker11: checks 
SuperLimper007 is disconnected 
Rdalonso: bets $8.62
Unipoker11: raises $14.31 to $22.93
Rdalonso: folds 
Uncalled bet ($14.31) returned to Unipoker11
Unipoker11 collected $42.50 from pot
Unipoker11: doesn't show hand 
*** SUMMARY ***
Total pot $44.74 | Rake $2.24 
Board [2s 5c 6d]
Seat 1: Unipoker11 (big blind) collected ($42.50)
Seat 2: Dai5dop folded before Flop (didn't bet)
Seat 3: XneferX folded before Flop (didn't bet)
Seat 4: Rdalonso folded on the Flop
Seat 5: SuperLimper007 (button) folded before Flop (didn't bet)
Seat 6: Supermegopro (small blind) folded before Flop



PokerStars Hand #254254054556:  Hold'em No Limit ($0.50/$1.00 USD) - 2025/01/07 23:26:17 WET [2025/01/07 18:26:17 ET]
Table 'Danjon' 6-max Seat #6 is the button
Seat 1: Unipoker11 ($120.38 in chips) 
Seat 3: XneferX ($119.45 in chips) 
Seat 4: Rdalonso ($100 in chips) 
Seat 5: SuperLimper007 ($119.75 in chips) 
Seat 6: Supermegopro ($188.19 in chips) 
Unipoker11: posts small blind $0.50
XneferX: posts big blind $1
*** HOLE CARDS ***
Rdalonso: raises $1.50 to $2.50
SuperLimper007: raises $7.50 to $10
Supermegopro: folds 
Unipoker11: folds 
XneferX: folds 
Rdalonso: folds 
Uncalled bet ($7.50) returned to SuperLimper007
SuperLimper007 collected $6.50 from pot
*** SUMMARY ***
Total pot $6.50 | Rake $0 
Seat 1: Unipoker11 (small blind) folded before Flop
Seat 3: XneferX (big blind) folded before Flop
Seat 4: Rdalonso folded before Flop
Seat 5: SuperLimper007 collected ($6.50)
Seat 6: Supermegopro (button) folded before Flop (didn't bet)



PokerStars Hand #254254060881:  Hold'em No Limit ($0.50/$1.00 USD) - 2025/01/07 23:26:41 WET [2025/01/07 18:26:41 ET]
Table 'Danjon' 6-max Seat #1 is the button
Seat 1: Unipoker11 ($119.88 in chips) 
Seat 3: XneferX ($118.45 in chips) 
Seat 4: Rdalonso ($100 in chips) 
Seat 5: SuperLimper007 ($123.75 in chips) 
Seat 6: Supermegopro ($188.19 in chips) 
XneferX: posts small blind $0.50
Rdalonso: posts big blind $1
*** HOLE CARDS ***
SuperLimper007: raises $1 to $2
Supermegopro: folds 
Unipoker11: folds 
XneferX: folds 
Rdalonso: folds 
Uncalled bet ($1) returned to SuperLimper007
SuperLimper007 collected $2.50 from pot
*** SUMMARY ***
Total pot $2.50 | Rake $0 
Seat 1: Unipoker11 (button) folded before Flop (didn't bet)
Seat 3: XneferX (small blind) folded before Flop
Seat 4: Rdalonso (big blind) folded before Flop
Seat 5: SuperLimper007 collected ($2.50)
Seat 6: Supermegopro folded before Flop (didn't bet)



PokerStars Hand #254254064746:  Hold'em No Limit ($0.50/$1.00 USD) - 2025/01/07 23:26:55 WET [2025/01/07 18:26:55 ET]
Table 'Danjon' 6-max Seat #3 is the button
Seat 1: Unipoker11 ($119.88 in chips) 
Seat 3: XneferX ($117.95 in chips) 
Seat 4: Rdalonso ($100 in chips) 
Seat 5: SuperLimper007 ($125.25 in chips) 
Seat 6: Supermegopro ($188.19 in chips) 
Rdalonso: posts small blind $0.50
SuperLimper007: posts big blind $1
*** HOLE CARDS ***
Supermegopro: folds 
Unipoker11: folds 
XneferX: folds 
Rdalonso: folds 
Uncalled bet ($0.50) returned to SuperLimper007
SuperLimper007 collected $1 from pot
*** SUMMARY ***
Total pot $1 | Rake $0 
Seat 1: Unipoker11 folded before Flop (didn't bet)
Seat 3: XneferX (button) folded before Flop (didn't bet)
Seat 4: Rdalonso (small blind) folded before Flop
Seat 5: SuperLimper007 (big blind) collected ($1)
Seat 6: Supermegopro folded before Flop (didn't bet)



PokerStars Hand #254254068677:  Hold'em No Limit ($0.50/$1.00 USD) - 2025/01/07 23:27:09 WET [2025/01/07 18:27:09 ET]
Table 'Danjon' 6-max Seat #4 is the button
Seat 1: Unipoker11 ($119.88 in chips) 
Seat 3: XneferX ($117.95 in chips) 
Seat 4: Rdalonso ($100 in chips) 
Seat 5: SuperLimper007 ($125.75 in chips) 
Seat 6: Supermegopro ($188.19 in chips) 
SuperLimper007: posts small blind $0.50
Supermegopro: posts big blind $1
*** HOLE CARDS ***
Unipoker11: folds 
XneferX: raises $1.20 to $2.20
Rdalonso: folds 
SuperLimper007: folds 
Supermegopro: folds 
Uncalled bet ($1.20) returned to XneferX
XneferX collected $2.50 from pot
XneferX: doesn't show hand 
*** SUMMARY ***
Total pot $2.50 | Rake $0 
Seat 1: Unipoker11 folded before Flop (didn't bet)
Seat 3: XneferX collected ($2.50)
Seat 4: Rdalonso (button) folded before Flop (didn't bet)
Seat 5: SuperLimper007 (small blind) folded before Flop
Seat 6: Supermegopro (big blind) folded before Flop



PokerStars Hand #254254073969:  Hold'em No Limit ($0.50/$1.00 USD) - 2025/01/07 23:27:29 WET [2025/01/07 18:27:29 ET]
Table 'Danjon' 6-max Seat #5 is the button
Seat 1: Unipoker11 ($119.88 in chips) 
Seat 3: XneferX ($119.45 in chips) 
Seat 4: Rdalonso ($100 in chips) 
Seat 5: SuperLimper007 ($125.25 in chips) 
Seat 6: Supermegopro ($187.19 in chips) 
Supermegopro: posts small blind $0.50
Unipoker11: posts big blind $1
*** HOLE CARDS ***
XneferX: folds 
Rdalonso: folds 
SuperLimper007: raises $2.50 to $3.50
Supermegopro: folds 
Unipoker11: folds 
Uncalled bet ($2.50) returned to SuperLimper007
SuperLimper007 collected $2.50 from pot
*** SUMMARY ***
Total pot $2.50 | Rake $0 
Seat 1: Unipoker11 (big blind) folded before Flop
Seat 3: XneferX folded before Flop (didn't bet)
Seat 4: Rdalonso folded before Flop (didn't bet)
Seat 5: SuperLimper007 (button) collected ($2.50)
Seat 6: Supermegopro (small blind) folded before Flop



