PokerStars Hand #254250151166:  Hold'em No Limit ($0.50/$1.00 USD) - 2025/01/07 19:58:54 WET [2025/01/07 14:58:54 ET]
Table 'Tabit III' 6-max Seat #6 is the button
Seat 1: xxxZeka ($105.88 in chips) 
Seat 2: Zvst ($100 in chips) 
Seat 3: petermcg2403 ($48.64 in chips) 
Seat 4: Gfoer ($100 in chips) 
Seat 5: worker0k ($100 in chips) 
Seat 6: steepfell ($100 in chips) 
xxxZeka: posts small blind $0.50
Zvst: posts big blind $1
*** HOLE CARDS ***
petermcg2403: calls $1
Gfoer: folds 
worker0k: folds 
steepfell: folds 
xxxZeka: folds 
Zvst: checks 
*** FLOP *** [Kd 3h 6c]
Zvst: checks 
petermcg2403: checks 
*** TURN *** [Kd 3h 6c] [Jc]
Zvst: bets $4.59
petermcg2403: raises $4.59 to $9.18
Zvst: raises $17.83 to $27.01
petermcg2403: folds 
Uncalled bet ($17.83) returned to Zvst
Zvst collected $19.82 from pot
Zvst: doesn't show hand 
*** SUMMARY ***
Total pot $20.86 | Rake $1.04 
Board [Kd 3h 6c Jc]
Seat 1: xxxZeka (small blind) folded before Flop
Seat 2: Zvst (big blind) collected ($19.82)
Seat 3: petermcg2403 folded on the Turn
Seat 4: Gfoer folded before Flop (didn't bet)
Seat 5: worker0k folded before Flop (didn't bet)
Seat 6: steepfell (button) folded before Flop (didn't bet)



PokerStars Hand #254250159596:  Hold'em No Limit ($0.50/$1.00 USD) - 2025/01/07 19:59:31 WET [2025/01/07 14:59:31 ET]
Table 'Tabit III' 6-max Seat #1 is the button
Seat 1: xxxZeka ($105.38 in chips) 
Seat 2: Zvst ($109.64 in chips) 
Seat 3: petermcg2403 ($38.46 in chips) 
Seat 4: Gfoer ($100 in chips) 
Seat 5: worker0k ($100 in chips) 
Seat 6: steepfell ($100 in chips) 
Zvst: posts small blind $0.50
petermcg2403: posts big blind $1
*** HOLE CARDS ***
Gfoer: raises $1.20 to $2.20
worker0k: folds 
steepfell: folds 
xxxZeka: folds 
Zvst: folds 
petermcg2403: calls $1.20
*** FLOP *** [Jd Ah 8d]
petermcg2403: checks 
Gfoer: bets $3.50
petermcg2403: calls $3.50
*** TURN *** [Jd Ah 8d] [2h]
petermcg2403: checks 
Gfoer: bets $16.82
petermcg2403: folds 
Uncalled bet ($16.82) returned to Gfoer
Gfoer collected $11.30 from pot
Gfoer: doesn't show hand 
*** SUMMARY ***
Total pot $11.90 | Rake $0.60 
Board [Jd Ah 8d 2h]
Seat 1: xxxZeka (button) folded before Flop (didn't bet)
Seat 2: Zvst (small blind) folded before Flop
Seat 3: petermcg2403 (big blind) folded on the Turn
Seat 4: Gfoer collected ($11.30)
Seat 5: worker0k folded before Flop (didn't bet)
Seat 6: steepfell folded before Flop (didn't bet)



PokerStars Hand #254250167609:  Hold'em No Limit ($0.50/$1.00 USD) - 2025/01/07 20:00:05 WET [2025/01/07 15:00:05 ET]
Table 'Tabit III' 6-max Seat #2 is the button
Seat 1: xxxZeka ($105.38 in chips) 
Seat 2: Zvst ($109.14 in chips) 
Seat 3: petermcg2403 ($32.76 in chips) 
Seat 4: Gfoer ($105.60 in chips) 
Seat 5: worker0k ($100 in chips) 
Seat 6: steepfell ($100 in chips) 
petermcg2403: posts small blind $0.50
Gfoer: posts big blind $1
*** HOLE CARDS ***
worker0k: folds 
steepfell: raises $1.50 to $2.50
xxxZeka: raises $5.50 to $8
Zvst: folds 
petermcg2403: folds 
Gfoer: folds 
steepfell: calls $5.50
*** FLOP *** [2h Ks 3c]
steepfell: checks 
xxxZeka: bets $5.48
steepfell: folds 
Uncalled bet ($5.48) returned to xxxZeka
xxxZeka collected $16.62 from pot
xxxZeka: doesn't show hand 
*** SUMMARY ***
Total pot $17.50 | Rake $0.88 
Board [2h Ks 3c]
Seat 1: xxxZeka collected ($16.62)
Seat 2: Zvst (button) folded before Flop (didn't bet)
Seat 3: petermcg2403 (small blind) folded before Flop
Seat 4: Gfoer (big blind) folded before Flop
Seat 5: worker0k folded before Flop (didn't bet)
Seat 6: steepfell folded on the Flop



PokerStars Hand #254250179340:  Hold'em No Limit ($0.50/$1.00 USD) - 2025/01/07 20:00:53 WET [2025/01/07 15:00:53 ET]
Table 'Tabit III' 6-max Seat #3 is the button
Seat 1: xxxZeka ($114 in chips) 
Seat 2: Zvst ($109.14 in chips) 
Seat 3: petermcg2403 ($32.26 in chips) 
Seat 4: Gfoer ($104.60 in chips) 
Seat 5: worker0k ($100 in chips) 
Seat 6: steepfell ($100 in chips) 
Gfoer: posts small blind $0.50
worker0k: posts big blind $1
*** HOLE CARDS ***
steepfell: folds 
xxxZeka: folds 
Zvst: folds 
petermcg2403: calls $1
Gfoer: folds 
worker0k: checks 
*** FLOP *** [8h 6d Qs]
worker0k: checks 
petermcg2403: checks 
*** TURN *** [8h 6d Qs] [9c]
worker0k: checks 
petermcg2403: checks 
*** RIVER *** [8h 6d Qs 9c] [9h]
worker0k: checks 
petermcg2403: checks 
*** SHOW DOWN ***
worker0k: shows [6c Ad] (two pair, Nines and Sixes)
petermcg2403: mucks hand 
worker0k collected $2.38 from pot
*** SUMMARY ***
Total pot $2.50 | Rake $0.12 
Board [8h 6d Qs 9c 9h]
Seat 1: xxxZeka folded before Flop (didn't bet)
Seat 2: Zvst folded before Flop (didn't bet)
Seat 3: petermcg2403 (button) mucked
Seat 4: Gfoer (small blind) folded before Flop
Seat 5: worker0k (big blind) showed [6c Ad] and won ($2.38) with two pair, Nines and Sixes
Seat 6: steepfell folded before Flop (didn't bet)



PokerStars Hand #254250188941:  Hold'em No Limit ($0.50/$1.00 USD) - 2025/01/07 20:01:28 WET [2025/01/07 15:01:28 ET]
Table 'Tabit III' 6-max Seat #4 is the button
Seat 1: xxxZeka ($114 in chips) 
Seat 2: Zvst ($109.14 in chips) 
Seat 3: petermcg2403 ($31.26 in chips) 
Seat 4: Gfoer ($104.10 in chips) 
Seat 5: worker0k ($101.38 in chips) 
Seat 6: steepfell ($100 in chips) 
worker0k: posts small blind $0.50
steepfell: posts big blind $1
*** HOLE CARDS ***
xxxZeka: folds 
Zvst: folds 
petermcg2403: calls $1
Gfoer: folds 
worker0k: calls $0.50
steepfell: checks 
*** FLOP *** [6c 8h 9d]
worker0k: checks 
steepfell: checks 
petermcg2403: checks 
*** TURN *** [6c 8h 9d] [5s]
worker0k: checks 
steepfell: checks 
petermcg2403: bets $5
worker0k: folds 
steepfell: folds 
Uncalled bet ($5) returned to petermcg2403
petermcg2403 collected $2.85 from pot
*** SUMMARY ***
Total pot $3 | Rake $0.15 
Board [6c 8h 9d 5s]
Seat 1: xxxZeka folded before Flop (didn't bet)
Seat 2: Zvst folded before Flop (didn't bet)
Seat 3: petermcg2403 collected ($2.85)
Seat 4: Gfoer (button) folded before Flop (didn't bet)
Seat 5: worker0k (small blind) folded on the Turn
Seat 6: steepfell (big blind) folded on the Turn



PokerStars Hand #254250200236:  Hold'em No Limit ($0.50/$1.00 USD) - 2025/01/07 20:02:06 WET [2025/01/07 15:02:06 ET]
Table 'Tabit III' 6-max Seat #5 is the button
Seat 1: xxxZeka ($114 in chips) 
Seat 2: Zvst ($109.14 in chips) 
Seat 3: petermcg2403 ($33.11 in chips) 
Seat 4: Gfoer ($104.10 in chips) 
Seat 5: worker0k ($100.38 in chips) 
Seat 6: steepfell ($100 in chips) 
steepfell: posts small blind $0.50
xxxZeka: posts big blind $1
*** HOLE CARDS ***
Zvst: folds 
petermcg2403: calls $1
Gfoer: folds 
worker0k: raises $2.50 to $3.50
steepfell: folds 
xxxZeka: calls $2.50
petermcg2403: folds 
*** FLOP *** [Ac Jd 5s]
xxxZeka: checks 
worker0k: bets $2.67
xxxZeka: calls $2.67
*** TURN *** [Ac Jd 5s] [Ks]
xxxZeka: checks 
worker0k: bets $9.86
xxxZeka: calls $9.86
*** RIVER *** [Ac Jd 5s Ks] [6s]
xxxZeka: checks 
worker0k: checks 
*** SHOW DOWN ***
xxxZeka: shows [5h 5c] (three of a kind, Fives)
worker0k: mucks hand 
xxxZeka collected $31.88 from pot
*** SUMMARY ***
Total pot $33.56 | Rake $1.68 
Board [Ac Jd 5s Ks 6s]
Seat 1: xxxZeka (big blind) showed [5h 5c] and won ($31.88) with three of a kind, Fives
Seat 2: Zvst folded before Flop (didn't bet)
Seat 3: petermcg2403 folded before Flop
Seat 4: Gfoer folded before Flop (didn't bet)
Seat 5: worker0k (button) mucked
Seat 6: steepfell (small blind) folded before Flop



PokerStars Hand #254250217235:  Hold'em No Limit ($0.50/$1.00 USD) - 2025/01/07 20:03:02 WET [2025/01/07 15:03:02 ET]
Table 'Tabit III' 6-max Seat #6 is the button
Seat 1: xxxZeka ($129.85 in chips) 
Seat 2: Zvst ($109.14 in chips) 
Seat 3: petermcg2403 ($32.11 in chips) 
Seat 4: Gfoer ($104.10 in chips) 
Seat 5: worker0k ($100 in chips) 
Seat 6: steepfell ($100 in chips) 
xxxZeka: posts small blind $0.50
Zvst: posts big blind $1
*** HOLE CARDS ***
petermcg2403: calls $1
Gfoer: folds 
worker0k: folds 
steepfell: folds 
xxxZeka: folds 
Zvst: checks 
*** FLOP *** [5c 8c 4s]
Zvst: bets $1.59
petermcg2403: calls $1.59
*** TURN *** [5c 8c 4s] [Jh]
Zvst: bets $5.60
petermcg2403: folds 
Uncalled bet ($5.60) returned to Zvst
Zvst collected $5.40 from pot
Zvst: doesn't show hand 
*** SUMMARY ***
Total pot $5.68 | Rake $0.28 
Board [5c 8c 4s Jh]
Seat 1: xxxZeka (small blind) folded before Flop
Seat 2: Zvst (big blind) collected ($5.40)
Seat 3: petermcg2403 folded on the Turn
Seat 4: Gfoer folded before Flop (didn't bet)
Seat 5: worker0k folded before Flop (didn't bet)
Seat 6: steepfell (button) folded before Flop (didn't bet)



PokerStars Hand #254250228744:  Hold'em No Limit ($0.50/$1.00 USD) - 2025/01/07 20:03:40 WET [2025/01/07 15:03:40 ET]
Table 'Tabit III' 6-max Seat #1 is the button
Seat 1: xxxZeka ($129.35 in chips) 
Seat 2: Zvst ($111.95 in chips) 
Seat 3: petermcg2403 ($29.52 in chips) 
Seat 4: Gfoer ($104.10 in chips) 
Seat 5: worker0k ($100 in chips) 
Seat 6: steepfell ($100 in chips) 
Zvst: posts small blind $0.50
petermcg2403: posts big blind $1
*** HOLE CARDS ***
Gfoer: folds 
worker0k: folds 
steepfell: raises $1.50 to $2.50
xxxZeka: folds 
Zvst: folds 
petermcg2403: calls $1.50
*** FLOP *** [Td 9d 8h]
petermcg2403: bets $2
steepfell: calls $2
*** TURN *** [Td 9d 8h] [Ad]
petermcg2403: bets $1
steepfell: calls $1
*** RIVER *** [Td 9d 8h Ad] [Qs]
petermcg2403: bets $10.92
steepfell: folds 
Uncalled bet ($10.92) returned to petermcg2403
petermcg2403 collected $10.92 from pot
*** SUMMARY ***
Total pot $11.50 | Rake $0.58 
Board [Td 9d 8h Ad Qs]
Seat 1: xxxZeka (button) folded before Flop (didn't bet)
Seat 2: Zvst (small blind) folded before Flop
Seat 3: petermcg2403 (big blind) collected ($10.92)
Seat 4: Gfoer folded before Flop (didn't bet)
Seat 5: worker0k folded before Flop (didn't bet)
Seat 6: steepfell folded on the River



PokerStars Hand #254250243342:  Hold'em No Limit ($0.50/$1.00 USD) - 2025/01/07 20:04:26 WET [2025/01/07 15:04:26 ET]
Table 'Tabit III' 6-max Seat #2 is the button
Seat 1: xxxZeka ($129.35 in chips) 
Seat 2: Zvst ($111.45 in chips) 
Seat 3: petermcg2403 ($34.94 in chips) 
Seat 4: Gfoer ($104.10 in chips) 
Seat 5: worker0k ($100 in chips) 
Seat 6: steepfell ($100 in chips) 
petermcg2403: posts small blind $0.50
Gfoer: posts big blind $1
*** HOLE CARDS ***
worker0k: folds 
steepfell: raises $1.50 to $2.50
xxxZeka: folds 
Zvst: folds 
petermcg2403: calls $2
Gfoer: folds 
*** FLOP *** [9d Kc 8c]
petermcg2403: checks 
steepfell: checks 
*** TURN *** [9d Kc 8c] [4h]
petermcg2403: bets $2
steepfell: calls $2
*** RIVER *** [9d Kc 8c 4h] [7d]
petermcg2403: bets $7
steepfell: folds 
Uncalled bet ($7) returned to petermcg2403
petermcg2403 collected $9.50 from pot
*** SUMMARY ***
Total pot $10 | Rake $0.50 
Board [9d Kc 8c 4h 7d]
Seat 1: xxxZeka folded before Flop (didn't bet)
Seat 2: Zvst (button) folded before Flop (didn't bet)
Seat 3: petermcg2403 (small blind) collected ($9.50)
Seat 4: Gfoer (big blind) folded before Flop
Seat 5: worker0k folded before Flop (didn't bet)
Seat 6: steepfell folded on the River



PokerStars Hand #254250258144:  Hold'em No Limit ($0.50/$1.00 USD) - 2025/01/07 20:05:11 WET [2025/01/07 15:05:11 ET]
Table 'Tabit III' 6-max Seat #3 is the button
Seat 1: xxxZeka ($129.35 in chips) 
Seat 2: Zvst ($111.45 in chips) 
Seat 3: petermcg2403 ($39.94 in chips) 
Seat 4: Gfoer ($103.10 in chips) 
Seat 5: worker0k ($100 in chips) 
Seat 6: steepfell ($100 in chips) 
Gfoer: posts small blind $0.50
worker0k: posts big blind $1
*** HOLE CARDS ***
steepfell: folds 
xxxZeka: raises $1.50 to $2.50
Zvst: folds 
petermcg2403: calls $2.50
Gfoer: folds 
worker0k: folds 
*** FLOP *** [Qd Td Kh]
xxxZeka: bets $3
petermcg2403: calls $3
*** TURN *** [Qd Td Kh] [2c]
xxxZeka: bets $11
petermcg2403: raises $23.44 to $34.44 and is all-in
xxxZeka: calls $23.44
*** RIVER *** [Qd Td Kh 2c] [Jc]
*** SHOW DOWN ***
xxxZeka: shows [Jh Ad] (a straight, Ten to Ace)
petermcg2403: shows [2d Th] (two pair, Tens and Deuces)
xxxZeka collected $78.88 from pot
petermcg2403 cashed out the hand for $7.03 | Cash Out Fee $0.14
*** SUMMARY ***
Total pot $81.38 | Rake $2.50 
Board [Qd Td Kh 2c Jc]
Seat 1: xxxZeka showed [Jh Ad] and won ($78.88) with a straight, Ten to Ace
Seat 2: Zvst folded before Flop (didn't bet)
Seat 3: petermcg2403 (button) showed [2d Th] and lost with two pair, Tens and Deuces (cashed out).
Seat 4: Gfoer (small blind) folded before Flop
Seat 5: worker0k (big blind) folded before Flop
Seat 6: steepfell folded before Flop (didn't bet)



PokerStars Hand #254250271897:  Hold'em No Limit ($0.50/$1.00 USD) - 2025/01/07 20:05:53 WET [2025/01/07 15:05:53 ET]
Table 'Tabit III' 6-max Seat #4 is the button
Seat 1: xxxZeka ($168.29 in chips) 
Seat 2: Zvst ($111.45 in chips) 
Seat 3: petermcg2403 ($7.03 in chips) 
Seat 4: Gfoer ($102.60 in chips) 
Seat 5: worker0k ($100 in chips) 
Seat 6: steepfell ($100 in chips) 
worker0k: posts small blind $0.50
steepfell: posts big blind $1
*** HOLE CARDS ***
xxxZeka: folds 
Zvst: folds 
petermcg2403: calls $1
Gfoer: folds 
worker0k: folds 
steepfell: checks 
*** FLOP *** [3s 6c 8c]
steepfell: checks 
petermcg2403: checks 
*** TURN *** [3s 6c 8c] [7d]
steepfell: checks 
petermcg2403: checks 
*** RIVER *** [3s 6c 8c 7d] [Qh]
steepfell: checks 
petermcg2403: bets $6.03 and is all-in
steepfell: folds 
Uncalled bet ($6.03) returned to petermcg2403
petermcg2403 collected $2.38 from pot
*** SUMMARY ***
Total pot $2.50 | Rake $0.12 
Board [3s 6c 8c 7d Qh]
Seat 1: xxxZeka folded before Flop (didn't bet)
Seat 2: Zvst folded before Flop (didn't bet)
Seat 3: petermcg2403 collected ($2.38)
Seat 4: Gfoer (button) folded before Flop (didn't bet)
Seat 5: worker0k (small blind) folded before Flop
Seat 6: steepfell (big blind) folded on the River



PokerStars Hand #254250282136:  Hold'em No Limit ($0.50/$1.00 USD) - 2025/01/07 20:06:24 WET [2025/01/07 15:06:24 ET]
Table 'Tabit III' 6-max Seat #5 is the button
Seat 1: xxxZeka ($168.29 in chips) 
Seat 2: Zvst ($111.45 in chips) 
Seat 3: petermcg2403 ($8.41 in chips) 
Seat 4: Gfoer ($102.60 in chips) 
Seat 5: worker0k ($100 in chips) 
Seat 6: steepfell ($100 in chips) 
steepfell: posts small blind $0.50
xxxZeka: posts big blind $1
*** HOLE CARDS ***
Zvst: folds 
petermcg2403: calls $1
Gfoer: folds 
worker0k: folds 
Zvst leaves the table
steepfell: folds 
xxxZeka: checks 
*** FLOP *** [Ts Tc 9h]
illarins joins the table at seat #2 
xxxZeka: checks 
petermcg2403: checks 
*** TURN *** [Ts Tc 9h] [5c]
xxxZeka: bets $1
petermcg2403: folds 
Uncalled bet ($1) returned to xxxZeka
xxxZeka collected $2.38 from pot
xxxZeka: doesn't show hand 
*** SUMMARY ***
Total pot $2.50 | Rake $0.12 
Board [Ts Tc 9h 5c]
Seat 1: xxxZeka (big blind) collected ($2.38)
Seat 2: Zvst folded before Flop (didn't bet)
Seat 3: petermcg2403 folded on the Turn
Seat 4: Gfoer folded before Flop (didn't bet)
Seat 5: worker0k (button) folded before Flop (didn't bet)
Seat 6: steepfell (small blind) folded before Flop



PokerStars Hand #254250288653:  Hold'em No Limit ($0.50/$1.00 USD) - 2025/01/07 20:06:44 WET [2025/01/07 15:06:44 ET]
Table 'Tabit III' 6-max Seat #6 is the button
Seat 1: xxxZeka ($169.67 in chips) 
Seat 2: illarins ($100 in chips) 
Seat 3: petermcg2403 ($7.41 in chips) 
Seat 4: Gfoer ($102.60 in chips) 
Seat 5: worker0k ($100 in chips) 
Seat 6: steepfell ($100 in chips) 
xxxZeka: posts small blind $0.50
illarins: posts big blind $1
*** HOLE CARDS ***
petermcg2403: calls $1
Gfoer: folds 
worker0k: raises $2.50 to $3.50
steepfell: folds 
xxxZeka: folds 
illarins: folds 
petermcg2403: calls $2.50
*** FLOP *** [8d 6d 3s]
petermcg2403: bets $3.91 and is all-in
worker0k: calls $3.91
*** TURN *** [8d 6d 3s] [9d]
*** RIVER *** [8d 6d 3s 9d] [4d]
*** SHOW DOWN ***
petermcg2403: shows [Qd 9c] (a flush, Queen high)
worker0k: shows [Ac Js] (high card Ace)
petermcg2403 collected $15.50 from pot
worker0k cashed out the hand for $10.56 | Cash Out Fee $0.22
*** SUMMARY ***
Total pot $16.32 | Rake $0.82 
Board [8d 6d 3s 9d 4d]
Seat 1: xxxZeka (small blind) folded before Flop
Seat 2: illarins (big blind) folded before Flop
Seat 3: petermcg2403 showed [Qd 9c] and won ($15.50) with a flush, Queen high
Seat 4: Gfoer folded before Flop (didn't bet)
Seat 5: worker0k showed [Ac Js] and lost with high card Ace (cashed out).
Seat 6: steepfell (button) folded before Flop (didn't bet)



PokerStars Hand #254250299472:  Hold'em No Limit ($0.50/$1.00 USD) - 2025/01/07 20:07:16 WET [2025/01/07 15:07:16 ET]
Table 'Tabit III' 6-max Seat #1 is the button
Seat 1: xxxZeka ($169.17 in chips) 
Seat 2: illarins ($100 in chips) 
Seat 3: petermcg2403 ($15.50 in chips) 
Seat 4: Gfoer ($102.60 in chips) 
Seat 5: worker0k ($103.15 in chips) 
Seat 6: steepfell ($100 in chips) 
illarins: posts small blind $0.50
petermcg2403: posts big blind $1
*** HOLE CARDS ***
Gfoer: folds 
worker0k: folds 
steepfell: raises $1.50 to $2.50
xxxZeka: folds 
illarins: folds 
petermcg2403: calls $1.50
*** FLOP *** [5s Ks 4s]
petermcg2403: checks 
steepfell: checks 
*** TURN *** [5s Ks 4s] [6d]
petermcg2403: checks 
steepfell: checks 
*** RIVER *** [5s Ks 4s 6d] [4c]
petermcg2403: checks 
steepfell: checks 
*** SHOW DOWN ***
petermcg2403: shows [Jc 2c] (a pair of Fours)
steepfell: mucks hand 
petermcg2403 collected $5.22 from pot
*** SUMMARY ***
Total pot $5.50 | Rake $0.28 
Board [5s Ks 4s 6d 4c]
Seat 1: xxxZeka (button) folded before Flop (didn't bet)
Seat 2: illarins (small blind) folded before Flop
Seat 3: petermcg2403 (big blind) showed [Jc 2c] and won ($5.22) with a pair of Fours
Seat 4: Gfoer folded before Flop (didn't bet)
Seat 5: worker0k folded before Flop (didn't bet)
Seat 6: steepfell mucked



PokerStars Hand #254250311463:  Hold'em No Limit ($0.50/$1.00 USD) - 2025/01/07 20:07:52 WET [2025/01/07 15:07:52 ET]
Table 'Tabit III' 6-max Seat #2 is the button
Seat 1: xxxZeka ($169.17 in chips) 
Seat 2: illarins ($100 in chips) 
Seat 3: petermcg2403 ($18.22 in chips) 
Seat 4: Gfoer ($102.60 in chips) 
Seat 5: worker0k ($103.15 in chips) 
Seat 6: steepfell ($100 in chips) 
petermcg2403: posts small blind $0.50
Gfoer: posts big blind $1
*** HOLE CARDS ***
worker0k: folds 
steepfell: folds 
xxxZeka: folds 
illarins: raises $1 to $2
petermcg2403: calls $1.50
Gfoer: folds 
*** FLOP *** [Jc Qc Ac]
petermcg2403: bets $4
illarins: raises $15 to $19
petermcg2403: calls $12.22 and is all-in
Uncalled bet ($2.78) returned to illarins
*** TURN *** [Jc Qc Ac] [9d]
*** RIVER *** [Jc Qc Ac 9d] [9h]
*** SHOW DOWN ***
petermcg2403: shows [Ks 8c] (a pair of Nines)
illarins: shows [Ad Td] (two pair, Aces and Nines)
illarins collected $35.57 from pot
*** SUMMARY ***
Total pot $37.44 | Rake $1.87 
Board [Jc Qc Ac 9d 9h]
Seat 1: xxxZeka folded before Flop (didn't bet)
Seat 2: illarins (button) showed [Ad Td] and won ($35.57) with two pair, Aces and Nines
Seat 3: petermcg2403 (small blind) showed [Ks 8c] and lost with a pair of Nines
Seat 4: Gfoer (big blind) folded before Flop
Seat 5: worker0k folded before Flop (didn't bet)
Seat 6: steepfell folded before Flop (didn't bet)



PokerStars Hand #254250325355:  Hold'em No Limit ($0.50/$1.00 USD) - 2025/01/07 20:08:33 WET [2025/01/07 15:08:33 ET]
Table 'Tabit III' 6-max Seat #4 is the button
Seat 3: petermcg2403 ($0 in chips) is sitting out
Seat 1: xxxZeka ($169.17 in chips) 
Seat 2: illarins ($117.35 in chips) 
Seat 4: Gfoer ($101.60 in chips) 
Seat 5: worker0k ($103.15 in chips) 
Seat 6: steepfell ($100 in chips) 
worker0k: posts small blind $0.50
steepfell: posts big blind $1
*** HOLE CARDS ***
xxxZeka: raises $1.50 to $2.50
illarins: folds 
Gfoer: folds 
worker0k: folds 
steepfell: folds 
Uncalled bet ($1.50) returned to xxxZeka
xxxZeka collected $2.50 from pot
xxxZeka: doesn't show hand 
*** SUMMARY ***
Total pot $2.50 | Rake $0 
Seat 3: petermcg2403
Seat 1: xxxZeka collected ($2.50)
Seat 2: illarins folded before Flop (didn't bet)
Seat 4: Gfoer (button) folded before Flop (didn't bet)
Seat 5: worker0k (small blind) folded before Flop
Seat 6: steepfell (big blind) folded before Flop



PokerStars Hand #254250329528:  Hold'em No Limit ($0.50/$1.00 USD) - 2025/01/07 20:08:45 WET [2025/01/07 15:08:45 ET]
Table 'Tabit III' 6-max Seat #5 is the button
Seat 3: petermcg2403 ($0 in chips) is sitting out
Seat 1: xxxZeka ($170.67 in chips) 
Seat 2: illarins ($117.35 in chips) 
Seat 4: Gfoer ($101.60 in chips) 
Seat 5: worker0k ($102.65 in chips) 
Seat 6: steepfell ($100 in chips) 
steepfell: posts small blind $0.50
xxxZeka: posts big blind $1
*** HOLE CARDS ***
illarins: raises $1.50 to $2.50
Gfoer: folds 
worker0k: folds 
steepfell: folds 
xxxZeka: folds 
Uncalled bet ($1.50) returned to illarins
illarins collected $2.50 from pot
illarins: doesn't show hand 
*** SUMMARY ***
Total pot $2.50 | Rake $0 
Seat 3: petermcg2403
Seat 1: xxxZeka (big blind) folded before Flop
Seat 2: illarins collected ($2.50)
Seat 4: Gfoer folded before Flop (didn't bet)
Seat 5: worker0k (button) folded before Flop (didn't bet)
Seat 6: steepfell (small blind) folded before Flop



PokerStars Hand #254250334298:  Hold'em No Limit ($0.50/$1.00 USD) - 2025/01/07 20:09:00 WET [2025/01/07 15:09:00 ET]
Table 'Tabit III' 6-max Seat #6 is the button
Seat 3: petermcg2403 ($0 in chips) is sitting out
Seat 1: xxxZeka ($169.67 in chips) 
Seat 2: illarins ($118.85 in chips) 
Seat 4: Gfoer ($101.60 in chips) 
Seat 5: worker0k ($102.65 in chips) 
Seat 6: steepfell ($100 in chips) 
xxxZeka: posts small blind $0.50
illarins: posts big blind $1
*** HOLE CARDS ***
Gfoer: folds 
worker0k: folds 
steepfell: raises $1.50 to $2.50
xxxZeka: folds 
illarins: folds 
Uncalled bet ($1.50) returned to steepfell
steepfell collected $2.50 from pot
steepfell: doesn't show hand 
*** SUMMARY ***
Total pot $2.50 | Rake $0 
Seat 3: petermcg2403
Seat 1: xxxZeka (small blind) folded before Flop
Seat 2: illarins (big blind) folded before Flop
Seat 4: Gfoer folded before Flop (didn't bet)
Seat 5: worker0k folded before Flop (didn't bet)
Seat 6: steepfell (button) collected ($2.50)



PokerStars Hand #254250339221:  Hold'em No Limit ($0.50/$1.00 USD) - 2025/01/07 20:09:14 WET [2025/01/07 15:09:14 ET]
Table 'Tabit III' 6-max Seat #1 is the button
Seat 5: worker0k ($102.65 in chips) is sitting out
Seat 1: xxxZeka ($169.17 in chips) 
Seat 2: illarins ($117.85 in chips) 
Seat 3: petermcg2403 ($96.92 in chips) 
Seat 4: Gfoer ($101.60 in chips) 
Seat 6: steepfell ($101.50 in chips) 
illarins: posts small blind $0.50
petermcg2403: posts big blind $1
*** HOLE CARDS ***
Gfoer: raises $1.20 to $2.20
steepfell: folds 
xxxZeka: folds 
illarins: folds 
petermcg2403: calls $1.20
*** FLOP *** [3h Qs 9h]
petermcg2403: checks 
Gfoer: bets $3.50
petermcg2403: raises $3.50 to $7
Gfoer: raises $14 to $21
petermcg2403: calls $14
*** TURN *** [3h Qs 9h] [Qc]
petermcg2403: bets $44.56
Gfoer: calls $44.56
*** RIVER *** [3h Qs 9h Qc] [Qd]
petermcg2403: bets $29.16 and is all-in
Gfoer: calls $29.16
*** SHOW DOWN ***
petermcg2403: shows [Qh 6d] (four of a kind, Queens)
Gfoer: shows [9c 9s] (a full house, Queens full of Nines)
petermcg2403 collected $191.84 from pot
*** SUMMARY ***
Total pot $194.34 | Rake $2.50 
Board [3h Qs 9h Qc Qd]
Seat 5: worker0k
Seat 1: xxxZeka (button) folded before Flop (didn't bet)
Seat 2: illarins (small blind) folded before Flop
Seat 3: petermcg2403 (big blind) showed [Qh 6d] and won ($191.84) with four of a kind, Queens
Seat 4: Gfoer showed [9c 9s] and lost with a full house, Queens full of Nines
Seat 6: steepfell folded before Flop (didn't bet)



PokerStars Hand #254250363721:  Hold'em No Limit ($0.50/$1.00 USD) - 2025/01/07 20:10:27 WET [2025/01/07 15:10:27 ET]
Table 'Tabit III' 6-max Seat #2 is the button
Seat 1: xxxZeka ($169.17 in chips) 
Seat 2: illarins ($117.35 in chips) 
Seat 3: petermcg2403 ($191.84 in chips) 
Seat 4: Gfoer ($100 in chips) 
Seat 5: worker0k ($102.65 in chips) 
Seat 6: steepfell ($101.50 in chips) 
petermcg2403: posts small blind $0.50
Gfoer: posts big blind $1
*** HOLE CARDS ***
worker0k: raises $1.30 to $2.30
steepfell: folds 
xxxZeka: folds 
illarins: folds 
petermcg2403: calls $1.80
Gfoer: folds 
*** FLOP *** [2c 7s Ah]
petermcg2403: checks 
worker0k: checks 
*** TURN *** [2c 7s Ah] [7h]
petermcg2403: checks 
worker0k: checks 
*** RIVER *** [2c 7s Ah 7h] [6s]
petermcg2403: bets $5.32
worker0k: folds 
Uncalled bet ($5.32) returned to petermcg2403
petermcg2403 collected $5.32 from pot
*** SUMMARY ***
Total pot $5.60 | Rake $0.28 
Board [2c 7s Ah 7h 6s]
Seat 1: xxxZeka folded before Flop (didn't bet)
Seat 2: illarins (button) folded before Flop (didn't bet)
Seat 3: petermcg2403 (small blind) collected ($5.32)
Seat 4: Gfoer (big blind) folded before Flop
Seat 5: worker0k folded on the River
Seat 6: steepfell folded before Flop (didn't bet)



PokerStars Hand #254250377543:  Hold'em No Limit ($0.50/$1.00 USD) - 2025/01/07 20:11:08 WET [2025/01/07 15:11:08 ET]
Table 'Tabit III' 6-max Seat #3 is the button
Seat 1: xxxZeka ($169.17 in chips) 
Seat 2: illarins ($117.35 in chips) 
Seat 3: petermcg2403 ($194.86 in chips) 
Seat 4: Gfoer ($100 in chips) 
Seat 5: worker0k ($100.35 in chips) 
Seat 6: steepfell ($101.50 in chips) 
Gfoer: posts small blind $0.50
worker0k: posts big blind $1
*** HOLE CARDS ***
steepfell: folds 
xxxZeka: folds 
illarins: raises $1.50 to $2.50
petermcg2403: folds 
petermcg2403 leaves the table
Gfoer: folds 
worker0k: folds 
Uncalled bet ($1.50) returned to illarins
illarins collected $2.50 from pot
illarins: doesn't show hand 
michasia joins the table at seat #3 
*** SUMMARY ***
Total pot $2.50 | Rake $0 
Seat 1: xxxZeka folded before Flop (didn't bet)
Seat 2: illarins collected ($2.50)
Seat 3: petermcg2403 (button) folded before Flop (didn't bet)
Seat 4: Gfoer (small blind) folded before Flop
Seat 5: worker0k (big blind) folded before Flop
Seat 6: steepfell folded before Flop (didn't bet)



PokerStars Hand #254250381403:  Hold'em No Limit ($0.50/$1.00 USD) - 2025/01/07 20:11:19 WET [2025/01/07 15:11:19 ET]
Table 'Tabit III' 6-max Seat #4 is the button
Seat 3: michasia ($100 in chips) is sitting out
Seat 5: worker0k ($100 in chips) is sitting out
Seat 1: xxxZeka ($169.17 in chips) 
Seat 2: illarins ($118.85 in chips) 
Seat 4: Gfoer ($100 in chips) 
Seat 6: steepfell ($101.50 in chips) 
steepfell: posts small blind $0.50
xxxZeka: posts big blind $1
michasia: sits out 
*** HOLE CARDS ***
worker0k leaves the table
illarins: folds 
Gfoer: folds 
steepfell: folds 
Uncalled bet ($0.50) returned to xxxZeka
xxxZeka collected $1 from pot
xxxZeka: doesn't show hand 
*** SUMMARY ***
Total pot $1 | Rake $0 
Seat 3: michasia
Seat 5: worker0k
Seat 1: xxxZeka (big blind) collected ($1)
Seat 2: illarins folded before Flop (didn't bet)
Seat 4: Gfoer (button) folded before Flop (didn't bet)
Seat 6: steepfell (small blind) folded before Flop



PokerStars Hand #254250383435:  Hold'em No Limit ($0.50/$1.00 USD) - 2025/01/07 20:11:25 WET [2025/01/07 15:11:25 ET]
Table 'Tabit III' 6-max Seat #6 is the button
Seat 2: illarins ($118.85 in chips) is sitting out
Seat 1: xxxZeka ($169.67 in chips) 
Seat 3: michasia ($100 in chips) 
Seat 4: Gfoer ($100 in chips) 
Seat 6: steepfell ($101 in chips) 
xxxZeka: posts small blind $0.50
illarins: is sitting out 
michasia: posts big blind $1
*** HOLE CARDS ***
Gfoer: folds 
steepfell: folds 
Gfoer leaves the table
illarins leaves the table
xxxZeka: folds 
Uncalled bet ($0.50) returned to michasia
michasia collected $1 from pot
michasia: doesn't show hand 
*** SUMMARY ***
Total pot $1 | Rake $0 
Seat 2: illarins
Seat 1: xxxZeka (small blind) folded before Flop
Seat 3: michasia (big blind) collected ($1)
Seat 4: Gfoer folded before Flop (didn't bet)
Seat 6: steepfell (button) folded before Flop (didn't bet)



PokerStars Hand #254250386365:  Hold'em No Limit ($0.50/$1.00 USD) - 2025/01/07 20:11:34 WET [2025/01/07 15:11:34 ET]
Table 'Tabit III' 6-max Seat #3 is the button
Seat 6: steepfell ($101 in chips) is sitting out
Seat 1: xxxZeka ($169.17 in chips) 
Seat 3: michasia ($100.50 in chips) 
michasia: posts small blind $0.50
steepfell: is sitting out 
xxxZeka: posts big blind $1
*** HOLE CARDS ***
steepfell leaves the table
michasia: folds 
Uncalled bet ($0.50) returned to xxxZeka
michasia leaves the table
xxxZeka collected $1 from pot
xxxZeka: doesn't show hand 
*** SUMMARY ***
Total pot $1 | Rake $0 
Seat 6: steepfell
Seat 1: xxxZeka (big blind) collected ($1)
Seat 3: michasia (button) (small blind) folded before Flop



