PokerStars Hand #254243602440:  Hold'em No Limit ($0.50/$1.00 USD) - 2025/01/07 12:38:14 WET [2025/01/07 7:38:14 ET]
Table 'Tea II' 6-max Seat #6 is the button
Seat 4: b2k-Snick ($111.59 in chips) 
Seat 5: MCFC4INAROW ($18.89 in chips) 
Seat 6: Diamondplaces ($7.24 in chips) 
b2k-Snick: posts small blind $0.50
MCFC4INAROW: posts big blind $1
*** HOLE CARDS ***
Diamondplaces: folds 
b2k-Snick: folds 
Uncalled bet ($0.50) returned to MCFC4INAROW
MCFC4INAROW collected $1 from pot
*** SUMMARY ***
Total pot $1 | Rake $0 
Seat 4: b2k-Snick (small blind) folded before Flop
Seat 5: MCFC4INAROW (big blind) collected ($1)
Seat 6: Diamondplaces (button) folded before Flop (didn't bet)



PokerStars Hand #254243603905:  Hold'em No Limit ($0.50/$1.00 USD) - 2025/01/07 12:38:24 WET [2025/01/07 7:38:24 ET]
Table 'Tea II' 6-max Seat #4 is the button
Seat 4: b2k-Snick ($111.09 in chips) 
Seat 5: MCFC4INAROW ($19.39 in chips) 
Seat 6: Diamondplaces ($7.24 in chips) 
MCFC4INAROW: posts small blind $0.50
Diamondplaces: posts big blind $1
*** HOLE CARDS ***
b2k-Snick: raises $1.50 to $2.50
MCFC4INAROW: calls $2
Diamondplaces: calls $1.50
*** FLOP *** [Qh 3c 2c]
MCFC4INAROW: bets $1.70
Diamondplaces: calls $1.70
b2k-Snick: raises $1.70 to $3.40
MCFC4INAROW: folds 
Diamondplaces: folds 
Uncalled bet ($1.70) returned to b2k-Snick
b2k-Snick collected $11.97 from pot
b2k-Snick: doesn't show hand 
*** SUMMARY ***
Total pot $12.60 | Rake $0.63 
Board [Qh 3c 2c]
Seat 4: b2k-Snick (button) collected ($11.97)
Seat 5: MCFC4INAROW (small blind) folded on the Flop
Seat 6: Diamondplaces (big blind) folded on the Flop



PokerStars Hand #254243611219:  Hold'em No Limit ($0.50/$1.00 USD) - 2025/01/07 12:39:14 WET [2025/01/07 7:39:14 ET]
Table 'Tea II' 6-max Seat #5 is the button
Seat 4: b2k-Snick ($118.86 in chips) 
Seat 5: MCFC4INAROW ($15.19 in chips) 
Seat 6: Diamondplaces ($3.04 in chips) 
Diamondplaces: posts small blind $0.50
b2k-Snick: posts big blind $1
*** HOLE CARDS ***
MCFC4INAROW: folds 
Diamondplaces: raises $2.04 to $3.04 and is all-in
b2k-Snick: calls $2.04
radu10101 joins the table at seat #1 
radu10101 is disconnected 
*** FLOP *** [Kh 9h 9s]
Gfoer joins the table at seat #2 
*** TURN *** [Kh 9h 9s] [5s]
*** RIVER *** [Kh 9h 9s 5s] [Ac]
*** SHOW DOWN ***
Diamondplaces: shows [Qc Ah] (two pair, Aces and Nines)
b2k-Snick: shows [8d Jd] (a pair of Nines)
Diamondplaces collected $5.78 from pot
*** SUMMARY ***
Total pot $6.08 | Rake $0.30 
Board [Kh 9h 9s 5s Ac]
Seat 4: b2k-Snick (big blind) showed [8d Jd] and lost with a pair of Nines
Seat 5: MCFC4INAROW (button) folded before Flop (didn't bet)
Seat 6: Diamondplaces (small blind) showed [Qc Ah] and won ($5.78) with two pair, Aces and Nines



PokerStars Hand #254243614449:  Hold'em No Limit ($0.50/$1.00 USD) - 2025/01/07 12:39:36 WET [2025/01/07 7:39:36 ET]
Table 'Tea II' 6-max Seat #6 is the button
Seat 1: radu10101 ($23.22 in chips) is sitting out
Seat 2: Gfoer ($100 in chips) is sitting out
Seat 4: b2k-Snick ($115.82 in chips) 
Seat 5: MCFC4INAROW ($15.19 in chips) 
Seat 6: Diamondplaces ($5.78 in chips) 
b2k-Snick: posts small blind $0.50
MCFC4INAROW: posts big blind $1
*** HOLE CARDS ***
Diamondplaces: folds 
b2k-Snick: raises $114.82 to $115.82 and is all-in
MCFC4INAROW: calls $14.19 and is all-in
Uncalled bet ($100.63) returned to b2k-Snick
*** FLOP *** [8d 8c 9s]
*** TURN *** [8d 8c 9s] [Kh]
*** RIVER *** [8d 8c 9s Kh] [4d]
*** SHOW DOWN ***
b2k-Snick: shows [As Th] (a pair of Eights)
MCFC4INAROW: shows [4c 4h] (a full house, Fours full of Eights)
MCFC4INAROW collected $29.38 from pot
*** SUMMARY ***
Total pot $30.38 | Rake $1 
Board [8d 8c 9s Kh 4d]
Seat 1: radu10101
Seat 2: Gfoer
Seat 4: b2k-Snick (small blind) showed [As Th] and lost with a pair of Eights
Seat 5: MCFC4INAROW (big blind) showed [4c 4h] and won ($29.38) with a full house, Fours full of Eights
Seat 6: Diamondplaces (button) folded before Flop (didn't bet)



PokerStars Hand #254243617583:  Hold'em No Limit ($0.50/$1.00 USD) - 2025/01/07 12:39:58 WET [2025/01/07 7:39:58 ET]
Table 'Tea II' 6-max Seat #4 is the button
Seat 2: Gfoer ($100 in chips) is sitting out
Seat 1: radu10101 ($23.22 in chips) 
Seat 4: b2k-Snick ($100.63 in chips) 
Seat 5: MCFC4INAROW ($29.38 in chips) 
Seat 6: Diamondplaces ($5.78 in chips) 
MCFC4INAROW: posts small blind $0.50
Diamondplaces: posts big blind $1
radu10101: posts big blind $1
Gfoer: sits out 
*** HOLE CARDS ***
radu10101: checks 
b2k-Snick: folds 
MCFC4INAROW: calls $0.50
Diamondplaces: checks 
*** FLOP *** [2c 4d 6s]
MCFC4INAROW: checks 
Burlica2013 joins the table at seat #3 
Diamondplaces: bets $4.78 and is all-in
radu10101: calls $4.78
MCFC4INAROW: calls $4.78
*** TURN *** [2c 4d 6s] [Kh]
MCFC4INAROW: checks 
radu10101: bets $3
MCFC4INAROW: calls $3
*** RIVER *** [2c 4d 6s Kh] [Jc]
MCFC4INAROW: checks 
radu10101: checks 
*** SHOW DOWN ***
MCFC4INAROW: shows [Kd 5s] (a pair of Kings)
radu10101: mucks hand 
MCFC4INAROW collected $5.87 from side pot
Diamondplaces: shows [4h 2s] (two pair, Fours and Deuces)
Diamondplaces collected $16.47 from main pot
*** SUMMARY ***
Total pot $23.34 Main pot $16.47. Side pot $5.87. | Rake $1 
Board [2c 4d 6s Kh Jc]
Seat 2: Gfoer
Seat 1: radu10101 mucked
Seat 4: b2k-Snick (button) folded before Flop (didn't bet)
Seat 5: MCFC4INAROW (small blind) showed [Kd 5s] and won ($5.87) with a pair of Kings
Seat 6: Diamondplaces (big blind) showed [4h 2s] and won ($16.47) with two pair, Fours and Deuces



PokerStars Hand #254243628755:  Hold'em No Limit ($0.50/$1.00 USD) - 2025/01/07 12:41:12 WET [2025/01/07 7:41:12 ET]
Table 'Tea II' 6-max Seat #5 is the button
Seat 2: Gfoer ($100 in chips) is sitting out
Seat 3: Burlica2013 ($100 in chips) is sitting out
Seat 1: radu10101 ($14.44 in chips) 
Seat 4: b2k-Snick ($100.63 in chips) 
Seat 5: MCFC4INAROW ($26.47 in chips) 
Seat 6: Diamondplaces ($16.47 in chips) 
Diamondplaces: posts small blind $0.50
radu10101: posts big blind $1
Gfoer: sits out 
Burlica2013: sits out 
*** HOLE CARDS ***
b2k-Snick: folds 
MCFC4INAROW: folds 
Diamondplaces: calls $0.50
radu10101: checks 
*** FLOP *** [4h 6c 8h]
Diamondplaces: checks 
radu10101: bets $2
Diamondplaces: folds 
Uncalled bet ($2) returned to radu10101
radu10101 collected $1.90 from pot
*** SUMMARY ***
Total pot $2 | Rake $0.10 
Board [4h 6c 8h]
Seat 2: Gfoer
Seat 3: Burlica2013
Seat 1: radu10101 (big blind) collected ($1.90)
Seat 4: b2k-Snick folded before Flop (didn't bet)
Seat 5: MCFC4INAROW (button) folded before Flop (didn't bet)
Seat 6: Diamondplaces (small blind) folded on the Flop



PokerStars Hand #254243636165:  Hold'em No Limit ($0.50/$1.00 USD) - 2025/01/07 12:42:01 WET [2025/01/07 7:42:01 ET]
Table 'Tea II' 6-max Seat #6 is the button
Seat 3: Burlica2013 ($100 in chips) is sitting out
Seat 1: radu10101 ($15.34 in chips) 
Seat 2: Gfoer ($100 in chips) 
Seat 4: b2k-Snick ($100.63 in chips) 
Seat 5: MCFC4INAROW ($26.47 in chips) 
Seat 6: Diamondplaces ($15.47 in chips) 
radu10101: posts small blind $0.50
Gfoer: posts big blind $1
Burlica2013: sits out 
*** HOLE CARDS ***
b2k-Snick: folds 
MCFC4INAROW: raises $1.50 to $2.50
Diamondplaces: folds 
radu10101: folds 
Gfoer: folds 
Uncalled bet ($1.50) returned to MCFC4INAROW
MCFC4INAROW collected $2.50 from pot
MCFC4INAROW: doesn't show hand 
*** SUMMARY ***
Total pot $2.50 | Rake $0 
Seat 3: Burlica2013
Seat 1: radu10101 (small blind) folded before Flop
Seat 2: Gfoer (big blind) folded before Flop
Seat 4: b2k-Snick folded before Flop (didn't bet)
Seat 5: MCFC4INAROW collected ($2.50)
Seat 6: Diamondplaces (button) folded before Flop (didn't bet)



PokerStars Hand #254243638451:  Hold'em No Limit ($0.50/$1.00 USD) - 2025/01/07 12:42:16 WET [2025/01/07 7:42:16 ET]
Table 'Tea II' 6-max Seat #1 is the button
Seat 1: radu10101 ($14.84 in chips) 
Seat 2: Gfoer ($100 in chips) 
Seat 3: Burlica2013 ($100 in chips) 
Seat 4: b2k-Snick ($100.63 in chips) 
Seat 5: MCFC4INAROW ($27.97 in chips) 
Seat 6: Diamondplaces ($15.47 in chips) 
Gfoer: posts small blind $0.50
Burlica2013: posts big blind $1
*** HOLE CARDS ***
b2k-Snick: folds 
MCFC4INAROW: folds 
Diamondplaces: folds 
radu10101: folds 
Gfoer: raises $1.50 to $2.50
Burlica2013: calls $1.50
*** FLOP *** [9c 8d 5c]
Gfoer: bets $1.58
radu10101 leaves the table
Burlica2013: calls $1.58
*** TURN *** [9c 8d 5c] [8c]
Gfoer: checks 
Burlica2013: bets $3.88
coeeeelho joins the table at seat #1 
Gfoer: raises $11.92 to $15.80
Burlica2013: folds 
Uncalled bet ($11.92) returned to Gfoer
Gfoer collected $15.12 from pot
Gfoer: doesn't show hand 
*** SUMMARY ***
Total pot $15.92 | Rake $0.80 
Board [9c 8d 5c 8c]
Seat 1: radu10101 (button) folded before Flop (didn't bet)
Seat 2: Gfoer (small blind) collected ($15.12)
Seat 3: Burlica2013 (big blind) folded on the Turn
Seat 4: b2k-Snick folded before Flop (didn't bet)
Seat 5: MCFC4INAROW folded before Flop (didn't bet)
Seat 6: Diamondplaces folded before Flop (didn't bet)



PokerStars Hand #254243652363:  Hold'em No Limit ($0.50/$1.00 USD) - 2025/01/07 12:43:48 WET [2025/01/07 7:43:48 ET]
Table 'Tea II' 6-max Seat #2 is the button
Seat 1: coeeeelho ($100 in chips) is sitting out
Seat 2: Gfoer ($107.16 in chips) 
Seat 3: Burlica2013 ($100 in chips) 
Seat 4: b2k-Snick ($100.63 in chips) 
Seat 5: MCFC4INAROW ($27.97 in chips) 
Seat 6: Diamondplaces ($15.47 in chips) 
Burlica2013: posts small blind $0.50
b2k-Snick: posts big blind $1
coeeeelho: sits out 
*** HOLE CARDS ***
MCFC4INAROW: raises $1.50 to $2.50
Diamondplaces: raises $12.97 to $15.47 and is all-in
Gfoer: folds 
Burlica2013: folds 
b2k-Snick: folds 
MCFC4INAROW: calls $12.97
*** FLOP *** [7d Kc 2d]
*** TURN *** [7d Kc 2d] [3c]
*** RIVER *** [7d Kc 2d 3c] [As]
*** SHOW DOWN ***
MCFC4INAROW: shows [Kh Qc] (a pair of Kings)
Diamondplaces: shows [Jd Jc] (a pair of Jacks)
MCFC4INAROW collected $30.82 from pot
Diamondplaces cashed out the hand for $17.05 | Cash Out Fee $0.35
*** SUMMARY ***
Total pot $32.44 | Rake $1.62 
Board [7d Kc 2d 3c As]
Seat 1: coeeeelho
Seat 2: Gfoer (button) folded before Flop (didn't bet)
Seat 3: Burlica2013 (small blind) folded before Flop
Seat 4: b2k-Snick (big blind) folded before Flop
Seat 5: MCFC4INAROW showed [Kh Qc] and won ($30.82) with a pair of Kings
Seat 6: Diamondplaces showed [Jd Jc] and lost with a pair of Jacks (cashed out).



PokerStars Hand #254243656785:  Hold'em No Limit ($0.50/$1.00 USD) - 2025/01/07 12:44:17 WET [2025/01/07 7:44:17 ET]
Table 'Tea II' 6-max Seat #3 is the button
Seat 1: coeeeelho ($100 in chips) is sitting out
Seat 2: Gfoer ($107.16 in chips) 
Seat 3: Burlica2013 ($100 in chips) 
Seat 4: b2k-Snick ($100 in chips) 
Seat 5: MCFC4INAROW ($43.32 in chips) 
Seat 6: Diamondplaces ($17.05 in chips) 
b2k-Snick: posts small blind $0.50
MCFC4INAROW: posts big blind $1
coeeeelho: sits out 
*** HOLE CARDS ***
Diamondplaces: raises $1 to $2
Gfoer: folds 
Burlica2013: folds 
b2k-Snick: folds 
MCFC4INAROW: calls $1
*** FLOP *** [8c Ac 2d]
Burlica2013 leaves the table
MCFC4INAROW: checks 
Diamondplaces: bets $4.28
MCFC4INAROW: folds 
Uncalled bet ($4.28) returned to Diamondplaces
Diamondplaces collected $4.28 from pot
*** SUMMARY ***
Total pot $4.50 | Rake $0.22 
Board [8c Ac 2d]
Seat 1: coeeeelho
Seat 2: Gfoer folded before Flop (didn't bet)
Seat 3: Burlica2013 (button) folded before Flop (didn't bet)
Seat 4: b2k-Snick (small blind) folded before Flop
Seat 5: MCFC4INAROW (big blind) folded on the Flop
Seat 6: Diamondplaces collected ($4.28)



PokerStars Hand #254243661430:  Hold'em No Limit ($0.50/$1.00 USD) - 2025/01/07 12:44:46 WET [2025/01/07 7:44:46 ET]
Table 'Tea II' 6-max Seat #4 is the button
Seat 1: coeeeelho ($100 in chips) is sitting out
Seat 2: Gfoer ($107.16 in chips) 
Seat 4: b2k-Snick ($100 in chips) 
Seat 5: MCFC4INAROW ($41.32 in chips) 
Seat 6: Diamondplaces ($19.33 in chips) 
MCFC4INAROW: posts small blind $0.50
Diamondplaces: posts big blind $1
coeeeelho: sits out 
*** HOLE CARDS ***
Gfoer: raises $1.20 to $2.20
b2k-Snick: folds 
MCFC4INAROW: folds 
Diamondplaces: folds 
Uncalled bet ($1.20) returned to Gfoer
Gfoer collected $2.50 from pot
Gfoer: doesn't show hand 
*** SUMMARY ***
Total pot $2.50 | Rake $0 
Seat 1: coeeeelho
Seat 2: Gfoer collected ($2.50)
Seat 4: b2k-Snick (button) folded before Flop (didn't bet)
Seat 5: MCFC4INAROW (small blind) folded before Flop
Seat 6: Diamondplaces (big blind) folded before Flop



PokerStars Hand #254243663356:  Hold'em No Limit ($0.50/$1.00 USD) - 2025/01/07 12:44:58 WET [2025/01/07 7:44:58 ET]
Table 'Tea II' 6-max Seat #5 is the button
Seat 1: coeeeelho ($100 in chips) 
Seat 2: Gfoer ($108.66 in chips) 
Seat 4: b2k-Snick ($100 in chips) 
Seat 5: MCFC4INAROW ($40.82 in chips) 
Seat 6: Diamondplaces ($18.33 in chips) 
Diamondplaces: posts small blind $0.50
coeeeelho: posts big blind $1
*** HOLE CARDS ***
Gfoer: folds 
Gfoer leaves the table
b2k-Snick: folds 
MCFC4INAROW: folds 
Diamondplaces: folds 
Uncalled bet ($0.50) returned to coeeeelho
coeeeelho collected $1 from pot
coeeeelho: doesn't show hand 
*** SUMMARY ***
Total pot $1 | Rake $0 
Seat 1: coeeeelho (big blind) collected ($1)
Seat 2: Gfoer folded before Flop (didn't bet)
Seat 4: b2k-Snick folded before Flop (didn't bet)
Seat 5: MCFC4INAROW (button) folded before Flop (didn't bet)
Seat 6: Diamondplaces (small blind) folded before Flop



PokerStars Hand #254243665201:  Hold'em No Limit ($0.50/$1.00 USD) - 2025/01/07 12:45:10 WET [2025/01/07 7:45:10 ET]
Table 'Tea II' 6-max Seat #6 is the button
Seat 1: coeeeelho ($100.50 in chips) 
Seat 4: b2k-Snick ($100 in chips) 
Seat 5: MCFC4INAROW ($40.82 in chips) 
Seat 6: Diamondplaces ($17.83 in chips) 
coeeeelho: posts small blind $0.50
b2k-Snick: posts big blind $1
*** HOLE CARDS ***
MCFC4INAROW: raises $1.50 to $2.50
Diamondplaces: folds 
coeeeelho: folds 
b2k-Snick: folds 
Uncalled bet ($1.50) returned to MCFC4INAROW
MCFC4INAROW collected $2.50 from pot
*** SUMMARY ***
Total pot $2.50 | Rake $0 
Seat 1: coeeeelho (small blind) folded before Flop
Seat 4: b2k-Snick (big blind) folded before Flop
Seat 5: MCFC4INAROW collected ($2.50)
Seat 6: Diamondplaces (button) folded before Flop (didn't bet)



PokerStars Hand #254243668162:  Hold'em No Limit ($0.50/$1.00 USD) - 2025/01/07 12:45:30 WET [2025/01/07 7:45:30 ET]
Table 'Tea II' 6-max Seat #1 is the button
Seat 1: coeeeelho ($100 in chips) 
Seat 4: b2k-Snick ($100 in chips) 
Seat 5: MCFC4INAROW ($42.32 in chips) 
Seat 6: Diamondplaces ($17.83 in chips) 
b2k-Snick: posts small blind $0.50
MCFC4INAROW: posts big blind $1
*** HOLE CARDS ***
Diamondplaces: raises $1 to $2
coeeeelho: folds 
b2k-Snick: folds 
MCFC4INAROW: calls $1
*** FLOP *** [Ad 3c Kc]
chinokevin13 joins the table at seat #3 
MCFC4INAROW: checks 
Diamondplaces: bets $1
MCFC4INAROW: calls $1
*** TURN *** [Ad 3c Kc] [4h]
MCFC4INAROW: checks 
Diamondplaces: bets $1
spapaz22 joins the table at seat #2 
spapaz22 is disconnected 
MCFC4INAROW: calls $1
*** RIVER *** [Ad 3c Kc 4h] [Qh]
MCFC4INAROW: checks 
Diamondplaces: bets $4.04
MCFC4INAROW: calls $4.04
*** SHOW DOWN ***
Diamondplaces: shows [Ks Qc] (two pair, Kings and Queens)
MCFC4INAROW: mucks hand 
Diamondplaces collected $15.75 from pot
*** SUMMARY ***
Total pot $16.58 | Rake $0.83 
Board [Ad 3c Kc 4h Qh]
Seat 1: coeeeelho (button) folded before Flop (didn't bet)
Seat 4: b2k-Snick (small blind) folded before Flop
Seat 5: MCFC4INAROW (big blind) mucked
Seat 6: Diamondplaces showed [Ks Qc] and won ($15.75) with two pair, Kings and Queens



PokerStars Hand #254243677912:  Hold'em No Limit ($0.50/$1.00 USD) - 2025/01/07 12:46:32 WET [2025/01/07 7:46:32 ET]
Table 'Tea II' 6-max Seat #4 is the button
Seat 3: chinokevin13 ($100 in chips) is sitting out
Seat 1: coeeeelho ($100 in chips) 
Seat 2: spapaz22 ($100 in chips) 
Seat 4: b2k-Snick ($100 in chips) 
Seat 5: MCFC4INAROW ($34.28 in chips) 
Seat 6: Diamondplaces ($25.54 in chips) 
MCFC4INAROW: posts small blind $0.50
Diamondplaces: posts big blind $1
spapaz22: posts big blind $1
chinokevin13: sits out 
*** HOLE CARDS ***
coeeeelho: folds 
spapaz22: checks 
b2k-Snick: folds 
MCFC4INAROW: calls $0.50
Diamondplaces: checks 
*** FLOP *** [Ks 9s Qd]
MCFC4INAROW: checks 
Diamondplaces: checks 
spapaz22: bets $2.85
MCFC4INAROW: calls $2.85
Diamondplaces: folds 
*** TURN *** [Ks 9s Qd] [4c]
MCFC4INAROW: checks 
spapaz22: bets $3
MCFC4INAROW: calls $3
*** RIVER *** [Ks 9s Qd 4c] [6d]
MCFC4INAROW: checks 
spapaz22: checks 
*** SHOW DOWN ***
MCFC4INAROW: shows [5s 8s] (high card King)
spapaz22: shows [Qh 3h] (a pair of Queens)
spapaz22 collected $13.96 from pot
*** SUMMARY ***
Total pot $14.70 | Rake $0.74 
Board [Ks 9s Qd 4c 6d]
Seat 3: chinokevin13
Seat 1: coeeeelho folded before Flop (didn't bet)
Seat 2: spapaz22 showed [Qh 3h] and won ($13.96) with a pair of Queens
Seat 4: b2k-Snick (button) folded before Flop (didn't bet)
Seat 5: MCFC4INAROW (small blind) showed [5s 8s] and lost with high card King
Seat 6: Diamondplaces (big blind) folded on the Flop



PokerStars Hand #254243690693:  Hold'em No Limit ($0.50/$1.00 USD) - 2025/01/07 12:47:54 WET [2025/01/07 7:47:54 ET]
Table 'Tea II' 6-max Seat #5 is the button
Seat 3: chinokevin13 ($100 in chips) is sitting out
Seat 1: coeeeelho ($100 in chips) 
Seat 2: spapaz22 ($107.11 in chips) 
Seat 4: b2k-Snick ($100 in chips) 
Seat 5: MCFC4INAROW ($27.43 in chips) 
Seat 6: Diamondplaces ($24.54 in chips) 
Diamondplaces: posts small blind $0.50
coeeeelho: posts big blind $1
chinokevin13: sits out 
*** HOLE CARDS ***
spapaz22: raises $1 to $2
b2k-Snick: raises $5.50 to $7.50
MCFC4INAROW: folds 
Diamondplaces: folds 
coeeeelho: folds 
spapaz22: folds 
Uncalled bet ($5.50) returned to b2k-Snick
b2k-Snick collected $5.50 from pot
b2k-Snick: doesn't show hand 
*** SUMMARY ***
Total pot $5.50 | Rake $0 
Seat 3: chinokevin13
Seat 1: coeeeelho (big blind) folded before Flop
Seat 2: spapaz22 folded before Flop
Seat 4: b2k-Snick collected ($5.50)
Seat 5: MCFC4INAROW (button) folded before Flop (didn't bet)
Seat 6: Diamondplaces (small blind) folded before Flop



PokerStars Hand #254243694292:  Hold'em No Limit ($0.50/$1.00 USD) - 2025/01/07 12:48:17 WET [2025/01/07 7:48:17 ET]
Table 'Tea II' 6-max Seat #6 is the button
Seat 3: chinokevin13 ($100 in chips) is sitting out
Seat 1: coeeeelho ($100 in chips) 
Seat 2: spapaz22 ($105.11 in chips) 
Seat 4: b2k-Snick ($103.50 in chips) 
Seat 5: MCFC4INAROW ($27.43 in chips) 
Seat 6: Diamondplaces ($24.04 in chips) 
coeeeelho: posts small blind $0.50
spapaz22: posts big blind $1
chinokevin13: sits out 
*** HOLE CARDS ***
b2k-Snick: raises $1.10 to $2.10
MCFC4INAROW: calls $2.10
Diamondplaces: folds 
coeeeelho: folds 
spapaz22: calls $1.10
*** FLOP *** [9c 5c Ks]
spapaz22: checks 
b2k-Snick: checks 
MCFC4INAROW: bets $2.50
spapaz22: calls $2.50
b2k-Snick: calls $2.50
*** TURN *** [9c 5c Ks] [Ts]
spapaz22: checks 
b2k-Snick: checks 
MCFC4INAROW: checks 
*** RIVER *** [9c 5c Ks Ts] [8h]
spapaz22: checks 
b2k-Snick: checks 
MCFC4INAROW: checks 
*** SHOW DOWN ***
spapaz22: shows [6c 5s] (a pair of Fives)
b2k-Snick: shows [Qh Th] (a pair of Tens)
MCFC4INAROW: mucks hand 
b2k-Snick collected $13.58 from pot
*** SUMMARY ***
Total pot $14.30 | Rake $0.72 
Board [9c 5c Ks Ts 8h]
Seat 3: chinokevin13
Seat 1: coeeeelho (small blind) folded before Flop
Seat 2: spapaz22 (big blind) showed [6c 5s] and lost with a pair of Fives
Seat 4: b2k-Snick showed [Qh Th] and won ($13.58) with a pair of Tens
Seat 5: MCFC4INAROW mucked
Seat 6: Diamondplaces (button) folded before Flop (didn't bet)



PokerStars Hand #254243708598:  Hold'em No Limit ($0.50/$1.00 USD) - 2025/01/07 12:49:49 WET [2025/01/07 7:49:49 ET]
Table 'Tea II' 6-max Seat #1 is the button
Seat 1: coeeeelho ($100 in chips) 
Seat 2: spapaz22 ($100.51 in chips) 
Seat 3: chinokevin13 ($100 in chips) 
Seat 4: b2k-Snick ($112.48 in chips) 
Seat 5: MCFC4INAROW ($22.83 in chips) 
Seat 6: Diamondplaces ($24.04 in chips) 
spapaz22: posts small blind $0.50
chinokevin13: posts big blind $1
*** HOLE CARDS ***
b2k-Snick: folds 
MCFC4INAROW: folds 
Diamondplaces: folds 
coeeeelho: folds 
spapaz22: raises $1 to $2
chinokevin13: calls $1
*** FLOP *** [8h 5h 7s]
spapaz22: checks 
chinokevin13: bets $1.90
spapaz22: calls $1.90
*** TURN *** [8h 5h 7s] [Kc]
spapaz22: checks 
chinokevin13: checks 
*** RIVER *** [8h 5h 7s Kc] [Qd]
spapaz22: bets $7.41
chinokevin13: calls $7.41
*** SHOW DOWN ***
spapaz22: shows [Ks Ah] (a pair of Kings)
chinokevin13: mucks hand 
spapaz22 collected $21.49 from pot
*** SUMMARY ***
Total pot $22.62 | Rake $1.13 
Board [8h 5h 7s Kc Qd]
Seat 1: coeeeelho (button) folded before Flop (didn't bet)
Seat 2: spapaz22 (small blind) showed [Ks Ah] and won ($21.49) with a pair of Kings
Seat 3: chinokevin13 (big blind) mucked
Seat 4: b2k-Snick folded before Flop (didn't bet)
Seat 5: MCFC4INAROW folded before Flop (didn't bet)
Seat 6: Diamondplaces folded before Flop (didn't bet)



PokerStars Hand #254243721209:  Hold'em No Limit ($0.50/$1.00 USD) - 2025/01/07 12:51:09 WET [2025/01/07 7:51:09 ET]
Table 'Tea II' 6-max Seat #2 is the button
Seat 1: coeeeelho ($100 in chips) 
Seat 2: spapaz22 ($110.69 in chips) 
Seat 3: chinokevin13 ($100 in chips) 
Seat 4: b2k-Snick ($112.48 in chips) 
Seat 5: MCFC4INAROW ($22.83 in chips) 
Seat 6: Diamondplaces ($24.04 in chips) 
chinokevin13: posts small blind $0.50
b2k-Snick: posts big blind $1
*** HOLE CARDS ***
MCFC4INAROW: folds 
Diamondplaces: folds 
coeeeelho: raises $1.30 to $2.30
spapaz22: folds 
chinokevin13: folds 
b2k-Snick: folds 
Uncalled bet ($1.30) returned to coeeeelho
coeeeelho collected $2.50 from pot
coeeeelho: doesn't show hand 
*** SUMMARY ***
Total pot $2.50 | Rake $0 
Seat 1: coeeeelho collected ($2.50)
Seat 2: spapaz22 (button) folded before Flop (didn't bet)
Seat 3: chinokevin13 (small blind) folded before Flop
Seat 4: b2k-Snick (big blind) folded before Flop
Seat 5: MCFC4INAROW folded before Flop (didn't bet)
Seat 6: Diamondplaces folded before Flop (didn't bet)



PokerStars Hand #254243723770:  Hold'em No Limit ($0.50/$1.00 USD) - 2025/01/07 12:51:24 WET [2025/01/07 7:51:24 ET]
Table 'Tea II' 6-max Seat #3 is the button
Seat 1: coeeeelho ($101.50 in chips) 
Seat 2: spapaz22 ($110.69 in chips) 
Seat 3: chinokevin13 ($100 in chips) 
Seat 4: b2k-Snick ($111.48 in chips) 
Seat 5: MCFC4INAROW ($22.83 in chips) 
Seat 6: Diamondplaces ($24.04 in chips) 
b2k-Snick: posts small blind $0.50
MCFC4INAROW: posts big blind $1
*** HOLE CARDS ***
Diamondplaces: folds 
coeeeelho: folds 
spapaz22: raises $1 to $2
chinokevin13: folds 
b2k-Snick: folds 
MCFC4INAROW: calls $1
*** FLOP *** [Tc 7s 6d]
MCFC4INAROW: bets $1.70
spapaz22: folds 
Uncalled bet ($1.70) returned to MCFC4INAROW
MCFC4INAROW collected $4.28 from pot
MCFC4INAROW: doesn't show hand 
*** SUMMARY ***
Total pot $4.50 | Rake $0.22 
Board [Tc 7s 6d]
Seat 1: coeeeelho folded before Flop (didn't bet)
Seat 2: spapaz22 folded on the Flop
Seat 3: chinokevin13 (button) folded before Flop (didn't bet)
Seat 4: b2k-Snick (small blind) folded before Flop
Seat 5: MCFC4INAROW (big blind) collected ($4.28)
Seat 6: Diamondplaces folded before Flop (didn't bet)



PokerStars Hand #254243729258:  Hold'em No Limit ($0.50/$1.00 USD) - 2025/01/07 12:51:59 WET [2025/01/07 7:51:59 ET]
Table 'Tea II' 6-max Seat #4 is the button
Seat 1: coeeeelho ($101.50 in chips) 
Seat 2: spapaz22 ($108.69 in chips) 
Seat 3: chinokevin13 ($100 in chips) 
Seat 4: b2k-Snick ($110.98 in chips) 
Seat 5: MCFC4INAROW ($25.11 in chips) 
Seat 6: Diamondplaces ($24.04 in chips) 
MCFC4INAROW: posts small blind $0.50
Diamondplaces: posts big blind $1
*** HOLE CARDS ***
coeeeelho: folds 
spapaz22: raises $1 to $2
chinokevin13: folds 
b2k-Snick: folds 
MCFC4INAROW: calls $1.50
Diamondplaces: folds 
*** FLOP *** [2s 3h 9d]
MCFC4INAROW: bets $2
spapaz22: calls $2
*** TURN *** [2s 3h 9d] [4s]
MCFC4INAROW: bets $6
spapaz22: raises $98.69 to $104.69 and is all-in
MCFC4INAROW: calls $15.11 and is all-in
Uncalled bet ($83.58) returned to spapaz22
*** RIVER *** [2s 3h 9d 4s] [Ts]
*** SHOW DOWN ***
MCFC4INAROW: shows [6s 6c] (a pair of Sixes)
spapaz22: shows [Ad 8c] (high card Ace)
MCFC4INAROW collected $48.72 from pot
*** SUMMARY ***
Total pot $51.22 | Rake $2.50 
Board [2s 3h 9d 4s Ts]
Seat 1: coeeeelho folded before Flop (didn't bet)
Seat 2: spapaz22 showed [Ad 8c] and lost with high card Ace
Seat 3: chinokevin13 folded before Flop (didn't bet)
Seat 4: b2k-Snick (button) folded before Flop (didn't bet)
Seat 5: MCFC4INAROW (small blind) showed [6s 6c] and won ($48.72) with a pair of Sixes
Seat 6: Diamondplaces (big blind) folded before Flop



PokerStars Hand #254243738102:  Hold'em No Limit ($0.50/$1.00 USD) - 2025/01/07 12:52:55 WET [2025/01/07 7:52:55 ET]
Table 'Tea II' 6-max Seat #5 is the button
Seat 1: coeeeelho ($101.50 in chips) 
Seat 2: spapaz22 ($83.58 in chips) 
Seat 3: chinokevin13 ($100 in chips) 
Seat 4: b2k-Snick ($110.98 in chips) 
Seat 5: MCFC4INAROW ($48.72 in chips) 
Seat 6: Diamondplaces ($23.04 in chips) 
Diamondplaces: posts small blind $0.50
coeeeelho: posts big blind $1
*** HOLE CARDS ***
spapaz22: folds 
chinokevin13: folds 
b2k-Snick: folds 
MCFC4INAROW: calls $1
Diamondplaces: calls $0.50
coeeeelho: raises $5 to $6
MCFC4INAROW: folds 
Diamondplaces: raises $17.04 to $23.04 and is all-in
coeeeelho: calls $17.04
MCFC4INAROW leaves the table
*** FLOP *** [Qd 4c 2d]
*** TURN *** [Qd 4c 2d] [2s]
*** RIVER *** [Qd 4c 2d 2s] [Ts]
*** SHOW DOWN ***
Diamondplaces: shows [Td As] (two pair, Tens and Deuces)
coeeeelho: shows [6h Ad] (a pair of Deuces)
Diamondplaces collected $44.73 from pot
*** SUMMARY ***
Total pot $47.08 | Rake $2.35 
Board [Qd 4c 2d 2s Ts]
Seat 1: coeeeelho (big blind) showed [6h Ad] and lost with a pair of Deuces
Seat 2: spapaz22 folded before Flop (didn't bet)
Seat 3: chinokevin13 folded before Flop (didn't bet)
Seat 4: b2k-Snick folded before Flop (didn't bet)
Seat 5: MCFC4INAROW (button) folded before Flop
Seat 6: Diamondplaces (small blind) showed [Td As] and won ($44.73) with two pair, Tens and Deuces



PokerStars Hand #254243747582:  Hold'em No Limit ($0.50/$1.00 USD) - 2025/01/07 12:53:55 WET [2025/01/07 7:53:55 ET]
Table 'Tea II' 6-max Seat #6 is the button
Seat 1: coeeeelho ($100 in chips) 
Seat 2: spapaz22 ($83.58 in chips) 
Seat 3: chinokevin13 ($100 in chips) 
Seat 4: b2k-Snick ($110.98 in chips) 
Seat 6: Diamondplaces ($44.73 in chips) 
coeeeelho: posts small blind $0.50
spapaz22: posts big blind $1
*** HOLE CARDS ***
chinokevin13: folds 
b2k-Snick: folds 
Diamondplaces: calls $1
coeeeelho: raises $4 to $5
spapaz22: folds 
Diamondplaces: folds 
Uncalled bet ($4) returned to coeeeelho
Royal012023 joins the table at seat #5 
Royal012023 is disconnected 
coeeeelho collected $3 from pot
coeeeelho: doesn't show hand 
*** SUMMARY ***
Total pot $3 | Rake $0 
Seat 1: coeeeelho (small blind) collected ($3)
Seat 2: spapaz22 (big blind) folded before Flop
Seat 3: chinokevin13 folded before Flop (didn't bet)
Seat 4: b2k-Snick folded before Flop (didn't bet)
Seat 6: Diamondplaces (button) folded before Flop



PokerStars Hand #254243751240:  Hold'em No Limit ($0.50/$1.00 USD) - 2025/01/07 12:54:18 WET [2025/01/07 7:54:18 ET]
Table 'Tea II' 6-max Seat #1 is the button
Seat 5: Royal012023 ($100 in chips) is sitting out
Seat 1: coeeeelho ($102 in chips) 
Seat 2: spapaz22 ($82.58 in chips) 
Seat 3: chinokevin13 ($100 in chips) 
Seat 4: b2k-Snick ($110.98 in chips) 
Seat 6: Diamondplaces ($43.73 in chips) 
spapaz22: posts small blind $0.50
chinokevin13: posts big blind $1
Royal012023: sits out 
*** HOLE CARDS ***
b2k-Snick: folds 
Diamondplaces: calls $1
coeeeelho: raises $4 to $5
spapaz22: raises $10 to $15
chinokevin13: folds 
Diamondplaces: folds 
coeeeelho: folds 
Uncalled bet ($10) returned to spapaz22
spapaz22 collected $12 from pot
*** SUMMARY ***
Total pot $12 | Rake $0 
Seat 5: Royal012023
Seat 1: coeeeelho (button) folded before Flop
Seat 2: spapaz22 (small blind) collected ($12)
Seat 3: chinokevin13 (big blind) folded before Flop
Seat 4: b2k-Snick folded before Flop (didn't bet)
Seat 6: Diamondplaces folded before Flop



PokerStars Hand #254243756126:  Hold'em No Limit ($0.50/$1.00 USD) - 2025/01/07 12:54:49 WET [2025/01/07 7:54:49 ET]
Table 'Tea II' 6-max Seat #2 is the button
Seat 5: Royal012023 ($100 in chips) is sitting out
Seat 1: coeeeelho ($100 in chips) 
Seat 2: spapaz22 ($89.58 in chips) 
Seat 3: chinokevin13 ($100 in chips) 
Seat 4: b2k-Snick ($110.98 in chips) 
Seat 6: Diamondplaces ($42.73 in chips) 
chinokevin13: posts small blind $0.50
b2k-Snick: posts big blind $1
Royal012023: sits out 
*** HOLE CARDS ***
Diamondplaces: folds 
coeeeelho: folds 
spapaz22: raises $1 to $2
chinokevin13: folds 
b2k-Snick: folds 
Uncalled bet ($1) returned to spapaz22
spapaz22 collected $2.50 from pot
*** SUMMARY ***
Total pot $2.50 | Rake $0 
Seat 5: Royal012023
Seat 1: coeeeelho folded before Flop (didn't bet)
Seat 2: spapaz22 (button) collected ($2.50)
Seat 3: chinokevin13 (small blind) folded before Flop
Seat 4: b2k-Snick (big blind) folded before Flop
Seat 6: Diamondplaces folded before Flop (didn't bet)



PokerStars Hand #254243759971:  Hold'em No Limit ($0.50/$1.00 USD) - 2025/01/07 12:55:15 WET [2025/01/07 7:55:15 ET]
Table 'Tea II' 6-max Seat #3 is the button
Seat 1: coeeeelho ($100 in chips) 
Seat 2: spapaz22 ($91.08 in chips) 
Seat 3: chinokevin13 ($100 in chips) 
Seat 4: b2k-Snick ($109.98 in chips) 
Seat 5: Royal012023 ($100 in chips) 
Seat 6: Diamondplaces ($42.73 in chips) 
b2k-Snick: posts small blind $0.50
Royal012023: posts big blind $1
*** HOLE CARDS ***
Diamondplaces: folds 
coeeeelho: raises $1.10 to $2.10
spapaz22: folds 
chinokevin13: raises $4.90 to $7
b2k-Snick: folds 
Royal012023: folds 
coeeeelho: calls $4.90
*** FLOP *** [3s Ac 6s]
coeeeelho: checks 
chinokevin13: bets $4.86
coeeeelho: calls $4.86
*** TURN *** [3s Ac 6s] [Qc]
coeeeelho: checks 
chinokevin13: bets $18
coeeeelho: folds 
Uncalled bet ($18) returned to chinokevin13
Diamondplaces leaves the table
chinokevin13 collected $23.96 from pot
chinokevin13: doesn't show hand 
*** SUMMARY ***
Total pot $25.22 | Rake $1.26 
Board [3s Ac 6s Qc]
Seat 1: coeeeelho folded on the Turn
Seat 2: spapaz22 folded before Flop (didn't bet)
Seat 3: chinokevin13 (button) collected ($23.96)
Seat 4: b2k-Snick (small blind) folded before Flop
Seat 5: Royal012023 (big blind) folded before Flop
Seat 6: Diamondplaces folded before Flop (didn't bet)



PokerStars Hand #254243767931:  Hold'em No Limit ($0.50/$1.00 USD) - 2025/01/07 12:56:18 WET [2025/01/07 7:56:18 ET]
Table 'Tea II' 6-max Seat #4 is the button
Seat 1: coeeeelho ($100 in chips) 
Seat 2: spapaz22 ($91.08 in chips) 
Seat 3: chinokevin13 ($112.10 in chips) 
Seat 4: b2k-Snick ($109.48 in chips) 
Seat 5: Royal012023 ($99 in chips) 
Royal012023: posts small blind $0.50
coeeeelho: posts big blind $1
*** HOLE CARDS ***
spapaz22: folds 
chinokevin13: folds 
b2k-Snick: raises $1.50 to $2.50
Royal012023: folds 
coeeeelho: folds 
Uncalled bet ($1.50) returned to b2k-Snick
b2k-Snick collected $2.50 from pot
b2k-Snick: doesn't show hand 
*** SUMMARY ***
Total pot $2.50 | Rake $0 
Seat 1: coeeeelho (big blind) folded before Flop
Seat 2: spapaz22 folded before Flop (didn't bet)
Seat 3: chinokevin13 folded before Flop (didn't bet)
Seat 4: b2k-Snick (button) collected ($2.50)
Seat 5: Royal012023 (small blind) folded before Flop



PokerStars Hand #254243770488:  Hold'em No Limit ($0.50/$1.00 USD) - 2025/01/07 12:56:38 WET [2025/01/07 7:56:38 ET]
Table 'Tea II' 6-max Seat #5 is the button
Seat 1: coeeeelho ($100 in chips) 
Seat 2: spapaz22 ($91.08 in chips) 
Seat 3: chinokevin13 ($112.10 in chips) 
Seat 4: b2k-Snick ($110.98 in chips) 
Seat 5: Royal012023 ($98.50 in chips) 
coeeeelho: posts small blind $0.50
spapaz22: posts big blind $1
*** HOLE CARDS ***
chinokevin13: folds 
b2k-Snick: folds 
Royal012023: raises $2 to $3
coeeeelho: folds 
spapaz22: folds 
Uncalled bet ($2) returned to Royal012023
Royal012023 collected $2.50 from pot
janarr5 joins the table at seat #6 
*** SUMMARY ***
Total pot $2.50 | Rake $0 
Seat 1: coeeeelho (small blind) folded before Flop
Seat 2: spapaz22 (big blind) folded before Flop
Seat 3: chinokevin13 folded before Flop (didn't bet)
Seat 4: b2k-Snick folded before Flop (didn't bet)
Seat 5: Royal012023 (button) collected ($2.50)



PokerStars Hand #254243773572:  Hold'em No Limit ($0.50/$1.00 USD) - 2025/01/07 12:57:03 WET [2025/01/07 7:57:03 ET]
Table 'Tea II' 6-max Seat #1 is the button
Seat 6: janarr5 ($100 in chips) is sitting out
Seat 1: coeeeelho ($100 in chips) 
Seat 2: spapaz22 ($90.08 in chips) 
Seat 3: chinokevin13 ($112.10 in chips) 
Seat 4: b2k-Snick ($110.98 in chips) 
Seat 5: Royal012023 ($100 in chips) 
spapaz22: posts small blind $0.50
chinokevin13: posts big blind $1
janarr5: sits out 
*** HOLE CARDS ***
b2k-Snick: folds 
Royal012023: folds 
coeeeelho: folds 
spapaz22: raises $2 to $3
chinokevin13: folds 
Uncalled bet ($2) returned to spapaz22
spapaz22 collected $2 from pot
*** SUMMARY ***
Total pot $2 | Rake $0 
Seat 6: janarr5
Seat 1: coeeeelho (button) folded before Flop (didn't bet)
Seat 2: spapaz22 (small blind) collected ($2)
Seat 3: chinokevin13 (big blind) folded before Flop
Seat 4: b2k-Snick folded before Flop (didn't bet)
Seat 5: Royal012023 folded before Flop (didn't bet)



PokerStars Hand #254243777080:  Hold'em No Limit ($0.50/$1.00 USD) - 2025/01/07 12:57:30 WET [2025/01/07 7:57:30 ET]
Table 'Tea II' 6-max Seat #2 is the button
Seat 6: janarr5 ($100 in chips) is sitting out
Seat 1: coeeeelho ($100 in chips) 
Seat 2: spapaz22 ($91.08 in chips) 
Seat 3: chinokevin13 ($111.10 in chips) 
Seat 4: b2k-Snick ($110.98 in chips) 
Seat 5: Royal012023 ($100 in chips) 
chinokevin13: posts small blind $0.50
b2k-Snick: posts big blind $1
janarr5: sits out 
*** HOLE CARDS ***
Royal012023: folds 
coeeeelho: folds 
spapaz22: raises $1 to $2
chinokevin13: folds 
b2k-Snick: calls $1
*** FLOP *** [Tc 7c 2c]
b2k-Snick: checks 
spapaz22: bets $4.28
b2k-Snick: calls $4.28
*** TURN *** [Tc 7c 2c] [Kd]
b2k-Snick: checks 
spapaz22: bets $6.21
b2k-Snick: calls $6.21
*** RIVER *** [Tc 7c 2c Kd] [Td]
b2k-Snick: checks 
spapaz22: checks 
*** SHOW DOWN ***
b2k-Snick: shows [Th Kc] (a full house, Tens full of Kings)
spapaz22: mucks hand 
b2k-Snick collected $24.21 from pot
*** SUMMARY ***
Total pot $25.48 | Rake $1.27 
Board [Tc 7c 2c Kd Td]
Seat 6: janarr5
Seat 1: coeeeelho folded before Flop (didn't bet)
Seat 2: spapaz22 (button) mucked
Seat 3: chinokevin13 (small blind) folded before Flop
Seat 4: b2k-Snick (big blind) showed [Th Kc] and won ($24.21) with a full house, Tens full of Kings
Seat 5: Royal012023 folded before Flop (didn't bet)



PokerStars Hand #254243523100:  Hold'em No Limit ($0.50/$1.00 USD) - 2025/01/07 12:29:07 WET [2025/01/07 7:29:07 ET]
Table 'Tea II' 6-max Seat #4 is the button
Seat 4: b2k-Snick ($102.50 in chips) 
Seat 6: Diamondplaces ($9.90 in chips) 
b2k-Snick: posts small blind $0.50
Diamondplaces: posts big blind $1
*** HOLE CARDS ***
b2k-Snick: raises $2 to $3
Diamondplaces: raises $6.90 to $9.90 and is all-in
b2k-Snick: calls $6.90
*** FLOP *** [Qc Ah Ts]
*** TURN *** [Qc Ah Ts] [9s]
*** RIVER *** [Qc Ah Ts 9s] [6h]
*** SHOW DOWN ***
Diamondplaces: shows [9d 9h] (three of a kind, Nines)
b2k-Snick: shows [Ac Qd] (two pair, Aces and Queens)
Diamondplaces collected $18.81 from pot
*** SUMMARY ***
Total pot $19.80 | Rake $0.99 
Board [Qc Ah Ts 9s 6h]
Seat 4: b2k-Snick (button) (small blind) showed [Ac Qd] and lost with two pair, Aces and Queens
Seat 6: Diamondplaces (big blind) showed [9d 9h] and won ($18.81) with three of a kind, Nines



PokerStars Hand #254243526727:  Hold'em No Limit ($0.50/$1.00 USD) - 2025/01/07 12:29:33 WET [2025/01/07 7:29:33 ET]
Table 'Tea II' 6-max Seat #6 is the button
Seat 4: b2k-Snick ($100 in chips) 
Seat 6: Diamondplaces ($18.81 in chips) 
Diamondplaces: posts small blind $0.50
b2k-Snick: posts big blind $1
*** HOLE CARDS ***
Diamondplaces: folds 
Uncalled bet ($0.50) returned to b2k-Snick
b2k-Snick collected $1 from pot
b2k-Snick: doesn't show hand 
*** SUMMARY ***
Total pot $1 | Rake $0 
Seat 4: b2k-Snick (big blind) collected ($1)
Seat 6: Diamondplaces (button) (small blind) folded before Flop



PokerStars Hand #254243529370:  Hold'em No Limit ($0.50/$1.00 USD) - 2025/01/07 12:29:51 WET [2025/01/07 7:29:51 ET]
Table 'Tea II' 6-max Seat #4 is the button
Seat 4: b2k-Snick ($100.50 in chips) 
Seat 6: Diamondplaces ($18.31 in chips) 
b2k-Snick: posts small blind $0.50
Diamondplaces: posts big blind $1
*** HOLE CARDS ***
b2k-Snick: folds 
Uncalled bet ($0.50) returned to Diamondplaces
Diamondplaces collected $1 from pot
*** SUMMARY ***
Total pot $1 | Rake $0 
Seat 4: b2k-Snick (button) (small blind) folded before Flop
Seat 6: Diamondplaces (big blind) collected ($1)



PokerStars Hand #254243530368:  Hold'em No Limit ($0.50/$1.00 USD) - 2025/01/07 12:29:58 WET [2025/01/07 7:29:58 ET]
Table 'Tea II' 6-max Seat #6 is the button
Seat 4: b2k-Snick ($100 in chips) 
Seat 6: Diamondplaces ($18.81 in chips) 
Diamondplaces: posts small blind $0.50
b2k-Snick: posts big blind $1
*** HOLE CARDS ***
Diamondplaces: folds 
Uncalled bet ($0.50) returned to b2k-Snick
b2k-Snick collected $1 from pot
b2k-Snick: doesn't show hand 
*** SUMMARY ***
Total pot $1 | Rake $0 
Seat 4: b2k-Snick (big blind) collected ($1)
Seat 6: Diamondplaces (button) (small blind) folded before Flop



PokerStars Hand #254243531443:  Hold'em No Limit ($0.50/$1.00 USD) - 2025/01/07 12:30:05 WET [2025/01/07 7:30:05 ET]
Table 'Tea II' 6-max Seat #4 is the button
Seat 4: b2k-Snick ($100.50 in chips) 
Seat 6: Diamondplaces ($18.31 in chips) 
b2k-Snick: posts small blind $0.50
Diamondplaces: posts big blind $1
*** HOLE CARDS ***
b2k-Snick: raises $1.50 to $2.50
Diamondplaces: folds 
Uncalled bet ($1.50) returned to b2k-Snick
b2k-Snick collected $2 from pot
b2k-Snick: doesn't show hand 
*** SUMMARY ***
Total pot $2 | Rake $0 
Seat 4: b2k-Snick (button) (small blind) collected ($2)
Seat 6: Diamondplaces (big blind) folded before Flop



PokerStars Hand #254243532861:  Hold'em No Limit ($0.50/$1.00 USD) - 2025/01/07 12:30:15 WET [2025/01/07 7:30:15 ET]
Table 'Tea II' 6-max Seat #6 is the button
Seat 4: b2k-Snick ($101.50 in chips) 
Seat 6: Diamondplaces ($17.31 in chips) 
Diamondplaces: posts small blind $0.50
b2k-Snick: posts big blind $1
*** HOLE CARDS ***
Diamondplaces: raises $16.31 to $17.31 and is all-in
b2k-Snick: folds 
Uncalled bet ($16.31) returned to Diamondplaces
Diamondplaces collected $2 from pot
*** SUMMARY ***
Total pot $2 | Rake $0 
Seat 4: b2k-Snick (big blind) folded before Flop
Seat 6: Diamondplaces (button) (small blind) collected ($2)



PokerStars Hand #254243534412:  Hold'em No Limit ($0.50/$1.00 USD) - 2025/01/07 12:30:26 WET [2025/01/07 7:30:26 ET]
Table 'Tea II' 6-max Seat #4 is the button
Seat 4: b2k-Snick ($100.50 in chips) 
Seat 6: Diamondplaces ($18.31 in chips) 
b2k-Snick: posts small blind $0.50
Diamondplaces: posts big blind $1
*** HOLE CARDS ***
b2k-Snick: raises $1.50 to $2.50
Diamondplaces: calls $1.50
*** FLOP *** [5c Th 5s]
Diamondplaces: checks 
b2k-Snick: bets $2.09
Diamondplaces: folds 
Uncalled bet ($2.09) returned to b2k-Snick
b2k-Snick collected $4.75 from pot
b2k-Snick: doesn't show hand 
*** SUMMARY ***
Total pot $5 | Rake $0.25 
Board [5c Th 5s]
Seat 4: b2k-Snick (button) (small blind) collected ($4.75)
Seat 6: Diamondplaces (big blind) folded on the Flop



PokerStars Hand #254243537326:  Hold'em No Limit ($0.50/$1.00 USD) - 2025/01/07 12:30:47 WET [2025/01/07 7:30:47 ET]
Table 'Tea II' 6-max Seat #6 is the button
Seat 4: b2k-Snick ($102.75 in chips) 
Seat 6: Diamondplaces ($15.81 in chips) 
Diamondplaces: posts small blind $0.50
b2k-Snick: posts big blind $1
*** HOLE CARDS ***
Diamondplaces: folds 
Uncalled bet ($0.50) returned to b2k-Snick
b2k-Snick collected $1 from pot
b2k-Snick: doesn't show hand 
*** SUMMARY ***
Total pot $1 | Rake $0 
Seat 4: b2k-Snick (big blind) collected ($1)
Seat 6: Diamondplaces (button) (small blind) folded before Flop



PokerStars Hand #254243538348:  Hold'em No Limit ($0.50/$1.00 USD) - 2025/01/07 12:30:54 WET [2025/01/07 7:30:54 ET]
Table 'Tea II' 6-max Seat #4 is the button
Seat 4: b2k-Snick ($103.25 in chips) 
Seat 6: Diamondplaces ($15.31 in chips) 
b2k-Snick: posts small blind $0.50
Diamondplaces: posts big blind $1
*** HOLE CARDS ***
b2k-Snick: raises $1 to $2
Diamondplaces: raises $13.31 to $15.31 and is all-in
b2k-Snick: folds 
Uncalled bet ($13.31) returned to Diamondplaces
Diamondplaces collected $4 from pot
*** SUMMARY ***
Total pot $4 | Rake $0 
Seat 4: b2k-Snick (button) (small blind) folded before Flop
Seat 6: Diamondplaces (big blind) collected ($4)



PokerStars Hand #254243540891:  Hold'em No Limit ($0.50/$1.00 USD) - 2025/01/07 12:31:11 WET [2025/01/07 7:31:11 ET]
Table 'Tea II' 6-max Seat #6 is the button
Seat 4: b2k-Snick ($101.25 in chips) 
Seat 6: Diamondplaces ($17.31 in chips) 
Diamondplaces: posts small blind $0.50
b2k-Snick: posts big blind $1
*** HOLE CARDS ***
Diamondplaces: folds 
Uncalled bet ($0.50) returned to b2k-Snick
b2k-Snick collected $1 from pot
b2k-Snick: doesn't show hand 
*** SUMMARY ***
Total pot $1 | Rake $0 
Seat 4: b2k-Snick (big blind) collected ($1)
Seat 6: Diamondplaces (button) (small blind) folded before Flop



PokerStars Hand #254243541926:  Hold'em No Limit ($0.50/$1.00 USD) - 2025/01/07 12:31:18 WET [2025/01/07 7:31:18 ET]
Table 'Tea II' 6-max Seat #4 is the button
Seat 4: b2k-Snick ($101.75 in chips) 
Seat 6: Diamondplaces ($16.81 in chips) 
b2k-Snick: posts small blind $0.50
Diamondplaces: posts big blind $1
*** HOLE CARDS ***
b2k-Snick: raises $1 to $2
Diamondplaces: calls $1
*** FLOP *** [4s 5s 4d]
Diamondplaces: bets $14.81 and is all-in
b2k-Snick: folds 
Uncalled bet ($14.81) returned to Diamondplaces
Diamondplaces collected $3.80 from pot
*** SUMMARY ***
Total pot $4 | Rake $0.20 
Board [4s 5s 4d]
Seat 4: b2k-Snick (button) (small blind) folded on the Flop
Seat 6: Diamondplaces (big blind) collected ($3.80)



PokerStars Hand #254243546158:  Hold'em No Limit ($0.50/$1.00 USD) - 2025/01/07 12:31:48 WET [2025/01/07 7:31:48 ET]
Table 'Tea II' 6-max Seat #6 is the button
Seat 4: b2k-Snick ($100 in chips) 
Seat 6: Diamondplaces ($18.61 in chips) 
Diamondplaces: posts small blind $0.50
b2k-Snick: posts big blind $1
*** HOLE CARDS ***
Diamondplaces: folds 
Uncalled bet ($0.50) returned to b2k-Snick
b2k-Snick collected $1 from pot
b2k-Snick: doesn't show hand 
*** SUMMARY ***
Total pot $1 | Rake $0 
Seat 4: b2k-Snick (big blind) collected ($1)
Seat 6: Diamondplaces (button) (small blind) folded before Flop



PokerStars Hand #254243547159:  Hold'em No Limit ($0.50/$1.00 USD) - 2025/01/07 12:31:55 WET [2025/01/07 7:31:55 ET]
Table 'Tea II' 6-max Seat #4 is the button
Seat 4: b2k-Snick ($100.50 in chips) 
Seat 6: Diamondplaces ($18.11 in chips) 
b2k-Snick: posts small blind $0.50
Diamondplaces: posts big blind $1
*** HOLE CARDS ***
b2k-Snick: folds 
Uncalled bet ($0.50) returned to Diamondplaces
Diamondplaces collected $1 from pot
*** SUMMARY ***
Total pot $1 | Rake $0 
Seat 4: b2k-Snick (button) (small blind) folded before Flop
Seat 6: Diamondplaces (big blind) collected ($1)



PokerStars Hand #254243548378:  Hold'em No Limit ($0.50/$1.00 USD) - 2025/01/07 12:32:03 WET [2025/01/07 7:32:03 ET]
Table 'Tea II' 6-max Seat #6 is the button
Seat 4: b2k-Snick ($100 in chips) 
Seat 6: Diamondplaces ($18.61 in chips) 
Diamondplaces: posts small blind $0.50
b2k-Snick: posts big blind $1
*** HOLE CARDS ***
Diamondplaces: calls $0.50
b2k-Snick: raises $99 to $100 and is all-in
Diamondplaces: folds 
Uncalled bet ($99) returned to b2k-Snick
b2k-Snick collected $2 from pot
b2k-Snick: doesn't show hand 
*** SUMMARY ***
Total pot $2 | Rake $0 
Seat 4: b2k-Snick (big blind) collected ($2)
Seat 6: Diamondplaces (button) (small blind) folded before Flop



PokerStars Hand #254243550093:  Hold'em No Limit ($0.50/$1.00 USD) - 2025/01/07 12:32:15 WET [2025/01/07 7:32:15 ET]
Table 'Tea II' 6-max Seat #4 is the button
Seat 4: b2k-Snick ($101 in chips) 
Seat 6: Diamondplaces ($17.61 in chips) 
b2k-Snick: posts small blind $0.50
Diamondplaces: posts big blind $1
*** HOLE CARDS ***
b2k-Snick: folds 
Uncalled bet ($0.50) returned to Diamondplaces
Diamondplaces collected $1 from pot
*** SUMMARY ***
Total pot $1 | Rake $0 
Seat 4: b2k-Snick (button) (small blind) folded before Flop
Seat 6: Diamondplaces (big blind) collected ($1)



PokerStars Hand #254243551076:  Hold'em No Limit ($0.50/$1.00 USD) - 2025/01/07 12:32:22 WET [2025/01/07 7:32:22 ET]
Table 'Tea II' 6-max Seat #6 is the button
Seat 4: b2k-Snick ($100.50 in chips) 
Seat 6: Diamondplaces ($18.11 in chips) 
Diamondplaces: posts small blind $0.50
b2k-Snick: posts big blind $1
*** HOLE CARDS ***
Diamondplaces: folds 
Uncalled bet ($0.50) returned to b2k-Snick
b2k-Snick collected $1 from pot
b2k-Snick: doesn't show hand 
*** SUMMARY ***
Total pot $1 | Rake $0 
Seat 4: b2k-Snick (big blind) collected ($1)
Seat 6: Diamondplaces (button) (small blind) folded before Flop



PokerStars Hand #254243552020:  Hold'em No Limit ($0.50/$1.00 USD) - 2025/01/07 12:32:28 WET [2025/01/07 7:32:28 ET]
Table 'Tea II' 6-max Seat #4 is the button
Seat 4: b2k-Snick ($101 in chips) 
Seat 6: Diamondplaces ($17.61 in chips) 
b2k-Snick: posts small blind $0.50
Diamondplaces: posts big blind $1
*** HOLE CARDS ***
b2k-Snick: raises $1 to $2
Diamondplaces: raises $15.61 to $17.61 and is all-in
b2k-Snick: calls $15.61
*** FLOP *** [6s 4c Qd]
*** TURN *** [6s 4c Qd] [4s]
*** RIVER *** [6s 4c Qd 4s] [3c]
*** SHOW DOWN ***
Diamondplaces: shows [7d 7c] (two pair, Sevens and Fours)
b2k-Snick: shows [Ah Qs] (two pair, Queens and Fours)
b2k-Snick collected $34.22 from pot
*** SUMMARY ***
Total pot $35.22 | Rake $1 
Board [6s 4c Qd 4s 3c]
Seat 4: b2k-Snick (button) (small blind) showed [Ah Qs] and won ($34.22) with two pair, Queens and Fours
Seat 6: Diamondplaces (big blind) showed [7d 7c] and lost with two pair, Sevens and Fours



PokerStars Hand #254243565998:  Hold'em No Limit ($0.50/$1.00 USD) - 2025/01/07 12:34:06 WET [2025/01/07 7:34:06 ET]
Table 'Tea II' 6-max Seat #6 is the button
Seat 4: b2k-Snick ($117.61 in chips) 
Seat 6: Diamondplaces ($12.26 in chips) 
Diamondplaces: posts small blind $0.50
b2k-Snick: posts big blind $1
*** HOLE CARDS ***
Diamondplaces: calls $0.50
b2k-Snick: checks 
*** FLOP *** [Qd 4s Jh]
b2k-Snick: checks 
Diamondplaces: bets $11.26 and is all-in
b2k-Snick: folds 
Uncalled bet ($11.26) returned to Diamondplaces
Diamondplaces collected $1.90 from pot
*** SUMMARY ***
Total pot $2 | Rake $0.10 
Board [Qd 4s Jh]
Seat 4: b2k-Snick (big blind) folded on the Flop
Seat 6: Diamondplaces (button) (small blind) collected ($1.90)



PokerStars Hand #254243569370:  Hold'em No Limit ($0.50/$1.00 USD) - 2025/01/07 12:34:30 WET [2025/01/07 7:34:30 ET]
Table 'Tea II' 6-max Seat #4 is the button
Seat 4: b2k-Snick ($116.61 in chips) 
Seat 6: Diamondplaces ($13.16 in chips) 
b2k-Snick: posts small blind $0.50
Diamondplaces: posts big blind $1
*** HOLE CARDS ***
b2k-Snick: folds 
Uncalled bet ($0.50) returned to Diamondplaces
Diamondplaces collected $1 from pot
*** SUMMARY ***
Total pot $1 | Rake $0 
Seat 4: b2k-Snick (button) (small blind) folded before Flop
Seat 6: Diamondplaces (big blind) collected ($1)



PokerStars Hand #254243570337:  Hold'em No Limit ($0.50/$1.00 USD) - 2025/01/07 12:34:36 WET [2025/01/07 7:34:36 ET]
Table 'Tea II' 6-max Seat #6 is the button
Seat 4: b2k-Snick ($116.11 in chips) 
Seat 6: Diamondplaces ($13.66 in chips) 
Diamondplaces: posts small blind $0.50
b2k-Snick: posts big blind $1
*** HOLE CARDS ***
Diamondplaces: folds 
Uncalled bet ($0.50) returned to b2k-Snick
b2k-Snick collected $1 from pot
b2k-Snick: doesn't show hand 
*** SUMMARY ***
Total pot $1 | Rake $0 
Seat 4: b2k-Snick (big blind) collected ($1)
Seat 6: Diamondplaces (button) (small blind) folded before Flop



PokerStars Hand #254243572145:  Hold'em No Limit ($0.50/$1.00 USD) - 2025/01/07 12:34:48 WET [2025/01/07 7:34:48 ET]
Table 'Tea II' 6-max Seat #4 is the button
Seat 4: b2k-Snick ($116.61 in chips) 
Seat 6: Diamondplaces ($13.16 in chips) 
b2k-Snick: posts small blind $0.50
Diamondplaces: posts big blind $1
*** HOLE CARDS ***
b2k-Snick: folds 
Uncalled bet ($0.50) returned to Diamondplaces
Diamondplaces collected $1 from pot
*** SUMMARY ***
Total pot $1 | Rake $0 
Seat 4: b2k-Snick (button) (small blind) folded before Flop
Seat 6: Diamondplaces (big blind) collected ($1)



PokerStars Hand #254243573237:  Hold'em No Limit ($0.50/$1.00 USD) - 2025/01/07 12:34:56 WET [2025/01/07 7:34:56 ET]
Table 'Tea II' 6-max Seat #6 is the button
Seat 4: b2k-Snick ($116.11 in chips) 
Seat 6: Diamondplaces ($13.66 in chips) 
Diamondplaces: posts small blind $0.50
b2k-Snick: posts big blind $1
*** HOLE CARDS ***
Diamondplaces: calls $0.50
b2k-Snick: raises $2 to $3
Diamondplaces: raises $2 to $5
b2k-Snick: raises $111.11 to $116.11 and is all-in
Diamondplaces: calls $8.66 and is all-in
Uncalled bet ($102.45) returned to b2k-Snick
*** FLOP *** [9h 4d 5h]
*** TURN *** [9h 4d 5h] [5s]
*** RIVER *** [9h 4d 5h 5s] [Ac]
*** SHOW DOWN ***
b2k-Snick: shows [Qd Qc] (two pair, Queens and Fives)
Diamondplaces: shows [Kh Kc] (two pair, Kings and Fives)
Diamondplaces collected $26.32 from pot
*** SUMMARY ***
Total pot $27.32 | Rake $1 
Board [9h 4d 5h 5s Ac]
Seat 4: b2k-Snick (big blind) showed [Qd Qc] and lost with two pair, Queens and Fives
Seat 6: Diamondplaces (button) (small blind) showed [Kh Kc] and won ($26.32) with two pair, Kings and Fives



PokerStars Hand #254243577551:  Hold'em No Limit ($0.50/$1.00 USD) - 2025/01/07 12:35:25 WET [2025/01/07 7:35:25 ET]
Table 'Tea II' 6-max Seat #4 is the button
Seat 4: b2k-Snick ($102.45 in chips) 
Seat 6: Diamondplaces ($26.32 in chips) 
b2k-Snick: posts small blind $0.50
Diamondplaces: posts big blind $1
*** HOLE CARDS ***
b2k-Snick: folds 
Uncalled bet ($0.50) returned to Diamondplaces
Diamondplaces collected $1 from pot
*** SUMMARY ***
Total pot $1 | Rake $0 
Seat 4: b2k-Snick (button) (small blind) folded before Flop
Seat 6: Diamondplaces (big blind) collected ($1)



PokerStars Hand #254243578792:  Hold'em No Limit ($0.50/$1.00 USD) - 2025/01/07 12:35:34 WET [2025/01/07 7:35:34 ET]
Table 'Tea II' 6-max Seat #6 is the button
Seat 4: b2k-Snick ($101.95 in chips) 
Seat 6: Diamondplaces ($26.82 in chips) 
Diamondplaces: posts small blind $0.50
b2k-Snick: posts big blind $1
*** HOLE CARDS ***
Diamondplaces: folds 
Uncalled bet ($0.50) returned to b2k-Snick
b2k-Snick collected $1 from pot
b2k-Snick: doesn't show hand 
*** SUMMARY ***
Total pot $1 | Rake $0 
Seat 4: b2k-Snick (big blind) collected ($1)
Seat 6: Diamondplaces (button) (small blind) folded before Flop



PokerStars Hand #254243579858:  Hold'em No Limit ($0.50/$1.00 USD) - 2025/01/07 12:35:41 WET [2025/01/07 7:35:41 ET]
Table 'Tea II' 6-max Seat #4 is the button
Seat 4: b2k-Snick ($102.45 in chips) 
Seat 6: Diamondplaces ($26.32 in chips) 
b2k-Snick: posts small blind $0.50
Diamondplaces: posts big blind $1
*** HOLE CARDS ***
b2k-Snick: folds 
Uncalled bet ($0.50) returned to Diamondplaces
Diamondplaces collected $1 from pot
*** SUMMARY ***
Total pot $1 | Rake $0 
Seat 4: b2k-Snick (button) (small blind) folded before Flop
Seat 6: Diamondplaces (big blind) collected ($1)



PokerStars Hand #254243581579:  Hold'em No Limit ($0.50/$1.00 USD) - 2025/01/07 12:35:53 WET [2025/01/07 7:35:53 ET]
Table 'Tea II' 6-max Seat #6 is the button
Seat 4: b2k-Snick ($101.95 in chips) 
Seat 6: Diamondplaces ($26.82 in chips) 
Diamondplaces: posts small blind $0.50
b2k-Snick: posts big blind $1
*** HOLE CARDS ***
Diamondplaces: folds 
Uncalled bet ($0.50) returned to b2k-Snick
b2k-Snick collected $1 from pot
b2k-Snick: doesn't show hand 
*** SUMMARY ***
Total pot $1 | Rake $0 
Seat 4: b2k-Snick (big blind) collected ($1)
Seat 6: Diamondplaces (button) (small blind) folded before Flop



PokerStars Hand #254243582663:  Hold'em No Limit ($0.50/$1.00 USD) - 2025/01/07 12:36:00 WET [2025/01/07 7:36:00 ET]
Table 'Tea II' 6-max Seat #4 is the button
Seat 4: b2k-Snick ($102.45 in chips) 
Seat 6: Diamondplaces ($26.32 in chips) 
b2k-Snick: posts small blind $0.50
Diamondplaces: posts big blind $1
*** HOLE CARDS ***
b2k-Snick: folds 
Uncalled bet ($0.50) returned to Diamondplaces
Diamondplaces collected $1 from pot
*** SUMMARY ***
Total pot $1 | Rake $0 
Seat 4: b2k-Snick (button) (small blind) folded before Flop
Seat 6: Diamondplaces (big blind) collected ($1)



PokerStars Hand #254243583688:  Hold'em No Limit ($0.50/$1.00 USD) - 2025/01/07 12:36:07 WET [2025/01/07 7:36:07 ET]
Table 'Tea II' 6-max Seat #6 is the button
Seat 4: b2k-Snick ($101.95 in chips) 
Seat 6: Diamondplaces ($26.82 in chips) 
Diamondplaces: posts small blind $0.50
b2k-Snick: posts big blind $1
*** HOLE CARDS ***
Diamondplaces: folds 
Uncalled bet ($0.50) returned to b2k-Snick
b2k-Snick collected $1 from pot
b2k-Snick: doesn't show hand 
*** SUMMARY ***
Total pot $1 | Rake $0 
Seat 4: b2k-Snick (big blind) collected ($1)
Seat 6: Diamondplaces (button) (small blind) folded before Flop



PokerStars Hand #254243584766:  Hold'em No Limit ($0.50/$1.00 USD) - 2025/01/07 12:36:14 WET [2025/01/07 7:36:14 ET]
Table 'Tea II' 6-max Seat #4 is the button
Seat 4: b2k-Snick ($102.45 in chips) 
Seat 6: Diamondplaces ($26.32 in chips) 
b2k-Snick: posts small blind $0.50
Diamondplaces: posts big blind $1
*** HOLE CARDS ***
b2k-Snick: raises $1.50 to $2.50
Diamondplaces: calls $1.50
*** FLOP *** [Kh Kd Qs]
Diamondplaces: bets $1
b2k-Snick: calls $1
*** TURN *** [Kh Kd Qs] [6h]
MCFC4INAROW joins the table at seat #5 
MCFC4INAROW is disconnected 
Diamondplaces: bets $1
b2k-Snick: calls $1
*** RIVER *** [Kh Kd Qs 6h] [9c]
Diamondplaces: bets $1
b2k-Snick: raises $4.64 to $5.64
Diamondplaces: calls $4.64
*** SHOW DOWN ***
b2k-Snick: shows [8d Ks] (three of a kind, Kings)
Diamondplaces: mucks hand 
b2k-Snick collected $19.28 from pot
*** SUMMARY ***
Total pot $20.28 | Rake $1 
Board [Kh Kd Qs 6h 9c]
Seat 4: b2k-Snick (button) (small blind) showed [8d Ks] and won ($19.28) with three of a kind, Kings
Seat 6: Diamondplaces (big blind) mucked



PokerStars Hand #254243590595:  Hold'em No Limit ($0.50/$1.00 USD) - 2025/01/07 12:36:54 WET [2025/01/07 7:36:54 ET]
Table 'Tea II' 6-max Seat #6 is the button
Seat 4: b2k-Snick ($111.59 in chips) 
Seat 5: MCFC4INAROW ($10.94 in chips) 
Seat 6: Diamondplaces ($16.18 in chips) 
b2k-Snick: posts small blind $0.50
MCFC4INAROW: posts big blind $1
*** HOLE CARDS ***
Diamondplaces: raises $15.18 to $16.18 and is all-in
b2k-Snick: folds 
MCFC4INAROW: folds 
Uncalled bet ($15.18) returned to Diamondplaces
Diamondplaces collected $2.50 from pot
*** SUMMARY ***
Total pot $2.50 | Rake $0 
Seat 4: b2k-Snick (small blind) folded before Flop
Seat 5: MCFC4INAROW (big blind) folded before Flop
Seat 6: Diamondplaces (button) collected ($2.50)



PokerStars Hand #254243592523:  Hold'em No Limit ($0.50/$1.00 USD) - 2025/01/07 12:37:07 WET [2025/01/07 7:37:07 ET]
Table 'Tea II' 6-max Seat #4 is the button
Seat 4: b2k-Snick ($111.09 in chips) 
Seat 5: MCFC4INAROW ($9.94 in chips) 
Seat 6: Diamondplaces ($17.68 in chips) 
MCFC4INAROW: posts small blind $0.50
Diamondplaces: posts big blind $1
*** HOLE CARDS ***
b2k-Snick: folds 
MCFC4INAROW: raises $8.94 to $9.94 and is all-in
Diamondplaces: calls $8.94
*** FLOP *** [2s 6s 4d]
*** TURN *** [2s 6s 4d] [6h]
*** RIVER *** [2s 6s 4d 6h] [6d]
*** SHOW DOWN ***
MCFC4INAROW: shows [As 2d] (a full house, Sixes full of Deuces)
Diamondplaces: shows [Kc Qh] (three of a kind, Sixes)
MCFC4INAROW collected $18.89 from pot
*** SUMMARY ***
Total pot $19.88 | Rake $0.99 
Board [2s 6s 4d 6h 6d]
Seat 4: b2k-Snick (button) folded before Flop (didn't bet)
Seat 5: MCFC4INAROW (small blind) showed [As 2d] and won ($18.89) with a full house, Sixes full of Deuces
Seat 6: Diamondplaces (big blind) showed [Kc Qh] and lost with three of a kind, Sixes



PokerStars Hand #254243595886:  Hold'em No Limit ($0.50/$1.00 USD) - 2025/01/07 12:37:30 WET [2025/01/07 7:37:30 ET]
Table 'Tea II' 6-max Seat #5 is the button
Seat 4: b2k-Snick ($111.09 in chips) 
Seat 5: MCFC4INAROW ($18.89 in chips) 
Seat 6: Diamondplaces ($7.74 in chips) 
Diamondplaces: posts small blind $0.50
b2k-Snick: posts big blind $1
*** HOLE CARDS ***
MCFC4INAROW: folds 
Diamondplaces: folds 
Uncalled bet ($0.50) returned to b2k-Snick
b2k-Snick collected $1 from pot
b2k-Snick: doesn't show hand 
*** SUMMARY ***
Total pot $1 | Rake $0 
Seat 4: b2k-Snick (big blind) collected ($1)
Seat 5: MCFC4INAROW (button) folded before Flop (didn't bet)
Seat 6: Diamondplaces (small blind) folded before Flop



PokerStars Hand #254243597231:  Hold'em No Limit ($0.50/$1.00 USD) - 2025/01/07 12:37:39 WET [2025/01/07 7:37:39 ET]
Table 'Tea II' 6-max Seat #6 is the button
Seat 4: b2k-Snick ($111.59 in chips) 
Seat 5: MCFC4INAROW ($18.89 in chips) 
Seat 6: Diamondplaces ($7.24 in chips) 
b2k-Snick: posts small blind $0.50
MCFC4INAROW: posts big blind $1
*** HOLE CARDS ***
Diamondplaces: raises $6.24 to $7.24 and is all-in
b2k-Snick: folds 
MCFC4INAROW: folds 
Uncalled bet ($6.24) returned to Diamondplaces
Diamondplaces collected $2.50 from pot
*** SUMMARY ***
Total pot $2.50 | Rake $0 
Seat 4: b2k-Snick (small blind) folded before Flop
Seat 5: MCFC4INAROW (big blind) folded before Flop
Seat 6: Diamondplaces (button) collected ($2.50)



PokerStars Hand #254243599048:  Hold'em No Limit ($0.50/$1.00 USD) - 2025/01/07 12:37:51 WET [2025/01/07 7:37:51 ET]
Table 'Tea II' 6-max Seat #4 is the button
Seat 4: b2k-Snick ($111.09 in chips) 
Seat 5: MCFC4INAROW ($17.89 in chips) 
Seat 6: Diamondplaces ($8.74 in chips) 
MCFC4INAROW: posts small blind $0.50
Diamondplaces: posts big blind $1
*** HOLE CARDS ***
b2k-Snick: raises $1.50 to $2.50
MCFC4INAROW: folds 
Diamondplaces: folds 
Uncalled bet ($1.50) returned to b2k-Snick
b2k-Snick collected $2.50 from pot
b2k-Snick: doesn't show hand 
*** SUMMARY ***
Total pot $2.50 | Rake $0 
Seat 4: b2k-Snick (button) collected ($2.50)
Seat 5: MCFC4INAROW (small blind) folded before Flop
Seat 6: Diamondplaces (big blind) folded before Flop



PokerStars Hand #254243600524:  Hold'em No Limit ($0.50/$1.00 USD) - 2025/01/07 12:38:01 WET [2025/01/07 7:38:01 ET]
Table 'Tea II' 6-max Seat #5 is the button
Seat 4: b2k-Snick ($112.59 in chips) 
Seat 5: MCFC4INAROW ($17.39 in chips) 
Seat 6: Diamondplaces ($7.74 in chips) 
Diamondplaces: posts small blind $0.50
b2k-Snick: posts big blind $1
*** HOLE CARDS ***
MCFC4INAROW: raises $16.39 to $17.39 and is all-in
Diamondplaces: folds 
b2k-Snick: folds 
Uncalled bet ($16.39) returned to MCFC4INAROW
MCFC4INAROW collected $2.50 from pot
*** SUMMARY ***
Total pot $2.50 | Rake $0 
Seat 4: b2k-Snick (big blind) folded before Flop
Seat 5: MCFC4INAROW (button) collected ($2.50)
Seat 6: Diamondplaces (small blind) folded before Flop



PokerStars Hand #254243786590:  Hold'em No Limit ($0.50/$1.00 USD) - 2025/01/07 12:58:45 WET [2025/01/07 7:58:45 ET]
Table 'Tea II' 6-max Seat #3 is the button
Seat 6: janarr5 ($100 in chips) is sitting out
Seat 1: coeeeelho ($100 in chips) 
Seat 2: spapaz22 ($78.59 in chips) 
Seat 3: chinokevin13 ($110.60 in chips) 
Seat 4: b2k-Snick ($122.70 in chips) 
Seat 5: Royal012023 ($100 in chips) 
b2k-Snick: posts small blind $0.50
Royal012023: posts big blind $1
janarr5: sits out 
*** HOLE CARDS ***
coeeeelho: folds 
spapaz22: raises $1 to $2
chinokevin13: raises $7 to $9
b2k-Snick: folds 
Royal012023: folds 
spapaz22: calls $7
*** FLOP *** [9d 7d 5c]
spapaz22: checks 
chinokevin13: bets $13.88
spapaz22: folds 
Uncalled bet ($13.88) returned to chinokevin13
chinokevin13 collected $18.52 from pot
chinokevin13: doesn't show hand 
*** SUMMARY ***
Total pot $19.50 | Rake $0.98 
Board [9d 7d 5c]
Seat 6: janarr5
Seat 1: coeeeelho folded before Flop (didn't bet)
Seat 2: spapaz22 folded on the Flop
Seat 3: chinokevin13 (button) collected ($18.52)
Seat 4: b2k-Snick (small blind) folded before Flop
Seat 5: Royal012023 (big blind) folded before Flop



PokerStars Hand #254243792194:  Hold'em No Limit ($0.50/$1.00 USD) - 2025/01/07 12:59:29 WET [2025/01/07 7:59:29 ET]
Table 'Tea II' 6-max Seat #4 is the button
Seat 1: coeeeelho ($100 in chips) 
Seat 2: spapaz22 ($69.59 in chips) 
Seat 3: chinokevin13 ($120.12 in chips) 
Seat 4: b2k-Snick ($122.20 in chips) 
Seat 5: Royal012023 ($99 in chips) 
Seat 6: janarr5 ($100 in chips) 
Royal012023: posts small blind $0.50
janarr5: posts big blind $1
*** HOLE CARDS ***
coeeeelho: folds 
spapaz22: raises $1 to $2
chinokevin13: folds 
b2k-Snick: folds 
Royal012023: calls $1.50
janarr5: folds 
*** FLOP *** [2s 5h Qs]
Royal012023: checks 
spapaz22: checks 
*** TURN *** [2s 5h Qs] [2h]
Royal012023: checks 
spapaz22: checks 
*** RIVER *** [2s 5h Qs 2h] [Kd]
Royal012023: checks 
spapaz22: bets $4.75
Royal012023: folds 
Uncalled bet ($4.75) returned to spapaz22
spapaz22 collected $4.75 from pot
*** SUMMARY ***
Total pot $5 | Rake $0.25 
Board [2s 5h Qs 2h Kd]
Seat 1: coeeeelho folded before Flop (didn't bet)
Seat 2: spapaz22 collected ($4.75)
Seat 3: chinokevin13 folded before Flop (didn't bet)
Seat 4: b2k-Snick (button) folded before Flop (didn't bet)
Seat 5: Royal012023 (small blind) folded on the River
Seat 6: janarr5 (big blind) folded before Flop



PokerStars Hand #254243797225:  Hold'em No Limit ($0.50/$1.00 USD) - 2025/01/07 13:00:08 WET [2025/01/07 8:00:08 ET]
Table 'Tea II' 6-max Seat #5 is the button
Seat 1: coeeeelho ($100 in chips) 
Seat 2: spapaz22 ($72.34 in chips) 
Seat 3: chinokevin13 ($120.12 in chips) 
Seat 4: b2k-Snick ($122.20 in chips) 
Seat 5: Royal012023 ($97 in chips) 
Seat 6: janarr5 ($100 in chips) 
janarr5: posts small blind $0.50
coeeeelho: posts big blind $1
*** HOLE CARDS ***
spapaz22: raises $1 to $2
chinokevin13: raises $5 to $7
b2k-Snick: folds 
Royal012023: calls $7
janarr5: folds 
coeeeelho: folds 
spapaz22: folds 
*** FLOP *** [8h Th 2c]
chinokevin13: checks 
Royal012023: bets $12.31
chinokevin13: calls $12.31
*** TURN *** [8h Th 2c] [5c]
chinokevin13: checks 
Royal012023: bets $27.01
chinokevin13: calls $27.01
*** RIVER *** [8h Th 2c 5c] [Qs]
chinokevin13: checks 
Royal012023: bets $50.68 and is all-in
chinokevin13: calls $50.68
*** SHOW DOWN ***
Royal012023: shows [Qh Ac] (a pair of Queens)
chinokevin13: shows [Td Jd] (a pair of Tens)
Royal012023 collected $195 from pot
*** SUMMARY ***
Total pot $197.50 | Rake $2.50 
Board [8h Th 2c 5c Qs]
Seat 1: coeeeelho (big blind) folded before Flop
Seat 2: spapaz22 folded before Flop
Seat 3: chinokevin13 showed [Td Jd] and lost with a pair of Tens
Seat 4: b2k-Snick folded before Flop (didn't bet)
Seat 5: Royal012023 (button) showed [Qh Ac] and won ($195) with a pair of Queens
Seat 6: janarr5 (small blind) folded before Flop



PokerStars Hand #254243816943:  Hold'em No Limit ($0.50/$1.00 USD) - 2025/01/07 13:02:20 WET [2025/01/07 8:02:20 ET]
Table 'Tea II' 6-max Seat #1 is the button
Seat 6: janarr5 ($100 in chips) is sitting out
Seat 1: coeeeelho ($100 in chips) 
Seat 2: spapaz22 ($70.34 in chips) 
Seat 3: chinokevin13 ($100 in chips) 
Seat 4: b2k-Snick ($122.20 in chips) 
Seat 5: Royal012023 ($195 in chips) 
spapaz22: posts small blind $0.50
chinokevin13: posts big blind $1
*** HOLE CARDS ***
b2k-Snick: folds 
Royal012023: raises $1 to $2
coeeeelho: folds 
spapaz22: folds 
chinokevin13: calls $1
*** FLOP *** [7c Jh Kh]
b2k-Snick leaves the table
chinokevin13: checks 
xcinaz joins the table at seat #4 
Royal012023: bets $1
chinokevin13: calls $1
*** TURN *** [7c Jh Kh] [Jc]
chinokevin13: checks 
Royal012023: checks 
*** RIVER *** [7c Jh Kh Jc] [3h]
chinokevin13: bets $2.04
Royal012023: calls $2.04
*** SHOW DOWN ***
chinokevin13: shows [Qs 8s] (a pair of Jacks)
Royal012023: shows [Ah Th] (a flush, Ace high)
Royal012023 collected $10.05 from pot
*** SUMMARY ***
Total pot $10.58 | Rake $0.53 
Board [7c Jh Kh Jc 3h]
Seat 6: janarr5
Seat 1: coeeeelho (button) folded before Flop (didn't bet)
Seat 2: spapaz22 (small blind) folded before Flop
Seat 3: chinokevin13 (big blind) showed [Qs 8s] and lost with a pair of Jacks
Seat 4: b2k-Snick folded before Flop (didn't bet)
Seat 5: Royal012023 showed [Ah Th] and won ($10.05) with a flush, Ace high



PokerStars Hand #254243829305:  Hold'em No Limit ($0.50/$1.00 USD) - 2025/01/07 13:03:38 WET [2025/01/07 8:03:38 ET]
Table 'Tea II' 6-max Seat #2 is the button
Seat 6: janarr5 ($100 in chips) is sitting out
Seat 1: coeeeelho ($100 in chips) 
Seat 2: spapaz22 ($69.84 in chips) 
Seat 3: chinokevin13 ($100 in chips) 
Seat 4: xcinaz ($100 in chips) 
Seat 5: Royal012023 ($200.01 in chips) 
chinokevin13: posts small blind $0.50
xcinaz: posts big blind $1
*** HOLE CARDS ***
Royal012023: folds 
coeeeelho: raises $1.20 to $2.20
spapaz22: calls $2.20
chinokevin13: folds 
xcinaz: folds 
*** FLOP *** [2d Ad As]
coeeeelho: checks 
spapaz22: checks 
*** TURN *** [2d Ad As] [Tc]
coeeeelho: bets $10
spapaz22: folds 
Uncalled bet ($10) returned to coeeeelho
coeeeelho collected $5.60 from pot
coeeeelho: doesn't show hand 
*** SUMMARY ***
Total pot $5.90 | Rake $0.30 
Board [2d Ad As Tc]
Seat 6: janarr5
Seat 1: coeeeelho collected ($5.60)
Seat 2: spapaz22 (button) folded on the Turn
Seat 3: chinokevin13 (small blind) folded before Flop
Seat 4: xcinaz (big blind) folded before Flop
Seat 5: Royal012023 folded before Flop (didn't bet)



PokerStars Hand #254243835393:  Hold'em No Limit ($0.50/$1.00 USD) - 2025/01/07 13:04:16 WET [2025/01/07 8:04:16 ET]
Table 'Tea II' 6-max Seat #3 is the button
Seat 6: janarr5 ($100 in chips) is sitting out
Seat 1: coeeeelho ($103.40 in chips) 
Seat 2: spapaz22 ($67.64 in chips) 
Seat 3: chinokevin13 ($100 in chips) 
Seat 4: xcinaz ($100 in chips) 
Seat 5: Royal012023 ($200.01 in chips) 
xcinaz: posts small blind $0.50
Royal012023: posts big blind $1
*** HOLE CARDS ***
coeeeelho: folds 
spapaz22: raises $1 to $2
chinokevin13: folds 
xcinaz: folds 
Royal012023: folds 
Uncalled bet ($1) returned to spapaz22
spapaz22 collected $2.50 from pot
*** SUMMARY ***
Total pot $2.50 | Rake $0 
Seat 6: janarr5
Seat 1: coeeeelho folded before Flop (didn't bet)
Seat 2: spapaz22 collected ($2.50)
Seat 3: chinokevin13 (button) folded before Flop (didn't bet)
Seat 4: xcinaz (small blind) folded before Flop
Seat 5: Royal012023 (big blind) folded before Flop



PokerStars Hand #254243837600:  Hold'em No Limit ($0.50/$1.00 USD) - 2025/01/07 13:04:30 WET [2025/01/07 8:04:30 ET]
Table 'Tea II' 6-max Seat #4 is the button
Seat 6: janarr5 ($100 in chips) is sitting out
Seat 1: coeeeelho ($103.40 in chips) 
Seat 2: spapaz22 ($69.14 in chips) 
Seat 3: chinokevin13 ($100 in chips) 
Seat 4: xcinaz ($100 in chips) 
Seat 5: Royal012023 ($199.01 in chips) 
Royal012023: posts small blind $0.50
coeeeelho: posts big blind $1
*** HOLE CARDS ***
spapaz22: raises $1 to $2
chinokevin13: folds 
xcinaz: folds 
Royal012023: folds 
coeeeelho: folds 
Uncalled bet ($1) returned to spapaz22
spapaz22 collected $2.50 from pot
*** SUMMARY ***
Total pot $2.50 | Rake $0 
Seat 6: janarr5
Seat 1: coeeeelho (big blind) folded before Flop
Seat 2: spapaz22 collected ($2.50)
Seat 3: chinokevin13 folded before Flop (didn't bet)
Seat 4: xcinaz (button) folded before Flop (didn't bet)
Seat 5: Royal012023 (small blind) folded before Flop



PokerStars Hand #254243839550:  Hold'em No Limit ($0.50/$1.00 USD) - 2025/01/07 13:04:42 WET [2025/01/07 8:04:42 ET]
Table 'Tea II' 6-max Seat #5 is the button
Seat 6: janarr5 ($100 in chips) is sitting out
Seat 1: coeeeelho ($102.40 in chips) 
Seat 2: spapaz22 ($70.64 in chips) 
Seat 3: chinokevin13 ($100 in chips) 
Seat 4: xcinaz ($100 in chips) 
Seat 5: Royal012023 ($198.51 in chips) 
coeeeelho: posts small blind $0.50
spapaz22: posts big blind $1
*** HOLE CARDS ***
chinokevin13: raises $1.20 to $2.20
xcinaz: raises $5.80 to $8
Royal012023: folds 
coeeeelho: folds 
spapaz22: raises $17 to $25
chinokevin13: folds 
xcinaz: folds 
Uncalled bet ($17) returned to spapaz22
spapaz22 collected $18.70 from pot
*** SUMMARY ***
Total pot $18.70 | Rake $0 
Seat 6: janarr5
Seat 1: coeeeelho (small blind) folded before Flop
Seat 2: spapaz22 (big blind) collected ($18.70)
Seat 3: chinokevin13 folded before Flop
Seat 4: xcinaz folded before Flop
Seat 5: Royal012023 (button) folded before Flop (didn't bet)



PokerStars Hand #254243846330:  Hold'em No Limit ($0.50/$1.00 USD) - 2025/01/07 13:05:24 WET [2025/01/07 8:05:24 ET]
Table 'Tea II' 6-max Seat #1 is the button
Seat 6: janarr5 ($100 in chips) is sitting out
Seat 1: coeeeelho ($101.90 in chips) 
Seat 2: spapaz22 ($81.34 in chips) 
Seat 3: chinokevin13 ($100 in chips) 
Seat 4: xcinaz ($100 in chips) 
Seat 5: Royal012023 ($198.51 in chips) 
spapaz22: posts small blind $0.50
chinokevin13: posts big blind $1
*** HOLE CARDS ***
xcinaz: folds 
Royal012023: folds 
coeeeelho: folds 
spapaz22: calls $0.50
chinokevin13: checks 
*** FLOP *** [Ah 6s 9c]
spapaz22: checks 
chinokevin13: checks 
*** TURN *** [Ah 6s 9c] [Ks]
spapaz22: checks 
chinokevin13: checks 
*** RIVER *** [Ah 6s 9c Ks] [2h]
spapaz22: checks 
chinokevin13: checks 
*** SHOW DOWN ***
spapaz22: shows [9s Qh] (a pair of Nines)
chinokevin13: mucks hand 
spapaz22 collected $1.90 from pot
*** SUMMARY ***
Total pot $2 | Rake $0.10 
Board [Ah 6s 9c Ks 2h]
Seat 6: janarr5
Seat 1: coeeeelho (button) folded before Flop (didn't bet)
Seat 2: spapaz22 (small blind) showed [9s Qh] and won ($1.90) with a pair of Nines
Seat 3: chinokevin13 (big blind) mucked
Seat 4: xcinaz folded before Flop (didn't bet)
Seat 5: Royal012023 folded before Flop (didn't bet)



PokerStars Hand #254243856202:  Hold'em No Limit ($0.50/$1.00 USD) - 2025/01/07 13:06:26 WET [2025/01/07 8:06:26 ET]
Table 'Tea II' 6-max Seat #2 is the button
Seat 6: janarr5 ($100 in chips) is sitting out
Seat 1: coeeeelho ($101.90 in chips) 
Seat 2: spapaz22 ($82.24 in chips) 
Seat 3: chinokevin13 ($100 in chips) 
Seat 4: xcinaz ($100 in chips) 
Seat 5: Royal012023 ($198.51 in chips) 
chinokevin13: posts small blind $0.50
xcinaz: posts big blind $1
janarr5: sits out 
*** HOLE CARDS ***
Royal012023: folds 
coeeeelho: raises $1.20 to $2.20
spapaz22: folds 
chinokevin13: folds 
xcinaz: folds 
Uncalled bet ($1.20) returned to coeeeelho
coeeeelho collected $2.50 from pot
coeeeelho: doesn't show hand 
*** SUMMARY ***
Total pot $2.50 | Rake $0 
Seat 6: janarr5
Seat 1: coeeeelho collected ($2.50)
Seat 2: spapaz22 (button) folded before Flop (didn't bet)
Seat 3: chinokevin13 (small blind) folded before Flop
Seat 4: xcinaz (big blind) folded before Flop
Seat 5: Royal012023 folded before Flop (didn't bet)



PokerStars Hand #254243859918:  Hold'em No Limit ($0.50/$1.00 USD) - 2025/01/07 13:06:49 WET [2025/01/07 8:06:49 ET]
Table 'Tea II' 6-max Seat #3 is the button
Seat 6: janarr5 ($100 in chips) is sitting out
Seat 1: coeeeelho ($103.40 in chips) 
Seat 2: spapaz22 ($82.24 in chips) 
Seat 3: chinokevin13 ($100 in chips) 
Seat 4: xcinaz ($100 in chips) 
Seat 5: Royal012023 ($198.51 in chips) 
xcinaz: posts small blind $0.50
Royal012023: posts big blind $1
janarr5: sits out 
*** HOLE CARDS ***
coeeeelho: raises $1.20 to $2.20
spapaz22: folds 
chinokevin13: folds 
xcinaz: folds 
Royal012023: folds 
Uncalled bet ($1.20) returned to coeeeelho
coeeeelho collected $2.50 from pot
coeeeelho: doesn't show hand 
*** SUMMARY ***
Total pot $2.50 | Rake $0 
Seat 6: janarr5
Seat 1: coeeeelho collected ($2.50)
Seat 2: spapaz22 folded before Flop (didn't bet)
Seat 3: chinokevin13 (button) folded before Flop (didn't bet)
Seat 4: xcinaz (small blind) folded before Flop
Seat 5: Royal012023 (big blind) folded before Flop



PokerStars Hand #254243861869:  Hold'em No Limit ($0.50/$1.00 USD) - 2025/01/07 13:07:01 WET [2025/01/07 8:07:01 ET]
Table 'Tea II' 6-max Seat #4 is the button
Seat 1: coeeeelho ($104.90 in chips) 
Seat 2: spapaz22 ($82.24 in chips) 
Seat 3: chinokevin13 ($100 in chips) 
Seat 4: xcinaz ($100 in chips) 
Seat 5: Royal012023 ($197.51 in chips) 
Seat 6: janarr5 ($100 in chips) 
Royal012023: posts small blind $0.50
janarr5: posts big blind $1
*** HOLE CARDS ***
coeeeelho: folds 
spapaz22: folds 
chinokevin13: folds 
xcinaz: folds 
Royal012023: folds 
Uncalled bet ($0.50) returned to janarr5
janarr5 collected $1 from pot
janarr5: doesn't show hand 
*** SUMMARY ***
Total pot $1 | Rake $0 
Seat 1: coeeeelho folded before Flop (didn't bet)
Seat 2: spapaz22 folded before Flop (didn't bet)
Seat 3: chinokevin13 folded before Flop (didn't bet)
Seat 4: xcinaz (button) folded before Flop (didn't bet)
Seat 5: Royal012023 (small blind) folded before Flop
Seat 6: janarr5 (big blind) collected ($1)



PokerStars Hand #254243863197:  Hold'em No Limit ($0.50/$1.00 USD) - 2025/01/07 13:07:10 WET [2025/01/07 8:07:10 ET]
Table 'Tea II' 6-max Seat #5 is the button
Seat 1: coeeeelho ($104.90 in chips) 
Seat 2: spapaz22 ($82.24 in chips) 
Seat 3: chinokevin13 ($100 in chips) 
Seat 4: xcinaz ($100 in chips) 
Seat 5: Royal012023 ($197.01 in chips) 
Seat 6: janarr5 ($100.50 in chips) 
janarr5: posts small blind $0.50
coeeeelho: posts big blind $1
*** HOLE CARDS ***
spapaz22: raises $1 to $2
chinokevin13: folds 
xcinaz: folds 
Royal012023: folds 
janarr5: folds 
coeeeelho: raises $8 to $10
spapaz22: calls $8
*** FLOP *** [Th 9h Ks]
coeeeelho: bets $4.87
spapaz22: folds 
Uncalled bet ($4.87) returned to coeeeelho
coeeeelho collected $19.48 from pot
coeeeelho: doesn't show hand 
*** SUMMARY ***
Total pot $20.50 | Rake $1.02 
Board [Th 9h Ks]
Seat 1: coeeeelho (big blind) collected ($19.48)
Seat 2: spapaz22 folded on the Flop
Seat 3: chinokevin13 folded before Flop (didn't bet)
Seat 4: xcinaz folded before Flop (didn't bet)
Seat 5: Royal012023 (button) folded before Flop (didn't bet)
Seat 6: janarr5 (small blind) folded before Flop



PokerStars Hand #254243869945:  Hold'em No Limit ($0.50/$1.00 USD) - 2025/01/07 13:07:52 WET [2025/01/07 8:07:52 ET]
Table 'Tea II' 6-max Seat #6 is the button
Seat 1: coeeeelho ($114.38 in chips) 
Seat 2: spapaz22 ($72.24 in chips) 
Seat 3: chinokevin13 ($100 in chips) 
Seat 4: xcinaz ($100 in chips) 
Seat 5: Royal012023 ($197.01 in chips) 
Seat 6: janarr5 ($100 in chips) 
coeeeelho: posts small blind $0.50
spapaz22: posts big blind $1
*** HOLE CARDS ***
chinokevin13: folds 
xcinaz: raises $1 to $2
Royal012023: calls $2
janarr5: folds 
coeeeelho: folds 
spapaz22: calls $1
*** FLOP *** [9h 7c Jc]
spapaz22: checks 
xcinaz: checks 
Royal012023: bets $3.09
spapaz22: folds 
xcinaz: calls $3.09
*** TURN *** [9h 7c Jc] [Qh]
xcinaz is connected 
xcinaz: checks 
Royal012023: bets $5.03
xcinaz: calls $5.03
*** RIVER *** [9h 7c Jc Qh] [Ks]
xcinaz: checks 
Royal012023: checks 
*** SHOW DOWN ***
xcinaz: shows [Qc 9c] (two pair, Queens and Nines)
Royal012023: shows [8d Td] (a straight, Nine to King)
Royal012023 collected $21.60 from pot
*** SUMMARY ***
Total pot $22.74 | Rake $1.14 
Board [9h 7c Jc Qh Ks]
Seat 1: coeeeelho (small blind) folded before Flop
Seat 2: spapaz22 (big blind) folded on the Flop
Seat 3: chinokevin13 folded before Flop (didn't bet)
Seat 4: xcinaz showed [Qc 9c] and lost with two pair, Queens and Nines
Seat 5: Royal012023 showed [8d Td] and won ($21.60) with a straight, Nine to King
Seat 6: janarr5 (button) folded before Flop (didn't bet)



PokerStars Hand #254243885417:  Hold'em No Limit ($0.50/$1.00 USD) - 2025/01/07 13:09:29 WET [2025/01/07 8:09:29 ET]
Table 'Tea II' 6-max Seat #1 is the button
Seat 1: coeeeelho ($113.88 in chips) 
Seat 2: spapaz22 ($70.24 in chips) 
Seat 3: chinokevin13 ($100 in chips) 
Seat 4: xcinaz ($89.88 in chips) 
Seat 5: Royal012023 ($208.49 in chips) 
Seat 6: janarr5 ($100 in chips) 
spapaz22: posts small blind $0.50
chinokevin13: posts big blind $1
*** HOLE CARDS ***
xcinaz: folds 
Royal012023: raises $1 to $2
janarr5: folds 
coeeeelho: folds 
spapaz22: folds 
chinokevin13: folds 
Uncalled bet ($1) returned to Royal012023
Royal012023 collected $2.50 from pot
*** SUMMARY ***
Total pot $2.50 | Rake $0 
Seat 1: coeeeelho (button) folded before Flop (didn't bet)
Seat 2: spapaz22 (small blind) folded before Flop
Seat 3: chinokevin13 (big blind) folded before Flop
Seat 4: xcinaz folded before Flop (didn't bet)
Seat 5: Royal012023 collected ($2.50)
Seat 6: janarr5 folded before Flop (didn't bet)



PokerStars Hand #254243889217:  Hold'em No Limit ($0.50/$1.00 USD) - 2025/01/07 13:09:52 WET [2025/01/07 8:09:52 ET]
Table 'Tea II' 6-max Seat #2 is the button
Seat 1: coeeeelho ($113.88 in chips) 
Seat 2: spapaz22 ($69.74 in chips) 
Seat 3: chinokevin13 ($100 in chips) 
Seat 4: xcinaz ($89.88 in chips) 
Seat 5: Royal012023 ($209.99 in chips) 
Seat 6: janarr5 ($100 in chips) 
chinokevin13: posts small blind $0.50
xcinaz: posts big blind $1
*** HOLE CARDS ***
Royal012023: folds 
janarr5: raises $1.25 to $2.25
coeeeelho: folds 
spapaz22: calls $2.25
chinokevin13: folds 
xcinaz: raises $11.75 to $14
janarr5: folds 
spapaz22: folds 
Uncalled bet ($11.75) returned to xcinaz
xcinaz collected $7.25 from pot
xcinaz: doesn't show hand 
*** SUMMARY ***
Total pot $7.25 | Rake $0 
Seat 1: coeeeelho folded before Flop (didn't bet)
Seat 2: spapaz22 (button) folded before Flop
Seat 3: chinokevin13 (small blind) folded before Flop
Seat 4: xcinaz (big blind) collected ($7.25)
Seat 5: Royal012023 folded before Flop (didn't bet)
Seat 6: janarr5 folded before Flop



PokerStars Hand #254243895850:  Hold'em No Limit ($0.50/$1.00 USD) - 2025/01/07 13:10:34 WET [2025/01/07 8:10:34 ET]
Table 'Tea II' 6-max Seat #3 is the button
Seat 1: coeeeelho ($113.88 in chips) 
Seat 2: spapaz22 ($67.49 in chips) 
Seat 3: chinokevin13 ($100 in chips) 
Seat 4: xcinaz ($94.88 in chips) 
Seat 5: Royal012023 ($209.99 in chips) 
Seat 6: janarr5 ($100 in chips) 
xcinaz: posts small blind $0.50
Royal012023: posts big blind $1
*** HOLE CARDS ***
janarr5: folds 
coeeeelho: folds 
spapaz22: folds 
chinokevin13: raises $1.50 to $2.50
xcinaz: folds 
Royal012023: calls $1.50
*** FLOP *** [4d 3c Ah]
Royal012023: checks 
chinokevin13: checks 
*** TURN *** [4d 3c Ah] [8h]
Royal012023: checks 
chinokevin13: bets $3.92
Royal012023: folds 
Uncalled bet ($3.92) returned to chinokevin13
chinokevin13 collected $5.22 from pot
chinokevin13: doesn't show hand 
*** SUMMARY ***
Total pot $5.50 | Rake $0.28 
Board [4d 3c Ah 8h]
Seat 1: coeeeelho folded before Flop (didn't bet)
Seat 2: spapaz22 folded before Flop (didn't bet)
Seat 3: chinokevin13 (button) collected ($5.22)
Seat 4: xcinaz (small blind) folded before Flop
Seat 5: Royal012023 (big blind) folded on the Turn
Seat 6: janarr5 folded before Flop (didn't bet)



PokerStars Hand #254243902167:  Hold'em No Limit ($0.50/$1.00 USD) - 2025/01/07 13:11:14 WET [2025/01/07 8:11:14 ET]
Table 'Tea II' 6-max Seat #4 is the button
Seat 1: coeeeelho ($113.88 in chips) 
Seat 2: spapaz22 ($67.49 in chips) 
Seat 3: chinokevin13 ($102.72 in chips) 
Seat 4: xcinaz ($94.38 in chips) 
Seat 5: Royal012023 ($207.49 in chips) 
Seat 6: janarr5 ($100 in chips) 
Royal012023: posts small blind $0.50
janarr5: posts big blind $1
*** HOLE CARDS ***
coeeeelho: raises $1.20 to $2.20
spapaz22: folds 
chinokevin13: folds 
xcinaz: folds 
Royal012023: folds 
janarr5: folds 
Uncalled bet ($1.20) returned to coeeeelho
coeeeelho collected $2.50 from pot
coeeeelho: doesn't show hand 
*** SUMMARY ***
Total pot $2.50 | Rake $0 
Seat 1: coeeeelho collected ($2.50)
Seat 2: spapaz22 folded before Flop (didn't bet)
Seat 3: chinokevin13 folded before Flop (didn't bet)
Seat 4: xcinaz (button) folded before Flop (didn't bet)
Seat 5: Royal012023 (small blind) folded before Flop
Seat 6: janarr5 (big blind) folded before Flop



PokerStars Hand #254243904854:  Hold'em No Limit ($0.50/$1.00 USD) - 2025/01/07 13:11:31 WET [2025/01/07 8:11:31 ET]
Table 'Tea II' 6-max Seat #5 is the button
Seat 1: coeeeelho ($115.38 in chips) 
Seat 2: spapaz22 ($67.49 in chips) 
Seat 3: chinokevin13 ($102.72 in chips) 
Seat 4: xcinaz ($94.38 in chips) 
Seat 5: Royal012023 ($206.99 in chips) 
Seat 6: janarr5 ($100 in chips) 
janarr5: posts small blind $0.50
coeeeelho: posts big blind $1
*** HOLE CARDS ***
spapaz22: raises $1 to $2
chinokevin13: folds 
xcinaz: folds 
Royal012023: calls $2
janarr5: folds 
coeeeelho: folds 
*** FLOP *** [9d Ks Th]
spapaz22: bets $2.61
Royal012023: calls $2.61
*** TURN *** [9d Ks Th] [7d]
spapaz22: bets $7.09
Royal012023: calls $7.09
*** RIVER *** [9d Ks Th 7d] [8c]
spapaz22: bets $11.83
Royal012023: calls $11.83
*** SHOW DOWN ***
spapaz22: shows [6h 6c] (a straight, Six to Ten)
Royal012023: shows [Jh Ah] (a straight, Seven to Jack)
Royal012023 collected $46.13 from pot
*** SUMMARY ***
Total pot $48.56 | Rake $2.43 
Board [9d Ks Th 7d 8c]
Seat 1: coeeeelho (big blind) folded before Flop
Seat 2: spapaz22 showed [6h 6c] and lost with a straight, Six to Ten
Seat 3: chinokevin13 folded before Flop (didn't bet)
Seat 4: xcinaz folded before Flop (didn't bet)
Seat 5: Royal012023 (button) showed [Jh Ah] and won ($46.13) with a straight, Seven to Jack
Seat 6: janarr5 (small blind) folded before Flop



PokerStars Hand #254243912866:  Hold'em No Limit ($0.50/$1.00 USD) - 2025/01/07 13:12:20 WET [2025/01/07 8:12:20 ET]
Table 'Tea II' 6-max Seat #6 is the button
Seat 1: coeeeelho ($114.38 in chips) 
Seat 2: spapaz22 ($43.96 in chips) 
Seat 3: chinokevin13 ($102.72 in chips) 
Seat 4: xcinaz ($100 in chips) 
Seat 5: Royal012023 ($229.59 in chips) 
Seat 6: janarr5 ($100 in chips) 
coeeeelho: posts small blind $0.50
spapaz22: posts big blind $1
*** HOLE CARDS ***
chinokevin13: folds 
xcinaz: folds 
Royal012023: folds 
janarr5: folds 
coeeeelho: folds 
Uncalled bet ($0.50) returned to spapaz22
spapaz22 collected $1 from pot
*** SUMMARY ***
Total pot $1 | Rake $0 
Seat 1: coeeeelho (small blind) folded before Flop
Seat 2: spapaz22 (big blind) collected ($1)
Seat 3: chinokevin13 folded before Flop (didn't bet)
Seat 4: xcinaz folded before Flop (didn't bet)
Seat 5: Royal012023 folded before Flop (didn't bet)
Seat 6: janarr5 (button) folded before Flop (didn't bet)



PokerStars Hand #254243915830:  Hold'em No Limit ($0.50/$1.00 USD) - 2025/01/07 13:12:38 WET [2025/01/07 8:12:38 ET]
Table 'Tea II' 6-max Seat #1 is the button
Seat 1: coeeeelho ($113.88 in chips) 
Seat 2: spapaz22 ($44.46 in chips) 
Seat 3: chinokevin13 ($102.72 in chips) 
Seat 4: xcinaz ($100 in chips) 
Seat 5: Royal012023 ($229.59 in chips) 
Seat 6: janarr5 ($100 in chips) 
spapaz22: posts small blind $0.50
chinokevin13: posts big blind $1
*** HOLE CARDS ***
xcinaz: folds 
Royal012023: folds 
janarr5: folds 
coeeeelho: raises $1.50 to $2.50
spapaz22: folds 
chinokevin13: folds 
Uncalled bet ($1.50) returned to coeeeelho
coeeeelho collected $2.50 from pot
coeeeelho: doesn't show hand 
*** SUMMARY ***
Total pot $2.50 | Rake $0 
Seat 1: coeeeelho (button) collected ($2.50)
Seat 2: spapaz22 (small blind) folded before Flop
Seat 3: chinokevin13 (big blind) folded before Flop
Seat 4: xcinaz folded before Flop (didn't bet)
Seat 5: Royal012023 folded before Flop (didn't bet)
Seat 6: janarr5 folded before Flop (didn't bet)



PokerStars Hand #254243918908:  Hold'em No Limit ($0.50/$1.00 USD) - 2025/01/07 13:12:58 WET [2025/01/07 8:12:58 ET]
Table 'Tea II' 6-max Seat #2 is the button
Seat 1: coeeeelho ($115.38 in chips) 
Seat 2: spapaz22 ($43.96 in chips) 
Seat 3: chinokevin13 ($101.72 in chips) 
Seat 4: xcinaz ($100 in chips) 
Seat 5: Royal012023 ($229.59 in chips) 
Seat 6: janarr5 ($100 in chips) 
chinokevin13: posts small blind $0.50
xcinaz: posts big blind $1
*** HOLE CARDS ***
Royal012023: folds 
janarr5: folds 
coeeeelho: folds 
spapaz22: raises $1 to $2
chinokevin13: folds 
xcinaz: calls $1
*** FLOP *** [Th 8h 3d]
xcinaz: checks 
spapaz22: checks 
*** TURN *** [Th 8h 3d] [6c]
xcinaz: checks 
spapaz22: checks 
*** RIVER *** [Th 8h 3d 6c] [3h]
xcinaz: checks 
spapaz22: checks 
*** SHOW DOWN ***
xcinaz: shows [9d Ac] (a pair of Threes)
spapaz22: mucks hand 
xcinaz collected $4.28 from pot
*** SUMMARY ***
Total pot $4.50 | Rake $0.22 
Board [Th 8h 3d 6c 3h]
Seat 1: coeeeelho folded before Flop (didn't bet)
Seat 2: spapaz22 (button) mucked
Seat 3: chinokevin13 (small blind) folded before Flop
Seat 4: xcinaz (big blind) showed [9d Ac] and won ($4.28) with a pair of Threes
Seat 5: Royal012023 folded before Flop (didn't bet)
Seat 6: janarr5 folded before Flop (didn't bet)



PokerStars Hand #254243924425:  Hold'em No Limit ($0.50/$1.00 USD) - 2025/01/07 13:13:32 WET [2025/01/07 8:13:32 ET]
Table 'Tea II' 6-max Seat #3 is the button
Seat 1: coeeeelho ($115.38 in chips) 
Seat 2: spapaz22 ($98 in chips) 
Seat 3: chinokevin13 ($101.22 in chips) 
Seat 4: xcinaz ($102.28 in chips) 
Seat 5: Royal012023 ($229.59 in chips) 
Seat 6: janarr5 ($100 in chips) 
xcinaz: posts small blind $0.50
Royal012023: posts big blind $1
*** HOLE CARDS ***
janarr5: folds 
coeeeelho: raises $1.20 to $2.20
spapaz22: folds 
chinokevin13: folds 
xcinaz: folds 
Royal012023: calls $1.20
*** FLOP *** [5c 3c 5h]
Royal012023: checks 
coeeeelho: bets $2.33
Royal012023: calls $2.33
*** TURN *** [5c 3c 5h] [Js]
Royal012023: checks 
coeeeelho: bets $6.81
Royal012023: calls $6.81
*** RIVER *** [5c 3c 5h Js] [Jc]
Royal012023: checks 
coeeeelho: checks 
*** SHOW DOWN ***
Royal012023: shows [3d 3s] (a full house, Threes full of Jacks)
coeeeelho: mucks hand 
Royal012023 collected $22.02 from pot
*** SUMMARY ***
Total pot $23.18 | Rake $1.16 
Board [5c 3c 5h Js Jc]
Seat 1: coeeeelho mucked
Seat 2: spapaz22 folded before Flop (didn't bet)
Seat 3: chinokevin13 (button) folded before Flop (didn't bet)
Seat 4: xcinaz (small blind) folded before Flop
Seat 5: Royal012023 (big blind) showed [3d 3s] and won ($22.02) with a full house, Threes full of Jacks
Seat 6: janarr5 folded before Flop (didn't bet)



PokerStars Hand #254243932130:  Hold'em No Limit ($0.50/$1.00 USD) - 2025/01/07 13:14:20 WET [2025/01/07 8:14:20 ET]
Table 'Tea II' 6-max Seat #4 is the button
Seat 1: coeeeelho ($104.04 in chips) 
Seat 2: spapaz22 ($98 in chips) 
Seat 3: chinokevin13 ($101.22 in chips) 
Seat 4: xcinaz ($101.78 in chips) 
Seat 5: Royal012023 ($240.27 in chips) 
Seat 6: janarr5 ($100 in chips) 
Royal012023: posts small blind $0.50
janarr5: posts big blind $1
*** HOLE CARDS ***
coeeeelho: folds 
spapaz22: folds 
chinokevin13: folds 
xcinaz: folds 
Royal012023: folds 
Uncalled bet ($0.50) returned to janarr5
janarr5 collected $1 from pot
janarr5: doesn't show hand 
*** SUMMARY ***
Total pot $1 | Rake $0 
Seat 1: coeeeelho folded before Flop (didn't bet)
Seat 2: spapaz22 folded before Flop (didn't bet)
Seat 3: chinokevin13 folded before Flop (didn't bet)
Seat 4: xcinaz (button) folded before Flop (didn't bet)
Seat 5: Royal012023 (small blind) folded before Flop
Seat 6: janarr5 (big blind) collected ($1)



PokerStars Hand #254243935718:  Hold'em No Limit ($0.50/$1.00 USD) - 2025/01/07 13:14:43 WET [2025/01/07 8:14:43 ET]
Table 'Tea II' 6-max Seat #5 is the button
Seat 1: coeeeelho ($104.04 in chips) 
Seat 2: spapaz22 ($98 in chips) 
Seat 3: chinokevin13 ($101.22 in chips) 
Seat 4: xcinaz ($101.78 in chips) 
Seat 5: Royal012023 ($239.77 in chips) 
Seat 6: janarr5 ($100.50 in chips) 
janarr5: posts small blind $0.50
coeeeelho: posts big blind $1
*** HOLE CARDS ***
spapaz22: folds 
chinokevin13: folds 
xcinaz: raises $1.20 to $2.20
Royal012023: folds 
janarr5: folds 
coeeeelho: folds 
Uncalled bet ($1.20) returned to xcinaz
xcinaz collected $2.50 from pot
xcinaz: doesn't show hand 
*** SUMMARY ***
Total pot $2.50 | Rake $0 
Seat 1: coeeeelho (big blind) folded before Flop
Seat 2: spapaz22 folded before Flop (didn't bet)
Seat 3: chinokevin13 folded before Flop (didn't bet)
Seat 4: xcinaz collected ($2.50)
Seat 5: Royal012023 (button) folded before Flop (didn't bet)
Seat 6: janarr5 (small blind) folded before Flop



PokerStars Hand #254243938284:  Hold'em No Limit ($0.50/$1.00 USD) - 2025/01/07 13:14:58 WET [2025/01/07 8:14:58 ET]
Table 'Tea II' 6-max Seat #6 is the button
Seat 1: coeeeelho ($103.04 in chips) 
Seat 2: spapaz22 ($98 in chips) 
Seat 3: chinokevin13 ($101.22 in chips) 
Seat 4: xcinaz ($103.28 in chips) 
Seat 5: Royal012023 ($239.77 in chips) 
Seat 6: janarr5 ($100 in chips) 
coeeeelho: posts small blind $0.50
spapaz22: posts big blind $1
*** HOLE CARDS ***
chinokevin13: folds 
xcinaz: raises $1 to $2
Royal012023: calls $2
janarr5: calls $2
coeeeelho: folds 
spapaz22: calls $1
*** FLOP *** [Jd Qh Ah]
spapaz22: checks 
xcinaz: checks 
Royal012023: checks 
janarr5: checks 
*** TURN *** [Jd Qh Ah] [Ts]
spapaz22: checks 
xcinaz: bets $4.04
Royal012023: folds 
janarr5: folds 
spapaz22: calls $4.04
*** RIVER *** [Jd Qh Ah Ts] [Qd]
spapaz22: checks 
xcinaz: checks 
*** SHOW DOWN ***
spapaz22: shows [8s Ad] (two pair, Aces and Queens)
xcinaz: shows [Qs Ks] (a straight, Ten to Ace)
xcinaz collected $15.75 from pot
*** SUMMARY ***
Total pot $16.58 | Rake $0.83 
Board [Jd Qh Ah Ts Qd]
Seat 1: coeeeelho (small blind) folded before Flop
Seat 2: spapaz22 (big blind) showed [8s Ad] and lost with two pair, Aces and Queens
Seat 3: chinokevin13 folded before Flop (didn't bet)
Seat 4: xcinaz showed [Qs Ks] and won ($15.75) with a straight, Ten to Ace
Seat 5: Royal012023 folded on the Turn
Seat 6: janarr5 (button) folded on the Turn



PokerStars Hand #254243948113:  Hold'em No Limit ($0.50/$1.00 USD) - 2025/01/07 13:15:59 WET [2025/01/07 8:15:59 ET]
Table 'Tea II' 6-max Seat #1 is the button
Seat 1: coeeeelho ($102.54 in chips) 
Seat 2: spapaz22 ($91.96 in chips) 
Seat 3: chinokevin13 ($101.22 in chips) 
Seat 4: xcinaz ($112.99 in chips) 
Seat 5: Royal012023 ($237.77 in chips) 
Seat 6: janarr5 ($100 in chips) 
spapaz22: posts small blind $0.50
chinokevin13: posts big blind $1
*** HOLE CARDS ***
xcinaz: folds 
Royal012023: raises $1 to $2
janarr5: folds 
coeeeelho: raises $4 to $6
spapaz22: folds 
chinokevin13: raises $11.50 to $17.50
Royal012023: folds 
coeeeelho: folds 
Uncalled bet ($11.50) returned to chinokevin13
chinokevin13 collected $14.50 from pot
chinokevin13: doesn't show hand 
*** SUMMARY ***
Total pot $14.50 | Rake $0 
Seat 1: coeeeelho (button) folded before Flop
Seat 2: spapaz22 (small blind) folded before Flop
Seat 3: chinokevin13 (big blind) collected ($14.50)
Seat 4: xcinaz folded before Flop (didn't bet)
Seat 5: Royal012023 folded before Flop
Seat 6: janarr5 folded before Flop (didn't bet)



PokerStars Hand #254243953201:  Hold'em No Limit ($0.50/$1.00 USD) - 2025/01/07 13:16:30 WET [2025/01/07 8:16:30 ET]
Table 'Tea II' 6-max Seat #2 is the button
Seat 1: coeeeelho ($100 in chips) 
Seat 2: spapaz22 ($91.46 in chips) 
Seat 3: chinokevin13 ($109.72 in chips) 
Seat 4: xcinaz ($112.99 in chips) 
Seat 5: Royal012023 ($235.77 in chips) 
Seat 6: janarr5 ($100 in chips) 
chinokevin13: posts small blind $0.50
xcinaz: posts big blind $1
*** HOLE CARDS ***
Royal012023: calls $1
janarr5: folds 
coeeeelho: raises $3 to $4
spapaz22: folds 
chinokevin13: folds 
xcinaz: raises $10 to $14
Royal012023: folds 
coeeeelho: folds 
Uncalled bet ($10) returned to xcinaz
xcinaz collected $9.50 from pot
xcinaz: doesn't show hand 
*** SUMMARY ***
Total pot $9.50 | Rake $0 
Seat 1: coeeeelho folded before Flop
Seat 2: spapaz22 (button) folded before Flop (didn't bet)
Seat 3: chinokevin13 (small blind) folded before Flop
Seat 4: xcinaz (big blind) collected ($9.50)
Seat 5: Royal012023 folded before Flop
Seat 6: janarr5 folded before Flop (didn't bet)



PokerStars Hand #254243957086:  Hold'em No Limit ($0.50/$1.00 USD) - 2025/01/07 13:16:53 WET [2025/01/07 8:16:53 ET]
Table 'Tea II' 6-max Seat #3 is the button
Seat 1: coeeeelho ($100 in chips) 
Seat 2: spapaz22 ($91.46 in chips) 
Seat 3: chinokevin13 ($109.22 in chips) 
Seat 4: xcinaz ($118.49 in chips) 
Seat 5: Royal012023 ($234.77 in chips) 
Seat 6: janarr5 ($100 in chips) 
xcinaz: posts small blind $0.50
Royal012023: posts big blind $1
*** HOLE CARDS ***
janarr5: folds 
coeeeelho: folds 
spapaz22: raises $1 to $2
chinokevin13: folds 
xcinaz: folds 
Royal012023: calls $1
*** FLOP *** [9c 2s Js]
Royal012023: checks 
spapaz22: bets $2.14
Royal012023: calls $2.14
*** TURN *** [9c 2s Js] [3c]
Royal012023: checks 
spapaz22: checks 
*** RIVER *** [9c 2s Js 3c] [Tc]
Royal012023: bets $8.34
spapaz22: folds 
Uncalled bet ($8.34) returned to Royal012023
Royal012023 collected $8.34 from pot
*** SUMMARY ***
Total pot $8.78 | Rake $0.44 
Board [9c 2s Js 3c Tc]
Seat 1: coeeeelho folded before Flop (didn't bet)
Seat 2: spapaz22 folded on the River
Seat 3: chinokevin13 (button) folded before Flop (didn't bet)
Seat 4: xcinaz (small blind) folded before Flop
Seat 5: Royal012023 (big blind) collected ($8.34)
Seat 6: janarr5 folded before Flop (didn't bet)



PokerStars Hand #254243963740:  Hold'em No Limit ($0.50/$1.00 USD) - 2025/01/07 13:17:34 WET [2025/01/07 8:17:34 ET]
Table 'Tea II' 6-max Seat #4 is the button
Seat 1: coeeeelho ($100 in chips) 
Seat 2: spapaz22 ($87.32 in chips) 
Seat 3: chinokevin13 ($109.22 in chips) 
Seat 4: xcinaz ($117.99 in chips) 
Seat 5: Royal012023 ($238.97 in chips) 
Seat 6: janarr5 ($100 in chips) 
Royal012023: posts small blind $0.50
janarr5: posts big blind $1
*** HOLE CARDS ***
coeeeelho: folds 
spapaz22: folds 
chinokevin13: folds 
xcinaz: folds 
Royal012023: folds 
Uncalled bet ($0.50) returned to janarr5
janarr5 collected $1 from pot
janarr5: doesn't show hand 
*** SUMMARY ***
Total pot $1 | Rake $0 
Seat 1: coeeeelho folded before Flop (didn't bet)
Seat 2: spapaz22 folded before Flop (didn't bet)
Seat 3: chinokevin13 folded before Flop (didn't bet)
Seat 4: xcinaz (button) folded before Flop (didn't bet)
Seat 5: Royal012023 (small blind) folded before Flop
Seat 6: janarr5 (big blind) collected ($1)



PokerStars Hand #254243965092:  Hold'em No Limit ($0.50/$1.00 USD) - 2025/01/07 13:17:42 WET [2025/01/07 8:17:42 ET]
Table 'Tea II' 6-max Seat #5 is the button
Seat 1: coeeeelho ($100 in chips) 
Seat 2: spapaz22 ($87.32 in chips) 
Seat 3: chinokevin13 ($109.22 in chips) 
Seat 4: xcinaz ($117.99 in chips) 
Seat 5: Royal012023 ($238.47 in chips) 
Seat 6: janarr5 ($100.50 in chips) 
janarr5: posts small blind $0.50
coeeeelho: posts big blind $1
*** HOLE CARDS ***
spapaz22: folds 
chinokevin13: folds 
xcinaz: folds 
Royal012023: raises $1 to $2
janarr5: folds 
coeeeelho: raises $8 to $10
Royal012023: calls $8
*** FLOP *** [7d 2s 5s]
coeeeelho: bets $10
Royal012023: calls $10
*** TURN *** [7d 2s 5s] [Tc]
coeeeelho: bets $20
Royal012023: calls $20
*** RIVER *** [7d 2s 5s Tc] [4h]
coeeeelho: bets $60 and is all-in
Royal012023: folds 
Uncalled bet ($60) returned to coeeeelho
coeeeelho collected $78 from pot
coeeeelho: doesn't show hand 
*** SUMMARY ***
Total pot $80.50 | Rake $2.50 
Board [7d 2s 5s Tc 4h]
Seat 1: coeeeelho (big blind) collected ($78)
Seat 2: spapaz22 folded before Flop (didn't bet)
Seat 3: chinokevin13 folded before Flop (didn't bet)
Seat 4: xcinaz folded before Flop (didn't bet)
Seat 5: Royal012023 (button) folded on the River
Seat 6: janarr5 (small blind) folded before Flop



PokerStars Hand #254243974282:  Hold'em No Limit ($0.50/$1.00 USD) - 2025/01/07 13:18:38 WET [2025/01/07 8:18:38 ET]
Table 'Tea II' 6-max Seat #6 is the button
Seat 1: coeeeelho ($138 in chips) 
Seat 2: spapaz22 ($87.32 in chips) 
Seat 3: chinokevin13 ($109.22 in chips) 
Seat 4: xcinaz ($117.99 in chips) 
Seat 5: Royal012023 ($198.47 in chips) 
Seat 6: janarr5 ($100 in chips) 
coeeeelho: posts small blind $0.50
spapaz22: posts big blind $1
*** HOLE CARDS ***
chinokevin13: folds 
xcinaz: raises $1 to $2
Royal012023: folds 
janarr5: folds 
coeeeelho: folds 
spapaz22: folds 
Uncalled bet ($1) returned to xcinaz
xcinaz collected $2.50 from pot
xcinaz: doesn't show hand 
*** SUMMARY ***
Total pot $2.50 | Rake $0 
Seat 1: coeeeelho (small blind) folded before Flop
Seat 2: spapaz22 (big blind) folded before Flop
Seat 3: chinokevin13 folded before Flop (didn't bet)
Seat 4: xcinaz collected ($2.50)
Seat 5: Royal012023 folded before Flop (didn't bet)
Seat 6: janarr5 (button) folded before Flop (didn't bet)



PokerStars Hand #254243979242:  Hold'em No Limit ($0.50/$1.00 USD) - 2025/01/07 13:19:08 WET [2025/01/07 8:19:08 ET]
Table 'Tea II' 6-max Seat #1 is the button
Seat 1: coeeeelho ($137.50 in chips) 
Seat 2: spapaz22 ($86.32 in chips) 
Seat 3: chinokevin13 ($109.22 in chips) 
Seat 4: xcinaz ($119.49 in chips) 
Seat 5: Royal012023 ($198.47 in chips) 
Seat 6: janarr5 ($100 in chips) 
spapaz22: posts small blind $0.50
chinokevin13: posts big blind $1
*** HOLE CARDS ***
xcinaz: folds 
Royal012023: folds 
janarr5: folds 
coeeeelho: raises $1.50 to $2.50
spapaz22: folds 
chinokevin13: calls $1.50
*** FLOP *** [Ts 2d 5h]
chinokevin13: checks 
coeeeelho: bets $1.72
chinokevin13: calls $1.72
*** TURN *** [Ts 2d 5h] [7s]
chinokevin13: checks 
coeeeelho: checks 
*** RIVER *** [Ts 2d 5h 7s] [Th]
chinokevin13: checks 
coeeeelho: checks 
*** SHOW DOWN ***
chinokevin13: shows [6d Ad] (a pair of Tens)
coeeeelho: mucks hand 
chinokevin13 collected $8.49 from pot
*** SUMMARY ***
Total pot $8.94 | Rake $0.45 
Board [Ts 2d 5h 7s Th]
Seat 1: coeeeelho (button) mucked
Seat 2: spapaz22 (small blind) folded before Flop
Seat 3: chinokevin13 (big blind) showed [6d Ad] and won ($8.49) with a pair of Tens
Seat 4: xcinaz folded before Flop (didn't bet)
Seat 5: Royal012023 folded before Flop (didn't bet)
Seat 6: janarr5 folded before Flop (didn't bet)



PokerStars Hand #254243997815:  Hold'em No Limit ($0.50/$1.00 USD) - 2025/01/07 13:20:59 WET [2025/01/07 8:20:59 ET]
Table 'Tea II' 6-max Seat #2 is the button
Seat 1: coeeeelho ($133.28 in chips) 
Seat 2: spapaz22 ($85.82 in chips) 
Seat 3: chinokevin13 ($113.49 in chips) 
Seat 4: xcinaz ($119.49 in chips) 
Seat 5: Royal012023 ($198.47 in chips) 
Seat 6: janarr5 ($100 in chips) 
chinokevin13: posts small blind $0.50
xcinaz: posts big blind $1
*** HOLE CARDS ***
Royal012023: folds 
janarr5: raises $1.25 to $2.25
Royal012023 leaves the table
coeeeelho: folds 
spapaz22: calls $2.25
chinokevin13: folds 
xcinaz: folds 
*** FLOP *** [5d Jd Qd]
janarr5: checks 
spapaz22: bets $2.85
MaRKiToScoK joins the table at seat #5 
janarr5: calls $2.85
*** TURN *** [5d Jd Qd] [3h]
janarr5: checks 
spapaz22: bets $11.12
janarr5: folds 
Uncalled bet ($11.12) returned to spapaz22
spapaz22 collected $11.12 from pot
*** SUMMARY ***
Total pot $11.70 | Rake $0.58 
Board [5d Jd Qd 3h]
Seat 1: coeeeelho folded before Flop (didn't bet)
Seat 2: spapaz22 (button) collected ($11.12)
Seat 3: chinokevin13 (small blind) folded before Flop
Seat 4: xcinaz (big blind) folded before Flop
Seat 5: Royal012023 folded before Flop (didn't bet)
Seat 6: janarr5 folded on the Turn



PokerStars Hand #254244006140:  Hold'em No Limit ($0.50/$1.00 USD) - 2025/01/07 13:21:49 WET [2025/01/07 8:21:49 ET]
Table 'Tea II' 6-max Seat #3 is the button
Seat 1: coeeeelho ($133.28 in chips) 
Seat 2: spapaz22 ($91.84 in chips) 
Seat 3: chinokevin13 ($112.99 in chips) 
Seat 4: xcinaz ($118.49 in chips) 
Seat 5: MaRKiToScoK ($100 in chips) 
Seat 6: janarr5 ($100 in chips) 
xcinaz: posts small blind $0.50
MaRKiToScoK: posts big blind $1
*** HOLE CARDS ***
janarr5: folds 
coeeeelho: raises $1.10 to $2.10
spapaz22: folds 
chinokevin13: folds 
xcinaz: folds 
MaRKiToScoK: calls $1.10
*** FLOP *** [Kh 2c Ad]
MaRKiToScoK: checks 
coeeeelho: checks 
*** TURN *** [Kh 2c Ad] [Kc]
MaRKiToScoK: checks 
coeeeelho: checks 
*** RIVER *** [Kh 2c Ad Kc] [8d]
MaRKiToScoK: checks 
coeeeelho: checks 
*** SHOW DOWN ***
MaRKiToScoK: shows [6d 6h] (two pair, Kings and Sixes)
coeeeelho: shows [7h 7d] (two pair, Kings and Sevens)
coeeeelho collected $4.46 from pot
*** SUMMARY ***
Total pot $4.70 | Rake $0.24 
Board [Kh 2c Ad Kc 8d]
Seat 1: coeeeelho showed [7h 7d] and won ($4.46) with two pair, Kings and Sevens
Seat 2: spapaz22 folded before Flop (didn't bet)
Seat 3: chinokevin13 (button) folded before Flop (didn't bet)
Seat 4: xcinaz (small blind) folded before Flop
Seat 5: MaRKiToScoK (big blind) showed [6d 6h] and lost with two pair, Kings and Sixes
Seat 6: janarr5 folded before Flop (didn't bet)



PokerStars Hand #254244025260:  Hold'em No Limit ($0.50/$1.00 USD) - 2025/01/07 13:23:44 WET [2025/01/07 8:23:44 ET]
Table 'Tea II' 6-max Seat #4 is the button
Seat 1: coeeeelho ($135.64 in chips) 
Seat 2: spapaz22 ($91.84 in chips) 
Seat 3: chinokevin13 ($112.99 in chips) 
Seat 4: xcinaz ($117.99 in chips) 
Seat 5: MaRKiToScoK ($100 in chips) 
Seat 6: janarr5 ($100 in chips) 
MaRKiToScoK: posts small blind $0.50
janarr5: posts big blind $1
*** HOLE CARDS ***
coeeeelho: folds 
spapaz22: folds 
chinokevin13: folds 
xcinaz: folds 
MaRKiToScoK: raises $1.70 to $2.70
janarr5: folds 
Uncalled bet ($1.70) returned to MaRKiToScoK
MaRKiToScoK collected $2 from pot
*** SUMMARY ***
Total pot $2 | Rake $0 
Seat 1: coeeeelho folded before Flop (didn't bet)
Seat 2: spapaz22 folded before Flop (didn't bet)
Seat 3: chinokevin13 folded before Flop (didn't bet)
Seat 4: xcinaz (button) folded before Flop (didn't bet)
Seat 5: MaRKiToScoK (small blind) collected ($2)
Seat 6: janarr5 (big blind) folded before Flop



PokerStars Hand #254244029083:  Hold'em No Limit ($0.50/$1.00 USD) - 2025/01/07 13:24:07 WET [2025/01/07 8:24:07 ET]
Table 'Tea II' 6-max Seat #5 is the button
Seat 1: coeeeelho ($135.64 in chips) 
Seat 2: spapaz22 ($91.84 in chips) 
Seat 3: chinokevin13 ($112.99 in chips) 
Seat 4: xcinaz ($117.99 in chips) 
Seat 5: MaRKiToScoK ($101 in chips) 
Seat 6: janarr5 ($100 in chips) 
janarr5: posts small blind $0.50
coeeeelho: posts big blind $1
*** HOLE CARDS ***
spapaz22: folds 
chinokevin13: folds 
xcinaz: folds 
MaRKiToScoK: raises $1.50 to $2.50
janarr5: folds 
coeeeelho: folds 
Uncalled bet ($1.50) returned to MaRKiToScoK
MaRKiToScoK collected $2.50 from pot
*** SUMMARY ***
Total pot $2.50 | Rake $0 
Seat 1: coeeeelho (big blind) folded before Flop
Seat 2: spapaz22 folded before Flop (didn't bet)
Seat 3: chinokevin13 folded before Flop (didn't bet)
Seat 4: xcinaz folded before Flop (didn't bet)
Seat 5: MaRKiToScoK (button) collected ($2.50)
Seat 6: janarr5 (small blind) folded before Flop



PokerStars Hand #254244032380:  Hold'em No Limit ($0.50/$1.00 USD) - 2025/01/07 13:24:26 WET [2025/01/07 8:24:26 ET]
Table 'Tea II' 6-max Seat #6 is the button
Seat 1: coeeeelho ($134.64 in chips) 
Seat 2: spapaz22 ($91.84 in chips) 
Seat 3: chinokevin13 ($112.99 in chips) 
Seat 4: xcinaz ($117.99 in chips) 
Seat 5: MaRKiToScoK ($102.50 in chips) 
Seat 6: janarr5 ($100 in chips) 
coeeeelho: posts small blind $0.50
spapaz22: posts big blind $1
*** HOLE CARDS ***
chinokevin13: folds 
xcinaz: raises $1 to $2
MaRKiToScoK: folds 
janarr5: folds 
coeeeelho: folds 
spapaz22: calls $1
*** FLOP *** [Qc 9d 5s]
spapaz22: checks 
xcinaz: bets $1.07
spapaz22: calls $1.07
*** TURN *** [Qc 9d 5s] [5h]
spapaz22: checks 
xcinaz: bets $5.36
spapaz22: folds 
Uncalled bet ($5.36) returned to xcinaz
xcinaz collected $6.31 from pot
xcinaz: doesn't show hand 
*** SUMMARY ***
Total pot $6.64 | Rake $0.33 
Board [Qc 9d 5s 5h]
Seat 1: coeeeelho (small blind) folded before Flop
Seat 2: spapaz22 (big blind) folded on the Turn
Seat 3: chinokevin13 folded before Flop (didn't bet)
Seat 4: xcinaz collected ($6.31)
Seat 5: MaRKiToScoK folded before Flop (didn't bet)
Seat 6: janarr5 (button) folded before Flop (didn't bet)



PokerStars Hand #254244040294:  Hold'em No Limit ($0.50/$1.00 USD) - 2025/01/07 13:25:14 WET [2025/01/07 8:25:14 ET]
Table 'Tea II' 6-max Seat #1 is the button
Seat 1: coeeeelho ($134.14 in chips) 
Seat 2: spapaz22 ($88.77 in chips) 
Seat 3: chinokevin13 ($112.99 in chips) 
Seat 4: xcinaz ($121.23 in chips) 
Seat 5: MaRKiToScoK ($102.50 in chips) 
Seat 6: janarr5 ($100 in chips) 
spapaz22: posts small blind $0.50
chinokevin13: posts big blind $1
*** HOLE CARDS ***
xcinaz: folds 
MaRKiToScoK: folds 
janarr5: folds 
coeeeelho: raises $1.50 to $2.50
spapaz22: folds 
chinokevin13: calls $1.50
*** FLOP *** [9d 2s Js]
chinokevin13: checks 
coeeeelho: bets $3.50
chinokevin13: calls $3.50
*** TURN *** [9d 2s Js] [6s]
chinokevin13: checks 
coeeeelho: checks 
*** RIVER *** [9d 2s Js 6s] [2c]
chinokevin13: checks 
coeeeelho: bets $19
chinokevin13: folds 
Uncalled bet ($19) returned to coeeeelho
coeeeelho collected $11.88 from pot
coeeeelho: doesn't show hand 
*** SUMMARY ***
Total pot $12.50 | Rake $0.62 
Board [9d 2s Js 6s 2c]
Seat 1: coeeeelho (button) collected ($11.88)
Seat 2: spapaz22 (small blind) folded before Flop
Seat 3: chinokevin13 (big blind) folded on the River
Seat 4: xcinaz folded before Flop (didn't bet)
Seat 5: MaRKiToScoK folded before Flop (didn't bet)
Seat 6: janarr5 folded before Flop (didn't bet)



PokerStars Hand #254244056807:  Hold'em No Limit ($0.50/$1.00 USD) - 2025/01/07 13:26:53 WET [2025/01/07 8:26:53 ET]
Table 'Tea II' 6-max Seat #2 is the button
Seat 1: coeeeelho ($140.02 in chips) 
Seat 2: spapaz22 ($88.27 in chips) 
Seat 3: chinokevin13 ($106.99 in chips) 
Seat 4: xcinaz ($121.23 in chips) 
Seat 5: MaRKiToScoK ($102.50 in chips) 
Seat 6: janarr5 ($100 in chips) 
chinokevin13: posts small blind $0.50
xcinaz: posts big blind $1
*** HOLE CARDS ***
MaRKiToScoK: folds 
janarr5: folds 
coeeeelho: folds 
spapaz22: raises $1 to $2
chinokevin13: folds 
xcinaz: calls $1
*** FLOP *** [6h Th Ac]
xcinaz: checks 
spapaz22: bets $2.14
xcinaz: raises $4.28 to $6.42
spapaz22: calls $4.28
*** TURN *** [6h Th Ac] [3c]
xcinaz: bets $14
spapaz22: calls $14
*** RIVER *** [6h Th Ac 3c] [9h]
xcinaz: bets $98.81 and is all-in
spapaz22: folds 
Uncalled bet ($98.81) returned to xcinaz
xcinaz collected $43.07 from pot
xcinaz: doesn't show hand 
*** SUMMARY ***
Total pot $45.34 | Rake $2.27 
Board [6h Th Ac 3c 9h]
Seat 1: coeeeelho folded before Flop (didn't bet)
Seat 2: spapaz22 (button) folded on the River
Seat 3: chinokevin13 (small blind) folded before Flop
Seat 4: xcinaz (big blind) collected ($43.07)
Seat 5: MaRKiToScoK folded before Flop (didn't bet)
Seat 6: janarr5 folded before Flop (didn't bet)



PokerStars Hand #254244074765:  Hold'em No Limit ($0.50/$1.00 USD) - 2025/01/07 13:28:42 WET [2025/01/07 8:28:42 ET]
Table 'Tea II' 6-max Seat #3 is the button
Seat 1: coeeeelho ($140.02 in chips) 
Seat 2: spapaz22 ($65.85 in chips) 
Seat 3: chinokevin13 ($106.49 in chips) 
Seat 4: xcinaz ($141.88 in chips) 
Seat 5: MaRKiToScoK ($102.50 in chips) 
Seat 6: janarr5 ($100 in chips) 
xcinaz: posts small blind $0.50
MaRKiToScoK: posts big blind $1
*** HOLE CARDS ***
janarr5: folds 
coeeeelho: folds 
spapaz22: folds 
spapaz22 leaves the table
whitecillar3 joins the table at seat #2 
chinokevin13: folds 
xcinaz: folds 
Uncalled bet ($0.50) returned to MaRKiToScoK
MaRKiToScoK collected $1 from pot
*** SUMMARY ***
Total pot $1 | Rake $0 
Seat 1: coeeeelho folded before Flop (didn't bet)
Seat 2: spapaz22 folded before Flop (didn't bet)
Seat 3: chinokevin13 (button) folded before Flop (didn't bet)
Seat 4: xcinaz (small blind) folded before Flop
Seat 5: MaRKiToScoK (big blind) collected ($1)
Seat 6: janarr5 folded before Flop (didn't bet)



PokerStars Hand #254244077914:  Hold'em No Limit ($0.50/$1.00 USD) - 2025/01/07 13:29:01 WET [2025/01/07 8:29:01 ET]
Table 'Tea II' 6-max Seat #4 is the button
Seat 2: whitecillar3 ($100 in chips) is sitting out
Seat 1: coeeeelho ($140.02 in chips) 
Seat 3: chinokevin13 ($106.49 in chips) 
Seat 4: xcinaz ($141.38 in chips) 
Seat 5: MaRKiToScoK ($103 in chips) 
Seat 6: janarr5 ($100 in chips) 
MaRKiToScoK: posts small blind $0.50
janarr5: posts big blind $1
whitecillar3: sits out 
*** HOLE CARDS ***
coeeeelho: folds 
chinokevin13: folds 
xcinaz: raises $1.50 to $2.50
MaRKiToScoK: raises $8.50 to $11
janarr5: folds 
xcinaz: folds 
Uncalled bet ($8.50) returned to MaRKiToScoK
MaRKiToScoK collected $6 from pot
*** SUMMARY ***
Total pot $6 | Rake $0 
Seat 2: whitecillar3
Seat 1: coeeeelho folded before Flop (didn't bet)
Seat 3: chinokevin13 folded before Flop (didn't bet)
Seat 4: xcinaz (button) folded before Flop
Seat 5: MaRKiToScoK (small blind) collected ($6)
Seat 6: janarr5 (big blind) folded before Flop



PokerStars Hand #254244081863:  Hold'em No Limit ($0.50/$1.00 USD) - 2025/01/07 13:29:25 WET [2025/01/07 8:29:25 ET]
Table 'Tea II' 6-max Seat #5 is the button
Seat 2: whitecillar3 ($100 in chips) is sitting out
Seat 1: coeeeelho ($140.02 in chips) 
Seat 3: chinokevin13 ($106.49 in chips) 
Seat 4: xcinaz ($138.88 in chips) 
Seat 5: MaRKiToScoK ($106.50 in chips) 
Seat 6: janarr5 ($100 in chips) 
janarr5: posts small blind $0.50
coeeeelho: posts big blind $1
whitecillar3: sits out 
*** HOLE CARDS ***
chinokevin13: folds 
xcinaz: folds 
MaRKiToScoK: folds 
janarr5: raises $2 to $3
coeeeelho: folds 
Uncalled bet ($2) returned to janarr5
janarr5 collected $2 from pot
janarr5: doesn't show hand 
*** SUMMARY ***
Total pot $2 | Rake $0 
Seat 2: whitecillar3
Seat 1: coeeeelho (big blind) folded before Flop
Seat 3: chinokevin13 folded before Flop (didn't bet)
Seat 4: xcinaz folded before Flop (didn't bet)
Seat 5: MaRKiToScoK (button) folded before Flop (didn't bet)
Seat 6: janarr5 (small blind) collected ($2)



PokerStars Hand #254244085131:  Hold'em No Limit ($0.50/$1.00 USD) - 2025/01/07 13:29:44 WET [2025/01/07 8:29:44 ET]
Table 'Tea II' 6-max Seat #6 is the button
Seat 1: coeeeelho ($139.02 in chips) 
Seat 2: whitecillar3 ($100 in chips) 
Seat 3: chinokevin13 ($106.49 in chips) 
Seat 4: xcinaz ($138.88 in chips) 
Seat 5: MaRKiToScoK ($106.50 in chips) 
Seat 6: janarr5 ($101 in chips) 
coeeeelho: posts small blind $0.50
whitecillar3: posts big blind $1
*** HOLE CARDS ***
chinokevin13: raises $1.20 to $2.20
xcinaz: folds 
MaRKiToScoK: folds 
janarr5: folds 
coeeeelho: folds 
whitecillar3: folds 
Uncalled bet ($1.20) returned to chinokevin13
chinokevin13 collected $2.50 from pot
chinokevin13: doesn't show hand 
*** SUMMARY ***
Total pot $2.50 | Rake $0 
Seat 1: coeeeelho (small blind) folded before Flop
Seat 2: whitecillar3 (big blind) folded before Flop
Seat 3: chinokevin13 collected ($2.50)
Seat 4: xcinaz folded before Flop (didn't bet)
Seat 5: MaRKiToScoK folded before Flop (didn't bet)
Seat 6: janarr5 (button) folded before Flop (didn't bet)



PokerStars Hand #254244088890:  Hold'em No Limit ($0.50/$1.00 USD) - 2025/01/07 13:30:06 WET [2025/01/07 8:30:06 ET]
Table 'Tea II' 6-max Seat #1 is the button
Seat 3: chinokevin13 ($107.99 in chips) is sitting out
Seat 1: coeeeelho ($138.52 in chips) 
Seat 2: whitecillar3 ($99 in chips) 
Seat 4: xcinaz ($138.88 in chips) 
Seat 5: MaRKiToScoK ($106.50 in chips) 
Seat 6: janarr5 ($101 in chips) 
whitecillar3: posts small blind $0.50
chinokevin13: is sitting out 
xcinaz: posts big blind $1
*** HOLE CARDS ***
MaRKiToScoK: folds 
janarr5: folds 
chinokevin13 leaves the table
coeeeelho: raises $1.50 to $2.50
whitecillar3: folds 
xcinaz: raises $9 to $11.50
coeeeelho: calls $9
*** FLOP *** [Qc Td Js]
XattexStomil joins the table at seat #3 
xcinaz: bets $7.37
coeeeelho: folds 
Uncalled bet ($7.37) returned to xcinaz
xcinaz collected $22.32 from pot
xcinaz: doesn't show hand 
*** SUMMARY ***
Total pot $23.50 | Rake $1.18 
Board [Qc Td Js]
Seat 3: chinokevin13
Seat 1: coeeeelho (button) folded on the Flop
Seat 2: whitecillar3 (small blind) folded before Flop
Seat 4: xcinaz (big blind) collected ($22.32)
Seat 5: MaRKiToScoK folded before Flop (didn't bet)
Seat 6: janarr5 folded before Flop (didn't bet)



PokerStars Hand #254244095178:  Hold'em No Limit ($0.50/$1.00 USD) - 2025/01/07 13:30:44 WET [2025/01/07 8:30:44 ET]
Table 'Tea II' 6-max Seat #2 is the button
Seat 3: XattexStomil ($100 in chips) is sitting out
Seat 1: coeeeelho ($127.02 in chips) 
Seat 2: whitecillar3 ($98.50 in chips) 
Seat 4: xcinaz ($149.70 in chips) 
Seat 5: MaRKiToScoK ($106.50 in chips) 
Seat 6: janarr5 ($101 in chips) 
xcinaz: posts small blind $0.50
MaRKiToScoK: posts big blind $1
*** HOLE CARDS ***
janarr5: folds 
coeeeelho: folds 
whitecillar3: raises $1.50 to $2.50
xcinaz: folds 
MaRKiToScoK: calls $1.50
*** FLOP *** [4c 7c 7h]
MaRKiToScoK: checks 
whitecillar3: checks 
*** TURN *** [4c 7c 7h] [8h]
MaRKiToScoK: checks 
whitecillar3: bets $2.71
MaRKiToScoK: folds 
Uncalled bet ($2.71) returned to whitecillar3
whitecillar3 collected $5.22 from pot
*** SUMMARY ***
Total pot $5.50 | Rake $0.28 
Board [4c 7c 7h 8h]
Seat 3: XattexStomil
Seat 1: coeeeelho folded before Flop (didn't bet)
Seat 2: whitecillar3 (button) collected ($5.22)
Seat 4: xcinaz (small blind) folded before Flop
Seat 5: MaRKiToScoK (big blind) folded on the Turn
Seat 6: janarr5 folded before Flop (didn't bet)



PokerStars Hand #254244106155:  Hold'em No Limit ($0.50/$1.00 USD) - 2025/01/07 13:31:48 WET [2025/01/07 8:31:48 ET]
Table 'Tea II' 6-max Seat #4 is the button
Seat 3: XattexStomil ($100 in chips) is sitting out
Seat 1: coeeeelho ($127.02 in chips) 
Seat 2: whitecillar3 ($101.22 in chips) 
Seat 4: xcinaz ($149.20 in chips) 
Seat 5: MaRKiToScoK ($104 in chips) 
Seat 6: janarr5 ($101 in chips) 
MaRKiToScoK: posts small blind $0.50
janarr5: posts big blind $1
XattexStomil: sits out 
*** HOLE CARDS ***
coeeeelho: folds 
whitecillar3: raises $1.50 to $2.50
xcinaz: folds 
MaRKiToScoK: folds 
janarr5: folds 
Uncalled bet ($1.50) returned to whitecillar3
whitecillar3 collected $2.50 from pot
*** SUMMARY ***
Total pot $2.50 | Rake $0 
Seat 3: XattexStomil
Seat 1: coeeeelho folded before Flop (didn't bet)
Seat 2: whitecillar3 collected ($2.50)
Seat 4: xcinaz (button) folded before Flop (didn't bet)
Seat 5: MaRKiToScoK (small blind) folded before Flop
Seat 6: janarr5 (big blind) folded before Flop



PokerStars Hand #254244111364:  Hold'em No Limit ($0.50/$1.00 USD) - 2025/01/07 13:32:19 WET [2025/01/07 8:32:19 ET]
Table 'Tea II' 6-max Seat #5 is the button
Seat 1: coeeeelho ($127.02 in chips) is sitting out
Seat 2: whitecillar3 ($102.72 in chips) is sitting out
Seat 3: XattexStomil ($100 in chips) 
Seat 4: xcinaz ($149.20 in chips) 
Seat 5: MaRKiToScoK ($103.50 in chips) 
Seat 6: janarr5 ($100 in chips) 
janarr5: posts small blind $0.50
coeeeelho: is sitting out 
whitecillar3: is sitting out 
XattexStomil: posts big blind $1
*** HOLE CARDS ***
xcinaz: raises $1.20 to $2.20
coeeeelho leaves the table
MaRKiToScoK: folds 
KOSEC510 joins the table at seat #1 
janarr5: folds 
XattexStomil: folds 
Uncalled bet ($1.20) returned to xcinaz
xcinaz collected $2.50 from pot
xcinaz: doesn't show hand 
*** SUMMARY ***
Total pot $2.50 | Rake $0 
Seat 1: coeeeelho
Seat 2: whitecillar3
Seat 3: XattexStomil (big blind) folded before Flop
Seat 4: xcinaz collected ($2.50)
Seat 5: MaRKiToScoK (button) folded before Flop (didn't bet)
Seat 6: janarr5 (small blind) folded before Flop



PokerStars Hand #254244115693:  Hold'em No Limit ($0.50/$1.00 USD) - 2025/01/07 13:32:45 WET [2025/01/07 8:32:45 ET]
Table 'Tea II' 6-max Seat #3 is the button
Seat 1: KOSEC510 ($100 in chips) is sitting out
Seat 2: whitecillar3 ($102.72 in chips) is sitting out
Seat 4: xcinaz ($150.70 in chips) is sitting out
Seat 5: MaRKiToScoK ($103.50 in chips) is sitting out
Seat 3: XattexStomil ($100 in chips) 
Seat 6: janarr5 ($100 in chips) 
XattexStomil: posts small blind $0.50
xcinaz: is sitting out 
MaRKiToScoK: is sitting out 
janarr5: posts big blind $1
*** HOLE CARDS ***
MaRKiToScoK leaves the table
XattexStomil: folds 
Uncalled bet ($0.50) returned to janarr5
janarr5 collected $1 from pot
janarr5: doesn't show hand 
*** SUMMARY ***
Total pot $1 | Rake $0 
Seat 1: KOSEC510
Seat 2: whitecillar3
Seat 4: xcinaz
Seat 5: MaRKiToScoK
Seat 3: XattexStomil (button) (small blind) folded before Flop
Seat 6: janarr5 (big blind) collected ($1)



PokerStars Hand #254244117395:  Hold'em No Limit ($0.50/$1.00 USD) - 2025/01/07 13:32:54 WET [2025/01/07 8:32:54 ET]
Table 'Tea II' 6-max Seat #3 is the button
Seat 2: whitecillar3 ($102.72 in chips) is sitting out
Seat 4: xcinaz ($150.70 in chips) is sitting out
Seat 1: KOSEC510 ($100 in chips) 
Seat 3: XattexStomil ($100 in chips) 
Seat 6: janarr5 ($100.50 in chips) 
janarr5: posts small blind $0.50
KOSEC510: posts big blind $1
*** HOLE CARDS ***
XattexStomil: raises $1.50 to $2.50
janarr5: folds 
KOSEC510: folds 
Uncalled bet ($1.50) returned to XattexStomil
XattexStomil collected $2.50 from pot
XattexStomil: doesn't show hand 
janarr5 leaves the table
*** SUMMARY ***
Total pot $2.50 | Rake $0 
Seat 2: whitecillar3
Seat 4: xcinaz
Seat 1: KOSEC510 (big blind) folded before Flop
Seat 3: XattexStomil (button) collected ($2.50)
Seat 6: janarr5 (small blind) folded before Flop



PokerStars Hand #254244120687:  Hold'em No Limit ($0.50/$1.00 USD) - 2025/01/07 13:33:13 WET [2025/01/07 8:33:13 ET]
Table 'Tea II' 6-max Seat #1 is the button
Seat 2: whitecillar3 ($102.72 in chips) is sitting out
Seat 4: xcinaz ($150.70 in chips) is sitting out
Seat 1: KOSEC510 ($100 in chips) 
Seat 3: XattexStomil ($101.50 in chips) 
KOSEC510: posts small blind $0.50
XattexStomil: posts big blind $1
*** HOLE CARDS ***
KOSEC510: raises $1.40 to $2.40
XattexStomil: folds 
Uncalled bet ($1.40) returned to KOSEC510
KOSEC510 collected $2 from pot
KOSEC510: doesn't show hand 
*** SUMMARY ***
Total pot $2 | Rake $0 
Seat 2: whitecillar3
Seat 4: xcinaz
Seat 1: KOSEC510 (button) (small blind) collected ($2)
Seat 3: XattexStomil (big blind) folded before Flop



PokerStars Hand #254244122900:  Hold'em No Limit ($0.50/$1.00 USD) - 2025/01/07 13:33:26 WET [2025/01/07 8:33:26 ET]
Table 'Tea II' 6-max Seat #3 is the button
Seat 2: whitecillar3 ($102.72 in chips) is sitting out
Seat 4: xcinaz ($150.70 in chips) is sitting out
Seat 1: KOSEC510 ($101 in chips) 
Seat 3: XattexStomil ($100.50 in chips) 
XattexStomil: posts small blind $0.50
KOSEC510: posts big blind $1
*** HOLE CARDS ***
XattexStomil: folds 
Uncalled bet ($0.50) returned to KOSEC510
KOSEC510 collected $1 from pot
KOSEC510: doesn't show hand 
*** SUMMARY ***
Total pot $1 | Rake $0 
Seat 2: whitecillar3
Seat 4: xcinaz
Seat 1: KOSEC510 (big blind) collected ($1)
Seat 3: XattexStomil (button) (small blind) folded before Flop



