PokerStars Hand #254250738163:  Hold'em No Limit ($0.50/$1.00 USD) - 2025/01/07 20:28:57 WET [2025/01/07 15:28:57 ET]
Table 'Gerti II' 6-max Seat #5 is the button
Seat 4: BallerXOne ($100 in chips) is sitting out
Seat 1: xxxZeka ($100 in chips) 
Seat 3: Aescul@pius ($100 in chips) 
Seat 5: michasia ($100 in chips) 
xxxZeka: posts small blind $0.50
Aescul@pius: posts big blind $1
*** HOLE CARDS ***
michasia: folds 
xxxZeka: raises $2 to $3
Aescul@pius: calls $2
*** FLOP *** [5d Tc Th]
xxxZeka: checks 
Aescul@pius: checks 
*** TURN *** [5d Tc Th] [3d]
xxxZeka: bets $3
Aescul@pius: folds 
Uncalled bet ($3) returned to xxxZeka
xxxZeka collected $5.70 from pot
xxxZeka: doesn't show hand 
*** SUMMARY ***
Total pot $6 | Rake $0.30 
Board [5d Tc Th 3d]
Seat 4: BallerXOne
Seat 1: xxxZeka (small blind) collected ($5.70)
Seat 3: Aescul@pius (big blind) folded on the Turn
Seat 5: michasia (button) folded before Flop (didn't bet)



PokerStars Hand #254250751864:  Hold'em No Limit ($0.50/$1.00 USD) - 2025/01/07 20:29:38 WET [2025/01/07 15:29:38 ET]
Table 'Gerti II' 6-max Seat #1 is the button
Seat 4: BallerXOne ($100 in chips) is sitting out
Seat 1: xxxZeka ($102.70 in chips) 
Seat 3: Aescul@pius ($100 in chips) 
Seat 5: michasia ($100 in chips) 
Aescul@pius: posts small blind $0.50
michasia: posts big blind $1
*** HOLE CARDS ***
xxxZeka: raises $1.50 to $2.50
Aescul@pius: folds 
michasia: raises $9.50 to $12
xxxZeka: folds 
Uncalled bet ($9.50) returned to michasia
michasia collected $5.50 from pot
michasia: doesn't show hand 
*** SUMMARY ***
Total pot $5.50 | Rake $0 
Seat 4: BallerXOne
Seat 1: xxxZeka (button) folded before Flop
Seat 3: Aescul@pius (small blind) folded before Flop
Seat 5: michasia (big blind) collected ($5.50)



PokerStars Hand #254250760192:  Hold'em No Limit ($0.50/$1.00 USD) - 2025/01/07 20:30:03 WET [2025/01/07 15:30:03 ET]
Table 'Gerti II' 6-max Seat #5 is the button
Seat 1: xxxZeka ($100.20 in chips) is sitting out
Seat 4: BallerXOne ($100 in chips) is sitting out
Seat 3: Aescul@pius ($100 in chips) 
Seat 5: michasia ($103 in chips) 
michasia: posts small blind $0.50
xxxZeka: is sitting out 
Aescul@pius: posts big blind $1
*** HOLE CARDS ***
michasia: folds 
Uncalled bet ($0.50) returned to Aescul@pius
BenCampbel10 joins the table at seat #2 
Aescul@pius collected $1 from pot
Aescul@pius: doesn't show hand 
*** SUMMARY ***
Total pot $1 | Rake $0 
Seat 1: xxxZeka
Seat 4: BallerXOne
Seat 3: Aescul@pius (big blind) collected ($1)
Seat 5: michasia (button) (small blind) folded before Flop



PokerStars Hand #254250763428:  Hold'em No Limit ($0.50/$1.00 USD) - 2025/01/07 20:30:13 WET [2025/01/07 15:30:13 ET]
Table 'Gerti II' 6-max Seat #3 is the button
Seat 1: xxxZeka ($100.20 in chips) is sitting out
Seat 4: BallerXOne ($100 in chips) is sitting out
Seat 2: BenCampbel10 ($100 in chips) 
Seat 3: Aescul@pius ($100.50 in chips) 
Seat 5: michasia ($102.50 in chips) 
michasia: posts small blind $0.50
BenCampbel10 is connected 
BenCampbel10: posts big blind $1
*** HOLE CARDS ***
Aescul@pius: folds 
michasia: folds 
Uncalled bet ($0.50) returned to BenCampbel10
BenCampbel10 collected $1 from pot
*** SUMMARY ***
Total pot $1 | Rake $0 
Seat 1: xxxZeka
Seat 4: BallerXOne
Seat 2: BenCampbel10 (big blind) collected ($1)
Seat 3: Aescul@pius (button) folded before Flop (didn't bet)
Seat 5: michasia (small blind) folded before Flop



PokerStars Hand #254250767357:  Hold'em No Limit ($0.50/$1.00 USD) - 2025/01/07 20:30:25 WET [2025/01/07 15:30:25 ET]
Table 'Gerti II' 6-max Seat #5 is the button
Seat 1: xxxZeka ($100.20 in chips) is sitting out
Seat 4: BallerXOne ($100 in chips) is sitting out
Seat 2: BenCampbel10 ($100.50 in chips) 
Seat 3: Aescul@pius ($100.50 in chips) 
Seat 5: michasia ($102 in chips) 
BenCampbel10: posts small blind $0.50
Aescul@pius: posts big blind $1
BallerXOne: sits out 
*** HOLE CARDS ***
michasia: raises $1.80 to $2.80
BenCampbel10: folds 
Aescul@pius: calls $1.80
*** FLOP *** [Js 3d 8s]
Aescul@pius: checks 
michasia: bets $1.91
Aescul@pius: calls $1.91
*** TURN *** [Js 3d 8s] [7d]
Aescul@pius: checks 
michasia: bets $6.28
Aescul@pius: calls $6.28
*** RIVER *** [Js 3d 8s 7d] [5c]
Aescul@pius: checks 
michasia: bets $16.11
Aescul@pius: folds 
Uncalled bet ($16.11) returned to michasia
michasia collected $21.48 from pot
michasia: doesn't show hand 
*** SUMMARY ***
Total pot $22.48 | Rake $1 
Board [Js 3d 8s 7d 5c]
Seat 1: xxxZeka
Seat 4: BallerXOne
Seat 2: BenCampbel10 (small blind) folded before Flop
Seat 3: Aescul@pius (big blind) folded on the River
Seat 5: michasia (button) collected ($21.48)



PokerStars Hand #254250796022:  Hold'em No Limit ($0.50/$1.00 USD) - 2025/01/07 20:31:50 WET [2025/01/07 15:31:50 ET]
Table 'Gerti II' 6-max Seat #2 is the button
Seat 1: xxxZeka ($100.20 in chips) is sitting out
Seat 2: BenCampbel10 ($100 in chips) 
Seat 3: Aescul@pius ($100 in chips) 
Seat 4: BallerXOne ($100 in chips) 
Seat 5: michasia ($112.49 in chips) 
Aescul@pius: posts small blind $0.50
BallerXOne: posts big blind $1
*** HOLE CARDS ***
michasia: folds 
BenCampbel10: raises $1 to $2
michasia leaves the table
Aescul@pius: folds 
BallerXOne: folds 
Uncalled bet ($1) returned to BenCampbel10
BenCampbel10 collected $2.50 from pot
*** SUMMARY ***
Total pot $2.50 | Rake $0 
Seat 1: xxxZeka
Seat 2: BenCampbel10 (button) collected ($2.50)
Seat 3: Aescul@pius (small blind) folded before Flop
Seat 4: BallerXOne (big blind) folded before Flop
Seat 5: michasia folded before Flop (didn't bet)



PokerStars Hand #254250802049:  Hold'em No Limit ($0.50/$1.00 USD) - 2025/01/07 20:32:08 WET [2025/01/07 15:32:08 ET]
Table 'Gerti II' 6-max Seat #3 is the button
Seat 1: xxxZeka ($100.20 in chips) 
Seat 2: BenCampbel10 ($101.50 in chips) 
Seat 3: Aescul@pius ($100 in chips) 
Seat 4: BallerXOne ($100 in chips) 
BallerXOne: posts small blind $0.50
xxxZeka: posts big blind $1
*** HOLE CARDS ***
BenCampbel10: raises $1 to $2
Aescul@pius: folds 
BallerXOne: folds 
xxxZeka: calls $1
*** FLOP *** [Ks 6c Jd]
xxxZeka: checks 
BenCampbel10: bets $1
xxxZeka: calls $1
*** TURN *** [Ks 6c Jd] [6h]
xxxZeka: checks 
BenCampbel10: bets $3.09
xxxZeka: calls $3.09
*** RIVER *** [Ks 6c Jd 6h] [3d]
xxxZeka: checks 
BelSv joins the table at seat #6 
BenCampbel10: bets $16.87
xxxZeka: folds 
Uncalled bet ($16.87) returned to BenCampbel10
BenCampbel10 collected $12.05 from pot
*** SUMMARY ***
Total pot $12.68 | Rake $0.63 
Board [Ks 6c Jd 6h 3d]
Seat 1: xxxZeka (big blind) folded on the River
Seat 2: BenCampbel10 collected ($12.05)
Seat 3: Aescul@pius (button) folded before Flop (didn't bet)
Seat 4: BallerXOne (small blind) folded before Flop



PokerStars Hand #254250832250:  Hold'em No Limit ($0.50/$1.00 USD) - 2025/01/07 20:33:37 WET [2025/01/07 15:33:37 ET]
Table 'Gerti II' 6-max Seat #4 is the button
Seat 6: BelSv ($100 in chips) is sitting out
Seat 1: xxxZeka ($100 in chips) 
Seat 2: BenCampbel10 ($107.46 in chips) 
Seat 3: Aescul@pius ($100 in chips) 
Seat 4: BallerXOne ($100 in chips) 
xxxZeka: posts small blind $0.50
BenCampbel10: posts big blind $1
*** HOLE CARDS ***
Aescul@pius: folds 
BallerXOne: folds 
xxxZeka: folds 
Uncalled bet ($0.50) returned to BenCampbel10
BenCampbel10 collected $1 from pot
*** SUMMARY ***
Total pot $1 | Rake $0 
Seat 6: BelSv
Seat 1: xxxZeka (small blind) folded before Flop
Seat 2: BenCampbel10 (big blind) collected ($1)
Seat 3: Aescul@pius folded before Flop (didn't bet)
Seat 4: BallerXOne (button) folded before Flop (didn't bet)



PokerStars Hand #254250836515:  Hold'em No Limit ($0.50/$1.00 USD) - 2025/01/07 20:33:49 WET [2025/01/07 15:33:49 ET]
Table 'Gerti II' 6-max Seat #1 is the button
Seat 6: BelSv ($100 in chips) is sitting out
Seat 1: xxxZeka ($100 in chips) 
Seat 2: BenCampbel10 ($107.96 in chips) 
Seat 3: Aescul@pius ($100 in chips) 
Seat 4: BallerXOne ($100 in chips) 
BenCampbel10: posts small blind $0.50
Aescul@pius: posts big blind $1
BelSv: sits out 
*** HOLE CARDS ***
BallerXOne: folds 
xxxZeka: raises $1.50 to $2.50
BallerXOne leaves the table
BenCampbel10: folds 
Aescul@pius: calls $1.50
*** FLOP *** [6s 8h 2d]
Aescul@pius: checks 
petermcg2403 joins the table at seat #4 
petermcg2403 is disconnected 
xxxZeka: bets $1.72
steepfell joins the table at seat #5 
Aescul@pius: calls $1.72
*** TURN *** [6s 8h 2d] [9s]
Aescul@pius: checks 
xxxZeka: checks 
*** RIVER *** [6s 8h 2d 9s] [Jh]
Aescul@pius: checks 
xxxZeka: checks 
*** SHOW DOWN ***
Aescul@pius: shows [Td Ac] (high card Ace)
xxxZeka: shows [4c 4s] (a pair of Fours)
xxxZeka collected $8.49 from pot
*** SUMMARY ***
Total pot $8.94 | Rake $0.45 
Board [6s 8h 2d 9s Jh]
Seat 6: BelSv
Seat 1: xxxZeka (button) showed [4c 4s] and won ($8.49) with a pair of Fours
Seat 2: BenCampbel10 (small blind) folded before Flop
Seat 3: Aescul@pius (big blind) showed [Td Ac] and lost with high card Ace
Seat 4: BallerXOne folded before Flop (didn't bet)



PokerStars Hand #254250861976:  Hold'em No Limit ($0.50/$1.00 USD) - 2025/01/07 20:35:05 WET [2025/01/07 15:35:05 ET]
Table 'Gerti II' 6-max Seat #2 is the button
Seat 5: steepfell ($100 in chips) is sitting out
Seat 6: BelSv ($100 in chips) is sitting out
Seat 1: xxxZeka ($104.27 in chips) 
Seat 2: BenCampbel10 ($107.46 in chips) 
Seat 3: Aescul@pius ($100 in chips) 
Seat 4: petermcg2403 ($46.96 in chips) 
Aescul@pius: posts small blind $0.50
petermcg2403: posts big blind $1
steepfell: sits out 
BelSv: sits out 
*** HOLE CARDS ***
xxxZeka: raises $1.50 to $2.50
BenCampbel10: raises $5 to $7.50
Aescul@pius: folds 
petermcg2403: folds 
xxxZeka: raises $14.50 to $22
BenCampbel10: folds 
Uncalled bet ($14.50) returned to xxxZeka
xxxZeka collected $16.50 from pot
xxxZeka: doesn't show hand 
*** SUMMARY ***
Total pot $16.50 | Rake $0 
Seat 5: steepfell
Seat 6: BelSv
Seat 1: xxxZeka collected ($16.50)
Seat 2: BenCampbel10 (button) folded before Flop
Seat 3: Aescul@pius (small blind) folded before Flop
Seat 4: petermcg2403 (big blind) folded before Flop



PokerStars Hand #254250875043:  Hold'em No Limit ($0.50/$1.00 USD) - 2025/01/07 20:35:44 WET [2025/01/07 15:35:44 ET]
Table 'Gerti II' 6-max Seat #3 is the button
Seat 6: BelSv ($100 in chips) is sitting out
Seat 1: xxxZeka ($113.27 in chips) 
Seat 2: BenCampbel10 ($100 in chips) 
Seat 3: Aescul@pius ($100 in chips) 
Seat 4: petermcg2403 ($45.96 in chips) 
Seat 5: steepfell ($100 in chips) 
petermcg2403: posts small blind $0.50
steepfell: posts big blind $1
BelSv: sits out 
*** HOLE CARDS ***
xxxZeka: folds 
BenCampbel10: folds 
Aescul@pius: raises $1.50 to $2.50
petermcg2403: calls $2
steepfell: raises $10.50 to $13
Aescul@pius: calls $10.50
petermcg2403: calls $10.50
*** FLOP *** [2c 4h 6c]
petermcg2403: checks 
steepfell: checks 
Aescul@pius: bets $12.25
petermcg2403: raises $18.25 to $30.50
steepfell: folds 
Aescul@pius: raises $18.25 to $48.75
petermcg2403: calls $2.46 and is all-in
Uncalled bet ($15.79) returned to Aescul@pius
*** TURN *** [2c 4h 6c] [9d]
*** RIVER *** [2c 4h 6c 9d] [Kh]
*** SHOW DOWN ***
petermcg2403: shows [Th Js] (high card King)
Aescul@pius: shows [9c 9s] (three of a kind, Nines)
Aescul@pius collected $102.42 from pot
petermcg2403 cashed out the hand for $23.07 | Cash Out Fee $0.47
*** SUMMARY ***
Total pot $104.92 | Rake $2.50 
Board [2c 4h 6c 9d Kh]
Seat 6: BelSv
Seat 1: xxxZeka folded before Flop (didn't bet)
Seat 2: BenCampbel10 folded before Flop (didn't bet)
Seat 3: Aescul@pius (button) showed [9c 9s] and won ($102.42) with three of a kind, Nines
Seat 4: petermcg2403 (small blind) showed [Th Js] and lost with high card King (cashed out).
Seat 5: steepfell (big blind) folded on the Flop



PokerStars Hand #254250908342:  Hold'em No Limit ($0.50/$1.00 USD) - 2025/01/07 20:37:23 WET [2025/01/07 15:37:23 ET]
Table 'Gerti II' 6-max Seat #4 is the button
Seat 1: xxxZeka ($113.27 in chips) 
Seat 2: BenCampbel10 ($100 in chips) 
Seat 3: Aescul@pius ($156.46 in chips) 
Seat 4: petermcg2403 ($23.07 in chips) 
Seat 5: steepfell ($100 in chips) 
Seat 6: BelSv ($100 in chips) 
steepfell: posts small blind $0.50
BelSv: posts big blind $1
*** HOLE CARDS ***
xxxZeka: folds 
BenCampbel10: folds 
Aescul@pius: folds 
petermcg2403: calls $1
steepfell: folds 
BelSv: checks 
*** FLOP *** [Jc 7h Tc]
BelSv: checks 
petermcg2403: checks 
*** TURN *** [Jc 7h Tc] [9c]
BelSv: bets $1.19
petermcg2403: calls $1.19
*** RIVER *** [Jc 7h Tc 9c] [8c]
BelSv: bets $2.32
petermcg2403: calls $2.32
*** SHOW DOWN ***
BelSv: shows [Qd 6s] (a straight, Eight to Queen)
petermcg2403: mucks hand 
BelSv collected $9.04 from pot
*** SUMMARY ***
Total pot $9.52 | Rake $0.48 
Board [Jc 7h Tc 9c 8c]
Seat 1: xxxZeka folded before Flop (didn't bet)
Seat 2: BenCampbel10 folded before Flop (didn't bet)
Seat 3: Aescul@pius folded before Flop (didn't bet)
Seat 4: petermcg2403 (button) mucked
Seat 5: steepfell (small blind) folded before Flop
Seat 6: BelSv (big blind) showed [Qd 6s] and won ($9.04) with a straight, Eight to Queen



PokerStars Hand #254250929585:  Hold'em No Limit ($0.50/$1.00 USD) - 2025/01/07 20:38:27 WET [2025/01/07 15:38:27 ET]
Table 'Gerti II' 6-max Seat #5 is the button
Seat 1: xxxZeka ($113.27 in chips) 
Seat 2: BenCampbel10 ($100 in chips) 
Seat 3: Aescul@pius ($156.46 in chips) 
Seat 4: petermcg2403 ($18.56 in chips) 
Seat 5: steepfell ($100 in chips) 
Seat 6: BelSv ($104.53 in chips) 
BelSv: posts small blind $0.50
xxxZeka: posts big blind $1
*** HOLE CARDS ***
BenCampbel10: folds 
Aescul@pius: folds 
petermcg2403: calls $1
steepfell: folds 
BelSv: folds 
xxxZeka: checks 
*** FLOP *** [7d Ac Qs]
xxxZeka: checks 
petermcg2403: checks 
*** TURN *** [7d Ac Qs] [8h]
xxxZeka: checks 
petermcg2403: checks 
*** RIVER *** [7d Ac Qs 8h] [Ts]
xxxZeka: checks 
petermcg2403: checks 
*** SHOW DOWN ***
xxxZeka: shows [3h Kh] (high card Ace)
petermcg2403: shows [5h 8c] (a pair of Eights)
petermcg2403 collected $2.38 from pot
*** SUMMARY ***
Total pot $2.50 | Rake $0.12 
Board [7d Ac Qs 8h Ts]
Seat 1: xxxZeka (big blind) showed [3h Kh] and lost with high card Ace
Seat 2: BenCampbel10 folded before Flop (didn't bet)
Seat 3: Aescul@pius folded before Flop (didn't bet)
Seat 4: petermcg2403 showed [5h 8c] and won ($2.38) with a pair of Eights
Seat 5: steepfell (button) folded before Flop (didn't bet)
Seat 6: BelSv (small blind) folded before Flop



PokerStars Hand #254250943305:  Hold'em No Limit ($0.50/$1.00 USD) - 2025/01/07 20:39:08 WET [2025/01/07 15:39:08 ET]
Table 'Gerti II' 6-max Seat #6 is the button
Seat 1: xxxZeka ($112.27 in chips) 
Seat 2: BenCampbel10 ($100 in chips) 
Seat 3: Aescul@pius ($156.46 in chips) 
Seat 4: petermcg2403 ($19.94 in chips) 
Seat 5: steepfell ($100 in chips) 
Seat 6: BelSv ($104.03 in chips) 
xxxZeka: posts small blind $0.50
BenCampbel10: posts big blind $1
*** HOLE CARDS ***
Aescul@pius: folds 
petermcg2403: calls $1
steepfell: raises $9 to $10
BelSv: folds 
xxxZeka: folds 
BenCampbel10: folds 
petermcg2403: folds 
Uncalled bet ($9) returned to steepfell
steepfell collected $3.50 from pot
steepfell: doesn't show hand 
*** SUMMARY ***
Total pot $3.50 | Rake $0 
Seat 1: xxxZeka (small blind) folded before Flop
Seat 2: BenCampbel10 (big blind) folded before Flop
Seat 3: Aescul@pius folded before Flop (didn't bet)
Seat 4: petermcg2403 folded before Flop
Seat 5: steepfell collected ($3.50)
Seat 6: BelSv (button) folded before Flop (didn't bet)



PokerStars Hand #254250951621:  Hold'em No Limit ($0.50/$1.00 USD) - 2025/01/07 20:39:32 WET [2025/01/07 15:39:32 ET]
Table 'Gerti II' 6-max Seat #1 is the button
Seat 1: xxxZeka ($111.77 in chips) 
Seat 2: BenCampbel10 ($100 in chips) 
Seat 3: Aescul@pius ($156.46 in chips) 
Seat 4: petermcg2403 ($18.94 in chips) 
Seat 5: steepfell ($102.50 in chips) 
Seat 6: BelSv ($104.03 in chips) 
BenCampbel10: posts small blind $0.50
Aescul@pius: posts big blind $1
*** HOLE CARDS ***
petermcg2403: raises $1 to $2
steepfell: folds 
BelSv: folds 
xxxZeka: folds 
BenCampbel10: folds 
Aescul@pius: folds 
Uncalled bet ($1) returned to petermcg2403
petermcg2403 collected $2.50 from pot
*** SUMMARY ***
Total pot $2.50 | Rake $0 
Seat 1: xxxZeka (button) folded before Flop (didn't bet)
Seat 2: BenCampbel10 (small blind) folded before Flop
Seat 3: Aescul@pius (big blind) folded before Flop
Seat 4: petermcg2403 collected ($2.50)
Seat 5: steepfell folded before Flop (didn't bet)
Seat 6: BelSv folded before Flop (didn't bet)



PokerStars Hand #254250959000:  Hold'em No Limit ($0.50/$1.00 USD) - 2025/01/07 20:39:54 WET [2025/01/07 15:39:54 ET]
Table 'Gerti II' 6-max Seat #2 is the button
Seat 1: xxxZeka ($111.77 in chips) 
Seat 2: BenCampbel10 ($100 in chips) 
Seat 3: Aescul@pius ($155.46 in chips) 
Seat 4: petermcg2403 ($20.44 in chips) 
Seat 5: steepfell ($102.50 in chips) 
Seat 6: BelSv ($104.03 in chips) 
Aescul@pius: posts small blind $0.50
petermcg2403: posts big blind $1
*** HOLE CARDS ***
steepfell: folds 
BelSv: folds 
xxxZeka: folds 
BenCampbel10: raises $1 to $2
Aescul@pius: raises $9 to $11
petermcg2403: folds 
BenCampbel10: calls $9
*** FLOP *** [5s 4h 8h]
Aescul@pius: checks 
BenCampbel10: bets $5.70
Aescul@pius: folds 
Uncalled bet ($5.70) returned to BenCampbel10
BenCampbel10 collected $21.85 from pot
*** SUMMARY ***
Total pot $23 | Rake $1.15 
Board [5s 4h 8h]
Seat 1: xxxZeka folded before Flop (didn't bet)
Seat 2: BenCampbel10 (button) collected ($21.85)
Seat 3: Aescul@pius (small blind) folded on the Flop
Seat 4: petermcg2403 (big blind) folded before Flop
Seat 5: steepfell folded before Flop (didn't bet)
Seat 6: BelSv folded before Flop (didn't bet)



PokerStars Hand #254250986338:  Hold'em No Limit ($0.50/$1.00 USD) - 2025/01/07 20:41:15 WET [2025/01/07 15:41:15 ET]
Table 'Gerti II' 6-max Seat #3 is the button
Seat 1: xxxZeka ($111.77 in chips) 
Seat 2: BenCampbel10 ($110.85 in chips) 
Seat 3: Aescul@pius ($144.46 in chips) 
Seat 4: petermcg2403 ($19.44 in chips) 
Seat 5: steepfell ($102.50 in chips) 
Seat 6: BelSv ($104.03 in chips) 
petermcg2403: posts small blind $0.50
steepfell: posts big blind $1
*** HOLE CARDS ***
BelSv: folds 
xxxZeka: raises $1.50 to $2.50
BenCampbel10: raises $5 to $7.50
Aescul@pius: folds 
petermcg2403: folds 
steepfell: folds 
xxxZeka: folds 
Uncalled bet ($5) returned to BenCampbel10
BenCampbel10 collected $6.50 from pot
*** SUMMARY ***
Total pot $6.50 | Rake $0 
Seat 1: xxxZeka folded before Flop
Seat 2: BenCampbel10 collected ($6.50)
Seat 3: Aescul@pius (button) folded before Flop (didn't bet)
Seat 4: petermcg2403 (small blind) folded before Flop
Seat 5: steepfell (big blind) folded before Flop
Seat 6: BelSv folded before Flop (didn't bet)



PokerStars Hand #254250997663:  Hold'em No Limit ($0.50/$1.00 USD) - 2025/01/07 20:41:48 WET [2025/01/07 15:41:48 ET]
Table 'Gerti II' 6-max Seat #4 is the button
Seat 1: xxxZeka ($109.27 in chips) 
Seat 2: BenCampbel10 ($114.85 in chips) 
Seat 3: Aescul@pius ($144.46 in chips) 
Seat 4: petermcg2403 ($18.94 in chips) 
Seat 5: steepfell ($101.50 in chips) 
Seat 6: BelSv ($104.03 in chips) 
steepfell: posts small blind $0.50
BelSv: posts big blind $1
*** HOLE CARDS ***
xxxZeka: folds 
BenCampbel10: raises $1 to $2
Aescul@pius: folds 
petermcg2403: folds 
steepfell: folds 
BelSv: calls $1
*** FLOP *** [3h Jc 8h]
BelSv: checks 
BenCampbel10: bets $3.40
BelSv: folds 
Uncalled bet ($3.40) returned to BenCampbel10
BenCampbel10 collected $4.28 from pot
BenCampbel10: doesn't show hand 
*** SUMMARY ***
Total pot $4.50 | Rake $0.22 
Board [3h Jc 8h]
Seat 1: xxxZeka folded before Flop (didn't bet)
Seat 2: BenCampbel10 collected ($4.28)
Seat 3: Aescul@pius folded before Flop (didn't bet)
Seat 4: petermcg2403 (button) folded before Flop (didn't bet)
Seat 5: steepfell (small blind) folded before Flop
Seat 6: BelSv (big blind) folded on the Flop



PokerStars Hand #254251011820:  Hold'em No Limit ($0.50/$1.00 USD) - 2025/01/07 20:42:29 WET [2025/01/07 15:42:29 ET]
Table 'Gerti II' 6-max Seat #5 is the button
Seat 1: xxxZeka ($109.27 in chips) 
Seat 2: BenCampbel10 ($117.13 in chips) 
Seat 3: Aescul@pius ($144.46 in chips) 
Seat 4: petermcg2403 ($18.94 in chips) 
Seat 5: steepfell ($101 in chips) 
Seat 6: BelSv ($102.03 in chips) 
BelSv: posts small blind $0.50
xxxZeka: posts big blind $1
*** HOLE CARDS ***
BenCampbel10: folds 
Aescul@pius: folds 
petermcg2403: calls $1
steepfell: folds 
BelSv: folds 
xxxZeka: checks 
*** FLOP *** [Qc Kc 7d]
xxxZeka: checks 
petermcg2403: checks 
*** TURN *** [Qc Kc 7d] [Kh]
xxxZeka: checks 
petermcg2403: checks 
*** RIVER *** [Qc Kc 7d Kh] [5c]
xxxZeka: bets $2
petermcg2403: folds 
Uncalled bet ($2) returned to xxxZeka
xxxZeka collected $2.38 from pot
xxxZeka: doesn't show hand 
*** SUMMARY ***
Total pot $2.50 | Rake $0.12 
Board [Qc Kc 7d Kh 5c]
Seat 1: xxxZeka (big blind) collected ($2.38)
Seat 2: BenCampbel10 folded before Flop (didn't bet)
Seat 3: Aescul@pius folded before Flop (didn't bet)
Seat 4: petermcg2403 folded on the River
Seat 5: steepfell (button) folded before Flop (didn't bet)
Seat 6: BelSv (small blind) folded before Flop



PokerStars Hand #254251026058:  Hold'em No Limit ($0.50/$1.00 USD) - 2025/01/07 20:43:11 WET [2025/01/07 15:43:11 ET]
Table 'Gerti II' 6-max Seat #6 is the button
Seat 1: xxxZeka ($110.65 in chips) 
Seat 2: BenCampbel10 ($117.13 in chips) 
Seat 3: Aescul@pius ($144.46 in chips) 
Seat 4: petermcg2403 ($17.94 in chips) 
Seat 5: steepfell ($101 in chips) 
Seat 6: BelSv ($101.53 in chips) 
xxxZeka: posts small blind $0.50
BenCampbel10: posts big blind $1
*** HOLE CARDS ***
Aescul@pius: folds 
petermcg2403: calls $1
steepfell: folds 
BelSv: folds 
xxxZeka: folds 
BenCampbel10: checks 
*** FLOP *** [7s 7h Kh]
BenCampbel10: checks 
petermcg2403: checks 
*** TURN *** [7s 7h Kh] [9d]
BenCampbel10: bets $1.79
petermcg2403: folds 
Uncalled bet ($1.79) returned to BenCampbel10
BenCampbel10 collected $2.38 from pot
*** SUMMARY ***
Total pot $2.50 | Rake $0.12 
Board [7s 7h Kh 9d]
Seat 1: xxxZeka (small blind) folded before Flop
Seat 2: BenCampbel10 (big blind) collected ($2.38)
Seat 3: Aescul@pius folded before Flop (didn't bet)
Seat 4: petermcg2403 folded on the Turn
Seat 5: steepfell folded before Flop (didn't bet)
Seat 6: BelSv (button) folded before Flop (didn't bet)



PokerStars Hand #254251036367:  Hold'em No Limit ($0.50/$1.00 USD) - 2025/01/07 20:43:42 WET [2025/01/07 15:43:42 ET]
Table 'Gerti II' 6-max Seat #1 is the button
Seat 1: xxxZeka ($110.15 in chips) 
Seat 2: BenCampbel10 ($118.51 in chips) 
Seat 3: Aescul@pius ($144.46 in chips) 
Seat 4: petermcg2403 ($16.94 in chips) 
Seat 5: steepfell ($101 in chips) 
Seat 6: BelSv ($101.53 in chips) 
BenCampbel10: posts small blind $0.50
Aescul@pius: posts big blind $1
*** HOLE CARDS ***
petermcg2403: folds 
steepfell: folds 
BelSv: folds 
xxxZeka: folds 
BenCampbel10: raises $1.50 to $2.50
Aescul@pius: calls $1.50
*** FLOP *** [Qd 6c Jd]
BenCampbel10: bets $1.20
Aescul@pius: calls $1.20
*** TURN *** [Qd 6c Jd] [3h]
BenCampbel10: bets $1.80
Aescul@pius: calls $1.80
*** RIVER *** [Qd 6c Jd 3h] [6d]
BenCampbel10: bets $5.23
Aescul@pius: folds 
Uncalled bet ($5.23) returned to BenCampbel10
BenCampbel10 collected $10.45 from pot
*** SUMMARY ***
Total pot $11 | Rake $0.55 
Board [Qd 6c Jd 3h 6d]
Seat 1: xxxZeka (button) folded before Flop (didn't bet)
Seat 2: BenCampbel10 (small blind) collected ($10.45)
Seat 3: Aescul@pius (big blind) folded on the River
Seat 4: petermcg2403 folded before Flop (didn't bet)
Seat 5: steepfell folded before Flop (didn't bet)
Seat 6: BelSv folded before Flop (didn't bet)



PokerStars Hand #254251071134:  Hold'em No Limit ($0.50/$1.00 USD) - 2025/01/07 20:45:26 WET [2025/01/07 15:45:26 ET]
Table 'Gerti II' 6-max Seat #2 is the button
Seat 1: xxxZeka ($110.15 in chips) 
Seat 2: BenCampbel10 ($123.46 in chips) 
Seat 3: Aescul@pius ($138.96 in chips) 
Seat 4: petermcg2403 ($16.94 in chips) 
Seat 5: steepfell ($101 in chips) 
Seat 6: BelSv ($101.53 in chips) 
Aescul@pius: posts small blind $0.50
petermcg2403: posts big blind $1
*** HOLE CARDS ***
steepfell: raises $1.50 to $2.50
BelSv: folds 
xxxZeka: folds 
BenCampbel10: folds 
Aescul@pius: folds 
petermcg2403: calls $1.50
*** FLOP *** [4d Ad Ts]
petermcg2403: checks 
steepfell: bets $2.61
petermcg2403: folds 
Uncalled bet ($2.61) returned to steepfell
steepfell collected $5.22 from pot
steepfell: doesn't show hand 
*** SUMMARY ***
Total pot $5.50 | Rake $0.28 
Board [4d Ad Ts]
Seat 1: xxxZeka folded before Flop (didn't bet)
Seat 2: BenCampbel10 (button) folded before Flop (didn't bet)
Seat 3: Aescul@pius (small blind) folded before Flop
Seat 4: petermcg2403 (big blind) folded on the Flop
Seat 5: steepfell collected ($5.22)
Seat 6: BelSv folded before Flop (didn't bet)



PokerStars Hand #254251081670:  Hold'em No Limit ($0.50/$1.00 USD) - 2025/01/07 20:45:57 WET [2025/01/07 15:45:57 ET]
Table 'Gerti II' 6-max Seat #3 is the button
Seat 1: xxxZeka ($110.15 in chips) 
Seat 2: BenCampbel10 ($123.46 in chips) 
Seat 3: Aescul@pius ($138.46 in chips) 
Seat 4: petermcg2403 ($14.44 in chips) 
Seat 5: steepfell ($103.72 in chips) 
Seat 6: BelSv ($101.53 in chips) 
petermcg2403: posts small blind $0.50
steepfell: posts big blind $1
*** HOLE CARDS ***
BelSv: folds 
xxxZeka: folds 
BenCampbel10: folds 
Aescul@pius: folds 
petermcg2403: calls $0.50
steepfell: raises $7 to $8
petermcg2403: calls $7
*** FLOP *** [7d 8d 7s]
petermcg2403: bets $6.44 and is all-in
steepfell: calls $6.44
*** TURN *** [7d 8d 7s] [Ah]
*** RIVER *** [7d 8d 7s Ah] [5h]
*** SHOW DOWN ***
petermcg2403: shows [6h Ac] (two pair, Aces and Sevens)
steepfell: shows [Tc Td] (two pair, Tens and Sevens)
petermcg2403 collected $27.44 from pot
*** SUMMARY ***
Total pot $28.88 | Rake $1.44 
Board [7d 8d 7s Ah 5h]
Seat 1: xxxZeka folded before Flop (didn't bet)
Seat 2: BenCampbel10 folded before Flop (didn't bet)
Seat 3: Aescul@pius (button) folded before Flop (didn't bet)
Seat 4: petermcg2403 (small blind) showed [6h Ac] and won ($27.44) with two pair, Aces and Sevens
Seat 5: steepfell (big blind) showed [Tc Td] and lost with two pair, Tens and Sevens
Seat 6: BelSv folded before Flop (didn't bet)



PokerStars Hand #254251093089:  Hold'em No Limit ($0.50/$1.00 USD) - 2025/01/07 20:46:31 WET [2025/01/07 15:46:31 ET]
Table 'Gerti II' 6-max Seat #4 is the button
Seat 1: xxxZeka ($110.15 in chips) 
Seat 2: BenCampbel10 ($123.46 in chips) 
Seat 3: Aescul@pius ($138.46 in chips) 
Seat 4: petermcg2403 ($27.44 in chips) 
Seat 5: steepfell ($100 in chips) 
Seat 6: BelSv ($101.53 in chips) 
steepfell: posts small blind $0.50
BelSv: posts big blind $1
*** HOLE CARDS ***
xxxZeka: folds 
BenCampbel10: raises $1 to $2
Aescul@pius: folds 
petermcg2403: calls $2
steepfell: folds 
BelSv: calls $1
*** FLOP *** [4d 2s 8d]
BelSv: checks 
BenCampbel10: checks 
petermcg2403: checks 
*** TURN *** [4d 2s 8d] [Ad]
BelSv: checks 
BenCampbel10: checks 
petermcg2403: checks 
*** RIVER *** [4d 2s 8d Ad] [5h]
BelSv: checks 
BenCampbel10: bets $3.09
petermcg2403: raises $3.09 to $6.18
BelSv: folds 
BenCampbel10: folds 
Uncalled bet ($3.09) returned to petermcg2403
petermcg2403 collected $12.05 from pot
*** SUMMARY ***
Total pot $12.68 | Rake $0.63 
Board [4d 2s 8d Ad 5h]
Seat 1: xxxZeka folded before Flop (didn't bet)
Seat 2: BenCampbel10 folded on the River
Seat 3: Aescul@pius folded before Flop (didn't bet)
Seat 4: petermcg2403 (button) collected ($12.05)
Seat 5: steepfell (small blind) folded before Flop
Seat 6: BelSv (big blind) folded on the River



PokerStars Hand #254251117234:  Hold'em No Limit ($0.50/$1.00 USD) - 2025/01/07 20:47:43 WET [2025/01/07 15:47:43 ET]
Table 'Gerti II' 6-max Seat #5 is the button
Seat 1: xxxZeka ($110.15 in chips) 
Seat 2: BenCampbel10 ($118.37 in chips) 
Seat 3: Aescul@pius ($138.46 in chips) 
Seat 4: petermcg2403 ($34.40 in chips) 
Seat 5: steepfell ($100 in chips) 
Seat 6: BelSv ($100 in chips) 
BelSv: posts small blind $0.50
xxxZeka: posts big blind $1
*** HOLE CARDS ***
BenCampbel10: folds 
Aescul@pius: folds 
petermcg2403: calls $1
steepfell: folds 
BelSv: folds 
xxxZeka: raises $4 to $5
petermcg2403: calls $4
*** FLOP *** [8c Kc 7s]
xxxZeka: checks 
petermcg2403: bets $5
xxxZeka: folds 
Uncalled bet ($5) returned to petermcg2403
petermcg2403 collected $9.98 from pot
*** SUMMARY ***
Total pot $10.50 | Rake $0.52 
Board [8c Kc 7s]
Seat 1: xxxZeka (big blind) folded on the Flop
Seat 2: BenCampbel10 folded before Flop (didn't bet)
Seat 3: Aescul@pius folded before Flop (didn't bet)
Seat 4: petermcg2403 collected ($9.98)
Seat 5: steepfell (button) folded before Flop (didn't bet)
Seat 6: BelSv (small blind) folded before Flop



PokerStars Hand #254251147045:  Hold'em No Limit ($0.50/$1.00 USD) - 2025/01/07 20:49:12 WET [2025/01/07 15:49:12 ET]
Table 'Gerti II' 6-max Seat #6 is the button
Seat 1: xxxZeka ($105.15 in chips) 
Seat 2: BenCampbel10 ($118.37 in chips) 
Seat 3: Aescul@pius ($138.46 in chips) 
Seat 4: petermcg2403 ($39.38 in chips) 
Seat 5: steepfell ($100 in chips) 
Seat 6: BelSv ($100 in chips) 
xxxZeka: posts small blind $0.50
BenCampbel10: posts big blind $1
*** HOLE CARDS ***
Aescul@pius: folds 
petermcg2403: calls $1
steepfell: folds 
BelSv: raises $2.50 to $3.50
xxxZeka: folds 
BenCampbel10: folds 
petermcg2403: folds 
Uncalled bet ($2.50) returned to BelSv
BelSv collected $3.50 from pot
BelSv: doesn't show hand 
*** SUMMARY ***
Total pot $3.50 | Rake $0 
Seat 1: xxxZeka (small blind) folded before Flop
Seat 2: BenCampbel10 (big blind) folded before Flop
Seat 3: Aescul@pius folded before Flop (didn't bet)
Seat 4: petermcg2403 folded before Flop
Seat 5: steepfell folded before Flop (didn't bet)
Seat 6: BelSv (button) collected ($3.50)



PokerStars Hand #254251155813:  Hold'em No Limit ($0.50/$1.00 USD) - 2025/01/07 20:49:38 WET [2025/01/07 15:49:38 ET]
Table 'Gerti II' 6-max Seat #1 is the button
Seat 1: xxxZeka ($104.65 in chips) 
Seat 2: BenCampbel10 ($117.37 in chips) 
Seat 3: Aescul@pius ($138.46 in chips) 
Seat 4: petermcg2403 ($38.38 in chips) 
Seat 5: steepfell ($100 in chips) 
Seat 6: BelSv ($102.50 in chips) 
BenCampbel10: posts small blind $0.50
Aescul@pius: posts big blind $1
*** HOLE CARDS ***
petermcg2403: calls $1
steepfell: folds 
BelSv: folds 
xxxZeka: folds 
BenCampbel10: folds 
Aescul@pius: checks 
*** FLOP *** [5h Jh Qh]
Aescul@pius: checks 
petermcg2403: bets $2
Aescul@pius: folds 
Uncalled bet ($2) returned to petermcg2403
petermcg2403 collected $2.38 from pot
*** SUMMARY ***
Total pot $2.50 | Rake $0.12 
Board [5h Jh Qh]
Seat 1: xxxZeka (button) folded before Flop (didn't bet)
Seat 2: BenCampbel10 (small blind) folded before Flop
Seat 3: Aescul@pius (big blind) folded on the Flop
Seat 4: petermcg2403 collected ($2.38)
Seat 5: steepfell folded before Flop (didn't bet)
Seat 6: BelSv folded before Flop (didn't bet)



PokerStars Hand #254251170900:  Hold'em No Limit ($0.50/$1.00 USD) - 2025/01/07 20:50:23 WET [2025/01/07 15:50:23 ET]
Table 'Gerti II' 6-max Seat #2 is the button
Seat 1: xxxZeka ($104.65 in chips) is sitting out
Seat 2: BenCampbel10 ($116.87 in chips) 
Seat 3: Aescul@pius ($137.46 in chips) 
Seat 4: petermcg2403 ($39.76 in chips) 
Seat 5: steepfell ($100 in chips) 
Seat 6: BelSv ($102.50 in chips) 
Aescul@pius: posts small blind $0.50
petermcg2403: posts big blind $1
*** HOLE CARDS ***
steepfell: folds 
BelSv: raises $1.25 to $2.25
BenCampbel10: folds 
Aescul@pius: calls $1.75
petermcg2403: calls $1.25
*** FLOP *** [2d 2c As]
Aescul@pius: checks 
petermcg2403: checks 
BelSv: checks 
*** TURN *** [2d 2c As] [Ad]
Aescul@pius: checks 
petermcg2403: checks 
BelSv: checks 
*** RIVER *** [2d 2c As Ad] [Jh]
Aescul@pius: checks 
petermcg2403: checks 
BelSv: bets $4.81
Aescul@pius: folds 
petermcg2403: folds 
Uncalled bet ($4.81) returned to BelSv
BelSv collected $6.41 from pot
BelSv: doesn't show hand 
*** SUMMARY ***
Total pot $6.75 | Rake $0.34 
Board [2d 2c As Ad Jh]
Seat 1: xxxZeka
Seat 2: BenCampbel10 (button) folded before Flop (didn't bet)
Seat 3: Aescul@pius (small blind) folded on the River
Seat 4: petermcg2403 (big blind) folded on the River
Seat 5: steepfell folded before Flop (didn't bet)
Seat 6: BelSv collected ($6.41)



PokerStars Hand #254251198852:  Hold'em No Limit ($0.50/$1.00 USD) - 2025/01/07 20:51:45 WET [2025/01/07 15:51:45 ET]
Table 'Gerti II' 6-max Seat #3 is the button
Seat 1: xxxZeka ($104.65 in chips) is sitting out
Seat 2: BenCampbel10 ($116.87 in chips) 
Seat 3: Aescul@pius ($135.21 in chips) 
Seat 4: petermcg2403 ($37.51 in chips) 
Seat 5: steepfell ($100 in chips) 
Seat 6: BelSv ($106.66 in chips) 
petermcg2403: posts small blind $0.50
steepfell: posts big blind $1
*** HOLE CARDS ***
BelSv: folds 
BenCampbel10: folds 
Aescul@pius: folds 
petermcg2403: calls $0.50
steepfell: checks 
*** FLOP *** [Jh Td Kd]
petermcg2403: checks 
steepfell: bets $1.43
petermcg2403: calls $1.43
*** TURN *** [Jh Td Kd] [2c]
petermcg2403: checks 
steepfell: bets $3.47
petermcg2403: calls $3.47
*** RIVER *** [Jh Td Kd 2c] [As]
petermcg2403: bets $5
steepfell: folds 
Uncalled bet ($5) returned to petermcg2403
petermcg2403 collected $11.21 from pot
*** SUMMARY ***
Total pot $11.80 | Rake $0.59 
Board [Jh Td Kd 2c As]
Seat 1: xxxZeka
Seat 2: BenCampbel10 folded before Flop (didn't bet)
Seat 3: Aescul@pius (button) folded before Flop (didn't bet)
Seat 4: petermcg2403 (small blind) collected ($11.21)
Seat 5: steepfell (big blind) folded on the River
Seat 6: BelSv folded before Flop (didn't bet)



PokerStars Hand #254251216603:  Hold'em No Limit ($0.50/$1.00 USD) - 2025/01/07 20:52:37 WET [2025/01/07 15:52:37 ET]
Table 'Gerti II' 6-max Seat #4 is the button
Seat 1: xxxZeka ($104.65 in chips) is sitting out
Seat 2: BenCampbel10 ($116.87 in chips) 
Seat 3: Aescul@pius ($135.21 in chips) 
Seat 4: petermcg2403 ($42.82 in chips) 
Seat 5: steepfell ($100 in chips) 
Seat 6: BelSv ($106.66 in chips) 
steepfell: posts small blind $0.50
BelSv: posts big blind $1
*** HOLE CARDS ***
BenCampbel10: folds 
Aescul@pius: raises $1.20 to $2.20
petermcg2403: calls $2.20
steepfell: folds 
BelSv: folds 
*** FLOP *** [Kh Ah 3d]
Aescul@pius: checks 
petermcg2403: bets $3
Aescul@pius: calls $3
*** TURN *** [Kh Ah 3d] [7h]
Aescul@pius: checks 
petermcg2403: bets $4
Aescul@pius: folds 
Uncalled bet ($4) returned to petermcg2403
petermcg2403 collected $11.30 from pot
*** SUMMARY ***
Total pot $11.90 | Rake $0.60 
Board [Kh Ah 3d 7h]
Seat 1: xxxZeka
Seat 2: BenCampbel10 folded before Flop (didn't bet)
Seat 3: Aescul@pius folded on the Turn
Seat 4: petermcg2403 (button) collected ($11.30)
Seat 5: steepfell (small blind) folded before Flop
Seat 6: BelSv (big blind) folded before Flop



PokerStars Hand #254251227645:  Hold'em No Limit ($0.50/$1.00 USD) - 2025/01/07 20:53:10 WET [2025/01/07 15:53:10 ET]
Table 'Gerti II' 6-max Seat #5 is the button
Seat 1: xxxZeka ($104.65 in chips) 
Seat 2: BenCampbel10 ($116.87 in chips) 
Seat 3: Aescul@pius ($130.01 in chips) 
Seat 4: petermcg2403 ($48.92 in chips) 
Seat 5: steepfell ($100 in chips) 
Seat 6: BelSv ($105.66 in chips) 
BelSv: posts small blind $0.50
xxxZeka: posts big blind $1
*** HOLE CARDS ***
BenCampbel10: folds 
Aescul@pius: folds 
petermcg2403: raises $1 to $2
steepfell: raises $5 to $7
BelSv: folds 
xxxZeka: folds 
petermcg2403: calls $5
*** FLOP *** [9c 7d 5h]
petermcg2403: bets $11
steepfell: folds 
Uncalled bet ($11) returned to petermcg2403
petermcg2403 collected $14.72 from pot
*** SUMMARY ***
Total pot $15.50 | Rake $0.78 
Board [9c 7d 5h]
Seat 1: xxxZeka (big blind) folded before Flop
Seat 2: BenCampbel10 folded before Flop (didn't bet)
Seat 3: Aescul@pius folded before Flop (didn't bet)
Seat 4: petermcg2403 collected ($14.72)
Seat 5: steepfell (button) folded on the Flop
Seat 6: BelSv (small blind) folded before Flop



PokerStars Hand #254251242154:  Hold'em No Limit ($0.50/$1.00 USD) - 2025/01/07 20:53:53 WET [2025/01/07 15:53:53 ET]
Table 'Gerti II' 6-max Seat #6 is the button
Seat 1: xxxZeka ($103.65 in chips) 
Seat 2: BenCampbel10 ($116.87 in chips) 
Seat 3: Aescul@pius ($130.01 in chips) 
Seat 4: petermcg2403 ($56.64 in chips) 
Seat 5: steepfell ($100 in chips) 
Seat 6: BelSv ($105.16 in chips) 
xxxZeka: posts small blind $0.50
BenCampbel10: posts big blind $1
*** HOLE CARDS ***
Aescul@pius: folds 
petermcg2403: calls $1
steepfell: folds 
BelSv: folds 
xxxZeka: raises $4 to $5
BenCampbel10: calls $4
petermcg2403: folds 
*** FLOP *** [Qh 5h 3h]
xxxZeka: bets $3.45
BenCampbel10: folds 
Uncalled bet ($3.45) returned to xxxZeka
xxxZeka collected $10.45 from pot
xxxZeka: doesn't show hand 
*** SUMMARY ***
Total pot $11 | Rake $0.55 
Board [Qh 5h 3h]
Seat 1: xxxZeka (small blind) collected ($10.45)
Seat 2: BenCampbel10 (big blind) folded on the Flop
Seat 3: Aescul@pius folded before Flop (didn't bet)
Seat 4: petermcg2403 folded before Flop
Seat 5: steepfell folded before Flop (didn't bet)
Seat 6: BelSv (button) folded before Flop (didn't bet)



PokerStars Hand #254251262563:  Hold'em No Limit ($0.50/$1.00 USD) - 2025/01/07 20:54:53 WET [2025/01/07 15:54:53 ET]
Table 'Gerti II' 6-max Seat #1 is the button
Seat 1: xxxZeka ($109.10 in chips) 
Seat 2: BenCampbel10 ($111.87 in chips) 
Seat 3: Aescul@pius ($130.01 in chips) 
Seat 4: petermcg2403 ($55.64 in chips) 
Seat 5: steepfell ($100 in chips) 
Seat 6: BelSv ($105.16 in chips) 
BenCampbel10: posts small blind $0.50
Aescul@pius: posts big blind $1
*** HOLE CARDS ***
petermcg2403: calls $1
steepfell: raises $3 to $4
BelSv: folds 
xxxZeka: folds 
BenCampbel10: folds 
Aescul@pius: folds 
petermcg2403: folds 
Uncalled bet ($3) returned to steepfell
steepfell collected $3.50 from pot
steepfell: doesn't show hand 
*** SUMMARY ***
Total pot $3.50 | Rake $0 
Seat 1: xxxZeka (button) folded before Flop (didn't bet)
Seat 2: BenCampbel10 (small blind) folded before Flop
Seat 3: Aescul@pius (big blind) folded before Flop
Seat 4: petermcg2403 folded before Flop
Seat 5: steepfell collected ($3.50)
Seat 6: BelSv folded before Flop (didn't bet)



PokerStars Hand #254251270115:  Hold'em No Limit ($0.50/$1.00 USD) - 2025/01/07 20:55:19 WET [2025/01/07 15:55:19 ET]
Table 'Gerti II' 6-max Seat #2 is the button
Seat 1: xxxZeka ($109.10 in chips) 
Seat 2: BenCampbel10 ($111.37 in chips) 
Seat 3: Aescul@pius ($129.01 in chips) 
Seat 4: petermcg2403 ($54.64 in chips) 
Seat 5: steepfell ($102.50 in chips) 
Seat 6: BelSv ($105.16 in chips) 
Aescul@pius: posts small blind $0.50
petermcg2403: posts big blind $1
*** HOLE CARDS ***
steepfell: folds 
BelSv: folds 
xxxZeka: raises $1.50 to $2.50
BenCampbel10: calls $2.50
Aescul@pius: folds 
petermcg2403: calls $1.50
*** FLOP *** [4d 8d Qh]
petermcg2403: checks 
xxxZeka: checks 
BenCampbel10: checks 
*** TURN *** [4d 8d Qh] [Td]
petermcg2403: checks 
xxxZeka: bets $5
BenCampbel10: folds 
petermcg2403: raises $5 to $10
xxxZeka: folds 
Uncalled bet ($5) returned to petermcg2403
petermcg2403 collected $17.10 from pot
*** SUMMARY ***
Total pot $18 | Rake $0.90 
Board [4d 8d Qh Td]
Seat 1: xxxZeka folded on the Turn
Seat 2: BenCampbel10 (button) folded on the Turn
Seat 3: Aescul@pius (small blind) folded before Flop
Seat 4: petermcg2403 (big blind) collected ($17.10)
Seat 5: steepfell folded before Flop (didn't bet)
Seat 6: BelSv folded before Flop (didn't bet)



PokerStars Hand #254251292765:  Hold'em No Limit ($0.50/$1.00 USD) - 2025/01/07 20:56:57 WET [2025/01/07 15:56:57 ET]
Table 'Gerti II' 6-max Seat #3 is the button
Seat 1: xxxZeka ($101.60 in chips) 
Seat 2: BenCampbel10 ($108.87 in chips) 
Seat 3: Aescul@pius ($128.51 in chips) 
Seat 4: petermcg2403 ($64.24 in chips) 
Seat 5: steepfell ($102.50 in chips) 
Seat 6: BelSv ($105.16 in chips) 
petermcg2403: posts small blind $0.50
steepfell: posts big blind $1
*** HOLE CARDS ***
BelSv: folds 
xxxZeka: folds 
BenCampbel10: folds 
Aescul@pius: folds 
petermcg2403: calls $0.50
steepfell: checks 
*** FLOP *** [3s 3h Jd]
petermcg2403: checks 
steepfell: checks 
*** TURN *** [3s 3h Jd] [9s]
petermcg2403: checks 
steepfell: checks 
*** RIVER *** [3s 3h Jd 9s] [Ac]
petermcg2403: checks 
steepfell: checks 
*** SHOW DOWN ***
petermcg2403: shows [6d Qh] (a pair of Threes)
steepfell: mucks hand 
petermcg2403 collected $1.90 from pot
*** SUMMARY ***
Total pot $2 | Rake $0.10 
Board [3s 3h Jd 9s Ac]
Seat 1: xxxZeka folded before Flop (didn't bet)
Seat 2: BenCampbel10 folded before Flop (didn't bet)
Seat 3: Aescul@pius (button) folded before Flop (didn't bet)
Seat 4: petermcg2403 (small blind) showed [6d Qh] and won ($1.90) with a pair of Threes
Seat 5: steepfell (big blind) mucked
Seat 6: BelSv folded before Flop (didn't bet)



PokerStars Hand #254251302435:  Hold'em No Limit ($0.50/$1.00 USD) - 2025/01/07 20:57:38 WET [2025/01/07 15:57:38 ET]
Table 'Gerti II' 6-max Seat #4 is the button
Seat 1: xxxZeka ($101.60 in chips) 
Seat 2: BenCampbel10 ($108.87 in chips) 
Seat 3: Aescul@pius ($128.51 in chips) 
Seat 4: petermcg2403 ($65.14 in chips) 
Seat 5: steepfell ($101.50 in chips) 
Seat 6: BelSv ($105.16 in chips) 
steepfell: posts small blind $0.50
BelSv: posts big blind $1
*** HOLE CARDS ***
xxxZeka: folds 
BenCampbel10: folds 
Aescul@pius: folds 
petermcg2403: calls $1
steepfell: folds 
BelSv: checks 
*** FLOP *** [9d 7h Kd]
BelSv: checks 
petermcg2403: bets $2
BelSv: folds 
Uncalled bet ($2) returned to petermcg2403
petermcg2403 collected $2.38 from pot
*** SUMMARY ***
Total pot $2.50 | Rake $0.12 
Board [9d 7h Kd]
Seat 1: xxxZeka folded before Flop (didn't bet)
Seat 2: BenCampbel10 folded before Flop (didn't bet)
Seat 3: Aescul@pius folded before Flop (didn't bet)
Seat 4: petermcg2403 (button) collected ($2.38)
Seat 5: steepfell (small blind) folded before Flop
Seat 6: BelSv (big blind) folded on the Flop



PokerStars Hand #254251364953:  Hold'em No Limit ($0.50/$1.00 USD) - 2025/01/07 21:01:45 WET [2025/01/07 16:01:45 ET]
Table 'Gerti II' 6-max Seat #3 is the button
Seat 4: petermcg2403 ($0 in chips) is sitting out
Seat 6: BelSv ($100 in chips) is sitting out
Seat 1: xxxZeka ($102.60 in chips) 
Seat 2: BenCampbel10 ($107.37 in chips) 
Seat 3: Aescul@pius ($187.03 in chips) 
Seat 5: steepfell ($116.82 in chips) 
steepfell: posts small blind $0.50
BelSv: is sitting out 
xxxZeka: posts big blind $1
*** HOLE CARDS ***
BenCampbel10: raises $1 to $2
Aescul@pius: folds 
steepfell: folds 
BelSv leaves the table
xxxZeka: folds 
Uncalled bet ($1) returned to BenCampbel10
BenCampbel10 collected $2.50 from pot
BenCampbel10: doesn't show hand 
*** SUMMARY ***
Total pot $2.50 | Rake $0 
Seat 4: petermcg2403
Seat 6: BelSv
Seat 1: xxxZeka (big blind) folded before Flop
Seat 2: BenCampbel10 collected ($2.50)
Seat 3: Aescul@pius (button) folded before Flop (didn't bet)
Seat 5: steepfell (small blind) folded before Flop



PokerStars Hand #254251369809:  Hold'em No Limit ($0.50/$1.00 USD) - 2025/01/07 21:01:59 WET [2025/01/07 16:01:59 ET]
Table 'Gerti II' 6-max Seat #5 is the button
Seat 4: petermcg2403 ($0 in chips) is sitting out
Seat 1: xxxZeka ($101.60 in chips) 
Seat 2: BenCampbel10 ($108.87 in chips) 
Seat 3: Aescul@pius ($187.03 in chips) 
Seat 5: steepfell ($116.32 in chips) 
xxxZeka: posts small blind $0.50
BenCampbel10: posts big blind $1
*** HOLE CARDS ***
Aescul@pius: folds 
steepfell: raises $1.50 to $2.50
xxxZeka: raises $8.50 to $11
BenCampbel10: folds 
XneferX joins the table at seat #6 
steepfell: calls $8.50
*** FLOP *** [2c 3c 2h]
xxxZeka: bets $7
steepfell: calls $7
*** TURN *** [2c 3c 2h] [2d]
xxxZeka: bets $20
steepfell: calls $20
*** RIVER *** [2c 3c 2h 2d] [Td]
xxxZeka: checks 
steepfell: checks 
*** SHOW DOWN ***
xxxZeka: shows [8h 8c] (a full house, Deuces full of Eights)
steepfell: mucks hand 
xxxZeka collected $76 from pot
*** SUMMARY ***
Total pot $77 | Rake $1 
Board [2c 3c 2h 2d Td]
Seat 4: petermcg2403
Seat 1: xxxZeka (small blind) showed [8h 8c] and won ($76) with a full house, Deuces full of Eights
Seat 2: BenCampbel10 (big blind) folded before Flop
Seat 3: Aescul@pius folded before Flop (didn't bet)
Seat 5: steepfell (button) mucked



PokerStars Hand #254251393808:  Hold'em No Limit ($0.50/$1.00 USD) - 2025/01/07 21:03:14 WET [2025/01/07 16:03:14 ET]
Table 'Gerti II' 6-max Seat #1 is the button
Seat 6: XneferX ($100 in chips) is sitting out
Seat 1: xxxZeka ($139.60 in chips) 
Seat 2: BenCampbel10 ($107.87 in chips) 
Seat 3: Aescul@pius ($187.03 in chips) 
Seat 4: petermcg2403 ($48.42 in chips) 
Seat 5: steepfell ($100 in chips) 
BenCampbel10: posts small blind $0.50
Aescul@pius: posts big blind $1
petermcg2403: posts small blind $0.50
XneferX: sits out 
*** HOLE CARDS ***
petermcg2403: calls $1
steepfell: folds 
xxxZeka: raises $3 to $4
BenCampbel10: folds 
Aescul@pius: folds 
petermcg2403: calls $3
*** FLOP *** [7d 5s 5c]
petermcg2403: checks 
xxxZeka: bets $3
petermcg2403: folds 
Uncalled bet ($3) returned to xxxZeka
xxxZeka collected $9.50 from pot
xxxZeka: doesn't show hand 
*** SUMMARY ***
Total pot $10 | Rake $0.50 
Board [7d 5s 5c]
Seat 6: XneferX
Seat 1: xxxZeka (button) collected ($9.50)
Seat 2: BenCampbel10 (small blind) folded before Flop
Seat 3: Aescul@pius (big blind) folded before Flop
Seat 4: petermcg2403 folded on the Flop
Seat 5: steepfell folded before Flop (didn't bet)



PokerStars Hand #254251403532:  Hold'em No Limit ($0.50/$1.00 USD) - 2025/01/07 21:03:43 WET [2025/01/07 16:03:43 ET]
Table 'Gerti II' 6-max Seat #2 is the button
Seat 6: XneferX ($100 in chips) is sitting out
Seat 1: xxxZeka ($145.10 in chips) 
Seat 2: BenCampbel10 ($107.37 in chips) 
Seat 3: Aescul@pius ($186.03 in chips) 
Seat 4: petermcg2403 ($43.92 in chips) 
Seat 5: steepfell ($100 in chips) 
Aescul@pius: posts small blind $0.50
petermcg2403: posts big blind $1
XneferX: sits out 
*** HOLE CARDS ***
steepfell: folds 
xxxZeka: folds 
BenCampbel10: raises $1 to $2
Aescul@pius: folds 
petermcg2403: calls $1
*** FLOP *** [9d 3h Qs]
petermcg2403: checks 
BenCampbel10: bets $3.21
petermcg2403: folds 
Uncalled bet ($3.21) returned to BenCampbel10
BenCampbel10 collected $4.28 from pot
BenCampbel10: doesn't show hand 
*** SUMMARY ***
Total pot $4.50 | Rake $0.22 
Board [9d 3h Qs]
Seat 6: XneferX
Seat 1: xxxZeka folded before Flop (didn't bet)
Seat 2: BenCampbel10 (button) collected ($4.28)
Seat 3: Aescul@pius (small blind) folded before Flop
Seat 4: petermcg2403 (big blind) folded on the Flop
Seat 5: steepfell folded before Flop (didn't bet)



PokerStars Hand #254251416517:  Hold'em No Limit ($0.50/$1.00 USD) - 2025/01/07 21:04:22 WET [2025/01/07 16:04:22 ET]
Table 'Gerti II' 6-max Seat #3 is the button
Seat 6: XneferX ($100 in chips) is sitting out
Seat 1: xxxZeka ($145.10 in chips) 
Seat 2: BenCampbel10 ($109.65 in chips) 
Seat 3: Aescul@pius ($185.53 in chips) 
Seat 4: petermcg2403 ($41.92 in chips) 
Seat 5: steepfell ($100 in chips) 
petermcg2403: posts small blind $0.50
steepfell: posts big blind $1
XneferX: sits out 
*** HOLE CARDS ***
xxxZeka: raises $1.50 to $2.50
BenCampbel10: raises $5 to $7.50
Aescul@pius: folds 
petermcg2403: folds 
steepfell: folds 
xxxZeka: folds 
Uncalled bet ($5) returned to BenCampbel10
BenCampbel10 collected $6.50 from pot
BenCampbel10: doesn't show hand 
*** SUMMARY ***
Total pot $6.50 | Rake $0 
Seat 6: XneferX
Seat 1: xxxZeka folded before Flop
Seat 2: BenCampbel10 collected ($6.50)
Seat 3: Aescul@pius (button) folded before Flop (didn't bet)
Seat 4: petermcg2403 (small blind) folded before Flop
Seat 5: steepfell (big blind) folded before Flop



PokerStars Hand #254251433179:  Hold'em No Limit ($0.50/$1.00 USD) - 2025/01/07 21:05:10 WET [2025/01/07 16:05:10 ET]
Table 'Gerti II' 6-max Seat #4 is the button
Seat 1: xxxZeka ($142.60 in chips) 
Seat 2: BenCampbel10 ($113.65 in chips) 
Seat 3: Aescul@pius ($185.53 in chips) 
Seat 4: petermcg2403 ($41.42 in chips) 
Seat 5: steepfell ($100 in chips) 
Seat 6: XneferX ($100 in chips) 
steepfell: posts small blind $0.50
XneferX: posts big blind $1
*** HOLE CARDS ***
xxxZeka: folds 
BenCampbel10: folds 
Aescul@pius: raises $1.20 to $2.20
petermcg2403: calls $2.20
steepfell: folds 
XneferX: calls $1.20
*** FLOP *** [9c 6d 7d]
XneferX: checks 
Aescul@pius: checks 
petermcg2403: checks 
*** TURN *** [9c 6d 7d] [9d]
XneferX: checks 
Aescul@pius: checks 
petermcg2403: checks 
*** RIVER *** [9c 6d 7d 9d] [5c]
XneferX: checks 
Aescul@pius: checks 
petermcg2403: checks 
*** SHOW DOWN ***
XneferX: shows [Jh Qh] (a pair of Nines)
Aescul@pius: shows [Ks Ah] (a pair of Nines - Ace kicker)
petermcg2403: mucks hand 
Aescul@pius collected $6.74 from pot
*** SUMMARY ***
Total pot $7.10 | Rake $0.36 
Board [9c 6d 7d 9d 5c]
Seat 1: xxxZeka folded before Flop (didn't bet)
Seat 2: BenCampbel10 folded before Flop (didn't bet)
Seat 3: Aescul@pius showed [Ks Ah] and won ($6.74) with a pair of Nines
Seat 4: petermcg2403 (button) mucked
Seat 5: steepfell (small blind) folded before Flop
Seat 6: XneferX (big blind) showed [Jh Qh] and lost with a pair of Nines



PokerStars Hand #254251458090:  Hold'em No Limit ($0.50/$1.00 USD) - 2025/01/07 21:06:25 WET [2025/01/07 16:06:25 ET]
Table 'Gerti II' 6-max Seat #5 is the button
Seat 1: xxxZeka ($142.60 in chips) 
Seat 2: BenCampbel10 ($113.65 in chips) 
Seat 3: Aescul@pius ($190.07 in chips) 
Seat 4: petermcg2403 ($39.22 in chips) 
Seat 5: steepfell ($100 in chips) 
Seat 6: XneferX ($100 in chips) 
XneferX: posts small blind $0.50
xxxZeka: posts big blind $1
*** HOLE CARDS ***
BenCampbel10: folds 
Aescul@pius: folds 
petermcg2403: calls $1
steepfell: folds 
XneferX: folds 
xxxZeka: checks 
*** FLOP *** [Kd 5s Js]
xxxZeka: checks 
petermcg2403: checks 
*** TURN *** [Kd 5s Js] [8d]
xxxZeka: checks 
petermcg2403: checks 
*** RIVER *** [Kd 5s Js 8d] [5c]
xxxZeka: checks 
petermcg2403: checks 
*** SHOW DOWN ***
xxxZeka: shows [7s Ad] (a pair of Fives)
petermcg2403: mucks hand 
xxxZeka collected $2.38 from pot
*** SUMMARY ***
Total pot $2.50 | Rake $0.12 
Board [Kd 5s Js 8d 5c]
Seat 1: xxxZeka (big blind) showed [7s Ad] and won ($2.38) with a pair of Fives
Seat 2: BenCampbel10 folded before Flop (didn't bet)
Seat 3: Aescul@pius folded before Flop (didn't bet)
Seat 4: petermcg2403 mucked
Seat 5: steepfell (button) folded before Flop (didn't bet)
Seat 6: XneferX (small blind) folded before Flop



PokerStars Hand #254251475206:  Hold'em No Limit ($0.50/$1.00 USD) - 2025/01/07 21:07:15 WET [2025/01/07 16:07:15 ET]
Table 'Gerti II' 6-max Seat #6 is the button
Seat 1: xxxZeka ($143.98 in chips) 
Seat 2: BenCampbel10 ($113.65 in chips) 
Seat 3: Aescul@pius ($190.07 in chips) 
Seat 4: petermcg2403 ($38.22 in chips) 
Seat 5: steepfell ($100 in chips) 
Seat 6: XneferX ($100 in chips) 
xxxZeka: posts small blind $0.50
BenCampbel10: posts big blind $1
*** HOLE CARDS ***
Aescul@pius: folds 
petermcg2403: raises $1 to $2
steepfell: raises $5 to $7
XneferX: folds 
xxxZeka: folds 
BenCampbel10: folds 
petermcg2403: raises $13 to $20
steepfell: folds 
Uncalled bet ($13) returned to petermcg2403
petermcg2403 collected $15.50 from pot
*** SUMMARY ***
Total pot $15.50 | Rake $0 
Seat 1: xxxZeka (small blind) folded before Flop
Seat 2: BenCampbel10 (big blind) folded before Flop
Seat 3: Aescul@pius folded before Flop (didn't bet)
Seat 4: petermcg2403 collected ($15.50)
Seat 5: steepfell folded before Flop
Seat 6: XneferX (button) folded before Flop (didn't bet)



PokerStars Hand #254251485745:  Hold'em No Limit ($0.50/$1.00 USD) - 2025/01/07 21:07:46 WET [2025/01/07 16:07:46 ET]
Table 'Gerti II' 6-max Seat #1 is the button
Seat 1: xxxZeka ($143.48 in chips) 
Seat 2: BenCampbel10 ($112.65 in chips) 
Seat 3: Aescul@pius ($190.07 in chips) 
Seat 4: petermcg2403 ($46.72 in chips) 
Seat 5: steepfell ($100 in chips) 
Seat 6: XneferX ($100 in chips) 
BenCampbel10: posts small blind $0.50
Aescul@pius: posts big blind $1
*** HOLE CARDS ***
petermcg2403: calls $1
steepfell: folds 
XneferX: folds 
xxxZeka: folds 
BenCampbel10: folds 
Aescul@pius: checks 
*** FLOP *** [6c Ah Kd]
Aescul@pius: checks 
petermcg2403: checks 
*** TURN *** [6c Ah Kd] [Ad]
Aescul@pius: checks 
petermcg2403: checks 
*** RIVER *** [6c Ah Kd Ad] [Qd]
Aescul@pius: checks 
petermcg2403: checks 
*** SHOW DOWN ***
Aescul@pius: shows [5h 6d] (two pair, Aces and Sixes)
petermcg2403: mucks hand 
Aescul@pius collected $2.38 from pot
*** SUMMARY ***
Total pot $2.50 | Rake $0.12 
Board [6c Ah Kd Ad Qd]
Seat 1: xxxZeka (button) folded before Flop (didn't bet)
Seat 2: BenCampbel10 (small blind) folded before Flop
Seat 3: Aescul@pius (big blind) showed [5h 6d] and won ($2.38) with two pair, Aces and Sixes
Seat 4: petermcg2403 mucked
Seat 5: steepfell folded before Flop (didn't bet)
Seat 6: XneferX folded before Flop (didn't bet)



PokerStars Hand #254251500290:  Hold'em No Limit ($0.50/$1.00 USD) - 2025/01/07 21:08:30 WET [2025/01/07 16:08:30 ET]
Table 'Gerti II' 6-max Seat #2 is the button
Seat 1: xxxZeka ($143.48 in chips) 
Seat 2: BenCampbel10 ($112.15 in chips) 
Seat 3: Aescul@pius ($191.45 in chips) 
Seat 4: petermcg2403 ($45.72 in chips) 
Seat 5: steepfell ($100 in chips) 
Seat 6: XneferX ($100 in chips) 
Aescul@pius: posts small blind $0.50
petermcg2403: posts big blind $1
*** HOLE CARDS ***
steepfell: raises $1.50 to $2.50
XneferX: folds 
xxxZeka: calls $2.50
BenCampbel10: folds 
Aescul@pius: folds 
petermcg2403: calls $1.50
*** FLOP *** [Td 7h 3s]
petermcg2403: checks 
steepfell: bets $3.80
xxxZeka: folds 
petermcg2403: folds 
Uncalled bet ($3.80) returned to steepfell
steepfell collected $7.60 from pot
steepfell: doesn't show hand 
*** SUMMARY ***
Total pot $8 | Rake $0.40 
Board [Td 7h 3s]
Seat 1: xxxZeka folded on the Flop
Seat 2: BenCampbel10 (button) folded before Flop (didn't bet)
Seat 3: Aescul@pius (small blind) folded before Flop
Seat 4: petermcg2403 (big blind) folded on the Flop
Seat 5: steepfell collected ($7.60)
Seat 6: XneferX folded before Flop (didn't bet)



PokerStars Hand #254251512712:  Hold'em No Limit ($0.50/$1.00 USD) - 2025/01/07 21:09:06 WET [2025/01/07 16:09:06 ET]
Table 'Gerti II' 6-max Seat #3 is the button
Seat 1: xxxZeka ($140.98 in chips) 
Seat 2: BenCampbel10 ($112.15 in chips) 
Seat 3: Aescul@pius ($190.95 in chips) 
Seat 4: petermcg2403 ($43.22 in chips) 
Seat 5: steepfell ($105.10 in chips) 
Seat 6: XneferX ($100 in chips) 
petermcg2403: posts small blind $0.50
steepfell: posts big blind $1
*** HOLE CARDS ***
XneferX: folds 
xxxZeka: folds 
BenCampbel10: folds 
Aescul@pius: folds 
petermcg2403: raises $2 to $3
steepfell: folds 
Uncalled bet ($2) returned to petermcg2403
petermcg2403 collected $2 from pot
*** SUMMARY ***
Total pot $2 | Rake $0 
Seat 1: xxxZeka folded before Flop (didn't bet)
Seat 2: BenCampbel10 folded before Flop (didn't bet)
Seat 3: Aescul@pius (button) folded before Flop (didn't bet)
Seat 4: petermcg2403 (small blind) collected ($2)
Seat 5: steepfell (big blind) folded before Flop
Seat 6: XneferX folded before Flop (didn't bet)



PokerStars Hand #254251521459:  Hold'em No Limit ($0.50/$1.00 USD) - 2025/01/07 21:09:32 WET [2025/01/07 16:09:32 ET]
Table 'Gerti II' 6-max Seat #4 is the button
Seat 1: xxxZeka ($140.98 in chips) 
Seat 2: BenCampbel10 ($112.15 in chips) 
Seat 3: Aescul@pius ($190.95 in chips) 
Seat 4: petermcg2403 ($44.22 in chips) 
Seat 5: steepfell ($104.10 in chips) 
Seat 6: XneferX ($100 in chips) 
steepfell: posts small blind $0.50
XneferX: posts big blind $1
*** HOLE CARDS ***
xxxZeka: folds 
BenCampbel10: folds 
Aescul@pius: folds 
petermcg2403: calls $1
steepfell: folds 
XneferX: checks 
*** FLOP *** [7s 9h Kc]
XneferX: checks 
petermcg2403: bets $3
XneferX: folds 
Uncalled bet ($3) returned to petermcg2403
petermcg2403 collected $2.38 from pot
*** SUMMARY ***
Total pot $2.50 | Rake $0.12 
Board [7s 9h Kc]
Seat 1: xxxZeka folded before Flop (didn't bet)
Seat 2: BenCampbel10 folded before Flop (didn't bet)
Seat 3: Aescul@pius folded before Flop (didn't bet)
Seat 4: petermcg2403 (button) collected ($2.38)
Seat 5: steepfell (small blind) folded before Flop
Seat 6: XneferX (big blind) folded on the Flop



PokerStars Hand #254251531209:  Hold'em No Limit ($0.50/$1.00 USD) - 2025/01/07 21:10:01 WET [2025/01/07 16:10:01 ET]
Table 'Gerti II' 6-max Seat #5 is the button
Seat 1: xxxZeka ($140.98 in chips) 
Seat 2: BenCampbel10 ($112.15 in chips) 
Seat 3: Aescul@pius ($190.95 in chips) 
Seat 4: petermcg2403 ($45.60 in chips) 
Seat 5: steepfell ($103.60 in chips) 
Seat 6: XneferX ($100 in chips) 
XneferX: posts small blind $0.50
xxxZeka: posts big blind $1
*** HOLE CARDS ***
BenCampbel10: folds 
Aescul@pius: folds 
petermcg2403: calls $1
steepfell: raises $3 to $4
XneferX: folds 
xxxZeka: raises $10 to $14
petermcg2403: folds 
steepfell: calls $10
*** FLOP *** [6s Jd Kh]
xxxZeka has timed out
xxxZeka: checks 
steepfell: bets $9.25
xxxZeka: raises $12.75 to $22
steepfell: calls $12.75
*** TURN *** [6s Jd Kh] [Td]
xxxZeka: bets $71
steepfell: calls $67.60 and is all-in
Uncalled bet ($3.40) returned to xxxZeka
*** RIVER *** [6s Jd Kh Td] [7c]
*** SHOW DOWN ***
xxxZeka: shows [Ad Kd] (a pair of Kings)
steepfell: shows [Jc Js] (three of a kind, Jacks)
steepfell collected $206.20 from pot
*** SUMMARY ***
Total pot $208.70 | Rake $2.50 
Board [6s Jd Kh Td 7c]
Seat 1: xxxZeka (big blind) showed [Ad Kd] and lost with a pair of Kings
Seat 2: BenCampbel10 folded before Flop (didn't bet)
Seat 3: Aescul@pius folded before Flop (didn't bet)
Seat 4: petermcg2403 folded before Flop
Seat 5: steepfell (button) showed [Jc Js] and won ($206.20) with three of a kind, Jacks
Seat 6: XneferX (small blind) folded before Flop



PokerStars Hand #254251578637:  Hold'em No Limit ($0.50/$1.00 USD) - 2025/01/07 21:12:19 WET [2025/01/07 16:12:19 ET]
Table 'Gerti II' 6-max Seat #6 is the button
Seat 1: xxxZeka ($100 in chips) 
Seat 2: BenCampbel10 ($112.15 in chips) 
Seat 3: Aescul@pius ($190.95 in chips) 
Seat 4: petermcg2403 ($44.60 in chips) 
Seat 5: steepfell ($206.20 in chips) 
Seat 6: XneferX ($100 in chips) 
xxxZeka: posts small blind $0.50
BenCampbel10: posts big blind $1
*** HOLE CARDS ***
Aescul@pius: folds 
petermcg2403: calls $1
steepfell: raises $3 to $4
XneferX: folds 
xxxZeka: folds 
BenCampbel10: folds 
petermcg2403: calls $3
*** FLOP *** [8c 6h Tc]
petermcg2403: bets $4
steepfell: folds 
Uncalled bet ($4) returned to petermcg2403
petermcg2403 collected $9.02 from pot
*** SUMMARY ***
Total pot $9.50 | Rake $0.48 
Board [8c 6h Tc]
Seat 1: xxxZeka (small blind) folded before Flop
Seat 2: BenCampbel10 (big blind) folded before Flop
Seat 3: Aescul@pius folded before Flop (didn't bet)
Seat 4: petermcg2403 collected ($9.02)
Seat 5: steepfell folded on the Flop
Seat 6: XneferX (button) folded before Flop (didn't bet)



PokerStars Hand #254251591525:  Hold'em No Limit ($0.50/$1.00 USD) - 2025/01/07 21:12:56 WET [2025/01/07 16:12:56 ET]
Table 'Gerti II' 6-max Seat #1 is the button
Seat 1: xxxZeka ($100 in chips) 
Seat 2: BenCampbel10 ($111.15 in chips) 
Seat 3: Aescul@pius ($190.95 in chips) 
Seat 4: petermcg2403 ($49.62 in chips) 
Seat 5: steepfell ($202.20 in chips) 
Seat 6: XneferX ($100 in chips) 
BenCampbel10: posts small blind $0.50
Aescul@pius: posts big blind $1
*** HOLE CARDS ***
petermcg2403: raises $1 to $2
steepfell: folds 
XneferX: folds 
xxxZeka: folds 
BenCampbel10: folds 
Aescul@pius: folds 
Uncalled bet ($1) returned to petermcg2403
petermcg2403 collected $2.50 from pot
*** SUMMARY ***
Total pot $2.50 | Rake $0 
Seat 1: xxxZeka (button) folded before Flop (didn't bet)
Seat 2: BenCampbel10 (small blind) folded before Flop
Seat 3: Aescul@pius (big blind) folded before Flop
Seat 4: petermcg2403 collected ($2.50)
Seat 5: steepfell folded before Flop (didn't bet)
Seat 6: XneferX folded before Flop (didn't bet)



PokerStars Hand #254251600110:  Hold'em No Limit ($0.50/$1.00 USD) - 2025/01/07 21:13:21 WET [2025/01/07 16:13:21 ET]
Table 'Gerti II' 6-max Seat #2 is the button
Seat 1: xxxZeka ($100 in chips) 
Seat 2: BenCampbel10 ($110.65 in chips) 
Seat 3: Aescul@pius ($189.95 in chips) 
Seat 4: petermcg2403 ($51.12 in chips) 
Seat 5: steepfell ($202.20 in chips) 
Seat 6: XneferX ($100 in chips) 
Aescul@pius: posts small blind $0.50
petermcg2403: posts big blind $1
*** HOLE CARDS ***
steepfell: folds 
XneferX: folds 
xxxZeka: folds 
BenCampbel10: folds 
Aescul@pius: folds 
Uncalled bet ($0.50) returned to petermcg2403
petermcg2403 collected $1 from pot
*** SUMMARY ***
Total pot $1 | Rake $0 
Seat 1: xxxZeka folded before Flop (didn't bet)
Seat 2: BenCampbel10 (button) folded before Flop (didn't bet)
Seat 3: Aescul@pius (small blind) folded before Flop
Seat 4: petermcg2403 (big blind) collected ($1)
Seat 5: steepfell folded before Flop (didn't bet)
Seat 6: XneferX folded before Flop (didn't bet)



PokerStars Hand #254251606668:  Hold'em No Limit ($0.50/$1.00 USD) - 2025/01/07 21:13:40 WET [2025/01/07 16:13:40 ET]
Table 'Gerti II' 6-max Seat #3 is the button
Seat 1: xxxZeka ($100 in chips) 
Seat 2: BenCampbel10 ($110.65 in chips) 
Seat 3: Aescul@pius ($189.45 in chips) 
Seat 4: petermcg2403 ($51.62 in chips) 
Seat 5: steepfell ($202.20 in chips) 
Seat 6: XneferX ($100 in chips) 
petermcg2403: posts small blind $0.50
steepfell: posts big blind $1
*** HOLE CARDS ***
XneferX: folds 
xxxZeka: folds 
BenCampbel10: folds 
Aescul@pius: folds 
petermcg2403: calls $0.50
steepfell: raises $3 to $4
petermcg2403: folds 
Uncalled bet ($3) returned to steepfell
steepfell collected $2 from pot
steepfell: doesn't show hand 
*** SUMMARY ***
Total pot $2 | Rake $0 
Seat 1: xxxZeka folded before Flop (didn't bet)
Seat 2: BenCampbel10 folded before Flop (didn't bet)
Seat 3: Aescul@pius (button) folded before Flop (didn't bet)
Seat 4: petermcg2403 (small blind) folded before Flop
Seat 5: steepfell (big blind) collected ($2)
Seat 6: XneferX folded before Flop (didn't bet)



PokerStars Hand #254251614772:  Hold'em No Limit ($0.50/$1.00 USD) - 2025/01/07 21:14:04 WET [2025/01/07 16:14:04 ET]
Table 'Gerti II' 6-max Seat #4 is the button
Seat 1: xxxZeka ($100 in chips) 
Seat 2: BenCampbel10 ($110.65 in chips) 
Seat 3: Aescul@pius ($189.45 in chips) 
Seat 4: petermcg2403 ($50.62 in chips) 
Seat 5: steepfell ($203.20 in chips) 
Seat 6: XneferX ($100 in chips) 
steepfell: posts small blind $0.50
XneferX: posts big blind $1
*** HOLE CARDS ***
xxxZeka: folds 
BenCampbel10: folds 
Aescul@pius: raises $1.20 to $2.20
petermcg2403: calls $2.20
steepfell: folds 
XneferX: raises $10.30 to $12.50
Aescul@pius: folds 
petermcg2403: folds 
Uncalled bet ($10.30) returned to XneferX
XneferX collected $7.10 from pot
XneferX: doesn't show hand 
*** SUMMARY ***
Total pot $7.10 | Rake $0 
Seat 1: xxxZeka folded before Flop (didn't bet)
Seat 2: BenCampbel10 folded before Flop (didn't bet)
Seat 3: Aescul@pius folded before Flop
Seat 4: petermcg2403 (button) folded before Flop
Seat 5: steepfell (small blind) folded before Flop
Seat 6: XneferX (big blind) collected ($7.10)



PokerStars Hand #254251624248:  Hold'em No Limit ($0.50/$1.00 USD) - 2025/01/07 21:14:32 WET [2025/01/07 16:14:32 ET]
Table 'Gerti II' 6-max Seat #5 is the button
Seat 1: xxxZeka ($100 in chips) 
Seat 2: BenCampbel10 ($110.65 in chips) 
Seat 3: Aescul@pius ($187.25 in chips) 
Seat 4: petermcg2403 ($48.42 in chips) 
Seat 5: steepfell ($202.70 in chips) 
Seat 6: XneferX ($104.90 in chips) 
XneferX: posts small blind $0.50
xxxZeka: posts big blind $1
*** HOLE CARDS ***
BenCampbel10: folds 
Aescul@pius: raises $1.20 to $2.20
petermcg2403: folds 
steepfell: folds 
XneferX: folds 
xxxZeka: raises $9.80 to $12
Aescul@pius: folds 
Uncalled bet ($9.80) returned to xxxZeka
xxxZeka collected $4.90 from pot
xxxZeka: doesn't show hand 
*** SUMMARY ***
Total pot $4.90 | Rake $0 
Seat 1: xxxZeka (big blind) collected ($4.90)
Seat 2: BenCampbel10 folded before Flop (didn't bet)
Seat 3: Aescul@pius folded before Flop
Seat 4: petermcg2403 folded before Flop (didn't bet)
Seat 5: steepfell (button) folded before Flop (didn't bet)
Seat 6: XneferX (small blind) folded before Flop



PokerStars Hand #254251632517:  Hold'em No Limit ($0.50/$1.00 USD) - 2025/01/07 21:14:56 WET [2025/01/07 16:14:56 ET]
Table 'Gerti II' 6-max Seat #6 is the button
Seat 1: xxxZeka ($102.70 in chips) 
Seat 2: BenCampbel10 ($110.65 in chips) 
Seat 3: Aescul@pius ($185.05 in chips) 
Seat 4: petermcg2403 ($48.42 in chips) 
Seat 5: steepfell ($202.70 in chips) 
Seat 6: XneferX ($104.40 in chips) 
xxxZeka: posts small blind $0.50
BenCampbel10: posts big blind $1
*** HOLE CARDS ***
Aescul@pius: folds 
petermcg2403: calls $1
steepfell: folds 
XneferX: folds 
xxxZeka: folds 
BenCampbel10: checks 
*** FLOP *** [8h Qc Jh]
BenCampbel10: checks 
Aescul@pius leaves the table
petermcg2403: checks 
*** TURN *** [8h Qc Jh] [Ac]
BenCampbel10: checks 
petermcg2403: checks 
*** RIVER *** [8h Qc Jh Ac] [5d]
BenCampbel10: bets $3.70
petermcg2403: folds 
Uncalled bet ($3.70) returned to BenCampbel10
BenCampbel10 collected $2.38 from pot
BenCampbel10: doesn't show hand 
*** SUMMARY ***
Total pot $2.50 | Rake $0.12 
Board [8h Qc Jh Ac 5d]
Seat 1: xxxZeka (small blind) folded before Flop
Seat 2: BenCampbel10 (big blind) collected ($2.38)
Seat 3: Aescul@pius folded before Flop (didn't bet)
Seat 4: petermcg2403 folded on the River
Seat 5: steepfell folded before Flop (didn't bet)
Seat 6: XneferX (button) folded before Flop (didn't bet)



PokerStars Hand #254251642329:  Hold'em No Limit ($0.50/$1.00 USD) - 2025/01/07 21:15:24 WET [2025/01/07 16:15:24 ET]
Table 'Gerti II' 6-max Seat #1 is the button
Seat 1: xxxZeka ($102.20 in chips) 
Seat 2: BenCampbel10 ($112.03 in chips) 
Seat 4: petermcg2403 ($47.42 in chips) 
Seat 5: steepfell ($202.70 in chips) 
Seat 6: XneferX ($104.40 in chips) 
BenCampbel10: posts small blind $0.50
petermcg2403: posts big blind $1
*** HOLE CARDS ***
steepfell: folds 
XneferX: folds 
Nazareno1999 joins the table at seat #3 
xxxZeka: raises $1.50 to $2.50
BenCampbel10: folds 
petermcg2403: calls $1.50
*** FLOP *** [Ad Qd Qs]
petermcg2403: checks 
xxxZeka: checks 
*** TURN *** [Ad Qd Qs] [7c]
petermcg2403: checks 
xxxZeka: bets $3
petermcg2403: folds 
Uncalled bet ($3) returned to xxxZeka
xxxZeka collected $5.22 from pot
xxxZeka: doesn't show hand 
*** SUMMARY ***
Total pot $5.50 | Rake $0.28 
Board [Ad Qd Qs 7c]
Seat 1: xxxZeka (button) collected ($5.22)
Seat 2: BenCampbel10 (small blind) folded before Flop
Seat 4: petermcg2403 (big blind) folded on the Turn
Seat 5: steepfell folded before Flop (didn't bet)
Seat 6: XneferX folded before Flop (didn't bet)



PokerStars Hand #254251657648:  Hold'em No Limit ($0.50/$1.00 USD) - 2025/01/07 21:16:09 WET [2025/01/07 16:16:09 ET]
Table 'Gerti II' 6-max Seat #2 is the button
Seat 3: Nazareno1999 ($100 in chips) is sitting out
Seat 1: xxxZeka ($104.92 in chips) 
Seat 2: BenCampbel10 ($111.53 in chips) 
Seat 4: petermcg2403 ($44.92 in chips) 
Seat 5: steepfell ($202.70 in chips) 
Seat 6: XneferX ($104.40 in chips) 
petermcg2403: posts small blind $0.50
steepfell: posts big blind $1
*** HOLE CARDS ***
XneferX: folds 
xxxZeka: folds 
BenCampbel10: raises $1 to $2
petermcg2403: calls $1.50
steepfell: calls $1
*** FLOP *** [4d 9c 8s]
petermcg2403: bets $3
steepfell: calls $3
BenCampbel10: calls $3
*** TURN *** [4d 9c 8s] [Kd]
petermcg2403: bets $3
steepfell: calls $3
BenCampbel10: calls $3
*** RIVER *** [4d 9c 8s Kd] [7c]
petermcg2403: checks 
steepfell: checks 
BenCampbel10: checks 
*** SHOW DOWN ***
petermcg2403: shows [Qd Js] (high card King)
steepfell: shows [9s Th] (a pair of Nines)
BenCampbel10: mucks hand 
steepfell collected $22.80 from pot
*** SUMMARY ***
Total pot $24 | Rake $1.20 
Board [4d 9c 8s Kd 7c]
Seat 3: Nazareno1999
Seat 1: xxxZeka folded before Flop (didn't bet)
Seat 2: BenCampbel10 (button) mucked
Seat 4: petermcg2403 (small blind) showed [Qd Js] and lost with high card King
Seat 5: steepfell (big blind) showed [9s Th] and won ($22.80) with a pair of Nines
Seat 6: XneferX folded before Flop (didn't bet)



PokerStars Hand #254251681809:  Hold'em No Limit ($0.50/$1.00 USD) - 2025/01/07 21:17:19 WET [2025/01/07 16:17:19 ET]
Table 'Gerti II' 6-max Seat #4 is the button
Seat 3: Nazareno1999 ($100 in chips) is sitting out
Seat 1: xxxZeka ($104.92 in chips) 
Seat 2: BenCampbel10 ($103.53 in chips) 
Seat 4: petermcg2403 ($36.92 in chips) 
Seat 5: steepfell ($217.50 in chips) 
Seat 6: XneferX ($104.40 in chips) 
steepfell: posts small blind $0.50
XneferX: posts big blind $1
Nazareno1999: sits out 
*** HOLE CARDS ***
xxxZeka: folds 
BenCampbel10: folds 
petermcg2403: calls $1
steepfell: folds 
XneferX: checks 
*** FLOP *** [Jc Qc Ks]
XneferX: checks 
petermcg2403: checks 
*** TURN *** [Jc Qc Ks] [Td]
XneferX: bets $1.83
petermcg2403: calls $1.83
*** RIVER *** [Jc Qc Ks Td] [2s]
XneferX: checks 
petermcg2403: checks 
*** SHOW DOWN ***
XneferX: shows [8d 7d] (high card King)
petermcg2403: shows [2c 3c] (a pair of Deuces)
petermcg2403 collected $5.85 from pot
*** SUMMARY ***
Total pot $6.16 | Rake $0.31 
Board [Jc Qc Ks Td 2s]
Seat 3: Nazareno1999
Seat 1: xxxZeka folded before Flop (didn't bet)
Seat 2: BenCampbel10 folded before Flop (didn't bet)
Seat 4: petermcg2403 (button) showed [2c 3c] and won ($5.85) with a pair of Deuces
Seat 5: steepfell (small blind) folded before Flop
Seat 6: XneferX (big blind) showed [8d 7d] and lost with high card King



PokerStars Hand #254251693078:  Hold'em No Limit ($0.50/$1.00 USD) - 2025/01/07 21:17:53 WET [2025/01/07 16:17:53 ET]
Table 'Gerti II' 6-max Seat #5 is the button
Seat 3: Nazareno1999 ($100 in chips) is sitting out
Seat 1: xxxZeka ($104.92 in chips) 
Seat 2: BenCampbel10 ($103.53 in chips) 
Seat 4: petermcg2403 ($39.94 in chips) 
Seat 5: steepfell ($217 in chips) 
Seat 6: XneferX ($101.57 in chips) 
XneferX: posts small blind $0.50
xxxZeka: posts big blind $1
Nazareno1999: sits out 
*** HOLE CARDS ***
BenCampbel10: folds 
petermcg2403: calls $1
steepfell: folds 
XneferX: folds 
xxxZeka: raises $5 to $6
petermcg2403: folds 
Uncalled bet ($5) returned to xxxZeka
xxxZeka collected $2.50 from pot
xxxZeka: doesn't show hand 
*** SUMMARY ***
Total pot $2.50 | Rake $0 
Seat 3: Nazareno1999
Seat 1: xxxZeka (big blind) collected ($2.50)
Seat 2: BenCampbel10 folded before Flop (didn't bet)
Seat 4: petermcg2403 folded before Flop
Seat 5: steepfell (button) folded before Flop (didn't bet)
Seat 6: XneferX (small blind) folded before Flop



PokerStars Hand #254251699360:  Hold'em No Limit ($0.50/$1.00 USD) - 2025/01/07 21:18:11 WET [2025/01/07 16:18:11 ET]
Table 'Gerti II' 6-max Seat #6 is the button
Seat 3: Nazareno1999 ($100 in chips) is sitting out
Seat 1: xxxZeka ($106.42 in chips) 
Seat 2: BenCampbel10 ($103.53 in chips) 
Seat 4: petermcg2403 ($38.94 in chips) 
Seat 5: steepfell ($217 in chips) 
Seat 6: XneferX ($101.07 in chips) 
xxxZeka: posts small blind $0.50
BenCampbel10: posts big blind $1
Nazareno1999: sits out 
*** HOLE CARDS ***
petermcg2403: calls $1
steepfell: folds 
XneferX: folds 
xxxZeka: calls $0.50
BenCampbel10: checks 
*** FLOP *** [Jd As Tc]
xxxZeka: bets $1
BenCampbel10: folds 
petermcg2403: calls $1
*** TURN *** [Jd As Tc] [5s]
xxxZeka: checks 
petermcg2403: bets $3
xxxZeka: folds 
Uncalled bet ($3) returned to petermcg2403
petermcg2403 collected $4.75 from pot
*** SUMMARY ***
Total pot $5 | Rake $0.25 
Board [Jd As Tc 5s]
Seat 3: Nazareno1999
Seat 1: xxxZeka (small blind) folded on the Turn
Seat 2: BenCampbel10 (big blind) folded on the Flop
Seat 4: petermcg2403 collected ($4.75)
Seat 5: steepfell folded before Flop (didn't bet)
Seat 6: XneferX (button) folded before Flop (didn't bet)



PokerStars Hand #254251717301:  Hold'em No Limit ($0.50/$1.00 USD) - 2025/01/07 21:19:04 WET [2025/01/07 16:19:04 ET]
Table 'Gerti II' 6-max Seat #1 is the button
Seat 1: xxxZeka ($104.42 in chips) 
Seat 2: BenCampbel10 ($102.53 in chips) 
Seat 3: Nazareno1999 ($100 in chips) 
Seat 4: petermcg2403 ($41.69 in chips) 
Seat 5: steepfell ($217 in chips) 
Seat 6: XneferX ($101.07 in chips) 
BenCampbel10: posts small blind $0.50
Nazareno1999: posts big blind $1
*** HOLE CARDS ***
petermcg2403: calls $1
steepfell: folds 
XneferX: folds 
xxxZeka: raises $3 to $4
BenCampbel10: folds 
Nazareno1999: raises $8.50 to $12.50
petermcg2403: folds 
xxxZeka: folds 
Uncalled bet ($8.50) returned to Nazareno1999
Nazareno1999 collected $9.50 from pot
Nazareno1999: doesn't show hand 
*** SUMMARY ***
Total pot $9.50 | Rake $0 
Seat 1: xxxZeka (button) folded before Flop
Seat 2: BenCampbel10 (small blind) folded before Flop
Seat 3: Nazareno1999 (big blind) collected ($9.50)
Seat 4: petermcg2403 folded before Flop
Seat 5: steepfell folded before Flop (didn't bet)
Seat 6: XneferX folded before Flop (didn't bet)



PokerStars Hand #254251726909:  Hold'em No Limit ($0.50/$1.00 USD) - 2025/01/07 21:19:32 WET [2025/01/07 16:19:32 ET]
Table 'Gerti II' 6-max Seat #2 is the button
Seat 1: xxxZeka ($100.42 in chips) 
Seat 2: BenCampbel10 ($102.03 in chips) 
Seat 3: Nazareno1999 ($105.50 in chips) 
Seat 4: petermcg2403 ($40.69 in chips) 
Seat 5: steepfell ($217 in chips) 
Seat 6: XneferX ($101.07 in chips) 
Nazareno1999: posts small blind $0.50
petermcg2403: posts big blind $1
*** HOLE CARDS ***
steepfell: folds 
XneferX: folds 
xxxZeka: folds 
BenCampbel10: raises $1 to $2
Nazareno1999: folds 
petermcg2403: calls $1
*** FLOP *** [7s Tc Th]
petermcg2403: checks 
BenCampbel10: bets $1
petermcg2403: folds 
Uncalled bet ($1) returned to BenCampbel10
BenCampbel10 collected $4.28 from pot
BenCampbel10: doesn't show hand 
*** SUMMARY ***
Total pot $4.50 | Rake $0.22 
Board [7s Tc Th]
Seat 1: xxxZeka folded before Flop (didn't bet)
Seat 2: BenCampbel10 (button) collected ($4.28)
Seat 3: Nazareno1999 (small blind) folded before Flop
Seat 4: petermcg2403 (big blind) folded on the Flop
Seat 5: steepfell folded before Flop (didn't bet)
Seat 6: XneferX folded before Flop (didn't bet)



PokerStars Hand #254251736098:  Hold'em No Limit ($0.50/$1.00 USD) - 2025/01/07 21:19:59 WET [2025/01/07 16:19:59 ET]
Table 'Gerti II' 6-max Seat #3 is the button
Seat 5: steepfell ($217 in chips) is sitting out
Seat 1: xxxZeka ($100.42 in chips) 
Seat 2: BenCampbel10 ($104.31 in chips) 
Seat 3: Nazareno1999 ($105 in chips) 
Seat 4: petermcg2403 ($38.69 in chips) 
Seat 6: XneferX ($101.07 in chips) 
petermcg2403: posts small blind $0.50
steepfell: is sitting out 
steepfell leaves the table
XneferX: posts big blind $1
*** HOLE CARDS ***
xxxZeka: folds 
Supermegopro joins the table at seat #5 
BenCampbel10: folds 
Nazareno1999: folds 
petermcg2403: calls $0.50
XneferX: checks 
*** FLOP *** [9c Th 8s]
petermcg2403: checks 
XneferX: checks 
*** TURN *** [9c Th 8s] [5h]
petermcg2403: checks 
XneferX: checks 
*** RIVER *** [9c Th 8s 5h] [Kc]
petermcg2403: checks 
XneferX: checks 
*** SHOW DOWN ***
petermcg2403: shows [4c Jh] (high card King)
XneferX: shows [8c Qd] (a pair of Eights)
XneferX collected $1.90 from pot
*** SUMMARY ***
Total pot $2 | Rake $0.10 
Board [9c Th 8s 5h Kc]
Seat 5: steepfell
Seat 1: xxxZeka folded before Flop (didn't bet)
Seat 2: BenCampbel10 folded before Flop (didn't bet)
Seat 3: Nazareno1999 (button) folded before Flop (didn't bet)
Seat 4: petermcg2403 (small blind) showed [4c Jh] and lost with high card King
Seat 6: XneferX (big blind) showed [8c Qd] and won ($1.90) with a pair of Eights



PokerStars Hand #254251750362:  Hold'em No Limit ($0.50/$1.00 USD) - 2025/01/07 21:20:41 WET [2025/01/07 16:20:41 ET]
Table 'Gerti II' 6-max Seat #4 is the button
Seat 5: Supermegopro ($100 in chips) is sitting out
Seat 1: xxxZeka ($100.42 in chips) 
Seat 2: BenCampbel10 ($104.31 in chips) 
Seat 3: Nazareno1999 ($105 in chips) 
Seat 4: petermcg2403 ($37.69 in chips) 
Seat 6: XneferX ($101.97 in chips) 
XneferX: posts small blind $0.50
xxxZeka: posts big blind $1
*** HOLE CARDS ***
BenCampbel10: folds 
Nazareno1999: folds 
petermcg2403: calls $1
XneferX: raises $4 to $5
xxxZeka: folds 
petermcg2403: calls $4
*** FLOP *** [9c Td 6h]
XneferX: bets $2.72
petermcg2403: raises $2.72 to $5.44
XneferX: calls $2.72
*** TURN *** [9c Td 6h] [7d]
XneferX: checks 
petermcg2403: bets $8
XneferX: calls $8
*** RIVER *** [9c Td 6h 7d] [3s]
XneferX: bets $18.35
petermcg2403: folds 
Uncalled bet ($18.35) returned to XneferX
XneferX collected $35.99 from pot
XneferX: doesn't show hand 
*** SUMMARY ***
Total pot $37.88 | Rake $1.89 
Board [9c Td 6h 7d 3s]
Seat 5: Supermegopro
Seat 1: xxxZeka (big blind) folded before Flop
Seat 2: BenCampbel10 folded before Flop (didn't bet)
Seat 3: Nazareno1999 folded before Flop (didn't bet)
Seat 4: petermcg2403 (button) folded on the River
Seat 6: XneferX (small blind) collected ($35.99)



PokerStars Hand #254251777943:  Hold'em No Limit ($0.50/$1.00 USD) - 2025/01/07 21:22:02 WET [2025/01/07 16:22:02 ET]
Table 'Gerti II' 6-max Seat #6 is the button
Seat 5: Supermegopro ($100 in chips) is sitting out
Seat 1: xxxZeka ($100 in chips) 
Seat 2: BenCampbel10 ($104.31 in chips) 
Seat 3: Nazareno1999 ($105 in chips) 
Seat 4: petermcg2403 ($19.25 in chips) 
Seat 6: XneferX ($119.52 in chips) 
xxxZeka: posts small blind $0.50
BenCampbel10: posts big blind $1
Supermegopro: sits out 
*** HOLE CARDS ***
Nazareno1999: raises $1.20 to $2.20
petermcg2403: calls $2.20
XneferX: folds 
xxxZeka: folds 
BenCampbel10: folds 
*** FLOP *** [Kh Jc 9s]
Nazareno1999: bets $1.85
petermcg2403: folds 
Uncalled bet ($1.85) returned to Nazareno1999
Nazareno1999 collected $5.60 from pot
Nazareno1999: doesn't show hand 
*** SUMMARY ***
Total pot $5.90 | Rake $0.30 
Board [Kh Jc 9s]
Seat 5: Supermegopro
Seat 1: xxxZeka (small blind) folded before Flop
Seat 2: BenCampbel10 (big blind) folded before Flop
Seat 3: Nazareno1999 collected ($5.60)
Seat 4: petermcg2403 folded on the Flop
Seat 6: XneferX (button) folded before Flop (didn't bet)



PokerStars Hand #254251784751:  Hold'em No Limit ($0.50/$1.00 USD) - 2025/01/07 21:22:22 WET [2025/01/07 16:22:22 ET]
Table 'Gerti II' 6-max Seat #1 is the button
Seat 5: Supermegopro ($100 in chips) is sitting out
Seat 1: xxxZeka ($100 in chips) 
Seat 2: BenCampbel10 ($103.31 in chips) 
Seat 3: Nazareno1999 ($108.40 in chips) 
Seat 4: petermcg2403 ($17.05 in chips) 
Seat 6: XneferX ($119.52 in chips) 
BenCampbel10: posts small blind $0.50
Nazareno1999: posts big blind $1
Supermegopro: sits out 
*** HOLE CARDS ***
petermcg2403: calls $1
XneferX: raises $4 to $5
xxxZeka: folds 
BenCampbel10: folds 
Nazareno1999: folds 
petermcg2403: calls $4
*** FLOP *** [5s 8d 5d]
petermcg2403: checks 
XneferX: bets $2.84
petermcg2403: calls $2.84
*** TURN *** [5s 8d 5d] [Ac]
petermcg2403: bets $3
XneferX: calls $3
*** RIVER *** [5s 8d 5d Ac] [8c]
petermcg2403: bets $2
XneferX: raises $20.04 to $22.04
petermcg2403: calls $4.21 and is all-in
Uncalled bet ($15.83) returned to XneferX
*** SHOW DOWN ***
XneferX: shows [Jh Ad] (two pair, Aces and Eights)
petermcg2403: shows [5c Ks] (a full house, Fives full of Eights)
petermcg2403 collected $33.82 from pot
*** SUMMARY ***
Total pot $35.60 | Rake $1.78 
Board [5s 8d 5d Ac 8c]
Seat 5: Supermegopro
Seat 1: xxxZeka (button) folded before Flop (didn't bet)
Seat 2: BenCampbel10 (small blind) folded before Flop
Seat 3: Nazareno1999 (big blind) folded before Flop
Seat 4: petermcg2403 showed [5c Ks] and won ($33.82) with a full house, Fives full of Eights
Seat 6: XneferX showed [Jh Ad] and lost with two pair, Aces and Eights



PokerStars Hand #254251810670:  Hold'em No Limit ($0.50/$1.00 USD) - 2025/01/07 21:23:39 WET [2025/01/07 16:23:39 ET]
Table 'Gerti II' 6-max Seat #2 is the button
Seat 5: Supermegopro ($100 in chips) is sitting out
Seat 1: xxxZeka ($100 in chips) 
Seat 2: BenCampbel10 ($102.81 in chips) 
Seat 3: Nazareno1999 ($107.40 in chips) 
Seat 4: petermcg2403 ($33.82 in chips) 
Seat 6: XneferX ($102.47 in chips) 
Nazareno1999: posts small blind $0.50
petermcg2403: posts big blind $1
Supermegopro: sits out 
*** HOLE CARDS ***
XneferX: folds 
xxxZeka: folds 
BenCampbel10: raises $1 to $2
Nazareno1999: folds 
petermcg2403: calls $1
*** FLOP *** [8c Qc Qs]
petermcg2403: checks 
BenCampbel10: bets $1
petermcg2403: calls $1
*** TURN *** [8c Qc Qs] [Ac]
petermcg2403: bets $4
BenCampbel10: raises $5.80 to $9.80
petermcg2403: folds 
Uncalled bet ($5.80) returned to BenCampbel10
BenCampbel10 collected $13.78 from pot
BenCampbel10: doesn't show hand 
*** SUMMARY ***
Total pot $14.50 | Rake $0.72 
Board [8c Qc Qs Ac]
Seat 5: Supermegopro
Seat 1: xxxZeka folded before Flop (didn't bet)
Seat 2: BenCampbel10 (button) collected ($13.78)
Seat 3: Nazareno1999 (small blind) folded before Flop
Seat 4: petermcg2403 (big blind) folded on the Turn
Seat 6: XneferX folded before Flop (didn't bet)



PokerStars Hand #254251829026:  Hold'em No Limit ($0.50/$1.00 USD) - 2025/01/07 21:24:34 WET [2025/01/07 16:24:34 ET]
Table 'Gerti II' 6-max Seat #3 is the button
Seat 1: xxxZeka ($100 in chips) 
Seat 2: BenCampbel10 ($109.59 in chips) 
Seat 3: Nazareno1999 ($106.90 in chips) 
Seat 4: petermcg2403 ($26.82 in chips) 
Seat 5: Supermegopro ($100 in chips) 
Seat 6: XneferX ($102.47 in chips) 
petermcg2403: posts small blind $0.50
Supermegopro: posts big blind $1
*** HOLE CARDS ***
XneferX: folds 
xxxZeka: folds 
BenCampbel10: folds 
Nazareno1999: raises $1.20 to $2.20
petermcg2403: calls $1.70
Supermegopro: calls $1.20
*** FLOP *** [4c 7h Ad]
petermcg2403: bets $1
Supermegopro: folds 
Nazareno1999: folds 
Uncalled bet ($1) returned to petermcg2403
petermcg2403 collected $6.27 from pot
*** SUMMARY ***
Total pot $6.60 | Rake $0.33 
Board [4c 7h Ad]
Seat 1: xxxZeka folded before Flop (didn't bet)
Seat 2: BenCampbel10 folded before Flop (didn't bet)
Seat 3: Nazareno1999 (button) folded on the Flop
Seat 4: petermcg2403 (small blind) collected ($6.27)
Seat 5: Supermegopro (big blind) folded on the Flop
Seat 6: XneferX folded before Flop (didn't bet)



PokerStars Hand #254251842570:  Hold'em No Limit ($0.50/$1.00 USD) - 2025/01/07 21:25:15 WET [2025/01/07 16:25:15 ET]
Table 'Gerti II' 6-max Seat #4 is the button
Seat 1: xxxZeka ($100 in chips) 
Seat 2: BenCampbel10 ($109.59 in chips) 
Seat 3: Nazareno1999 ($104.70 in chips) 
Seat 4: petermcg2403 ($30.89 in chips) 
Seat 5: Supermegopro ($100 in chips) 
Seat 6: XneferX ($102.47 in chips) 
Supermegopro: posts small blind $0.50
XneferX: posts big blind $1
*** HOLE CARDS ***
xxxZeka: folds 
BenCampbel10: folds 
Nazareno1999: raises $1.20 to $2.20
petermcg2403: calls $2.20
Supermegopro: folds 
XneferX: folds 
*** FLOP *** [8s 2d 3h]
Nazareno1999: bets $2.80
petermcg2403: calls $2.80
*** TURN *** [8s 2d 3h] [5h]
Nazareno1999: checks 
petermcg2403: checks 
*** RIVER *** [8s 2d 3h 5h] [Qs]
Nazareno1999: bets $15.50
petermcg2403: raises $10.39 to $25.89 and is all-in
Nazareno1999: folds 
Uncalled bet ($10.39) returned to petermcg2403
petermcg2403 collected $40.38 from pot
*** SUMMARY ***
Total pot $42.50 | Rake $2.12 
Board [8s 2d 3h 5h Qs]
Seat 1: xxxZeka folded before Flop (didn't bet)
Seat 2: BenCampbel10 folded before Flop (didn't bet)
Seat 3: Nazareno1999 folded on the River
Seat 4: petermcg2403 (button) collected ($40.38)
Seat 5: Supermegopro (small blind) folded before Flop
Seat 6: XneferX (big blind) folded before Flop



PokerStars Hand #254251857223:  Hold'em No Limit ($0.50/$1.00 USD) - 2025/01/07 21:25:58 WET [2025/01/07 16:25:58 ET]
Table 'Gerti II' 6-max Seat #5 is the button
Seat 1: xxxZeka ($100 in chips) 
Seat 2: BenCampbel10 ($109.59 in chips) 
Seat 3: Nazareno1999 ($100 in chips) 
Seat 4: petermcg2403 ($50.77 in chips) 
Seat 5: Supermegopro ($100 in chips) 
Seat 6: XneferX ($101.47 in chips) 
XneferX: posts small blind $0.50
xxxZeka: posts big blind $1
*** HOLE CARDS ***
BenCampbel10: folds 
Nazareno1999: folds 
petermcg2403: calls $1
Supermegopro: raises $4 to $5
XneferX: folds 
xxxZeka: folds 
petermcg2403: calls $4
*** FLOP *** [Ad Jd Qd]
petermcg2403: bets $4
Supermegopro: calls $4
*** TURN *** [Ad Jd Qd] [Kd]
petermcg2403: bets $8
Supermegopro: calls $8
*** RIVER *** [Ad Jd Qd Kd] [5s]
petermcg2403: bets $10
Supermegopro: folds 
Uncalled bet ($10) returned to petermcg2403
petermcg2403 collected $33.72 from pot
*** SUMMARY ***
Total pot $35.50 | Rake $1.78 
Board [Ad Jd Qd Kd 5s]
Seat 1: xxxZeka (big blind) folded before Flop
Seat 2: BenCampbel10 folded before Flop (didn't bet)
Seat 3: Nazareno1999 folded before Flop (didn't bet)
Seat 4: petermcg2403 collected ($33.72)
Seat 5: Supermegopro (button) folded on the River
Seat 6: XneferX (small blind) folded before Flop



PokerStars Hand #254251875878:  Hold'em No Limit ($0.50/$1.00 USD) - 2025/01/07 21:26:54 WET [2025/01/07 16:26:54 ET]
Table 'Gerti II' 6-max Seat #6 is the button
Seat 1: xxxZeka ($100 in chips) 
Seat 2: BenCampbel10 ($109.59 in chips) 
Seat 3: Nazareno1999 ($100 in chips) 
Seat 4: petermcg2403 ($67.49 in chips) 
Seat 5: Supermegopro ($100 in chips) 
Seat 6: XneferX ($100.97 in chips) 
xxxZeka: posts small blind $0.50
BenCampbel10: posts big blind $1
*** HOLE CARDS ***
Nazareno1999: folds 
petermcg2403: calls $1
Supermegopro: folds 
XneferX: folds 
xxxZeka: folds 
BenCampbel10: checks 
*** FLOP *** [4s As 4c]
BenCampbel10: checks 
petermcg2403: checks 
*** TURN *** [4s As 4c] [8c]
BenCampbel10: checks 
petermcg2403: checks 
*** RIVER *** [4s As 4c 8c] [Ts]
BenCampbel10: checks 
petermcg2403: checks 
*** SHOW DOWN ***
BenCampbel10: shows [8s 3c] (two pair, Eights and Fours)
petermcg2403: mucks hand 
BenCampbel10 collected $2.38 from pot
*** SUMMARY ***
Total pot $2.50 | Rake $0.12 
Board [4s As 4c 8c Ts]
Seat 1: xxxZeka (small blind) folded before Flop
Seat 2: BenCampbel10 (big blind) showed [8s 3c] and won ($2.38) with two pair, Eights and Fours
Seat 3: Nazareno1999 folded before Flop (didn't bet)
Seat 4: petermcg2403 mucked
Seat 5: Supermegopro folded before Flop (didn't bet)
Seat 6: XneferX (button) folded before Flop (didn't bet)



PokerStars Hand #254251896925:  Hold'em No Limit ($0.50/$1.00 USD) - 2025/01/07 21:27:57 WET [2025/01/07 16:27:57 ET]
Table 'Gerti II' 6-max Seat #1 is the button
Seat 1: xxxZeka ($100 in chips) 
Seat 2: BenCampbel10 ($110.97 in chips) 
Seat 3: Nazareno1999 ($100 in chips) 
Seat 4: petermcg2403 ($66.49 in chips) 
Seat 5: Supermegopro ($100 in chips) 
Seat 6: XneferX ($100.97 in chips) 
BenCampbel10: posts small blind $0.50
Nazareno1999: posts big blind $1
*** HOLE CARDS ***
petermcg2403: calls $1
Supermegopro: folds 
XneferX: folds 
xxxZeka: folds 
BenCampbel10: folds 
Nazareno1999: checks 
*** FLOP *** [Kh Ks Jc]
Nazareno1999: checks 
petermcg2403: checks 
*** TURN *** [Kh Ks Jc] [Jd]
Nazareno1999: checks 
petermcg2403: checks 
*** RIVER *** [Kh Ks Jc Jd] [Qd]
Nazareno1999: checks 
petermcg2403: checks 
*** SHOW DOWN ***
Nazareno1999: shows [As 5d] (two pair, Kings and Jacks)
petermcg2403: mucks hand 
Nazareno1999 collected $2.38 from pot
*** SUMMARY ***
Total pot $2.50 | Rake $0.12 
Board [Kh Ks Jc Jd Qd]
Seat 1: xxxZeka (button) folded before Flop (didn't bet)
Seat 2: BenCampbel10 (small blind) folded before Flop
Seat 3: Nazareno1999 (big blind) showed [As 5d] and won ($2.38) with two pair, Kings and Jacks
Seat 4: petermcg2403 mucked
Seat 5: Supermegopro folded before Flop (didn't bet)
Seat 6: XneferX folded before Flop (didn't bet)



PokerStars Hand #254251909319:  Hold'em No Limit ($0.50/$1.00 USD) - 2025/01/07 21:28:34 WET [2025/01/07 16:28:34 ET]
Table 'Gerti II' 6-max Seat #2 is the button
Seat 1: xxxZeka ($100 in chips) 
Seat 2: BenCampbel10 ($110.47 in chips) 
Seat 3: Nazareno1999 ($101.38 in chips) 
Seat 4: petermcg2403 ($65.49 in chips) 
Seat 5: Supermegopro ($100 in chips) 
Seat 6: XneferX ($100.97 in chips) 
Nazareno1999: posts small blind $0.50
petermcg2403: posts big blind $1
*** HOLE CARDS ***
Supermegopro: folds 
XneferX: folds 
xxxZeka: folds 
BenCampbel10: raises $1 to $2
Nazareno1999: folds 
petermcg2403: calls $1
*** FLOP *** [7h Kd 5d]
petermcg2403: checks 
BenCampbel10: bets $3.21
petermcg2403: folds 
Uncalled bet ($3.21) returned to BenCampbel10
BenCampbel10 collected $4.28 from pot
*** SUMMARY ***
Total pot $4.50 | Rake $0.22 
Board [7h Kd 5d]
Seat 1: xxxZeka folded before Flop (didn't bet)
Seat 2: BenCampbel10 (button) collected ($4.28)
Seat 3: Nazareno1999 (small blind) folded before Flop
Seat 4: petermcg2403 (big blind) folded on the Flop
Seat 5: Supermegopro folded before Flop (didn't bet)
Seat 6: XneferX folded before Flop (didn't bet)



PokerStars Hand #254251922660:  Hold'em No Limit ($0.50/$1.00 USD) - 2025/01/07 21:29:14 WET [2025/01/07 16:29:14 ET]
Table 'Gerti II' 6-max Seat #3 is the button
Seat 1: xxxZeka ($100 in chips) 
Seat 2: BenCampbel10 ($112.75 in chips) 
Seat 3: Nazareno1999 ($100.88 in chips) 
Seat 4: petermcg2403 ($63.49 in chips) 
Seat 5: Supermegopro ($100 in chips) 
Seat 6: XneferX ($100.97 in chips) 
petermcg2403: posts small blind $0.50
Supermegopro: posts big blind $1
*** HOLE CARDS ***
XneferX: folds 
xxxZeka: raises $1.50 to $2.50
BenCampbel10: folds 
Nazareno1999: folds 
petermcg2403: calls $2
Supermegopro: folds 
*** FLOP *** [6h Jh 3s]
petermcg2403: checks 
xxxZeka: checks 
*** TURN *** [6h Jh 3s] [Qs]
petermcg2403: checks 
xxxZeka: checks 
*** RIVER *** [6h Jh 3s Qs] [7h]
petermcg2403: checks 
xxxZeka: checks 
*** SHOW DOWN ***
petermcg2403: shows [Ts 5h] (high card Queen)
xxxZeka: shows [Ah Kd] (high card Ace)
xxxZeka collected $5.70 from pot
*** SUMMARY ***
Total pot $6 | Rake $0.30 
Board [6h Jh 3s Qs 7h]
Seat 1: xxxZeka showed [Ah Kd] and won ($5.70) with high card Ace
Seat 2: BenCampbel10 folded before Flop (didn't bet)
Seat 3: Nazareno1999 (button) folded before Flop (didn't bet)
Seat 4: petermcg2403 (small blind) showed [Ts 5h] and lost with high card Queen
Seat 5: Supermegopro (big blind) folded before Flop
Seat 6: XneferX folded before Flop (didn't bet)



PokerStars Hand #254251936141:  Hold'em No Limit ($0.50/$1.00 USD) - 2025/01/07 21:29:54 WET [2025/01/07 16:29:54 ET]
Table 'Gerti II' 6-max Seat #4 is the button
Seat 1: xxxZeka ($103.20 in chips) 
Seat 2: BenCampbel10 ($112.75 in chips) 
Seat 3: Nazareno1999 ($100.88 in chips) 
Seat 4: petermcg2403 ($60.99 in chips) 
Seat 5: Supermegopro ($100 in chips) 
Seat 6: XneferX ($100.97 in chips) 
Supermegopro: posts small blind $0.50
XneferX: posts big blind $1
*** HOLE CARDS ***
xxxZeka: folds 
BenCampbel10: folds 
Nazareno1999: folds 
petermcg2403: folds 
Supermegopro: folds 
Uncalled bet ($0.50) returned to XneferX
XneferX collected $1 from pot
XneferX: doesn't show hand 
*** SUMMARY ***
Total pot $1 | Rake $0 
Seat 1: xxxZeka folded before Flop (didn't bet)
Seat 2: BenCampbel10 folded before Flop (didn't bet)
Seat 3: Nazareno1999 folded before Flop (didn't bet)
Seat 4: petermcg2403 (button) folded before Flop (didn't bet)
Seat 5: Supermegopro (small blind) folded before Flop
Seat 6: XneferX (big blind) collected ($1)



PokerStars Hand #254251939179:  Hold'em No Limit ($0.50/$1.00 USD) - 2025/01/07 21:30:03 WET [2025/01/07 16:30:03 ET]
Table 'Gerti II' 6-max Seat #5 is the button
Seat 1: xxxZeka ($103.20 in chips) 
Seat 2: BenCampbel10 ($112.75 in chips) 
Seat 3: Nazareno1999 ($100.88 in chips) 
Seat 4: petermcg2403 ($60.99 in chips) 
Seat 5: Supermegopro ($100 in chips) 
Seat 6: XneferX ($101.47 in chips) 
XneferX: posts small blind $0.50
xxxZeka: posts big blind $1
*** HOLE CARDS ***
BenCampbel10: folds 
Nazareno1999: folds 
petermcg2403: calls $1
Supermegopro: folds 
XneferX: folds 
xxxZeka: checks 
*** FLOP *** [4c Jh 2d]
xxxZeka: bets $1
petermcg2403: calls $1
*** TURN *** [4c Jh 2d] [4s]
xxxZeka: checks 
petermcg2403: checks 
*** RIVER *** [4c Jh 2d 4s] [3h]
xxxZeka: bets $10
petermcg2403: folds 
Uncalled bet ($10) returned to xxxZeka
xxxZeka collected $4.28 from pot
xxxZeka: doesn't show hand 
*** SUMMARY ***
Total pot $4.50 | Rake $0.22 
Board [4c Jh 2d 4s 3h]
Seat 1: xxxZeka (big blind) collected ($4.28)
Seat 2: BenCampbel10 folded before Flop (didn't bet)
Seat 3: Nazareno1999 folded before Flop (didn't bet)
Seat 4: petermcg2403 folded on the River
Seat 5: Supermegopro (button) folded before Flop (didn't bet)
Seat 6: XneferX (small blind) folded before Flop



PokerStars Hand #254251959035:  Hold'em No Limit ($0.50/$1.00 USD) - 2025/01/07 21:31:02 WET [2025/01/07 16:31:02 ET]
Table 'Gerti II' 6-max Seat #6 is the button
Seat 1: xxxZeka ($105.48 in chips) 
Seat 2: BenCampbel10 ($112.75 in chips) 
Seat 3: Nazareno1999 ($100.88 in chips) 
Seat 4: petermcg2403 ($58.99 in chips) 
Seat 5: Supermegopro ($100 in chips) 
Seat 6: XneferX ($100.97 in chips) 
xxxZeka: posts small blind $0.50
BenCampbel10: posts big blind $1
*** HOLE CARDS ***
Nazareno1999: folds 
petermcg2403: calls $1
Supermegopro: raises $3 to $4
XneferX: folds 
xxxZeka: folds 
BenCampbel10: folds 
petermcg2403: folds 
Uncalled bet ($3) returned to Supermegopro
Supermegopro collected $3.50 from pot
Supermegopro: doesn't show hand 
*** SUMMARY ***
Total pot $3.50 | Rake $0 
Seat 1: xxxZeka (small blind) folded before Flop
Seat 2: BenCampbel10 (big blind) folded before Flop
Seat 3: Nazareno1999 folded before Flop (didn't bet)
Seat 4: petermcg2403 folded before Flop
Seat 5: Supermegopro collected ($3.50)
Seat 6: XneferX (button) folded before Flop (didn't bet)



PokerStars Hand #254251967927:  Hold'em No Limit ($0.50/$1.00 USD) - 2025/01/07 21:31:28 WET [2025/01/07 16:31:28 ET]
Table 'Gerti II' 6-max Seat #1 is the button
Seat 1: xxxZeka ($104.98 in chips) 
Seat 2: BenCampbel10 ($111.75 in chips) 
Seat 3: Nazareno1999 ($100.88 in chips) 
Seat 4: petermcg2403 ($57.99 in chips) 
Seat 5: Supermegopro ($102.50 in chips) 
Seat 6: XneferX ($100.97 in chips) 
BenCampbel10: posts small blind $0.50
Nazareno1999: posts big blind $1
*** HOLE CARDS ***
petermcg2403: calls $1
Supermegopro: folds 
XneferX: folds 
xxxZeka: folds 
BenCampbel10: folds 
Nazareno1999: checks 
*** FLOP *** [2s Ah 3d]
Nazareno1999: checks 
petermcg2403: bets $1
Nazareno1999: calls $1
*** TURN *** [2s Ah 3d] [Qs]
Nazareno1999: checks 
petermcg2403: bets $2
Nazareno1999: folds 
Uncalled bet ($2) returned to petermcg2403
petermcg2403 collected $4.28 from pot
*** SUMMARY ***
Total pot $4.50 | Rake $0.22 
Board [2s Ah 3d Qs]
Seat 1: xxxZeka (button) folded before Flop (didn't bet)
Seat 2: BenCampbel10 (small blind) folded before Flop
Seat 3: Nazareno1999 (big blind) folded on the Turn
Seat 4: petermcg2403 collected ($4.28)
Seat 5: Supermegopro folded before Flop (didn't bet)
Seat 6: XneferX folded before Flop (didn't bet)



PokerStars Hand #254251986212:  Hold'em No Limit ($0.50/$1.00 USD) - 2025/01/07 21:32:23 WET [2025/01/07 16:32:23 ET]
Table 'Gerti II' 6-max Seat #2 is the button
Seat 1: xxxZeka ($104.98 in chips) 
Seat 2: BenCampbel10 ($111.25 in chips) 
Seat 3: Nazareno1999 ($100 in chips) 
Seat 4: petermcg2403 ($60.27 in chips) 
Seat 5: Supermegopro ($102.50 in chips) 
Seat 6: XneferX ($100.97 in chips) 
Nazareno1999: posts small blind $0.50
petermcg2403: posts big blind $1
*** HOLE CARDS ***
Supermegopro: folds 
XneferX: folds 
xxxZeka: folds 
BenCampbel10: folds 
Nazareno1999: folds 
Uncalled bet ($0.50) returned to petermcg2403
petermcg2403 collected $1 from pot
*** SUMMARY ***
Total pot $1 | Rake $0 
Seat 1: xxxZeka folded before Flop (didn't bet)
Seat 2: BenCampbel10 (button) folded before Flop (didn't bet)
Seat 3: Nazareno1999 (small blind) folded before Flop
Seat 4: petermcg2403 (big blind) collected ($1)
Seat 5: Supermegopro folded before Flop (didn't bet)
Seat 6: XneferX folded before Flop (didn't bet)



PokerStars Hand #254251990217:  Hold'em No Limit ($0.50/$1.00 USD) - 2025/01/07 21:32:35 WET [2025/01/07 16:32:35 ET]
Table 'Gerti II' 6-max Seat #3 is the button
Seat 1: xxxZeka ($104.98 in chips) 
Seat 2: BenCampbel10 ($111.25 in chips) 
Seat 3: Nazareno1999 ($100 in chips) 
Seat 4: petermcg2403 ($60.77 in chips) 
Seat 5: Supermegopro ($102.50 in chips) 
Seat 6: XneferX ($100.97 in chips) 
petermcg2403: posts small blind $0.50
Supermegopro: posts big blind $1
*** HOLE CARDS ***
XneferX: folds 
xxxZeka: folds 
BenCampbel10: folds 
Nazareno1999: raises $1.20 to $2.20
petermcg2403: calls $1.70
Supermegopro: folds 
*** FLOP *** [9s 7h Tc]
petermcg2403: bets $5
Nazareno1999: folds 
Uncalled bet ($5) returned to petermcg2403
petermcg2403 collected $5.13 from pot
*** SUMMARY ***
Total pot $5.40 | Rake $0.27 
Board [9s 7h Tc]
Seat 1: xxxZeka folded before Flop (didn't bet)
Seat 2: BenCampbel10 folded before Flop (didn't bet)
Seat 3: Nazareno1999 (button) folded on the Flop
Seat 4: petermcg2403 (small blind) collected ($5.13)
Seat 5: Supermegopro (big blind) folded before Flop
Seat 6: XneferX folded before Flop (didn't bet)



PokerStars Hand #254252001057:  Hold'em No Limit ($0.50/$1.00 USD) - 2025/01/07 21:33:07 WET [2025/01/07 16:33:07 ET]
Table 'Gerti II' 6-max Seat #4 is the button
Seat 1: xxxZeka ($104.98 in chips) 
Seat 2: BenCampbel10 ($111.25 in chips) 
Seat 3: Nazareno1999 ($100 in chips) 
Seat 4: petermcg2403 ($63.70 in chips) 
Seat 5: Supermegopro ($101.50 in chips) 
Seat 6: XneferX ($100.97 in chips) 
Supermegopro: posts small blind $0.50
XneferX: posts big blind $1
*** HOLE CARDS ***
xxxZeka: raises $1.50 to $2.50
BenCampbel10: raises $5 to $7.50
Nazareno1999: folds 
petermcg2403: calls $7.50
Supermegopro: folds 
XneferX: folds 
xxxZeka: calls $5
*** FLOP *** [Qd 7s Ah]
xxxZeka: checks 
BenCampbel10: checks 
petermcg2403: bets $12
xxxZeka: calls $12
BenCampbel10: folds 
*** TURN *** [Qd 7s Ah] [2s]
xxxZeka: checks 
petermcg2403: bets $10
xxxZeka: calls $10
*** RIVER *** [Qd 7s Ah 2s] [3s]
xxxZeka: checks 
petermcg2403: checks 
*** SHOW DOWN ***
xxxZeka: shows [9d Ad] (a pair of Aces)
petermcg2403: mucks hand 
xxxZeka collected $65.50 from pot
*** SUMMARY ***
Total pot $68 | Rake $2.50 
Board [Qd 7s Ah 2s 3s]
Seat 1: xxxZeka showed [9d Ad] and won ($65.50) with a pair of Aces
Seat 2: BenCampbel10 folded on the Flop
Seat 3: Nazareno1999 folded before Flop (didn't bet)
Seat 4: petermcg2403 (button) mucked
Seat 5: Supermegopro (small blind) folded before Flop
Seat 6: XneferX (big blind) folded before Flop



PokerStars Hand #254252027166:  Hold'em No Limit ($0.50/$1.00 USD) - 2025/01/07 21:34:25 WET [2025/01/07 16:34:25 ET]
Table 'Gerti II' 6-max Seat #5 is the button
Seat 1: xxxZeka ($140.98 in chips) 
Seat 2: BenCampbel10 ($103.75 in chips) 
Seat 3: Nazareno1999 ($100 in chips) 
Seat 4: petermcg2403 ($34.20 in chips) 
Seat 5: Supermegopro ($101 in chips) 
Seat 6: XneferX ($100 in chips) 
XneferX: posts small blind $0.50
xxxZeka: posts big blind $1
*** HOLE CARDS ***
BenCampbel10: folds 
Nazareno1999: folds 
petermcg2403: calls $1
Supermegopro: folds 
XneferX: calls $0.50
xxxZeka: checks 
*** FLOP *** [Qc 7s Js]
XneferX: checks 
xxxZeka: checks 
petermcg2403: checks 
*** TURN *** [Qc 7s Js] [Qs]
XneferX: checks 
xxxZeka: checks 
petermcg2403: checks 
*** RIVER *** [Qc 7s Js Qs] [Qh]
XneferX: checks 
xxxZeka: checks 
petermcg2403: bets $15
XneferX: folds 
xxxZeka: folds 
Uncalled bet ($15) returned to petermcg2403
petermcg2403 collected $2.85 from pot
*** SUMMARY ***
Total pot $3 | Rake $0.15 
Board [Qc 7s Js Qs Qh]
Seat 1: xxxZeka (big blind) folded on the River
Seat 2: BenCampbel10 folded before Flop (didn't bet)
Seat 3: Nazareno1999 folded before Flop (didn't bet)
Seat 4: petermcg2403 collected ($2.85)
Seat 5: Supermegopro (button) folded before Flop (didn't bet)
Seat 6: XneferX (small blind) folded on the River



PokerStars Hand #254252045207:  Hold'em No Limit ($0.50/$1.00 USD) - 2025/01/07 21:35:18 WET [2025/01/07 16:35:18 ET]
Table 'Gerti II' 6-max Seat #6 is the button
Seat 1: xxxZeka ($139.98 in chips) 
Seat 2: BenCampbel10 ($103.75 in chips) 
Seat 3: Nazareno1999 ($100 in chips) 
Seat 4: petermcg2403 ($36.05 in chips) 
Seat 5: Supermegopro ($101 in chips) 
Seat 6: XneferX ($100 in chips) 
xxxZeka: posts small blind $0.50
BenCampbel10: posts big blind $1
*** HOLE CARDS ***
Nazareno1999: folds 
petermcg2403: raises $2 to $3
Supermegopro: folds 
XneferX: folds 
xxxZeka: folds 
BenCampbel10: raises $2.30 to $5.30
petermcg2403: raises $3.30 to $8.60
BenCampbel10: calls $3.30
*** FLOP *** [7s Qc Jd]
BenCampbel10: checks 
petermcg2403: bets $3
BenCampbel10: folds 
Uncalled bet ($3) returned to petermcg2403
petermcg2403 collected $16.82 from pot
*** SUMMARY ***
Total pot $17.70 | Rake $0.88 
Board [7s Qc Jd]
Seat 1: xxxZeka (small blind) folded before Flop
Seat 2: BenCampbel10 (big blind) folded on the Flop
Seat 3: Nazareno1999 folded before Flop (didn't bet)
Seat 4: petermcg2403 collected ($16.82)
Seat 5: Supermegopro folded before Flop (didn't bet)
Seat 6: XneferX (button) folded before Flop (didn't bet)



PokerStars Hand #254252057569:  Hold'em No Limit ($0.50/$1.00 USD) - 2025/01/07 21:35:55 WET [2025/01/07 16:35:55 ET]
Table 'Gerti II' 6-max Seat #1 is the button
Seat 1: xxxZeka ($139.48 in chips) 
Seat 2: BenCampbel10 ($100 in chips) 
Seat 3: Nazareno1999 ($100 in chips) 
Seat 4: petermcg2403 ($44.27 in chips) 
Seat 5: Supermegopro ($101 in chips) 
Seat 6: XneferX ($100 in chips) 
BenCampbel10: posts small blind $0.50
Nazareno1999: posts big blind $1
*** HOLE CARDS ***
petermcg2403: calls $1
Supermegopro: raises $3 to $4
XneferX: folds 
xxxZeka: calls $4
BenCampbel10: folds 
Nazareno1999: calls $3
petermcg2403: calls $3
*** FLOP *** [6c 8h 6h]
Nazareno1999: checks 
petermcg2403: checks 
Supermegopro: checks 
xxxZeka: checks 
*** TURN *** [6c 8h 6h] [Qs]
Nazareno1999: checks 
petermcg2403: checks 
Supermegopro: checks 
xxxZeka: bets $10.35
Nazareno1999: folds 
petermcg2403: folds 
Supermegopro: folds 
Uncalled bet ($10.35) returned to xxxZeka
xxxZeka collected $15.68 from pot
xxxZeka: doesn't show hand 
*** SUMMARY ***
Total pot $16.50 | Rake $0.82 
Board [6c 8h 6h Qs]
Seat 1: xxxZeka (button) collected ($15.68)
Seat 2: BenCampbel10 (small blind) folded before Flop
Seat 3: Nazareno1999 (big blind) folded on the Turn
Seat 4: petermcg2403 folded on the Turn
Seat 5: Supermegopro folded on the Turn
Seat 6: XneferX folded before Flop (didn't bet)



PokerStars Hand #254252083407:  Hold'em No Limit ($0.50/$1.00 USD) - 2025/01/07 21:37:11 WET [2025/01/07 16:37:11 ET]
Table 'Gerti II' 6-max Seat #2 is the button
Seat 1: xxxZeka ($151.16 in chips) 
Seat 2: BenCampbel10 ($100 in chips) 
Seat 3: Nazareno1999 ($100 in chips) 
Seat 4: petermcg2403 ($40.27 in chips) 
Seat 5: Supermegopro ($100 in chips) 
Seat 6: XneferX ($100 in chips) 
Nazareno1999: posts small blind $0.50
petermcg2403: posts big blind $1
*** HOLE CARDS ***
Supermegopro: raises $1.50 to $2.50
XneferX: folds 
xxxZeka: raises $5 to $7.50
BenCampbel10: folds 
Nazareno1999: folds 
petermcg2403: calls $6.50
Supermegopro: calls $5
*** FLOP *** [5s 2h As]
petermcg2403: bets $8
Supermegopro: folds 
xxxZeka: calls $8
*** TURN *** [5s 2h As] [6d]
petermcg2403: checks 
xxxZeka: checks 
*** RIVER *** [5s 2h As 6d] [3h]
petermcg2403: checks 
xxxZeka: checks 
*** SHOW DOWN ***
petermcg2403: shows [Tc Kc] (high card Ace)
xxxZeka: shows [Qs Qh] (a pair of Queens)
xxxZeka collected $37.05 from pot
*** SUMMARY ***
Total pot $39 | Rake $1.95 
Board [5s 2h As 6d 3h]
Seat 1: xxxZeka showed [Qs Qh] and won ($37.05) with a pair of Queens
Seat 2: BenCampbel10 (button) folded before Flop (didn't bet)
Seat 3: Nazareno1999 (small blind) folded before Flop
Seat 4: petermcg2403 (big blind) showed [Tc Kc] and lost with high card Ace
Seat 5: Supermegopro folded on the Flop
Seat 6: XneferX folded before Flop (didn't bet)



PokerStars Hand #254252102723:  Hold'em No Limit ($0.50/$1.00 USD) - 2025/01/07 21:38:08 WET [2025/01/07 16:38:08 ET]
Table 'Gerti II' 6-max Seat #3 is the button
Seat 1: xxxZeka ($172.71 in chips) 
Seat 2: BenCampbel10 ($100 in chips) 
Seat 3: Nazareno1999 ($100 in chips) 
Seat 4: petermcg2403 ($24.77 in chips) 
Seat 5: Supermegopro ($100 in chips) 
Seat 6: XneferX ($100 in chips) 
petermcg2403: posts small blind $0.50
Supermegopro: posts big blind $1
*** HOLE CARDS ***
XneferX: folds 
xxxZeka: folds 
BenCampbel10: folds 
Nazareno1999: folds 
petermcg2403: calls $0.50
Supermegopro: checks 
*** FLOP *** [5h Ac 5c]
petermcg2403: checks 
Supermegopro: checks 
*** TURN *** [5h Ac 5c] [Kh]
petermcg2403: checks 
Supermegopro: checks 
*** RIVER *** [5h Ac 5c Kh] [2c]
petermcg2403: checks 
Supermegopro: checks 
*** SHOW DOWN ***
petermcg2403: shows [9s 8d] (a pair of Fives)
Supermegopro: shows [Th 3s] (a pair of Fives - Ace+King+Ten kicker)
Supermegopro collected $1.90 from pot
*** SUMMARY ***
Total pot $2 | Rake $0.10 
Board [5h Ac 5c Kh 2c]
Seat 1: xxxZeka folded before Flop (didn't bet)
Seat 2: BenCampbel10 folded before Flop (didn't bet)
Seat 3: Nazareno1999 (button) folded before Flop (didn't bet)
Seat 4: petermcg2403 (small blind) showed [9s 8d] and lost with a pair of Fives
Seat 5: Supermegopro (big blind) showed [Th 3s] and won ($1.90) with a pair of Fives
Seat 6: XneferX folded before Flop (didn't bet)



PokerStars Hand #254252111555:  Hold'em No Limit ($0.50/$1.00 USD) - 2025/01/07 21:38:34 WET [2025/01/07 16:38:34 ET]
Table 'Gerti II' 6-max Seat #4 is the button
Seat 1: xxxZeka ($172.71 in chips) 
Seat 2: BenCampbel10 ($100 in chips) 
Seat 3: Nazareno1999 ($100 in chips) 
Seat 4: petermcg2403 ($23.77 in chips) 
Seat 5: Supermegopro ($100.90 in chips) 
Seat 6: XneferX ($100 in chips) 
Supermegopro: posts small blind $0.50
XneferX: posts big blind $1
*** HOLE CARDS ***
xxxZeka: folds 
BenCampbel10: raises $1 to $2
Nazareno1999: folds 
petermcg2403: calls $2
Supermegopro: folds 
XneferX: folds 
*** FLOP *** [4s Js Tc]
BenCampbel10: checks 
petermcg2403: checks 
*** TURN *** [4s Js Tc] [2s]
BenCampbel10: bets $1.72
petermcg2403: calls $1.72
*** RIVER *** [4s Js Tc 2s] [9s]
BenCampbel10: bets $1.80
petermcg2403: raises $8.20 to $10
BenCampbel10: folds 
Uncalled bet ($8.20) returned to petermcg2403
petermcg2403 collected $11.91 from pot
*** SUMMARY ***
Total pot $12.54 | Rake $0.63 
Board [4s Js Tc 2s 9s]
Seat 1: xxxZeka folded before Flop (didn't bet)
Seat 2: BenCampbel10 folded on the River
Seat 3: Nazareno1999 folded before Flop (didn't bet)
Seat 4: petermcg2403 (button) collected ($11.91)
Seat 5: Supermegopro (small blind) folded before Flop
Seat 6: XneferX (big blind) folded before Flop



PokerStars Hand #254252128794:  Hold'em No Limit ($0.50/$1.00 USD) - 2025/01/07 21:39:25 WET [2025/01/07 16:39:25 ET]
Table 'Gerti II' 6-max Seat #5 is the button
Seat 1: xxxZeka ($172.71 in chips) 
Seat 2: BenCampbel10 ($100 in chips) 
Seat 3: Nazareno1999 ($100 in chips) 
Seat 4: petermcg2403 ($30.16 in chips) 
Seat 5: Supermegopro ($100.40 in chips) 
Seat 6: XneferX ($100 in chips) 
XneferX: posts small blind $0.50
xxxZeka: posts big blind $1
*** HOLE CARDS ***
BenCampbel10: folds 
Nazareno1999: raises $1.20 to $2.20
petermcg2403: calls $2.20
Supermegopro: folds 
XneferX: folds 
xxxZeka: folds 
*** FLOP *** [8s Tc Jc]
Nazareno1999: bets $1.85
petermcg2403: raises $1.85 to $3.70
Nazareno1999: raises $94.10 to $97.80 and is all-in
petermcg2403: calls $24.26 and is all-in
Uncalled bet ($69.84) returned to Nazareno1999
*** TURN *** [8s Tc Jc] [4d]
*** RIVER *** [8s Tc Jc 4d] [8c]
*** SHOW DOWN ***
Nazareno1999: shows [Qd Kc] (a pair of Eights)
petermcg2403: shows [As Th] (two pair, Tens and Eights)
petermcg2403 collected $59.32 from pot
*** SUMMARY ***
Total pot $61.82 | Rake $2.50 
Board [8s Tc Jc 4d 8c]
Seat 1: xxxZeka (big blind) folded before Flop
Seat 2: BenCampbel10 folded before Flop (didn't bet)
Seat 3: Nazareno1999 showed [Qd Kc] and lost with a pair of Eights
Seat 4: petermcg2403 showed [As Th] and won ($59.32) with two pair, Tens and Eights
Seat 5: Supermegopro (button) folded before Flop (didn't bet)
Seat 6: XneferX (small blind) folded before Flop



PokerStars Hand #254252142598:  Hold'em No Limit ($0.50/$1.00 USD) - 2025/01/07 21:40:06 WET [2025/01/07 16:40:06 ET]
Table 'Gerti II' 6-max Seat #6 is the button
Seat 2: BenCampbel10 ($100 in chips) is sitting out
Seat 1: xxxZeka ($171.71 in chips) 
Seat 3: Nazareno1999 ($100 in chips) 
Seat 4: petermcg2403 ($59.32 in chips) 
Seat 5: Supermegopro ($100.40 in chips) 
Seat 6: XneferX ($100 in chips) 
xxxZeka: posts small blind $0.50
BenCampbel10: is sitting out 
Nazareno1999: posts big blind $1
*** HOLE CARDS ***
petermcg2403: calls $1
Supermegopro: folds 
BenCampbel10 leaves the table
XneferX: folds 
xxxZeka: folds 
Nazareno1999: checks 
*** FLOP *** [6h 6d Jc]
Nazareno1999: checks 
petermcg2403: checks 
*** TURN *** [6h 6d Jc] [Jh]
Nazareno1999: checks 
petermcg2403: checks 
*** RIVER *** [6h 6d Jc Jh] [3h]
Nazareno1999: checks 
petermcg2403: bets $3
Nazareno1999: folds 
Uncalled bet ($3) returned to petermcg2403
petermcg2403 collected $2.38 from pot
*** SUMMARY ***
Total pot $2.50 | Rake $0.12 
Board [6h 6d Jc Jh 3h]
Seat 2: BenCampbel10
Seat 1: xxxZeka (small blind) folded before Flop
Seat 3: Nazareno1999 (big blind) folded on the River
Seat 4: petermcg2403 collected ($2.38)
Seat 5: Supermegopro folded before Flop (didn't bet)
Seat 6: XneferX (button) folded before Flop (didn't bet)



PokerStars Hand #254252154379:  Hold'em No Limit ($0.50/$1.00 USD) - 2025/01/07 21:40:41 WET [2025/01/07 16:40:41 ET]
Table 'Gerti II' 6-max Seat #1 is the button
Seat 1: xxxZeka ($171.21 in chips) 
Seat 3: Nazareno1999 ($100 in chips) 
Seat 4: petermcg2403 ($60.70 in chips) 
Seat 5: Supermegopro ($100.40 in chips) 
Seat 6: XneferX ($100 in chips) 
Nazareno1999: posts small blind $0.50
petermcg2403: posts big blind $1
*** HOLE CARDS ***
Supermegopro: folds 
XneferX: folds 
xxxZeka: folds 
Nazareno1999: raises $1.50 to $2.50
petermcg2403: calls $1.50
*** FLOP *** [Kc 3d Ad]
Nazareno1999: checks 
petermcg2403: checks 
*** TURN *** [Kc 3d Ad] [Qh]
Nazareno1999: bets $1.57
petermcg2403: folds 
Uncalled bet ($1.57) returned to Nazareno1999
Nazareno1999 collected $4.75 from pot
Nazareno1999: doesn't show hand 
*** SUMMARY ***
Total pot $5 | Rake $0.25 
Board [Kc 3d Ad Qh]
Seat 1: xxxZeka (button) folded before Flop (didn't bet)
Seat 3: Nazareno1999 (small blind) collected ($4.75)
Seat 4: petermcg2403 (big blind) folded on the Turn
Seat 5: Supermegopro folded before Flop (didn't bet)
Seat 6: XneferX folded before Flop (didn't bet)



PokerStars Hand #254252161523:  Hold'em No Limit ($0.50/$1.00 USD) - 2025/01/07 21:41:03 WET [2025/01/07 16:41:03 ET]
Table 'Gerti II' 6-max Seat #3 is the button
Seat 1: xxxZeka ($171.21 in chips) 
Seat 3: Nazareno1999 ($102.25 in chips) 
Seat 4: petermcg2403 ($58.20 in chips) 
Seat 5: Supermegopro ($100.40 in chips) 
Seat 6: XneferX ($100 in chips) 
petermcg2403: posts small blind $0.50
Supermegopro: posts big blind $1
*** HOLE CARDS ***
XneferX: raises $1.20 to $2.20
xxxZeka: folds 
Nazareno1999: folds 
petermcg2403: calls $1.70
Supermegopro: folds 
*** FLOP *** [7c Qd 8d]
tintin641 joins the table at seat #2 
petermcg2403: checks 
XneferX: checks 
*** TURN *** [7c Qd 8d] [Kc]
petermcg2403: checks 
XneferX: checks 
*** RIVER *** [7c Qd 8d Kc] [3h]
petermcg2403: checks 
XneferX: checks 
*** SHOW DOWN ***
petermcg2403: shows [5c 6c] (high card King)
XneferX: shows [As Th] (high card Ace)
XneferX collected $5.13 from pot
*** SUMMARY ***
Total pot $5.40 | Rake $0.27 
Board [7c Qd 8d Kc 3h]
Seat 1: xxxZeka folded before Flop (didn't bet)
Seat 3: Nazareno1999 (button) folded before Flop (didn't bet)
Seat 4: petermcg2403 (small blind) showed [5c 6c] and lost with high card King
Seat 5: Supermegopro (big blind) folded before Flop
Seat 6: XneferX showed [As Th] and won ($5.13) with high card Ace



PokerStars Hand #254252187204:  Hold'em No Limit ($0.50/$1.00 USD) - 2025/01/07 21:42:20 WET [2025/01/07 16:42:20 ET]
Table 'Gerti II' 6-max Seat #4 is the button
Seat 2: tintin641 ($100 in chips) is sitting out
Seat 1: xxxZeka ($171.21 in chips) 
Seat 3: Nazareno1999 ($102.25 in chips) 
Seat 4: petermcg2403 ($56 in chips) 
Seat 5: Supermegopro ($100 in chips) 
Seat 6: XneferX ($102.93 in chips) 
Supermegopro: posts small blind $0.50
XneferX: posts big blind $1
tintin641: sits out 
*** HOLE CARDS ***
xxxZeka: folds 
Nazareno1999: raises $1.20 to $2.20
petermcg2403: folds 
Supermegopro: folds 
XneferX: folds 
Uncalled bet ($1.20) returned to Nazareno1999
Nazareno1999 collected $2.50 from pot
*** SUMMARY ***
Total pot $2.50 | Rake $0 
Seat 2: tintin641
Seat 1: xxxZeka folded before Flop (didn't bet)
Seat 3: Nazareno1999 collected ($2.50)
Seat 4: petermcg2403 (button) folded before Flop (didn't bet)
Seat 5: Supermegopro (small blind) folded before Flop
Seat 6: XneferX (big blind) folded before Flop



PokerStars Hand #254252195536:  Hold'em No Limit ($0.50/$1.00 USD) - 2025/01/07 21:42:45 WET [2025/01/07 16:42:45 ET]
Table 'Gerti II' 6-max Seat #5 is the button
Seat 2: tintin641 ($100 in chips) is sitting out
Seat 1: xxxZeka ($171.21 in chips) 
Seat 3: Nazareno1999 ($103.75 in chips) 
Seat 4: petermcg2403 ($56 in chips) 
Seat 5: Supermegopro ($100 in chips) 
Seat 6: XneferX ($101.93 in chips) 
XneferX: posts small blind $0.50
xxxZeka: posts big blind $1
tintin641: sits out 
*** HOLE CARDS ***
Nazareno1999: folds 
petermcg2403: calls $1
Supermegopro: folds 
XneferX: folds 
xxxZeka: checks 
*** FLOP *** [Kc Th Tc]
xxxZeka: checks 
petermcg2403: checks 
*** TURN *** [Kc Th Tc] [Jc]
xxxZeka: bets $2
petermcg2403: folds 
Uncalled bet ($2) returned to xxxZeka
xxxZeka collected $2.38 from pot
xxxZeka: doesn't show hand 
*** SUMMARY ***
Total pot $2.50 | Rake $0.12 
Board [Kc Th Tc Jc]
Seat 2: tintin641
Seat 1: xxxZeka (big blind) collected ($2.38)
Seat 3: Nazareno1999 folded before Flop (didn't bet)
Seat 4: petermcg2403 folded on the Turn
Seat 5: Supermegopro (button) folded before Flop (didn't bet)
Seat 6: XneferX (small blind) folded before Flop



PokerStars Hand #254252209774:  Hold'em No Limit ($0.50/$1.00 USD) - 2025/01/07 21:43:27 WET [2025/01/07 16:43:27 ET]
Table 'Gerti II' 6-max Seat #6 is the button
Seat 1: xxxZeka ($172.59 in chips) 
Seat 2: tintin641 ($100 in chips) 
Seat 3: Nazareno1999 ($103.75 in chips) 
Seat 4: petermcg2403 ($55 in chips) 
Seat 5: Supermegopro ($100 in chips) 
Seat 6: XneferX ($101.43 in chips) 
xxxZeka: posts small blind $0.50
tintin641: posts big blind $1
*** HOLE CARDS ***
Nazareno1999: folds 
petermcg2403: calls $1
Supermegopro: folds 
XneferX: folds 
xxxZeka: folds 
tintin641: checks 
*** FLOP *** [2d Qc Ad]
tintin641: checks 
petermcg2403: checks 
*** TURN *** [2d Qc Ad] [6c]
tintin641: checks 
petermcg2403: checks 
*** RIVER *** [2d Qc Ad 6c] [4c]
tintin641: bets $3.57
petermcg2403: folds 
Uncalled bet ($3.57) returned to tintin641
tintin641 collected $2.38 from pot
tintin641: doesn't show hand 
*** SUMMARY ***
Total pot $2.50 | Rake $0.12 
Board [2d Qc Ad 6c 4c]
Seat 1: xxxZeka (small blind) folded before Flop
Seat 2: tintin641 (big blind) collected ($2.38)
Seat 3: Nazareno1999 folded before Flop (didn't bet)
Seat 4: petermcg2403 folded on the River
Seat 5: Supermegopro folded before Flop (didn't bet)
Seat 6: XneferX (button) folded before Flop (didn't bet)



PokerStars Hand #254252224743:  Hold'em No Limit ($0.50/$1.00 USD) - 2025/01/07 21:44:13 WET [2025/01/07 16:44:13 ET]
Table 'Gerti II' 6-max Seat #1 is the button
Seat 1: xxxZeka ($172.09 in chips) 
Seat 2: tintin641 ($101.38 in chips) 
Seat 3: Nazareno1999 ($103.75 in chips) 
Seat 4: petermcg2403 ($54 in chips) 
Seat 5: Supermegopro ($100 in chips) 
Seat 6: XneferX ($101.43 in chips) 
tintin641: posts small blind $0.50
Nazareno1999: posts big blind $1
*** HOLE CARDS ***
petermcg2403: folds 
Supermegopro: folds 
XneferX: raises $1.20 to $2.20
xxxZeka: folds 
tintin641: folds 
Nazareno1999: folds 
Uncalled bet ($1.20) returned to XneferX
XneferX collected $2.50 from pot
XneferX: doesn't show hand 
*** SUMMARY ***
Total pot $2.50 | Rake $0 
Seat 1: xxxZeka (button) folded before Flop (didn't bet)
Seat 2: tintin641 (small blind) folded before Flop
Seat 3: Nazareno1999 (big blind) folded before Flop
Seat 4: petermcg2403 folded before Flop (didn't bet)
Seat 5: Supermegopro folded before Flop (didn't bet)
Seat 6: XneferX collected ($2.50)



PokerStars Hand #254252233226:  Hold'em No Limit ($0.50/$1.00 USD) - 2025/01/07 21:44:38 WET [2025/01/07 16:44:38 ET]
Table 'Gerti II' 6-max Seat #2 is the button
Seat 1: xxxZeka ($172.09 in chips) 
Seat 2: tintin641 ($100.88 in chips) 
Seat 3: Nazareno1999 ($102.75 in chips) 
Seat 4: petermcg2403 ($54 in chips) 
Seat 5: Supermegopro ($100 in chips) 
Seat 6: XneferX ($102.93 in chips) 
Nazareno1999: posts small blind $0.50
petermcg2403: posts big blind $1
*** HOLE CARDS ***
Supermegopro: raises $1.50 to $2.50
XneferX: raises $5 to $7.50
xxxZeka: folds 
tintin641: folds 
Nazareno1999: folds 
petermcg2403: calls $6.50
Supermegopro: calls $5
*** FLOP *** [6s 6c 3d]
petermcg2403: bets $10
Supermegopro: folds 
XneferX: calls $10
*** TURN *** [6s 6c 3d] [9s]
petermcg2403: bets $15
XneferX: calls $15
*** RIVER *** [6s 6c 3d 9s] [5h]
petermcg2403: checks 
XneferX: bets $18.33
petermcg2403: folds 
Uncalled bet ($18.33) returned to XneferX
XneferX collected $70.50 from pot
XneferX: doesn't show hand 
*** SUMMARY ***
Total pot $73 | Rake $2.50 
Board [6s 6c 3d 9s 5h]
Seat 1: xxxZeka folded before Flop (didn't bet)
Seat 2: tintin641 (button) folded before Flop (didn't bet)
Seat 3: Nazareno1999 (small blind) folded before Flop
Seat 4: petermcg2403 (big blind) folded on the River
Seat 5: Supermegopro folded on the Flop
Seat 6: XneferX collected ($70.50)



PokerStars Hand #254252266405:  Hold'em No Limit ($0.50/$1.00 USD) - 2025/01/07 21:46:16 WET [2025/01/07 16:46:16 ET]
Table 'Gerti II' 6-max Seat #3 is the button
Seat 1: xxxZeka ($172.09 in chips) 
Seat 2: tintin641 ($100.88 in chips) 
Seat 3: Nazareno1999 ($102.25 in chips) 
Seat 4: petermcg2403 ($21.50 in chips) 
Seat 5: Supermegopro ($100 in chips) 
Seat 6: XneferX ($140.93 in chips) 
petermcg2403: posts small blind $0.50
Supermegopro: posts big blind $1
*** HOLE CARDS ***
XneferX: folds 
xxxZeka: folds 
tintin641: raises $1.50 to $2.50
Nazareno1999: folds 
petermcg2403: calls $2
Supermegopro: calls $1.50
*** FLOP *** [Td 7d Js]
petermcg2403: checks 
Supermegopro: checks 
tintin641: bets $2.35
petermcg2403: calls $2.35
Supermegopro: folds 
*** TURN *** [Td 7d Js] [2h]
petermcg2403: bets $2
tintin641: raises $23.39 to $25.39
petermcg2403: calls $14.65 and is all-in
Uncalled bet ($8.74) returned to tintin641
*** RIVER *** [Td 7d Js 2h] [9d]
*** SHOW DOWN ***
petermcg2403: shows [Jd Qd] (a flush, Queen high)
tintin641: shows [6d Ad] (a flush, Ace high)
tintin641 collected $43.22 from pot
*** SUMMARY ***
Total pot $45.50 | Rake $2.28 
Board [Td 7d Js 2h 9d]
Seat 1: xxxZeka folded before Flop (didn't bet)
Seat 2: tintin641 showed [6d Ad] and won ($43.22) with a flush, Ace high
Seat 3: Nazareno1999 (button) folded before Flop (didn't bet)
Seat 4: petermcg2403 (small blind) showed [Jd Qd] and lost with a flush, Queen high
Seat 5: Supermegopro (big blind) folded on the Flop
Seat 6: XneferX folded before Flop (didn't bet)



PokerStars Hand #254252292272:  Hold'em No Limit ($0.50/$1.00 USD) - 2025/01/07 21:47:33 WET [2025/01/07 16:47:33 ET]
Table 'Gerti II' 6-max Seat #5 is the button
Seat 4: petermcg2403 ($0 in chips) is sitting out
Seat 1: xxxZeka ($172.09 in chips) 
Seat 2: tintin641 ($122.60 in chips) 
Seat 3: Nazareno1999 ($102.25 in chips) 
Seat 5: Supermegopro ($100 in chips) 
Seat 6: XneferX ($140.93 in chips) 
XneferX: posts small blind $0.50
xxxZeka: posts big blind $1
*** HOLE CARDS ***
tintin641: folds 
Nazareno1999: folds 
Supermegopro: raises $1.50 to $2.50
XneferX: folds 
xxxZeka: folds 
Uncalled bet ($1.50) returned to Supermegopro
Supermegopro collected $2.50 from pot
Supermegopro: doesn't show hand 
*** SUMMARY ***
Total pot $2.50 | Rake $0 
Seat 4: petermcg2403
Seat 1: xxxZeka (big blind) folded before Flop
Seat 2: tintin641 folded before Flop (didn't bet)
Seat 3: Nazareno1999 folded before Flop (didn't bet)
Seat 5: Supermegopro (button) collected ($2.50)
Seat 6: XneferX (small blind) folded before Flop



PokerStars Hand #254252297090:  Hold'em No Limit ($0.50/$1.00 USD) - 2025/01/07 21:47:47 WET [2025/01/07 16:47:47 ET]
Table 'Gerti II' 6-max Seat #6 is the button
Seat 4: petermcg2403 ($0 in chips) is sitting out
Seat 1: xxxZeka ($171.09 in chips) 
Seat 2: tintin641 ($122.60 in chips) 
Seat 3: Nazareno1999 ($102.25 in chips) 
Seat 5: Supermegopro ($101.50 in chips) 
Seat 6: XneferX ($140.43 in chips) 
xxxZeka: posts small blind $0.50
tintin641: posts big blind $1
*** HOLE CARDS ***
Nazareno1999: folds 
Supermegopro: raises $1.50 to $2.50
XneferX: folds 
xxxZeka: folds 
tintin641: raises $10 to $12.50
Supermegopro: folds 
Uncalled bet ($10) returned to tintin641
tintin641 collected $5.50 from pot
tintin641: doesn't show hand 
*** SUMMARY ***
Total pot $5.50 | Rake $0 
Seat 4: petermcg2403
Seat 1: xxxZeka (small blind) folded before Flop
Seat 2: tintin641 (big blind) collected ($5.50)
Seat 3: Nazareno1999 folded before Flop (didn't bet)
Seat 5: Supermegopro folded before Flop
Seat 6: XneferX (button) folded before Flop (didn't bet)



PokerStars Hand #254252305971:  Hold'em No Limit ($0.50/$1.00 USD) - 2025/01/07 21:48:13 WET [2025/01/07 16:48:13 ET]
Table 'Gerti II' 6-max Seat #1 is the button
Seat 1: xxxZeka ($170.59 in chips) 
Seat 2: tintin641 ($125.60 in chips) 
Seat 3: Nazareno1999 ($102.25 in chips) 
Seat 4: petermcg2403 ($48.41 in chips) 
Seat 5: Supermegopro ($100 in chips) 
Seat 6: XneferX ($140.43 in chips) 
tintin641: posts small blind $0.50
Nazareno1999: posts big blind $1
*** HOLE CARDS ***
petermcg2403: calls $1
Supermegopro: raises $3 to $4
XneferX: folds 
xxxZeka: folds 
tintin641: folds 
Nazareno1999: raises $8 to $12
petermcg2403: folds 
Supermegopro: folds 
Uncalled bet ($8) returned to Nazareno1999
Nazareno1999 collected $9.50 from pot
Nazareno1999: doesn't show hand 
*** SUMMARY ***
Total pot $9.50 | Rake $0 
Seat 1: xxxZeka (button) folded before Flop (didn't bet)
Seat 2: tintin641 (small blind) folded before Flop
Seat 3: Nazareno1999 (big blind) collected ($9.50)
Seat 4: petermcg2403 folded before Flop
Seat 5: Supermegopro folded before Flop
Seat 6: XneferX folded before Flop (didn't bet)



PokerStars Hand #254252316641:  Hold'em No Limit ($0.50/$1.00 USD) - 2025/01/07 21:48:45 WET [2025/01/07 16:48:45 ET]
Table 'Gerti II' 6-max Seat #2 is the button
Seat 1: xxxZeka ($170.59 in chips) 
Seat 2: tintin641 ($125.10 in chips) 
Seat 3: Nazareno1999 ($107.75 in chips) 
Seat 4: petermcg2403 ($47.41 in chips) 
Seat 5: Supermegopro ($100 in chips) 
Seat 6: XneferX ($140.43 in chips) 
Nazareno1999: posts small blind $0.50
petermcg2403: posts big blind $1
*** HOLE CARDS ***
Supermegopro: folds 
XneferX: folds 
xxxZeka: folds 
tintin641: raises $1.50 to $2.50
Nazareno1999: raises $9 to $11.50
petermcg2403: calls $10.50
tintin641: folds 
*** FLOP *** [Th 3s 9s]
Nazareno1999: checks 
petermcg2403: bets $15
Nazareno1999: raises $40.67 to $55.67
petermcg2403: calls $20.91 and is all-in
Uncalled bet ($19.76) returned to Nazareno1999
*** TURN *** [Th 3s 9s] [8c]
*** RIVER *** [Th 3s 9s 8c] [8s]
*** SHOW DOWN ***
Nazareno1999: shows [Tc As] (two pair, Tens and Eights)
petermcg2403: shows [9d Ks] (two pair, Nines and Eights)
Nazareno1999 collected $94.82 from pot
petermcg2403 cashed out the hand for $19.34 | Cash Out Fee $0.39
*** SUMMARY ***
Total pot $97.32 | Rake $2.50 
Board [Th 3s 9s 8c 8s]
Seat 1: xxxZeka folded before Flop (didn't bet)
Seat 2: tintin641 (button) folded before Flop
Seat 3: Nazareno1999 (small blind) showed [Tc As] and won ($94.82) with two pair, Tens and Eights
Seat 4: petermcg2403 (big blind) showed [9d Ks] and lost with two pair, Nines and Eights (cashed out).
Seat 5: Supermegopro folded before Flop (didn't bet)
Seat 6: XneferX folded before Flop (didn't bet)



PokerStars Hand #254252332694:  Hold'em No Limit ($0.50/$1.00 USD) - 2025/01/07 21:49:33 WET [2025/01/07 16:49:33 ET]
Table 'Gerti II' 6-max Seat #3 is the button
Seat 1: xxxZeka ($170.59 in chips) 
Seat 2: tintin641 ($122.60 in chips) 
Seat 3: Nazareno1999 ($155.16 in chips) 
Seat 4: petermcg2403 ($19.34 in chips) 
Seat 5: Supermegopro ($100 in chips) 
Seat 6: XneferX ($140.43 in chips) 
petermcg2403: posts small blind $0.50
Supermegopro: posts big blind $1
*** HOLE CARDS ***
XneferX: folds 
xxxZeka: folds 
tintin641: folds 
Nazareno1999: folds 
petermcg2403: calls $0.50
Supermegopro: checks 
*** FLOP *** [9s 6h Js]
petermcg2403: checks 
Supermegopro: checks 
*** TURN *** [9s 6h Js] [3h]
petermcg2403: checks 
Supermegopro: bets $1.27
petermcg2403: calls $1.27
*** RIVER *** [9s 6h Js 3h] [7s]
petermcg2403: bets $2
Supermegopro: folds 
Uncalled bet ($2) returned to petermcg2403
petermcg2403 collected $4.31 from pot
*** SUMMARY ***
Total pot $4.54 | Rake $0.23 
Board [9s 6h Js 3h 7s]
Seat 1: xxxZeka folded before Flop (didn't bet)
Seat 2: tintin641 folded before Flop (didn't bet)
Seat 3: Nazareno1999 (button) folded before Flop (didn't bet)
Seat 4: petermcg2403 (small blind) collected ($4.31)
Seat 5: Supermegopro (big blind) folded on the River
Seat 6: XneferX folded before Flop (didn't bet)



PokerStars Hand #254252343444:  Hold'em No Limit ($0.50/$1.00 USD) - 2025/01/07 21:50:06 WET [2025/01/07 16:50:06 ET]
Table 'Gerti II' 6-max Seat #4 is the button
Seat 1: xxxZeka ($170.59 in chips) 
Seat 2: tintin641 ($122.60 in chips) 
Seat 3: Nazareno1999 ($155.16 in chips) 
Seat 4: petermcg2403 ($21.38 in chips) 
Seat 5: Supermegopro ($100 in chips) 
Seat 6: XneferX ($140.43 in chips) 
Supermegopro: posts small blind $0.50
XneferX: posts big blind $1
*** HOLE CARDS ***
xxxZeka: folds 
tintin641: folds 
Nazareno1999: folds 
petermcg2403: calls $1
Supermegopro: folds 
XneferX: checks 
*** FLOP *** [9d Jh Kh]
XneferX: checks 
petermcg2403: checks 
*** TURN *** [9d Jh Kh] [Jc]
XneferX: checks 
petermcg2403: checks 
*** RIVER *** [9d Jh Kh Jc] [6d]
XneferX: checks 
petermcg2403: checks 
*** SHOW DOWN ***
XneferX: shows [6c 5s] (two pair, Jacks and Sixes)
petermcg2403: mucks hand 
XneferX collected $2.38 from pot
*** SUMMARY ***
Total pot $2.50 | Rake $0.12 
Board [9d Jh Kh Jc 6d]
Seat 1: xxxZeka folded before Flop (didn't bet)
Seat 2: tintin641 folded before Flop (didn't bet)
Seat 3: Nazareno1999 folded before Flop (didn't bet)
Seat 4: petermcg2403 (button) mucked
Seat 5: Supermegopro (small blind) folded before Flop
Seat 6: XneferX (big blind) showed [6c 5s] and won ($2.38) with two pair, Jacks and Sixes



PokerStars Hand #254252376459:  Hold'em No Limit ($0.50/$1.00 USD) - 2025/01/07 21:51:45 WET [2025/01/07 16:51:45 ET]
Table 'Gerti II' 6-max Seat #5 is the button
Seat 1: xxxZeka ($170.59 in chips) 
Seat 2: tintin641 ($122.60 in chips) 
Seat 3: Nazareno1999 ($155.16 in chips) 
Seat 4: petermcg2403 ($20.38 in chips) 
Seat 5: Supermegopro ($100 in chips) 
Seat 6: XneferX ($141.81 in chips) 
XneferX: posts small blind $0.50
xxxZeka: posts big blind $1
*** HOLE CARDS ***
tintin641: folds 
Nazareno1999: folds 
petermcg2403: raises $3 to $4
Supermegopro: folds 
XneferX: folds 
xxxZeka: folds 
Uncalled bet ($3) returned to petermcg2403
petermcg2403 collected $2.50 from pot
*** SUMMARY ***
Total pot $2.50 | Rake $0 
Seat 1: xxxZeka (big blind) folded before Flop
Seat 2: tintin641 folded before Flop (didn't bet)
Seat 3: Nazareno1999 folded before Flop (didn't bet)
Seat 4: petermcg2403 collected ($2.50)
Seat 5: Supermegopro (button) folded before Flop (didn't bet)
Seat 6: XneferX (small blind) folded before Flop



PokerStars Hand #254252387427:  Hold'em No Limit ($0.50/$1.00 USD) - 2025/01/07 21:52:19 WET [2025/01/07 16:52:19 ET]
Table 'Gerti II' 6-max Seat #6 is the button
Seat 1: xxxZeka ($169.59 in chips) 
Seat 2: tintin641 ($122.60 in chips) 
Seat 3: Nazareno1999 ($155.16 in chips) 
Seat 4: petermcg2403 ($21.88 in chips) 
Seat 5: Supermegopro ($100 in chips) 
Seat 6: XneferX ($141.31 in chips) 
xxxZeka: posts small blind $0.50
tintin641: posts big blind $1
*** HOLE CARDS ***
Nazareno1999: folds 
petermcg2403: calls $1
Supermegopro: folds 
XneferX: folds 
xxxZeka: folds 
tintin641: raises $3 to $4
petermcg2403: calls $3
*** FLOP *** [As 6c 9h]
tintin641: bets $2.67
petermcg2403: folds 
Uncalled bet ($2.67) returned to tintin641
tintin641 collected $8.08 from pot
tintin641: doesn't show hand 
*** SUMMARY ***
Total pot $8.50 | Rake $0.42 
Board [As 6c 9h]
Seat 1: xxxZeka (small blind) folded before Flop
Seat 2: tintin641 (big blind) collected ($8.08)
Seat 3: Nazareno1999 folded before Flop (didn't bet)
Seat 4: petermcg2403 folded on the Flop
Seat 5: Supermegopro folded before Flop (didn't bet)
Seat 6: XneferX (button) folded before Flop (didn't bet)



PokerStars Hand #254252401505:  Hold'em No Limit ($0.50/$1.00 USD) - 2025/01/07 21:53:01 WET [2025/01/07 16:53:01 ET]
Table 'Gerti II' 6-max Seat #1 is the button
Seat 1: xxxZeka ($169.09 in chips) 
Seat 2: tintin641 ($126.68 in chips) 
Seat 3: Nazareno1999 ($155.16 in chips) 
Seat 4: petermcg2403 ($17.88 in chips) 
Seat 5: Supermegopro ($100 in chips) 
Seat 6: XneferX ($141.31 in chips) 
tintin641: posts small blind $0.50
Nazareno1999: posts big blind $1
*** HOLE CARDS ***
petermcg2403: raises $16.88 to $17.88 and is all-in
Supermegopro: folds 
XneferX: folds 
xxxZeka: folds 
tintin641: folds 
Nazareno1999: folds 
Uncalled bet ($16.88) returned to petermcg2403
petermcg2403 collected $2.50 from pot
*** SUMMARY ***
Total pot $2.50 | Rake $0 
Seat 1: xxxZeka (button) folded before Flop (didn't bet)
Seat 2: tintin641 (small blind) folded before Flop
Seat 3: Nazareno1999 (big blind) folded before Flop
Seat 4: petermcg2403 collected ($2.50)
Seat 5: Supermegopro folded before Flop (didn't bet)
Seat 6: XneferX folded before Flop (didn't bet)



PokerStars Hand #254252407084:  Hold'em No Limit ($0.50/$1.00 USD) - 2025/01/07 21:53:18 WET [2025/01/07 16:53:18 ET]
Table 'Gerti II' 6-max Seat #2 is the button
Seat 1: xxxZeka ($169.09 in chips) 
Seat 2: tintin641 ($126.18 in chips) 
Seat 3: Nazareno1999 ($154.16 in chips) 
Seat 4: petermcg2403 ($19.38 in chips) 
Seat 5: Supermegopro ($100 in chips) 
Seat 6: XneferX ($141.31 in chips) 
Nazareno1999: posts small blind $0.50
petermcg2403: posts big blind $1
*** HOLE CARDS ***
Supermegopro: folds 
XneferX: raises $1.20 to $2.20
xxxZeka: folds 
tintin641: folds 
Nazareno1999: folds 
petermcg2403: calls $1.20
*** FLOP *** [Jc 2c 6h]
petermcg2403: checks 
XneferX: bets $2.50
petermcg2403: folds 
Uncalled bet ($2.50) returned to XneferX
XneferX collected $4.66 from pot
XneferX: doesn't show hand 
*** SUMMARY ***
Total pot $4.90 | Rake $0.24 
Board [Jc 2c 6h]
Seat 1: xxxZeka folded before Flop (didn't bet)
Seat 2: tintin641 (button) folded before Flop (didn't bet)
Seat 3: Nazareno1999 (small blind) folded before Flop
Seat 4: petermcg2403 (big blind) folded on the Flop
Seat 5: Supermegopro folded before Flop (didn't bet)
Seat 6: XneferX collected ($4.66)



PokerStars Hand #254252421518:  Hold'em No Limit ($0.50/$1.00 USD) - 2025/01/07 21:54:04 WET [2025/01/07 16:54:04 ET]
Table 'Gerti II' 6-max Seat #3 is the button
Seat 1: xxxZeka ($169.09 in chips) 
Seat 2: tintin641 ($126.18 in chips) 
Seat 3: Nazareno1999 ($153.66 in chips) 
Seat 4: petermcg2403 ($17.18 in chips) 
Seat 5: Supermegopro ($100 in chips) 
Seat 6: XneferX ($143.77 in chips) 
petermcg2403: posts small blind $0.50
Supermegopro: posts big blind $1
*** HOLE CARDS ***
XneferX: folds 
xxxZeka: folds 
tintin641: folds 
Nazareno1999: raises $1.20 to $2.20
petermcg2403: raises $2.20 to $4.40
Supermegopro: folds 
Nazareno1999: calls $2.20
*** FLOP *** [Qd 7h Ad]
petermcg2403: bets $5
Nazareno1999: folds 
Uncalled bet ($5) returned to petermcg2403
petermcg2403 collected $9.31 from pot
*** SUMMARY ***
Total pot $9.80 | Rake $0.49 
Board [Qd 7h Ad]
Seat 1: xxxZeka folded before Flop (didn't bet)
Seat 2: tintin641 folded before Flop (didn't bet)
Seat 3: Nazareno1999 (button) folded on the Flop
Seat 4: petermcg2403 (small blind) collected ($9.31)
Seat 5: Supermegopro (big blind) folded before Flop
Seat 6: XneferX folded before Flop (didn't bet)



PokerStars Hand #254252432630:  Hold'em No Limit ($0.50/$1.00 USD) - 2025/01/07 21:54:38 WET [2025/01/07 16:54:38 ET]
Table 'Gerti II' 6-max Seat #4 is the button
Seat 1: xxxZeka ($169.09 in chips) 
Seat 2: tintin641 ($126.18 in chips) 
Seat 3: Nazareno1999 ($149.26 in chips) 
Seat 4: petermcg2403 ($22.09 in chips) 
Seat 5: Supermegopro ($100 in chips) 
Seat 6: XneferX ($143.77 in chips) 
Supermegopro: posts small blind $0.50
XneferX: posts big blind $1
*** HOLE CARDS ***
xxxZeka: folds 
tintin641: folds 
Nazareno1999: folds 
petermcg2403: calls $1
Supermegopro: calls $0.50
XneferX: checks 
*** FLOP *** [Ts Qh 3d]
Supermegopro: checks 
XneferX: checks 
petermcg2403: checks 
*** TURN *** [Ts Qh 3d] [9s]
Supermegopro: checks 
XneferX: checks 
petermcg2403: checks 
*** RIVER *** [Ts Qh 3d 9s] [7d]
Supermegopro: checks 
XneferX: checks 
petermcg2403: checks 
*** SHOW DOWN ***
Supermegopro: shows [2c Kc] (high card King)
XneferX: shows [4s 4h] (a pair of Fours)
petermcg2403: mucks hand 
XneferX collected $2.85 from pot
*** SUMMARY ***
Total pot $3 | Rake $0.15 
Board [Ts Qh 3d 9s 7d]
Seat 1: xxxZeka folded before Flop (didn't bet)
Seat 2: tintin641 folded before Flop (didn't bet)
Seat 3: Nazareno1999 folded before Flop (didn't bet)
Seat 4: petermcg2403 (button) mucked
Seat 5: Supermegopro (small blind) showed [2c Kc] and lost with high card King
Seat 6: XneferX (big blind) showed [4s 4h] and won ($2.85) with a pair of Fours



PokerStars Hand #254252450727:  Hold'em No Limit ($0.50/$1.00 USD) - 2025/01/07 21:55:45 WET [2025/01/07 16:55:45 ET]
Table 'Gerti II' 6-max Seat #5 is the button
Seat 1: xxxZeka ($169.09 in chips) 
Seat 2: tintin641 ($126.18 in chips) 
Seat 3: Nazareno1999 ($149.26 in chips) 
Seat 4: petermcg2403 ($21.09 in chips) 
Seat 5: Supermegopro ($100 in chips) 
Seat 6: XneferX ($145.62 in chips) 
XneferX: posts small blind $0.50
xxxZeka: posts big blind $1
*** HOLE CARDS ***
tintin641: folds 
Nazareno1999: folds 
petermcg2403: calls $1
Supermegopro: raises $3 to $4
XneferX: folds 
xxxZeka: calls $3
petermcg2403: calls $3
*** FLOP *** [Th 2d 9c]
xxxZeka: checks 
petermcg2403: bets $12
Supermegopro: folds 
xxxZeka: folds 
Uncalled bet ($12) returned to petermcg2403
petermcg2403 collected $11.88 from pot
*** SUMMARY ***
Total pot $12.50 | Rake $0.62 
Board [Th 2d 9c]
Seat 1: xxxZeka (big blind) folded on the Flop
Seat 2: tintin641 folded before Flop (didn't bet)
Seat 3: Nazareno1999 folded before Flop (didn't bet)
Seat 4: petermcg2403 collected ($11.88)
Seat 5: Supermegopro (button) folded on the Flop
Seat 6: XneferX (small blind) folded before Flop



PokerStars Hand #254252463856:  Hold'em No Limit ($0.50/$1.00 USD) - 2025/01/07 21:56:41 WET [2025/01/07 16:56:41 ET]
Table 'Gerti II' 6-max Seat #6 is the button
Seat 1: xxxZeka ($165.09 in chips) 
Seat 2: tintin641 ($126.18 in chips) 
Seat 3: Nazareno1999 ($149.26 in chips) 
Seat 4: petermcg2403 ($28.97 in chips) 
Seat 5: Supermegopro ($100 in chips) 
Seat 6: XneferX ($145.12 in chips) 
xxxZeka: posts small blind $0.50
tintin641: posts big blind $1
*** HOLE CARDS ***
Nazareno1999: folds 
petermcg2403: folds 
petermcg2403 leaves the table
Supermegopro: folds 
XneferX: raises $1.77 to $2.77
xxxZeka: folds 
tintin641: folds 
Uncalled bet ($1.77) returned to XneferX
XneferX collected $2.50 from pot
XneferX: doesn't show hand 
*** SUMMARY ***
Total pot $2.50 | Rake $0 
Seat 1: xxxZeka (small blind) folded before Flop
Seat 2: tintin641 (big blind) folded before Flop
Seat 3: Nazareno1999 folded before Flop (didn't bet)
Seat 4: petermcg2403 folded before Flop (didn't bet)
Seat 5: Supermegopro folded before Flop (didn't bet)
Seat 6: XneferX (button) collected ($2.50)



PokerStars Hand #254252468083:  Hold'em No Limit ($0.50/$1.00 USD) - 2025/01/07 21:56:59 WET [2025/01/07 16:56:59 ET]
Table 'Gerti II' 6-max Seat #1 is the button
Seat 3: Nazareno1999 ($149.26 in chips) is sitting out
Seat 1: xxxZeka ($164.59 in chips) 
Seat 2: tintin641 ($125.18 in chips) 
Seat 5: Supermegopro ($100 in chips) 
Seat 6: XneferX ($146.62 in chips) 
tintin641: posts small blind $0.50
Nazareno1999: is sitting out 
Supermegopro: posts big blind $1
*** HOLE CARDS ***
fish my nuts joins the table at seat #4 
Nazareno1999 leaves the table
XneferX: folds 
xxxZeka: raises $1.50 to $2.50
tintin641: raises $8.50 to $11
Calabazaking joins the table at seat #3 
Supermegopro: folds 
xxxZeka: calls $8.50
*** FLOP *** [Kh 6h 6d]
tintin641: bets $7.26
xxxZeka: folds 
Uncalled bet ($7.26) returned to tintin641
tintin641 collected $22 from pot
tintin641: doesn't show hand 
*** SUMMARY ***
Total pot $23 | Rake $1 
Board [Kh 6h 6d]
Seat 3: Nazareno1999
Seat 1: xxxZeka (button) folded on the Flop
Seat 2: tintin641 (small blind) collected ($22)
Seat 5: Supermegopro (big blind) folded before Flop
Seat 6: XneferX folded before Flop (didn't bet)



PokerStars Hand #254252477859:  Hold'em No Limit ($0.50/$1.00 USD) - 2025/01/07 21:57:41 WET [2025/01/07 16:57:41 ET]
Table 'Gerti II' 6-max Seat #5 is the button
Seat 1: xxxZeka ($153.59 in chips) is sitting out
Seat 3: Calabazaking ($100 in chips) is sitting out
Seat 4: fish my nuts ($100 in chips) is sitting out
Seat 6: XneferX ($146.62 in chips) is sitting out
Seat 2: tintin641 ($136.18 in chips) 
Seat 5: Supermegopro ($100 in chips) 
Supermegopro: posts small blind $0.50
XneferX: is sitting out 
xxxZeka: is sitting out 
tintin641: posts big blind $1
*** HOLE CARDS ***
Supermegopro: folds 
Uncalled bet ($0.50) returned to tintin641
tintin641 collected $1 from pot
tintin641: doesn't show hand 
*** SUMMARY ***
Total pot $1 | Rake $0 
Seat 1: xxxZeka
Seat 3: Calabazaking
Seat 4: fish my nuts
Seat 6: XneferX
Seat 2: tintin641 (big blind) collected ($1)
Seat 5: Supermegopro (button) (small blind) folded before Flop



PokerStars Hand #254252479593:  Hold'em No Limit ($0.50/$1.00 USD) - 2025/01/07 21:57:49 WET [2025/01/07 16:57:49 ET]
Table 'Gerti II' 6-max Seat #5 is the button
Seat 1: xxxZeka ($153.59 in chips) is sitting out
Seat 4: fish my nuts ($100 in chips) is sitting out
Seat 6: XneferX ($146.62 in chips) is sitting out
Seat 2: tintin641 ($136.68 in chips) 
Seat 3: Calabazaking ($100 in chips) 
Seat 5: Supermegopro ($100 in chips) 
tintin641: posts small blind $0.50
Calabazaking: posts big blind $1
fish my nuts: sits out 
*** HOLE CARDS ***
Supermegopro: folds 
xxxZeka leaves the table
tintin641: folds 
Uncalled bet ($0.50) returned to Calabazaking
XneferX leaves the table
Calabazaking collected $1 from pot
*** SUMMARY ***
Total pot $1 | Rake $0 
Seat 1: xxxZeka
Seat 4: fish my nuts
Seat 6: XneferX
Seat 2: tintin641 (small blind) folded before Flop
Seat 3: Calabazaking (big blind) collected ($1)
Seat 5: Supermegopro (button) folded before Flop (didn't bet)



PokerStars Hand #254252481665:  Hold'em No Limit ($0.50/$1.00 USD) - 2025/01/07 21:57:58 WET [2025/01/07 16:57:58 ET]
Table 'Gerti II' 6-max Seat #2 is the button
Seat 2: tintin641 ($136.18 in chips) 
Seat 3: Calabazaking ($100.50 in chips) 
Seat 4: fish my nuts ($100 in chips) 
Seat 5: Supermegopro ($100 in chips) 
Calabazaking: posts small blind $0.50
fish my nuts: posts big blind $1
*** HOLE CARDS ***
Supermegopro: folds 
tintin641: folds 
Calabazaking: folds 
Uncalled bet ($0.50) returned to fish my nuts
fish my nuts collected $1 from pot
fish my nuts: doesn't show hand 
*** SUMMARY ***
Total pot $1 | Rake $0 
Seat 2: tintin641 (button) folded before Flop (didn't bet)
Seat 3: Calabazaking (small blind) folded before Flop
Seat 4: fish my nuts (big blind) collected ($1)
Seat 5: Supermegopro folded before Flop (didn't bet)



PokerStars Hand #254252484263:  Hold'em No Limit ($0.50/$1.00 USD) - 2025/01/07 21:58:09 WET [2025/01/07 16:58:09 ET]
Table 'Gerti II' 6-max Seat #3 is the button
Seat 2: tintin641 ($136.18 in chips) 
Seat 3: Calabazaking ($100 in chips) 
Seat 4: fish my nuts ($100.50 in chips) 
Seat 5: Supermegopro ($100 in chips) 
fish my nuts: posts small blind $0.50
Supermegopro: posts big blind $1
*** HOLE CARDS ***
tintin641: folds 
DonkeeyD joins the table at seat #6 
Calabazaking: raises $1.50 to $2.50
fish my nuts: folds 
Supermegopro: calls $1.50
*** FLOP *** [7h 8d Jc]
Supermegopro: checks 
Calabazaking: checks 
*** TURN *** [7h 8d Jc] [Js]
Supermegopro: checks 
Calabazaking: bets $1.72
Supermegopro: folds 
Uncalled bet ($1.72) returned to Calabazaking
Calabazaking collected $5.22 from pot
Bejondeiala joins the table at seat #1 
*** SUMMARY ***
Total pot $5.50 | Rake $0.28 
Board [7h 8d Jc Js]
Seat 2: tintin641 folded before Flop (didn't bet)
Seat 3: Calabazaking (button) collected ($5.22)
Seat 4: fish my nuts (small blind) folded before Flop
Seat 5: Supermegopro (big blind) folded on the Turn



PokerStars Hand #254252490402:  Hold'em No Limit ($0.50/$1.00 USD) - 2025/01/07 21:58:35 WET [2025/01/07 16:58:35 ET]
Table 'Gerti II' 6-max Seat #4 is the button
Seat 1: Bejondeiala ($100 in chips) is sitting out
Seat 2: tintin641 ($136.18 in chips) 
Seat 3: Calabazaking ($102.72 in chips) 
Seat 4: fish my nuts ($100 in chips) 
Seat 5: Supermegopro ($100 in chips) 
Seat 6: DonkeeyD ($100 in chips) 
Supermegopro: posts small blind $0.50
DonkeeyD: posts big blind $1
Bejondeiala: sits out 
*** HOLE CARDS ***
tintin641: folds 
Calabazaking: raises $1.50 to $2.50
fish my nuts: folds 
Supermegopro: raises $9.50 to $12
DonkeeyD: folds 
Calabazaking: calls $9.50
*** FLOP *** [As 3d 8d]
Supermegopro: bets $7.84
Calabazaking: calls $7.84
*** TURN *** [As 3d 8d] [6s]
Supermegopro: checks 
Calabazaking: checks 
*** RIVER *** [As 3d 8d 6s] [Qd]
Supermegopro: bets $25.77
Calabazaking: calls $25.77
*** SHOW DOWN ***
Supermegopro: shows [Kh Jd] (high card Ace)
Calabazaking: shows [8s Qs] (two pair, Queens and Eights)
Calabazaking collected $89.72 from pot
*** SUMMARY ***
Total pot $92.22 | Rake $2.50 
Board [As 3d 8d 6s Qd]
Seat 1: Bejondeiala
Seat 2: tintin641 folded before Flop (didn't bet)
Seat 3: Calabazaking showed [8s Qs] and won ($89.72) with two pair, Queens and Eights
Seat 4: fish my nuts (button) folded before Flop (didn't bet)
Seat 5: Supermegopro (small blind) showed [Kh Jd] and lost with high card Ace
Seat 6: DonkeeyD (big blind) folded before Flop



PokerStars Hand #254252501089:  Hold'em No Limit ($0.50/$1.00 USD) - 2025/01/07 21:59:20 WET [2025/01/07 16:59:20 ET]
Table 'Gerti II' 6-max Seat #5 is the button
Seat 1: Bejondeiala ($100 in chips) 
Seat 2: tintin641 ($136.18 in chips) 
Seat 3: Calabazaking ($146.83 in chips) 
Seat 4: fish my nuts ($100 in chips) 
Seat 5: Supermegopro ($100 in chips) 
Seat 6: DonkeeyD ($100 in chips) 
DonkeeyD: posts small blind $0.50
Bejondeiala: posts big blind $1
*** HOLE CARDS ***
tintin641: raises $1.50 to $2.50
Calabazaking: folds 
fish my nuts: folds 
Supermegopro: folds 
DonkeeyD: folds 
Bejondeiala: folds 
Uncalled bet ($1.50) returned to tintin641
tintin641 collected $2.50 from pot
tintin641: doesn't show hand 
*** SUMMARY ***
Total pot $2.50 | Rake $0 
Seat 1: Bejondeiala (big blind) folded before Flop
Seat 2: tintin641 collected ($2.50)
Seat 3: Calabazaking folded before Flop (didn't bet)
Seat 4: fish my nuts folded before Flop (didn't bet)
Seat 5: Supermegopro (button) folded before Flop (didn't bet)
Seat 6: DonkeeyD (small blind) folded before Flop



PokerStars Hand #254252505982:  Hold'em No Limit ($0.50/$1.00 USD) - 2025/01/07 21:59:41 WET [2025/01/07 16:59:41 ET]
Table 'Gerti II' 6-max Seat #6 is the button
Seat 2: tintin641 ($137.68 in chips) is sitting out
Seat 1: Bejondeiala ($100 in chips) 
Seat 3: Calabazaking ($146.83 in chips) 
Seat 4: fish my nuts ($100 in chips) 
Seat 5: Supermegopro ($100 in chips) 
Seat 6: DonkeeyD ($100 in chips) 
Bejondeiala: posts small blind $0.50
tintin641: is sitting out 
Calabazaking: posts big blind $1
*** HOLE CARDS ***
tintin641 leaves the table
fish my nuts: folds 
Supermegopro: raises $2 to $3
xxxZeka joins the table at seat #2 
DonkeeyD: raises $5 to $8
Bejondeiala: folds 
Calabazaking: folds 
Supermegopro: calls $5
*** FLOP *** [Th 3s Ad]
Supermegopro: checks 
DonkeeyD: checks 
*** TURN *** [Th 3s Ad] [Qc]
Supermegopro: checks 
DonkeeyD: checks 
*** RIVER *** [Th 3s Ad Qc] [Ks]
Supermegopro: checks 
DonkeeyD: bets $12.47
Supermegopro: folds 
Uncalled bet ($12.47) returned to DonkeeyD
DonkeeyD collected $16.62 from pot
DonkeeyD: doesn't show hand 
*** SUMMARY ***
Total pot $17.50 | Rake $0.88 
Board [Th 3s Ad Qc Ks]
Seat 2: tintin641
Seat 1: Bejondeiala (small blind) folded before Flop
Seat 3: Calabazaking (big blind) folded before Flop
Seat 4: fish my nuts folded before Flop (didn't bet)
Seat 5: Supermegopro folded on the River
Seat 6: DonkeeyD (button) collected ($16.62)



PokerStars Hand #254252530005:  Hold'em No Limit ($0.50/$1.00 USD) - 2025/01/07 22:01:17 WET [2025/01/07 17:01:17 ET]
Table 'Gerti II' 6-max Seat #1 is the button
Seat 2: xxxZeka ($153.59 in chips) is sitting out
Seat 1: Bejondeiala ($100 in chips) 
Seat 3: Calabazaking ($145.83 in chips) 
Seat 4: fish my nuts ($100 in chips) 
Seat 5: Supermegopro ($100 in chips) 
Seat 6: DonkeeyD ($108.62 in chips) 
Calabazaking: posts small blind $0.50
fish my nuts: posts big blind $1
*** HOLE CARDS ***
Supermegopro: raises $1.50 to $2.50
DonkeeyD: raises $5.50 to $8
Bejondeiala: folds 
Calabazaking: folds 
fish my nuts: folds 
Supermegopro: folds 
Uncalled bet ($5.50) returned to DonkeeyD
DonkeeyD collected $6.50 from pot
DonkeeyD: doesn't show hand 
*** SUMMARY ***
Total pot $6.50 | Rake $0 
Seat 2: xxxZeka
Seat 1: Bejondeiala (button) folded before Flop (didn't bet)
Seat 3: Calabazaking (small blind) folded before Flop
Seat 4: fish my nuts (big blind) folded before Flop
Seat 5: Supermegopro folded before Flop
Seat 6: DonkeeyD collected ($6.50)



PokerStars Hand #254252535076:  Hold'em No Limit ($0.50/$1.00 USD) - 2025/01/07 22:01:34 WET [2025/01/07 17:01:34 ET]
Table 'Gerti II' 6-max Seat #3 is the button
Seat 2: xxxZeka ($153.59 in chips) is sitting out
Seat 5: Supermegopro ($100 in chips) is sitting out
Seat 1: Bejondeiala ($100 in chips) 
Seat 3: Calabazaking ($145.33 in chips) 
Seat 4: fish my nuts ($100 in chips) 
Seat 6: DonkeeyD ($112.62 in chips) 
fish my nuts: posts small blind $0.50
Supermegopro: is sitting out 
DonkeeyD: posts big blind $1
xxxZeka: sits out 
*** HOLE CARDS ***
Bejondeiala: folds 
Calabazaking: folds 
fish my nuts: folds 
Uncalled bet ($0.50) returned to DonkeeyD
DonkeeyD collected $1 from pot
DonkeeyD: doesn't show hand 
*** SUMMARY ***
Total pot $1 | Rake $0 
Seat 2: xxxZeka
Seat 5: Supermegopro
Seat 1: Bejondeiala folded before Flop (didn't bet)
Seat 3: Calabazaking (button) folded before Flop (didn't bet)
Seat 4: fish my nuts (small blind) folded before Flop
Seat 6: DonkeeyD (big blind) collected ($1)



PokerStars Hand #254252537710:  Hold'em No Limit ($0.50/$1.00 USD) - 2025/01/07 22:01:43 WET [2025/01/07 17:01:43 ET]
Table 'Gerti II' 6-max Seat #4 is the button
Seat 2: xxxZeka ($153.59 in chips) is sitting out
Seat 5: Supermegopro ($100 in chips) is sitting out
Seat 1: Bejondeiala ($100 in chips) 
Seat 3: Calabazaking ($145.33 in chips) 
Seat 4: fish my nuts ($100 in chips) 
Seat 6: DonkeeyD ($113.12 in chips) 
DonkeeyD: posts small blind $0.50
Bejondeiala: posts big blind $1
xxxZeka: sits out 
*** HOLE CARDS ***
Calabazaking: folds 
Supermegopro leaves the table
fish my nuts: folds 
DonkeeyD: folds 
Uncalled bet ($0.50) returned to Bejondeiala
Bejondeiala collected $1 from pot
Bejondeiala: doesn't show hand 
*** SUMMARY ***
Total pot $1 | Rake $0 
Seat 2: xxxZeka
Seat 5: Supermegopro
Seat 1: Bejondeiala (big blind) collected ($1)
Seat 3: Calabazaking folded before Flop (didn't bet)
Seat 4: fish my nuts (button) folded before Flop (didn't bet)
Seat 6: DonkeeyD (small blind) folded before Flop



PokerStars Hand #254252541486:  Hold'em No Limit ($0.50/$1.00 USD) - 2025/01/07 22:01:55 WET [2025/01/07 17:01:55 ET]
Table 'Gerti II' 6-max Seat #6 is the button
Seat 1: Bejondeiala ($100.50 in chips) 
Seat 2: xxxZeka ($153.59 in chips) 
Seat 3: Calabazaking ($145.33 in chips) 
Seat 4: fish my nuts ($100 in chips) 
Seat 6: DonkeeyD ($112.62 in chips) 
Bejondeiala: posts small blind $0.50
xxxZeka: posts big blind $1
*** HOLE CARDS ***
numapu_33 joins the table at seat #5 
Calabazaking: folds 
fish my nuts: raises $1.30 to $2.30
DonkeeyD: folds 
Bejondeiala: folds 
xxxZeka: folds 
Uncalled bet ($1.30) returned to fish my nuts
fish my nuts collected $2.50 from pot
fish my nuts: doesn't show hand 
*** SUMMARY ***
Total pot $2.50 | Rake $0 
Seat 1: Bejondeiala (small blind) folded before Flop
Seat 2: xxxZeka (big blind) folded before Flop
Seat 3: Calabazaking folded before Flop (didn't bet)
Seat 4: fish my nuts collected ($2.50)
Seat 6: DonkeeyD (button) folded before Flop (didn't bet)



PokerStars Hand #254252548921:  Hold'em No Limit ($0.50/$1.00 USD) - 2025/01/07 22:02:17 WET [2025/01/07 17:02:17 ET]
Table 'Gerti II' 6-max Seat #1 is the button
Seat 5: numapu_33 ($100 in chips) is sitting out
Seat 1: Bejondeiala ($100 in chips) 
Seat 2: xxxZeka ($152.59 in chips) 
Seat 3: Calabazaking ($145.33 in chips) 
Seat 4: fish my nuts ($101.50 in chips) 
Seat 6: DonkeeyD ($112.62 in chips) 
xxxZeka: posts small blind $0.50
Calabazaking: posts big blind $1
numapu_33: sits out 
*** HOLE CARDS ***
fish my nuts: folds 
DonkeeyD: folds 
Bejondeiala: folds 
xxxZeka: raises $2 to $3
Calabazaking: folds 
Uncalled bet ($2) returned to xxxZeka
xxxZeka collected $2 from pot
xxxZeka: doesn't show hand 
*** SUMMARY ***
Total pot $2 | Rake $0 
Seat 5: numapu_33
Seat 1: Bejondeiala (button) folded before Flop (didn't bet)
Seat 2: xxxZeka (small blind) collected ($2)
Seat 3: Calabazaking (big blind) folded before Flop
Seat 4: fish my nuts folded before Flop (didn't bet)
Seat 6: DonkeeyD folded before Flop (didn't bet)



PokerStars Hand #254252557322:  Hold'em No Limit ($0.50/$1.00 USD) - 2025/01/07 22:02:44 WET [2025/01/07 17:02:44 ET]
Table 'Gerti II' 6-max Seat #2 is the button
Seat 5: numapu_33 ($100 in chips) is sitting out
Seat 1: Bejondeiala ($100 in chips) 
Seat 2: xxxZeka ($153.59 in chips) 
Seat 3: Calabazaking ($144.33 in chips) 
Seat 4: fish my nuts ($101.50 in chips) 
Seat 6: DonkeeyD ($112.62 in chips) 
Calabazaking: posts small blind $0.50
fish my nuts: posts big blind $1
numapu_33: sits out 
*** HOLE CARDS ***
DonkeeyD: raises $1.20 to $2.20
Bejondeiala: folds 
xxxZeka: folds 
Calabazaking: folds 
fish my nuts: raises $9.80 to $12
DonkeeyD: calls $9.80
*** FLOP *** [3h Tc 4c]
fish my nuts: bets $5.82
DonkeeyD: calls $5.82
*** TURN *** [3h Tc 4c] [5d]
fish my nuts: bets $8.58
DonkeeyD: raises $14.92 to $23.50
fish my nuts: folds 
Uncalled bet ($14.92) returned to DonkeeyD
DonkeeyD collected $50.80 from pot
DonkeeyD: doesn't show hand 
*** SUMMARY ***
Total pot $53.30 | Rake $2.50 
Board [3h Tc 4c 5d]
Seat 5: numapu_33
Seat 1: Bejondeiala folded before Flop (didn't bet)
Seat 2: xxxZeka (button) folded before Flop (didn't bet)
Seat 3: Calabazaking (small blind) folded before Flop
Seat 4: fish my nuts (big blind) folded on the Turn
Seat 6: DonkeeyD collected ($50.80)



PokerStars Hand #254252589774:  Hold'em No Limit ($0.50/$1.00 USD) - 2025/01/07 22:04:24 WET [2025/01/07 17:04:24 ET]
Table 'Gerti II' 6-max Seat #3 is the button
Seat 1: Bejondeiala ($100 in chips) 
Seat 2: xxxZeka ($153.59 in chips) 
Seat 3: Calabazaking ($143.83 in chips) 
Seat 4: fish my nuts ($100 in chips) 
Seat 5: numapu_33 ($100 in chips) 
Seat 6: DonkeeyD ($137.02 in chips) 
fish my nuts: posts small blind $0.50
numapu_33: posts big blind $1
*** HOLE CARDS ***
DonkeeyD: raises $1.20 to $2.20
Bejondeiala: folds 
xxxZeka: folds 
Calabazaking: raises $3.20 to $5.40
fish my nuts: folds 
numapu_33: folds 
DonkeeyD: calls $3.20
*** FLOP *** [Th Ts Ac]
DonkeeyD: checks 
Calabazaking: bets $4.35
DonkeeyD: folds 
Uncalled bet ($4.35) returned to Calabazaking
Calabazaking collected $11.68 from pot
*** SUMMARY ***
Total pot $12.30 | Rake $0.62 
Board [Th Ts Ac]
Seat 1: Bejondeiala folded before Flop (didn't bet)
Seat 2: xxxZeka folded before Flop (didn't bet)
Seat 3: Calabazaking (button) collected ($11.68)
Seat 4: fish my nuts (small blind) folded before Flop
Seat 5: numapu_33 (big blind) folded before Flop
Seat 6: DonkeeyD folded on the Flop



PokerStars Hand #254252603509:  Hold'em No Limit ($0.50/$1.00 USD) - 2025/01/07 22:05:05 WET [2025/01/07 17:05:05 ET]
Table 'Gerti II' 6-max Seat #4 is the button
Seat 1: Bejondeiala ($100 in chips) 
Seat 2: xxxZeka ($153.59 in chips) 
Seat 3: Calabazaking ($150.11 in chips) 
Seat 4: fish my nuts ($100 in chips) 
Seat 5: numapu_33 ($100 in chips) 
Seat 6: DonkeeyD ($131.62 in chips) 
numapu_33: posts small blind $0.50
DonkeeyD: posts big blind $1
*** HOLE CARDS ***
Bejondeiala: folds 
xxxZeka: folds 
Calabazaking: folds 
fish my nuts: raises $1.30 to $2.30
numapu_33: folds 
DonkeeyD: folds 
Uncalled bet ($1.30) returned to fish my nuts
fish my nuts collected $2.50 from pot
fish my nuts: doesn't show hand 
*** SUMMARY ***
Total pot $2.50 | Rake $0 
Seat 1: Bejondeiala folded before Flop (didn't bet)
Seat 2: xxxZeka folded before Flop (didn't bet)
Seat 3: Calabazaking folded before Flop (didn't bet)
Seat 4: fish my nuts (button) collected ($2.50)
Seat 5: numapu_33 (small blind) folded before Flop
Seat 6: DonkeeyD (big blind) folded before Flop



PokerStars Hand #254252610590:  Hold'em No Limit ($0.50/$1.00 USD) - 2025/01/07 22:05:27 WET [2025/01/07 17:05:27 ET]
Table 'Gerti II' 6-max Seat #5 is the button
Seat 1: Bejondeiala ($100 in chips) is sitting out
Seat 2: xxxZeka ($153.59 in chips) 
Seat 3: Calabazaking ($150.11 in chips) 
Seat 4: fish my nuts ($101.50 in chips) 
Seat 5: numapu_33 ($100 in chips) 
Seat 6: DonkeeyD ($130.62 in chips) 
DonkeeyD: posts small blind $0.50
Bejondeiala: is sitting out 
xxxZeka: posts big blind $1
*** HOLE CARDS ***
Bejondeiala leaves the table
Calabazaking: raises $1.50 to $2.50
fish my nuts: folds 
numapu_33: folds 
DonkeeyD: folds 
franco232315 joins the table at seat #1 
xxxZeka: folds 
Uncalled bet ($1.50) returned to Calabazaking
Calabazaking collected $2.50 from pot
*** SUMMARY ***
Total pot $2.50 | Rake $0 
Seat 1: Bejondeiala
Seat 2: xxxZeka (big blind) folded before Flop
Seat 3: Calabazaking collected ($2.50)
Seat 4: fish my nuts folded before Flop (didn't bet)
Seat 5: numapu_33 (button) folded before Flop (didn't bet)
Seat 6: DonkeeyD (small blind) folded before Flop



PokerStars Hand #254252616625:  Hold'em No Limit ($0.50/$1.00 USD) - 2025/01/07 22:05:45 WET [2025/01/07 17:05:45 ET]
Table 'Gerti II' 6-max Seat #6 is the button
Seat 1: franco232315 ($100 in chips) is sitting out
Seat 2: xxxZeka ($152.59 in chips) 
Seat 3: Calabazaking ($151.61 in chips) 
Seat 4: fish my nuts ($101.50 in chips) 
Seat 5: numapu_33 ($100 in chips) 
Seat 6: DonkeeyD ($130.12 in chips) 
xxxZeka: posts small blind $0.50
Calabazaking: posts big blind $1
*** HOLE CARDS ***
fish my nuts: folds 
numapu_33: folds 
DonkeeyD: folds 
xxxZeka: folds 
Uncalled bet ($0.50) returned to Calabazaking
Calabazaking collected $1 from pot
*** SUMMARY ***
Total pot $1 | Rake $0 
Seat 1: franco232315
Seat 2: xxxZeka (small blind) folded before Flop
Seat 3: Calabazaking (big blind) collected ($1)
Seat 4: fish my nuts folded before Flop (didn't bet)
Seat 5: numapu_33 folded before Flop (didn't bet)
Seat 6: DonkeeyD (button) folded before Flop (didn't bet)



PokerStars Hand #254252621818:  Hold'em No Limit ($0.50/$1.00 USD) - 2025/01/07 22:06:01 WET [2025/01/07 17:06:01 ET]
Table 'Gerti II' 6-max Seat #2 is the button
Seat 1: franco232315 ($100 in chips) is sitting out
Seat 4: fish my nuts ($101.50 in chips) is sitting out
Seat 2: xxxZeka ($152.09 in chips) 
Seat 3: Calabazaking ($152.11 in chips) 
Seat 5: numapu_33 ($100 in chips) 
Seat 6: DonkeeyD ($130.12 in chips) 
Calabazaking: posts small blind $0.50
fish my nuts: is sitting out 
numapu_33: posts big blind $1
franco232315: sits out 
*** HOLE CARDS ***
DonkeeyD: folds 
franco232315 leaves the table
xxxZeka: folds 
Calabazaking: folds 
Uncalled bet ($0.50) returned to numapu_33
numapu_33 collected $1 from pot
numapu_33: doesn't show hand 
*** SUMMARY ***
Total pot $1 | Rake $0 
Seat 1: franco232315
Seat 4: fish my nuts
Seat 2: xxxZeka (button) folded before Flop (didn't bet)
Seat 3: Calabazaking (small blind) folded before Flop
Seat 5: numapu_33 (big blind) collected ($1)
Seat 6: DonkeeyD folded before Flop (didn't bet)



PokerStars Hand #254252624993:  Hold'em No Limit ($0.50/$1.00 USD) - 2025/01/07 22:06:10 WET [2025/01/07 17:06:10 ET]
Table 'Gerti II' 6-max Seat #3 is the button
Seat 4: fish my nuts ($101.50 in chips) is sitting out
Seat 2: xxxZeka ($152.09 in chips) 
Seat 3: Calabazaking ($151.61 in chips) 
Seat 5: numapu_33 ($100.50 in chips) 
Seat 6: DonkeeyD ($130.12 in chips) 
numapu_33: posts small blind $0.50
DonkeeyD: posts big blind $1
*** HOLE CARDS ***
fish my nuts leaves the table
xxxZeka: raises $1.50 to $2.50
Calabazaking: folds 
numapu_33: folds 
Calabazaking leaves the table
DonkeeyD: folds 
Uncalled bet ($1.50) returned to xxxZeka
xxxZeka collected $2.50 from pot
xxxZeka: doesn't show hand 
*** SUMMARY ***
Total pot $2.50 | Rake $0 
Seat 4: fish my nuts
Seat 2: xxxZeka collected ($2.50)
Seat 3: Calabazaking (button) folded before Flop (didn't bet)
Seat 5: numapu_33 (small blind) folded before Flop
Seat 6: DonkeeyD (big blind) folded before Flop



