PokerStars Hand #254249259474:  Hold'em No Limit ($0.50/$1.00 USD) - 2025/01/07 19:09:49 WET [2025/01/07 14:09:49 ET]
Table 'Spica III' 6-max Seat #5 is the button
Seat 1: MaikonAll ($100 in chips) is sitting out
Seat 3: michasia ($100 in chips) 
Seat 5: Manifestorr ($100 in chips) 
Manifestorr: posts small blind $0.50
michasia: posts big blind $1
*** HOLE CARDS ***
Manifestorr: folds 
Uncalled bet ($0.50) returned to michasia
michasia collected $1 from pot
michasia: doesn't show hand 
*** SUMMARY ***
Total pot $1 | Rake $0 
Seat 1: MaikonAll
Seat 3: michasia (big blind) collected ($1)
Seat 5: Manifestorr (button) (small blind) folded before Flop



PokerStars Hand #254249261096:  Hold'em No Limit ($0.50/$1.00 USD) - 2025/01/07 19:09:55 WET [2025/01/07 14:09:55 ET]
Table 'Spica III' 6-max Seat #3 is the button
Seat 1: MaikonAll ($100 in chips) 
Seat 3: michasia ($100.50 in chips) 
Seat 5: Manifestorr ($100 in chips) 
Manifestorr: posts small blind $0.50
MaikonAll: posts big blind $1
*** HOLE CARDS ***
michasia: folds 
Manifestorr: folds 
Uncalled bet ($0.50) returned to MaikonAll
MaikonAll collected $1 from pot
MaikonAll: doesn't show hand 
*** SUMMARY ***
Total pot $1 | Rake $0 
Seat 1: MaikonAll (big blind) collected ($1)
Seat 3: michasia (button) folded before Flop (didn't bet)
Seat 5: Manifestorr (small blind) folded before Flop



PokerStars Hand #254249263311:  Hold'em No Limit ($0.50/$1.00 USD) - 2025/01/07 19:10:02 WET [2025/01/07 14:10:02 ET]
Table 'Spica III' 6-max Seat #5 is the button
Seat 1: MaikonAll ($100.50 in chips) 
Seat 3: michasia ($100.50 in chips) 
Seat 5: Manifestorr ($100 in chips) 
MaikonAll: posts small blind $0.50
michasia: posts big blind $1
*** HOLE CARDS ***
Manifestorr: raises $1.20 to $2.20
MaikonAll: raises $8.80 to $11
michasia: folds 
Manifestorr: folds 
Uncalled bet ($8.80) returned to MaikonAll
MaikonAll collected $5.40 from pot
MaikonAll: doesn't show hand 
*** SUMMARY ***
Total pot $5.40 | Rake $0 
Seat 1: MaikonAll (small blind) collected ($5.40)
Seat 3: michasia (big blind) folded before Flop
Seat 5: Manifestorr (button) folded before Flop



PokerStars Hand #254249268145:  Hold'em No Limit ($0.50/$1.00 USD) - 2025/01/07 19:10:18 WET [2025/01/07 14:10:18 ET]
Table 'Spica III' 6-max Seat #1 is the button
Seat 1: MaikonAll ($103.70 in chips) 
Seat 3: michasia ($100 in chips) 
Seat 5: Manifestorr ($100 in chips) 
michasia: posts small blind $0.50
Manifestorr: posts big blind $1
*** HOLE CARDS ***
MaikonAll: raises $1.50 to $2.50
michasia: folds 
Manifestorr: folds 
Uncalled bet ($1.50) returned to MaikonAll
MaikonAll collected $2.50 from pot
MaikonAll: doesn't show hand 
*** SUMMARY ***
Total pot $2.50 | Rake $0 
Seat 1: MaikonAll (button) collected ($2.50)
Seat 3: michasia (small blind) folded before Flop
Seat 5: Manifestorr (big blind) folded before Flop



PokerStars Hand #254249271224:  Hold'em No Limit ($0.50/$1.00 USD) - 2025/01/07 19:10:28 WET [2025/01/07 14:10:28 ET]
Table 'Spica III' 6-max Seat #3 is the button
Seat 1: MaikonAll ($105.20 in chips) 
Seat 3: michasia ($100 in chips) 
Seat 5: Manifestorr ($100 in chips) 
Manifestorr: posts small blind $0.50
MaikonAll: posts big blind $1
*** HOLE CARDS ***
michasia: folds 
Manifestorr: folds 
Uncalled bet ($0.50) returned to MaikonAll
MaikonAll collected $1 from pot
MaikonAll: doesn't show hand 
*** SUMMARY ***
Total pot $1 | Rake $0 
Seat 1: MaikonAll (big blind) collected ($1)
Seat 3: michasia (button) folded before Flop (didn't bet)
Seat 5: Manifestorr (small blind) folded before Flop



PokerStars Hand #254249273699:  Hold'em No Limit ($0.50/$1.00 USD) - 2025/01/07 19:10:36 WET [2025/01/07 14:10:36 ET]
Table 'Spica III' 6-max Seat #5 is the button
Seat 1: MaikonAll ($105.70 in chips) 
Seat 3: michasia ($100 in chips) 
Seat 5: Manifestorr ($100 in chips) 
MaikonAll: posts small blind $0.50
michasia: posts big blind $1
*** HOLE CARDS ***
Manifestorr: folds 
MaikonAll: raises $2 to $3
michasia: calls $2
*** FLOP *** [4d 2s 9s]
MaikonAll: bets $1.43
michasia: folds 
Uncalled bet ($1.43) returned to MaikonAll
MaikonAll collected $5.70 from pot
MaikonAll: doesn't show hand 
*** SUMMARY ***
Total pot $6 | Rake $0.30 
Board [4d 2s 9s]
Seat 1: MaikonAll (small blind) collected ($5.70)
Seat 3: michasia (big blind) folded on the Flop
Seat 5: Manifestorr (button) folded before Flop (didn't bet)



PokerStars Hand #254249285050:  Hold'em No Limit ($0.50/$1.00 USD) - 2025/01/07 19:11:13 WET [2025/01/07 14:11:13 ET]
Table 'Spica III' 6-max Seat #3 is the button
Seat 5: Manifestorr ($100 in chips) is sitting out
Seat 1: MaikonAll ($108.40 in chips) 
Seat 3: michasia ($100 in chips) 
michasia: posts small blind $0.50
Manifestorr: is sitting out 
MaikonAll: posts big blind $1
*** HOLE CARDS ***
Manifestorr leaves the table
michasia: folds 
Uncalled bet ($0.50) returned to MaikonAll
MaikonAll collected $1 from pot
MaikonAll: doesn't show hand 
*** SUMMARY ***
Total pot $1 | Rake $0 
Seat 5: Manifestorr
Seat 1: MaikonAll (big blind) collected ($1)
Seat 3: michasia (button) (small blind) folded before Flop



PokerStars Hand #254249287587:  Hold'em No Limit ($0.50/$1.00 USD) - 2025/01/07 19:11:22 WET [2025/01/07 14:11:22 ET]
Table 'Spica III' 6-max Seat #1 is the button
Seat 1: MaikonAll ($108.90 in chips) 
Seat 3: michasia ($100 in chips) 
MaikonAll: posts small blind $0.50
michasia: posts big blind $1
*** HOLE CARDS ***
MaikonAll: raises $1.50 to $2.50
michasia: raises $9.50 to $12
MaikonAll: folds 
Uncalled bet ($9.50) returned to michasia
michasia collected $5 from pot
michasia: doesn't show hand 
*** SUMMARY ***
Total pot $5 | Rake $0 
Seat 1: MaikonAll (button) (small blind) folded before Flop
Seat 3: michasia (big blind) collected ($5)



