PokerStars Hand #254242939936:  Hold'em No Limit ($0.50/$1.00 USD) - 2025/01/07 11:14:11 WET [2025/01/07 6:14:11 ET]
Table 'Kampala II' 6-max Seat #1 is the button
Seat 4: NOTfishON ($100 in chips) is sitting out
Seat 1: eddieman8 ($14.90 in chips) 
Seat 2: Gfoer ($105.28 in chips) 
Seat 3: S0ldi3r0n3 ($21.28 in chips) 
Seat 5: MaRKiToScoK ($100 in chips) 
Seat 6: xcinaz ($101 in chips) 
Gfoer: posts small blind $0.50
S0ldi3r0n3: posts big blind $1
NOTfishON: sits out 
*** HOLE CARDS ***
MaRKiToScoK: raises $1.10 to $2.10
xcinaz: folds 
eddieman8: folds 
Gfoer: folds 
S0ldi3r0n3: folds 
Uncalled bet ($1.10) returned to MaRKiToScoK
MaRKiToScoK collected $2.50 from pot
*** SUMMARY ***
Total pot $2.50 | Rake $0 
Seat 4: NOTfishON
Seat 1: eddieman8 (button) folded before Flop (didn't bet)
Seat 2: Gfoer (small blind) folded before Flop
Seat 3: S0ldi3r0n3 (big blind) folded before Flop
Seat 5: MaRKiToScoK collected ($2.50)
Seat 6: xcinaz folded before Flop (didn't bet)



PokerStars Hand #254242943777:  Hold'em No Limit ($0.50/$1.00 USD) - 2025/01/07 11:14:43 WET [2025/01/07 6:14:43 ET]
Table 'Kampala II' 6-max Seat #2 is the button
Seat 1: eddieman8 ($14.90 in chips) 
Seat 2: Gfoer ($104.78 in chips) 
Seat 3: S0ldi3r0n3 ($20.28 in chips) 
Seat 4: NOTfishON ($100 in chips) 
Seat 5: MaRKiToScoK ($101.50 in chips) 
Seat 6: xcinaz ($101 in chips) 
S0ldi3r0n3: posts small blind $0.50
NOTfishON: posts big blind $1
*** HOLE CARDS ***
MaRKiToScoK: folds 
xcinaz: folds 
eddieman8: raises $2.50 to $3.50
Gfoer: folds 
S0ldi3r0n3: folds 
NOTfishON: raises $11.50 to $15
eddieman8: calls $11.40 and is all-in
Uncalled bet ($0.10) returned to NOTfishON
*** FLOP *** [As 9h Jc]
*** TURN *** [As 9h Jc] [Ts]
*** RIVER *** [As 9h Jc Ts] [Kh]
*** SHOW DOWN ***
NOTfishON: shows [8h 8c] (a pair of Eights)
eddieman8: shows [7s 7h] (a pair of Sevens)
NOTfishON collected $28.78 from pot
eddieman8 cashed out the hand for $5.13 | Cash Out Fee $0.10
*** SUMMARY ***
Total pot $30.30 | Rake $1.52 
Board [As 9h Jc Ts Kh]
Seat 1: eddieman8 showed [7s 7h] and lost with a pair of Sevens (cashed out).
Seat 2: Gfoer (button) folded before Flop (didn't bet)
Seat 3: S0ldi3r0n3 (small blind) folded before Flop
Seat 4: NOTfishON (big blind) showed [8h 8c] and won ($28.78) with a pair of Eights
Seat 5: MaRKiToScoK folded before Flop (didn't bet)
Seat 6: xcinaz folded before Flop (didn't bet)



PokerStars Hand #254242947508:  Hold'em No Limit ($0.50/$1.00 USD) - 2025/01/07 11:15:13 WET [2025/01/07 6:15:13 ET]
Table 'Kampala II' 6-max Seat #3 is the button
Seat 1: eddieman8 ($5.13 in chips) 
Seat 2: Gfoer ($104.78 in chips) 
Seat 3: S0ldi3r0n3 ($19.78 in chips) 
Seat 4: NOTfishON ($113.88 in chips) 
Seat 5: MaRKiToScoK ($101.50 in chips) 
Seat 6: xcinaz ($101 in chips) 
NOTfishON: posts small blind $0.50
MaRKiToScoK: posts big blind $1
*** HOLE CARDS ***
xcinaz: folds 
eddieman8: folds 
Gfoer: folds 
S0ldi3r0n3: folds 
NOTfishON: folds 
Uncalled bet ($0.50) returned to MaRKiToScoK
MaRKiToScoK collected $1 from pot
*** SUMMARY ***
Total pot $1 | Rake $0 
Seat 1: eddieman8 folded before Flop (didn't bet)
Seat 2: Gfoer folded before Flop (didn't bet)
Seat 3: S0ldi3r0n3 (button) folded before Flop (didn't bet)
Seat 4: NOTfishON (small blind) folded before Flop
Seat 5: MaRKiToScoK (big blind) collected ($1)
Seat 6: xcinaz folded before Flop (didn't bet)



PokerStars Hand #254242949903:  Hold'em No Limit ($0.50/$1.00 USD) - 2025/01/07 11:15:34 WET [2025/01/07 6:15:34 ET]
Table 'Kampala II' 6-max Seat #4 is the button
Seat 1: eddieman8 ($5.13 in chips) 
Seat 2: Gfoer ($104.78 in chips) 
Seat 3: S0ldi3r0n3 ($19.78 in chips) 
Seat 4: NOTfishON ($113.38 in chips) 
Seat 5: MaRKiToScoK ($102 in chips) 
Seat 6: xcinaz ($101 in chips) 
MaRKiToScoK: posts small blind $0.50
xcinaz: posts big blind $1
*** HOLE CARDS ***
eddieman8: raises $4.13 to $5.13 and is all-in
Gfoer: folds 
S0ldi3r0n3: folds 
NOTfishON: raises $5.13 to $10.26
MaRKiToScoK: calls $9.76
xcinaz: folds 
*** FLOP *** [Jd Qd 2h]
MaRKiToScoK: checks 
NOTfishON: bets $17.98
MaRKiToScoK: raises $73.76 to $91.74 and is all-in
NOTfishON: calls $73.76
*** TURN *** [Jd Qd 2h] [Tc]
*** RIVER *** [Jd Qd 2h Tc] [2d]
*** SHOW DOWN ***
MaRKiToScoK: shows [Qs Ad] (two pair, Queens and Deuces)
NOTfishON: shows [Kh Th] (two pair, Tens and Deuces)
MaRKiToScoK collected $192.06 from side pot
eddieman8: shows [7s Qc] (two pair, Queens and Deuces - lower kicker)
MaRKiToScoK collected $15.57 from main pot
*** SUMMARY ***
Total pot $210.13 Main pot $15.57. Side pot $192.06. | Rake $2.50 
Board [Jd Qd 2h Tc 2d]
Seat 1: eddieman8 showed [7s Qc] and lost with two pair, Queens and Deuces
Seat 2: Gfoer folded before Flop (didn't bet)
Seat 3: S0ldi3r0n3 folded before Flop (didn't bet)
Seat 4: NOTfishON (button) showed [Kh Th] and lost with two pair, Tens and Deuces
Seat 5: MaRKiToScoK (small blind) showed [Qs Ad] and won ($207.63) with two pair, Queens and Deuces
Seat 6: xcinaz (big blind) folded before Flop



PokerStars Hand #254242960148:  Hold'em No Limit ($0.50/$1.00 USD) - 2025/01/07 11:16:58 WET [2025/01/07 6:16:58 ET]
Table 'Kampala II' 6-max Seat #5 is the button
Seat 1: eddieman8 ($0 in chips) is sitting out
Seat 2: Gfoer ($104.78 in chips) 
Seat 3: S0ldi3r0n3 ($19.78 in chips) 
Seat 4: NOTfishON ($100 in chips) 
Seat 5: MaRKiToScoK ($207.63 in chips) 
Seat 6: xcinaz ($100 in chips) 
xcinaz: posts small blind $0.50
Gfoer: posts big blind $1
*** HOLE CARDS ***
S0ldi3r0n3: folds 
NOTfishON: raises $1.30 to $2.30
MaRKiToScoK: folds 
xcinaz: folds 
Gfoer: calls $1.30
*** FLOP *** [9s 8c 8h]
Gfoer: checks 
NOTfishON: checks 
*** TURN *** [9s 8c 8h] [6c]
Gfoer: checks 
NOTfishON: checks 
*** RIVER *** [9s 8c 8h 6c] [9h]
Gfoer: bets $11.28
NOTfishON: calls $11.28
*** SHOW DOWN ***
Gfoer: shows [Ad 8d] (a full house, Eights full of Nines)
NOTfishON: mucks hand 
Gfoer collected $26.28 from pot
*** SUMMARY ***
Total pot $27.66 | Rake $1.38 
Board [9s 8c 8h 6c 9h]
Seat 1: eddieman8
Seat 2: Gfoer (big blind) showed [Ad 8d] and won ($26.28) with a full house, Eights full of Nines
Seat 3: S0ldi3r0n3 folded before Flop (didn't bet)
Seat 4: NOTfishON mucked
Seat 5: MaRKiToScoK (button) folded before Flop (didn't bet)
Seat 6: xcinaz (small blind) folded before Flop



PokerStars Hand #254242970896:  Hold'em No Limit ($0.50/$1.00 USD) - 2025/01/07 11:18:25 WET [2025/01/07 6:18:25 ET]
Table 'Kampala II' 6-max Seat #6 is the button
Seat 1: eddieman8 ($10.42 in chips) is sitting out
Seat 2: Gfoer ($117.48 in chips) 
Seat 3: S0ldi3r0n3 ($19.78 in chips) 
Seat 4: NOTfishON ($100 in chips) 
Seat 5: MaRKiToScoK ($207.63 in chips) 
Seat 6: xcinaz ($100 in chips) 
Gfoer: posts small blind $0.50
S0ldi3r0n3: posts big blind $1
*** HOLE CARDS ***
NOTfishON: folds 
MaRKiToScoK: folds 
xcinaz: folds 
Gfoer: folds 
Uncalled bet ($0.50) returned to S0ldi3r0n3
S0ldi3r0n3 collected $1 from pot
*** SUMMARY ***
Total pot $1 | Rake $0 
Seat 1: eddieman8
Seat 2: Gfoer (small blind) folded before Flop
Seat 3: S0ldi3r0n3 (big blind) collected ($1)
Seat 4: NOTfishON folded before Flop (didn't bet)
Seat 5: MaRKiToScoK folded before Flop (didn't bet)
Seat 6: xcinaz (button) folded before Flop (didn't bet)



PokerStars Hand #254242974394:  Hold'em No Limit ($0.50/$1.00 USD) - 2025/01/07 11:18:53 WET [2025/01/07 6:18:53 ET]
Table 'Kampala II' 6-max Seat #2 is the button
Seat 1: eddieman8 ($10.42 in chips) 
Seat 2: Gfoer ($116.98 in chips) 
Seat 3: S0ldi3r0n3 ($20.28 in chips) 
Seat 4: NOTfishON ($100 in chips) 
Seat 5: MaRKiToScoK ($207.63 in chips) 
Seat 6: xcinaz ($100 in chips) 
S0ldi3r0n3: posts small blind $0.50
NOTfishON: posts big blind $1
eddieman8: posts small & big blinds $1.50
*** HOLE CARDS ***
MaRKiToScoK: folds 
xcinaz: folds 
eddieman8: checks 
Gfoer: folds 
S0ldi3r0n3: folds 
NOTfishON: checks 
*** FLOP *** [Qh 6c 6h]
NOTfishON: checks 
eddieman8: checks 
*** TURN *** [Qh 6c 6h] [Ks]
NOTfishON: checks 
eddieman8: checks 
*** RIVER *** [Qh 6c 6h Ks] [Ad]
NOTfishON: checks 
eddieman8: bets $8.92 and is all-in
NOTfishON: folds 
Uncalled bet ($8.92) returned to eddieman8
eddieman8 collected $2.85 from pot
*** SUMMARY ***
Total pot $3 | Rake $0.15 
Board [Qh 6c 6h Ks Ad]
Seat 1: eddieman8 collected ($2.85)
Seat 2: Gfoer (button) folded before Flop (didn't bet)
Seat 3: S0ldi3r0n3 (small blind) folded before Flop
Seat 4: NOTfishON (big blind) folded on the River
Seat 5: MaRKiToScoK folded before Flop (didn't bet)
Seat 6: xcinaz folded before Flop (didn't bet)



PokerStars Hand #254242981629:  Hold'em No Limit ($0.50/$1.00 USD) - 2025/01/07 11:19:53 WET [2025/01/07 6:19:53 ET]
Table 'Kampala II' 6-max Seat #3 is the button
Seat 1: eddieman8 ($11.77 in chips) 
Seat 2: Gfoer ($116.98 in chips) 
Seat 3: S0ldi3r0n3 ($19.78 in chips) 
Seat 4: NOTfishON ($100 in chips) 
Seat 5: MaRKiToScoK ($207.63 in chips) 
Seat 6: xcinaz ($100 in chips) 
NOTfishON: posts small blind $0.50
MaRKiToScoK: posts big blind $1
*** HOLE CARDS ***
xcinaz: folds 
eddieman8: folds 
Gfoer: folds 
S0ldi3r0n3: folds 
NOTfishON: folds 
Uncalled bet ($0.50) returned to MaRKiToScoK
MaRKiToScoK collected $1 from pot
*** SUMMARY ***
Total pot $1 | Rake $0 
Seat 1: eddieman8 folded before Flop (didn't bet)
Seat 2: Gfoer folded before Flop (didn't bet)
Seat 3: S0ldi3r0n3 (button) folded before Flop (didn't bet)
Seat 4: NOTfishON (small blind) folded before Flop
Seat 5: MaRKiToScoK (big blind) collected ($1)
Seat 6: xcinaz folded before Flop (didn't bet)



PokerStars Hand #254242983767:  Hold'em No Limit ($0.50/$1.00 USD) - 2025/01/07 11:20:10 WET [2025/01/07 6:20:10 ET]
Table 'Kampala II' 6-max Seat #4 is the button
Seat 1: eddieman8 ($11.77 in chips) 
Seat 2: Gfoer ($116.98 in chips) 
Seat 3: S0ldi3r0n3 ($19.78 in chips) 
Seat 4: NOTfishON ($100 in chips) 
Seat 5: MaRKiToScoK ($208.13 in chips) 
Seat 6: xcinaz ($100 in chips) 
MaRKiToScoK: posts small blind $0.50
xcinaz: posts big blind $1
*** HOLE CARDS ***
eddieman8: folds 
Gfoer: folds 
S0ldi3r0n3: folds 
NOTfishON: folds 
MaRKiToScoK: raises $1.70 to $2.70
xcinaz: raises $5.80 to $8.50
MaRKiToScoK: folds 
Uncalled bet ($5.80) returned to xcinaz
xcinaz collected $5.40 from pot
xcinaz: doesn't show hand 
*** SUMMARY ***
Total pot $5.40 | Rake $0 
Seat 1: eddieman8 folded before Flop (didn't bet)
Seat 2: Gfoer folded before Flop (didn't bet)
Seat 3: S0ldi3r0n3 folded before Flop (didn't bet)
Seat 4: NOTfishON (button) folded before Flop (didn't bet)
Seat 5: MaRKiToScoK (small blind) folded before Flop
Seat 6: xcinaz (big blind) collected ($5.40)



PokerStars Hand #254242989061:  Hold'em No Limit ($0.50/$1.00 USD) - 2025/01/07 11:20:53 WET [2025/01/07 6:20:53 ET]
Table 'Kampala II' 6-max Seat #5 is the button
Seat 1: eddieman8 ($11.77 in chips) 
Seat 2: Gfoer ($116.98 in chips) 
Seat 3: S0ldi3r0n3 ($19.78 in chips) 
Seat 4: NOTfishON ($100 in chips) 
Seat 5: MaRKiToScoK ($205.43 in chips) 
Seat 6: xcinaz ($102.70 in chips) 
xcinaz: posts small blind $0.50
eddieman8: posts big blind $1
*** HOLE CARDS ***
Gfoer: folds 
S0ldi3r0n3: folds 
NOTfishON: raises $1.30 to $2.30
MaRKiToScoK: raises $4.83 to $7.13
xcinaz: folds 
eddieman8: folds 
NOTfishON: folds 
Uncalled bet ($4.83) returned to MaRKiToScoK
MaRKiToScoK collected $6.10 from pot
*** SUMMARY ***
Total pot $6.10 | Rake $0 
Seat 1: eddieman8 (big blind) folded before Flop
Seat 2: Gfoer folded before Flop (didn't bet)
Seat 3: S0ldi3r0n3 folded before Flop (didn't bet)
Seat 4: NOTfishON folded before Flop
Seat 5: MaRKiToScoK (button) collected ($6.10)
Seat 6: xcinaz (small blind) folded before Flop



PokerStars Hand #254242991567:  Hold'em No Limit ($0.50/$1.00 USD) - 2025/01/07 11:21:13 WET [2025/01/07 6:21:13 ET]
Table 'Kampala II' 6-max Seat #6 is the button
Seat 2: Gfoer ($116.98 in chips) is sitting out
Seat 1: eddieman8 ($10.77 in chips) 
Seat 3: S0ldi3r0n3 ($19.78 in chips) 
Seat 4: NOTfishON ($100 in chips) 
Seat 5: MaRKiToScoK ($209.23 in chips) 
Seat 6: xcinaz ($102.20 in chips) 
eddieman8: posts small blind $0.50
Gfoer: is sitting out 
S0ldi3r0n3: posts big blind $1
*** HOLE CARDS ***
NOTfishON: raises $1.10 to $2.10
MaRKiToScoK: folds 
xcinaz: folds 
eddieman8: calls $1.60
S0ldi3r0n3: folds 
*** FLOP *** [7d 6d Ah]
eddieman8: checks 
NOTfishON: checks 
*** TURN *** [7d 6d Ah] [7s]
eddieman8: checks 
NOTfishON: bets $9.88
eddieman8: folds 
Uncalled bet ($9.88) returned to NOTfishON
NOTfishON collected $4.94 from pot
*** SUMMARY ***
Total pot $5.20 | Rake $0.26 
Board [7d 6d Ah 7s]
Seat 2: Gfoer
Seat 1: eddieman8 (small blind) folded on the Turn
Seat 3: S0ldi3r0n3 (big blind) folded before Flop
Seat 4: NOTfishON collected ($4.94)
Seat 5: MaRKiToScoK folded before Flop (didn't bet)
Seat 6: xcinaz (button) folded before Flop (didn't bet)



PokerStars Hand #254242995917:  Hold'em No Limit ($0.50/$1.00 USD) - 2025/01/07 11:21:49 WET [2025/01/07 6:21:49 ET]
Table 'Kampala II' 6-max Seat #1 is the button
Seat 2: Gfoer ($116.98 in chips) is sitting out
Seat 1: eddieman8 ($8.67 in chips) 
Seat 3: S0ldi3r0n3 ($18.78 in chips) 
Seat 4: NOTfishON ($102.84 in chips) 
Seat 5: MaRKiToScoK ($209.23 in chips) 
Seat 6: xcinaz ($102.20 in chips) 
S0ldi3r0n3: posts small blind $0.50
NOTfishON: posts big blind $1
*** HOLE CARDS ***
MaRKiToScoK: folds 
xcinaz: raises $1.20 to $2.20
eddieman8: raises $6.47 to $8.67 and is all-in
S0ldi3r0n3: folds 
NOTfishON: folds 
xcinaz: calls $6.47
*** FLOP *** [4d 4s 9c]
*** TURN *** [4d 4s 9c] [Kd]
*** RIVER *** [4d 4s 9c Kd] [6d]
*** SHOW DOWN ***
xcinaz: shows [Jh Ah] (a pair of Fours)
eddieman8: shows [9s Tc] (two pair, Nines and Fours)
eddieman8 collected $17.90 from pot
*** SUMMARY ***
Total pot $18.84 | Rake $0.94 
Board [4d 4s 9c Kd 6d]
Seat 2: Gfoer
Seat 1: eddieman8 (button) showed [9s Tc] and won ($17.90) with two pair, Nines and Fours
Seat 3: S0ldi3r0n3 (small blind) folded before Flop
Seat 4: NOTfishON (big blind) folded before Flop
Seat 5: MaRKiToScoK folded before Flop (didn't bet)
Seat 6: xcinaz showed [Jh Ah] and lost with a pair of Fours



PokerStars Hand #254243000955:  Hold'em No Limit ($0.50/$1.00 USD) - 2025/01/07 11:22:30 WET [2025/01/07 6:22:30 ET]
Table 'Kampala II' 6-max Seat #3 is the button
Seat 2: Gfoer ($116.98 in chips) is sitting out
Seat 1: eddieman8 ($17.90 in chips) 
Seat 3: S0ldi3r0n3 ($18.28 in chips) 
Seat 4: NOTfishON ($101.84 in chips) 
Seat 5: MaRKiToScoK ($209.23 in chips) 
Seat 6: xcinaz ($100 in chips) 
NOTfishON: posts small blind $0.50
MaRKiToScoK: posts big blind $1
Gfoer: sits out 
*** HOLE CARDS ***
xcinaz: folds 
eddieman8: calls $1
S0ldi3r0n3: folds 
NOTfishON: raises $2.90 to $3.90
MaRKiToScoK: calls $2.90
eddieman8: calls $2.90
*** FLOP *** [8s 4d 9d]
NOTfishON: checks 
MaRKiToScoK: checks 
eddieman8: checks 
*** TURN *** [8s 4d 9d] [Kh]
NOTfishON: checks 
MaRKiToScoK: checks 
eddieman8: checks 
*** RIVER *** [8s 4d 9d Kh] [Qd]
NOTfishON: checks 
MaRKiToScoK: checks 
eddieman8: checks 
*** SHOW DOWN ***
NOTfishON: shows [Qh Qs] (three of a kind, Queens)
MaRKiToScoK: mucks hand 
eddieman8: mucks hand 
NOTfishON collected $11.12 from pot
*** SUMMARY ***
Total pot $11.70 | Rake $0.58 
Board [8s 4d 9d Kh Qd]
Seat 2: Gfoer
Seat 1: eddieman8 mucked
Seat 3: S0ldi3r0n3 (button) folded before Flop (didn't bet)
Seat 4: NOTfishON (small blind) showed [Qh Qs] and won ($11.12) with three of a kind, Queens
Seat 5: MaRKiToScoK (big blind) mucked
Seat 6: xcinaz folded before Flop (didn't bet)



PokerStars Hand #254243009950:  Hold'em No Limit ($0.50/$1.00 USD) - 2025/01/07 11:23:43 WET [2025/01/07 6:23:43 ET]
Table 'Kampala II' 6-max Seat #4 is the button
Seat 2: Gfoer ($116.98 in chips) is sitting out
Seat 1: eddieman8 ($14 in chips) 
Seat 3: S0ldi3r0n3 ($18.28 in chips) 
Seat 4: NOTfishON ($109.06 in chips) 
Seat 5: MaRKiToScoK ($205.33 in chips) 
Seat 6: xcinaz ($100 in chips) 
MaRKiToScoK: posts small blind $0.50
xcinaz: posts big blind $1
Gfoer: sits out 
*** HOLE CARDS ***
eddieman8: folds 
S0ldi3r0n3: folds 
NOTfishON: folds 
MaRKiToScoK: raises $1.70 to $2.70
xcinaz: folds 
Uncalled bet ($1.70) returned to MaRKiToScoK
MaRKiToScoK collected $2 from pot
*** SUMMARY ***
Total pot $2 | Rake $0 
Seat 2: Gfoer
Seat 1: eddieman8 folded before Flop (didn't bet)
Seat 3: S0ldi3r0n3 folded before Flop (didn't bet)
Seat 4: NOTfishON (button) folded before Flop (didn't bet)
Seat 5: MaRKiToScoK (small blind) collected ($2)
Seat 6: xcinaz (big blind) folded before Flop



PokerStars Hand #254243011658:  Hold'em No Limit ($0.50/$1.00 USD) - 2025/01/07 11:23:57 WET [2025/01/07 6:23:57 ET]
Table 'Kampala II' 6-max Seat #5 is the button
Seat 2: Gfoer ($116.98 in chips) is sitting out
Seat 1: eddieman8 ($14 in chips) 
Seat 3: S0ldi3r0n3 ($18.28 in chips) 
Seat 4: NOTfishON ($109.06 in chips) 
Seat 5: MaRKiToScoK ($206.33 in chips) 
Seat 6: xcinaz ($100 in chips) 
xcinaz: posts small blind $0.50
eddieman8: posts big blind $1
Gfoer: sits out 
*** HOLE CARDS ***
S0ldi3r0n3: folds 
NOTfishON: folds 
MaRKiToScoK: raises $1.50 to $2.50
xcinaz: folds 
eddieman8: calls $1.50
*** FLOP *** [2h 6h 7c]
eddieman8: checks 
MaRKiToScoK: bets $1.57
eddieman8: calls $1.57
*** TURN *** [2h 6h 7c] [Tc]
eddieman8: checks 
MaRKiToScoK: checks 
*** RIVER *** [2h 6h 7c Tc] [7d]
eddieman8: checks 
MaRKiToScoK: bets $6.16
eddieman8: raises $3.77 to $9.93 and is all-in
MaRKiToScoK: calls $3.77
*** SHOW DOWN ***
eddieman8: shows [8d Ts] (two pair, Tens and Sevens)
MaRKiToScoK: shows [6d Ah] (two pair, Sevens and Sixes)
eddieman8 collected $27.08 from pot
*** SUMMARY ***
Total pot $28.50 | Rake $1.42 
Board [2h 6h 7c Tc 7d]
Seat 2: Gfoer
Seat 1: eddieman8 (big blind) showed [8d Ts] and won ($27.08) with two pair, Tens and Sevens
Seat 3: S0ldi3r0n3 folded before Flop (didn't bet)
Seat 4: NOTfishON folded before Flop (didn't bet)
Seat 5: MaRKiToScoK (button) showed [6d Ah] and lost with two pair, Sevens and Sixes
Seat 6: xcinaz (small blind) folded before Flop



PokerStars Hand #254243020003:  Hold'em No Limit ($0.50/$1.00 USD) - 2025/01/07 11:25:05 WET [2025/01/07 6:25:05 ET]
Table 'Kampala II' 6-max Seat #6 is the button
Seat 1: eddieman8 ($27.08 in chips) 
Seat 2: Gfoer ($116.98 in chips) 
Seat 3: S0ldi3r0n3 ($18.28 in chips) 
Seat 4: NOTfishON ($109.06 in chips) 
Seat 5: MaRKiToScoK ($192.33 in chips) 
Seat 6: xcinaz ($100 in chips) 
eddieman8: posts small blind $0.50
Gfoer: posts big blind $1
*** HOLE CARDS ***
S0ldi3r0n3: folds 
NOTfishON: raises $1.10 to $2.10
MaRKiToScoK: folds 
xcinaz: folds 
eddieman8: folds 
Gfoer: folds 
Uncalled bet ($1.10) returned to NOTfishON
NOTfishON collected $2.50 from pot
*** SUMMARY ***
Total pot $2.50 | Rake $0 
Seat 1: eddieman8 (small blind) folded before Flop
Seat 2: Gfoer (big blind) folded before Flop
Seat 3: S0ldi3r0n3 folded before Flop (didn't bet)
Seat 4: NOTfishON collected ($2.50)
Seat 5: MaRKiToScoK folded before Flop (didn't bet)
Seat 6: xcinaz (button) folded before Flop (didn't bet)



PokerStars Hand #254243021818:  Hold'em No Limit ($0.50/$1.00 USD) - 2025/01/07 11:25:20 WET [2025/01/07 6:25:20 ET]
Table 'Kampala II' 6-max Seat #1 is the button
Seat 1: eddieman8 ($26.58 in chips) 
Seat 2: Gfoer ($115.98 in chips) 
Seat 3: S0ldi3r0n3 ($18.28 in chips) 
Seat 4: NOTfishON ($110.56 in chips) 
Seat 5: MaRKiToScoK ($192.33 in chips) 
Seat 6: xcinaz ($100 in chips) 
Gfoer: posts small blind $0.50
S0ldi3r0n3: posts big blind $1
*** HOLE CARDS ***
NOTfishON: folds 
MaRKiToScoK: folds 
xcinaz: folds 
eddieman8: calls $1
Gfoer: folds 
S0ldi3r0n3: checks 
*** FLOP *** [2h Jh As]
S0ldi3r0n3: checks 
eddieman8: checks 
*** TURN *** [2h Jh As] [Ac]
S0ldi3r0n3: checks 
eddieman8: checks 
*** RIVER *** [2h Jh As Ac] [6h]
S0ldi3r0n3: checks 
eddieman8: checks 
*** SHOW DOWN ***
S0ldi3r0n3: shows [Qc Td] (a pair of Aces)
eddieman8: mucks hand 
S0ldi3r0n3 collected $2.35 from pot
*** SUMMARY ***
Total pot $2.50 | Rake $0.15 
Board [2h Jh As Ac 6h]
Seat 1: eddieman8 (button) mucked
Seat 2: Gfoer (small blind) folded before Flop
Seat 3: S0ldi3r0n3 (big blind) showed [Qc Td] and won ($2.35) with a pair of Aces
Seat 4: NOTfishON folded before Flop (didn't bet)
Seat 5: MaRKiToScoK folded before Flop (didn't bet)
Seat 6: xcinaz folded before Flop (didn't bet)



PokerStars Hand #254243025854:  Hold'em No Limit ($0.50/$1.00 USD) - 2025/01/07 11:25:52 WET [2025/01/07 6:25:52 ET]
Table 'Kampala II' 6-max Seat #2 is the button
Seat 4: NOTfishON ($110.56 in chips) is sitting out
Seat 1: eddieman8 ($25.58 in chips) 
Seat 2: Gfoer ($115.48 in chips) 
Seat 3: S0ldi3r0n3 ($19.63 in chips) 
Seat 5: MaRKiToScoK ($192.33 in chips) 
Seat 6: xcinaz ($100 in chips) 
S0ldi3r0n3: posts small blind $0.50
NOTfishON: is sitting out 
NOTfishON leaves the table
MaRKiToScoK: posts big blind $1
*** HOLE CARDS ***
xcinaz: folds 
eddieman8: calls $1
johndutton82 joins the table at seat #4 
johndutton82 is disconnected 
Gfoer: folds 
S0ldi3r0n3: calls $0.50
MaRKiToScoK: checks 
*** FLOP *** [9c Qs Jd]
S0ldi3r0n3: checks 
MaRKiToScoK: checks 
eddieman8: checks 
*** TURN *** [9c Qs Jd] [8h]
S0ldi3r0n3: checks 
MaRKiToScoK: checks 
eddieman8: checks 
*** RIVER *** [9c Qs Jd 8h] [Qd]
S0ldi3r0n3: bets $1
MaRKiToScoK: folds 
eddieman8: calls $1
*** SHOW DOWN ***
S0ldi3r0n3: shows [Tc Qc] (a straight, Eight to Queen)
eddieman8: mucks hand 
S0ldi3r0n3 collected $4.69 from pot
*** SUMMARY ***
Total pot $5 | Rake $0.31 
Board [9c Qs Jd 8h Qd]
Seat 4: NOTfishON
Seat 1: eddieman8 mucked
Seat 2: Gfoer (button) folded before Flop (didn't bet)
Seat 3: S0ldi3r0n3 (small blind) showed [Tc Qc] and won ($4.69) with a straight, Eight to Queen
Seat 5: MaRKiToScoK (big blind) folded on the River
Seat 6: xcinaz folded before Flop (didn't bet)



PokerStars Hand #254243033955:  Hold'em No Limit ($0.50/$1.00 USD) - 2025/01/07 11:26:57 WET [2025/01/07 6:26:57 ET]
Table 'Kampala II' 6-max Seat #3 is the button
Seat 4: johndutton82 ($84.40 in chips) is sitting out
Seat 1: eddieman8 ($23.58 in chips) 
Seat 2: Gfoer ($115.48 in chips) 
Seat 3: S0ldi3r0n3 ($22.32 in chips) 
Seat 5: MaRKiToScoK ($191.33 in chips) 
Seat 6: xcinaz ($100 in chips) 
MaRKiToScoK: posts small blind $0.50
xcinaz: posts big blind $1
*** HOLE CARDS ***
johndutton82 leaves the table
eddieman8: raises $2 to $3
Gfoer: raises $6 to $9
S0ldi3r0n3: folds 
MaRKiToScoK: folds 
xcinaz: folds 
eddieman8: folds 
Uncalled bet ($6) returned to Gfoer
Gfoer collected $7.50 from pot
Gfoer: doesn't show hand 
*** SUMMARY ***
Total pot $7.50 | Rake $0 
Seat 4: johndutton82
Seat 1: eddieman8 folded before Flop
Seat 2: Gfoer collected ($7.50)
Seat 3: S0ldi3r0n3 (button) folded before Flop (didn't bet)
Seat 5: MaRKiToScoK (small blind) folded before Flop
Seat 6: xcinaz (big blind) folded before Flop



PokerStars Hand #254243040430:  Hold'em No Limit ($0.50/$1.00 USD) - 2025/01/07 11:27:49 WET [2025/01/07 6:27:49 ET]
Table 'Kampala II' 6-max Seat #5 is the button
Seat 1: eddieman8 ($20.58 in chips) 
Seat 2: Gfoer ($119.98 in chips) 
Seat 3: S0ldi3r0n3 ($22.32 in chips) 
Seat 5: MaRKiToScoK ($190.83 in chips) 
Seat 6: xcinaz ($100 in chips) 
xcinaz: posts small blind $0.50
eddieman8: posts big blind $1
*** HOLE CARDS ***
Gfoer: raises $1.20 to $2.20
S0ldi3r0n3: folds 
b2k-Snick joins the table at seat #4 
MaRKiToScoK: calls $2.20
xcinaz: folds 
eddieman8: calls $1.20
*** FLOP *** [8s 8c 6h]
eddieman8: checks 
Gfoer: checks 
MaRKiToScoK: checks 
*** TURN *** [8s 8c 6h] [Qs]
eddieman8: checks 
Gfoer: bets $2.12
MaRKiToScoK: calls $2.12
eddieman8: calls $2.12
*** RIVER *** [8s 8c 6h Qs] [Jc]
eddieman8: checks 
Gfoer: checks 
MaRKiToScoK: bets $19.19
eddieman8: calls $16.26 and is all-in
Gfoer: folds 
Uncalled bet ($2.93) returned to MaRKiToScoK
*** SHOW DOWN ***
MaRKiToScoK: shows [8d 6d] (a full house, Eights full of Sixes)
eddieman8: shows [Tc 9d] (a straight, Eight to Queen)
MaRKiToScoK collected $43.68 from pot
*** SUMMARY ***
Total pot $45.98 | Rake $2.30 
Board [8s 8c 6h Qs Jc]
Seat 1: eddieman8 (big blind) showed [Tc 9d] and lost with a straight, Eight to Queen
Seat 2: Gfoer folded on the River
Seat 3: S0ldi3r0n3 folded before Flop (didn't bet)
Seat 5: MaRKiToScoK (button) showed [8d 6d] and won ($43.68) with a full house, Eights full of Sixes
Seat 6: xcinaz (small blind) folded before Flop



PokerStars Hand #254243049827:  Hold'em No Limit ($0.50/$1.00 USD) - 2025/01/07 11:29:05 WET [2025/01/07 6:29:05 ET]
Table 'Kampala II' 6-max Seat #6 is the button
Seat 1: eddieman8 ($0 in chips) is sitting out
Seat 4: b2k-Snick ($100 in chips) is sitting out
Seat 2: Gfoer ($115.66 in chips) 
Seat 3: S0ldi3r0n3 ($22.32 in chips) 
Seat 5: MaRKiToScoK ($213.93 in chips) 
Seat 6: xcinaz ($100 in chips) 
Gfoer: posts small blind $0.50
S0ldi3r0n3: posts big blind $1
b2k-Snick: sits out 
*** HOLE CARDS ***
MaRKiToScoK: raises $1.20 to $2.20
eddieman8 is disconnected 
xcinaz: raises $5.80 to $8
Gfoer: folds 
S0ldi3r0n3: folds 
MaRKiToScoK: folds 
Uncalled bet ($5.80) returned to xcinaz
xcinaz collected $5.90 from pot
xcinaz: doesn't show hand 
*** SUMMARY ***
Total pot $5.90 | Rake $0 
Seat 1: eddieman8
Seat 4: b2k-Snick
Seat 2: Gfoer (small blind) folded before Flop
Seat 3: S0ldi3r0n3 (big blind) folded before Flop
Seat 5: MaRKiToScoK folded before Flop
Seat 6: xcinaz (button) collected ($5.90)



PokerStars Hand #254243051293:  Hold'em No Limit ($0.50/$1.00 USD) - 2025/01/07 11:29:17 WET [2025/01/07 6:29:17 ET]
Table 'Kampala II' 6-max Seat #2 is the button
Seat 1: eddieman8 ($0 in chips) is sitting out
Seat 2: Gfoer ($115.16 in chips) 
Seat 3: S0ldi3r0n3 ($21.32 in chips) 
Seat 4: b2k-Snick ($100 in chips) 
Seat 5: MaRKiToScoK ($211.73 in chips) 
Seat 6: xcinaz ($103.70 in chips) 
S0ldi3r0n3: posts small blind $0.50
b2k-Snick: posts big blind $1
*** HOLE CARDS ***
MaRKiToScoK: folds 
xcinaz: folds 
Gfoer: raises $1 to $2
S0ldi3r0n3: folds 
b2k-Snick: calls $1
*** FLOP *** [9d 3s Ac]
b2k-Snick: checks 
Gfoer: bets $3.21
b2k-Snick: calls $3.21
*** TURN *** [9d 3s Ac] [Ah]
b2k-Snick: checks 
Gfoer: checks 
*** RIVER *** [9d 3s Ac Ah] [Kh]
b2k-Snick: checks 
Gfoer: checks 
*** SHOW DOWN ***
b2k-Snick: shows [Qh 9s] (two pair, Aces and Nines)
Gfoer: shows [Qs Qc] (two pair, Aces and Queens)
Gfoer collected $10.37 from pot
*** SUMMARY ***
Total pot $10.92 | Rake $0.55 
Board [9d 3s Ac Ah Kh]
Seat 1: eddieman8
Seat 2: Gfoer (button) showed [Qs Qc] and won ($10.37) with two pair, Aces and Queens
Seat 3: S0ldi3r0n3 (small blind) folded before Flop
Seat 4: b2k-Snick (big blind) showed [Qh 9s] and lost with two pair, Aces and Nines
Seat 5: MaRKiToScoK folded before Flop (didn't bet)
Seat 6: xcinaz folded before Flop (didn't bet)



PokerStars Hand #254243058261:  Hold'em No Limit ($0.50/$1.00 USD) - 2025/01/07 11:30:12 WET [2025/01/07 6:30:12 ET]
Table 'Kampala II' 6-max Seat #3 is the button
Seat 1: eddieman8 ($0 in chips) is sitting out
Seat 2: Gfoer ($120.32 in chips) 
Seat 3: S0ldi3r0n3 ($20.82 in chips) 
Seat 4: b2k-Snick ($100 in chips) 
Seat 5: MaRKiToScoK ($211.73 in chips) 
Seat 6: xcinaz ($103.70 in chips) 
b2k-Snick: posts small blind $0.50
MaRKiToScoK: posts big blind $1
*** HOLE CARDS ***
xcinaz: folds 
Gfoer: folds 
S0ldi3r0n3: folds 
b2k-Snick: folds 
Uncalled bet ($0.50) returned to MaRKiToScoK
MaRKiToScoK collected $1 from pot
*** SUMMARY ***
Total pot $1 | Rake $0 
Seat 1: eddieman8
Seat 2: Gfoer folded before Flop (didn't bet)
Seat 3: S0ldi3r0n3 (button) folded before Flop (didn't bet)
Seat 4: b2k-Snick (small blind) folded before Flop
Seat 5: MaRKiToScoK (big blind) collected ($1)
Seat 6: xcinaz folded before Flop (didn't bet)



PokerStars Hand #254243060008:  Hold'em No Limit ($0.50/$1.00 USD) - 2025/01/07 11:30:26 WET [2025/01/07 6:30:26 ET]
Table 'Kampala II' 6-max Seat #4 is the button
Seat 1: eddieman8 ($0 in chips) is sitting out
Seat 2: Gfoer ($120.32 in chips) 
Seat 3: S0ldi3r0n3 ($20.82 in chips) 
Seat 4: b2k-Snick ($100 in chips) 
Seat 5: MaRKiToScoK ($212.23 in chips) 
Seat 6: xcinaz ($103.70 in chips) 
MaRKiToScoK: posts small blind $0.50
xcinaz: posts big blind $1
*** HOLE CARDS ***
Gfoer: folds 
S0ldi3r0n3: calls $1
b2k-Snick: folds 
MaRKiToScoK: calls $0.50
xcinaz: checks 
*** FLOP *** [Ah Tc 6h]
MaRKiToScoK: checks 
xcinaz: checks 
S0ldi3r0n3: checks 
*** TURN *** [Ah Tc 6h] [8c]
MaRKiToScoK: checks 
xcinaz: bets $1.43
S0ldi3r0n3: folds 
MaRKiToScoK: calls $1.43
*** RIVER *** [Ah Tc 6h 8c] [4h]
MaRKiToScoK: checks 
xcinaz: bets $4.18
MaRKiToScoK: folds 
Uncalled bet ($4.18) returned to xcinaz
xcinaz collected $5.57 from pot
xcinaz: doesn't show hand 
*** SUMMARY ***
Total pot $5.86 | Rake $0.29 
Board [Ah Tc 6h 8c 4h]
Seat 1: eddieman8
Seat 2: Gfoer folded before Flop (didn't bet)
Seat 3: S0ldi3r0n3 folded on the Turn
Seat 4: b2k-Snick (button) folded before Flop (didn't bet)
Seat 5: MaRKiToScoK (small blind) folded on the River
Seat 6: xcinaz (big blind) collected ($5.57)



PokerStars Hand #254243070188:  Hold'em No Limit ($0.50/$1.00 USD) - 2025/01/07 11:31:47 WET [2025/01/07 6:31:47 ET]
Table 'Kampala II' 6-max Seat #5 is the button
Seat 1: eddieman8 ($0 in chips) is sitting out
Seat 2: Gfoer ($120.32 in chips) is sitting out
Seat 3: S0ldi3r0n3 ($19.82 in chips) 
Seat 4: b2k-Snick ($100 in chips) 
Seat 5: MaRKiToScoK ($209.80 in chips) 
Seat 6: xcinaz ($106.84 in chips) 
xcinaz: posts small blind $0.50
Gfoer: is sitting out 
S0ldi3r0n3: posts big blind $1
*** HOLE CARDS ***
Gfoer leaves the table
b2k-Snick: raises $1.50 to $2.50
MaRKiToScoK: folds 
xcinaz: folds 
S0ldi3r0n3: folds 
Uncalled bet ($1.50) returned to b2k-Snick
b2k-Snick collected $2.50 from pot
b2k-Snick: doesn't show hand 
*** SUMMARY ***
Total pot $2.50 | Rake $0 
Seat 1: eddieman8
Seat 2: Gfoer
Seat 3: S0ldi3r0n3 (big blind) folded before Flop
Seat 4: b2k-Snick collected ($2.50)
Seat 5: MaRKiToScoK (button) folded before Flop (didn't bet)
Seat 6: xcinaz (small blind) folded before Flop



PokerStars Hand #254243074371:  Hold'em No Limit ($0.50/$1.00 USD) - 2025/01/07 11:32:20 WET [2025/01/07 6:32:20 ET]
Table 'Kampala II' 6-max Seat #6 is the button
Seat 1: eddieman8 ($0 in chips) is sitting out
Seat 3: S0ldi3r0n3 ($18.82 in chips) 
Seat 4: b2k-Snick ($101.50 in chips) 
Seat 5: MaRKiToScoK ($209.80 in chips) 
Seat 6: xcinaz ($106.34 in chips) 
S0ldi3r0n3: posts small blind $0.50
b2k-Snick: posts big blind $1
*** HOLE CARDS ***
MaRKiToScoK: folds 
xcinaz: raises $1.50 to $2.50
S0ldi3r0n3: folds 
b2k-Snick: folds 
Uncalled bet ($1.50) returned to xcinaz
xcinaz collected $2.50 from pot
xcinaz: doesn't show hand 
*** SUMMARY ***
Total pot $2.50 | Rake $0 
Seat 1: eddieman8
Seat 3: S0ldi3r0n3 (small blind) folded before Flop
Seat 4: b2k-Snick (big blind) folded before Flop
Seat 5: MaRKiToScoK folded before Flop (didn't bet)
Seat 6: xcinaz (button) collected ($2.50)



PokerStars Hand #254243076494:  Hold'em No Limit ($0.50/$1.00 USD) - 2025/01/07 11:32:36 WET [2025/01/07 6:32:36 ET]
Table 'Kampala II' 6-max Seat #3 is the button
Seat 1: eddieman8 ($0 in chips) is sitting out
Seat 3: S0ldi3r0n3 ($18.32 in chips) 
Seat 4: b2k-Snick ($100.50 in chips) 
Seat 5: MaRKiToScoK ($209.80 in chips) 
Seat 6: xcinaz ($107.84 in chips) 
b2k-Snick: posts small blind $0.50
MaRKiToScoK: posts big blind $1
*** HOLE CARDS ***
xcinaz: folds 
S0ldi3r0n3: folds 
b2k-Snick: folds 
Uncalled bet ($0.50) returned to MaRKiToScoK
MaRKiToScoK collected $1 from pot
*** SUMMARY ***
Total pot $1 | Rake $0 
Seat 1: eddieman8
Seat 3: S0ldi3r0n3 (button) folded before Flop (didn't bet)
Seat 4: b2k-Snick (small blind) folded before Flop
Seat 5: MaRKiToScoK (big blind) collected ($1)
Seat 6: xcinaz folded before Flop (didn't bet)



PokerStars Hand #254243077734:  Hold'em No Limit ($0.50/$1.00 USD) - 2025/01/07 11:32:46 WET [2025/01/07 6:32:46 ET]
Table 'Kampala II' 6-max Seat #4 is the button
Seat 1: eddieman8 ($0 in chips) is sitting out
Seat 6: xcinaz ($107.84 in chips) is sitting out
Seat 3: S0ldi3r0n3 ($18.32 in chips) 
Seat 4: b2k-Snick ($100 in chips) 
Seat 5: MaRKiToScoK ($210.30 in chips) 
MaRKiToScoK: posts small blind $0.50
xcinaz: is sitting out 
S0ldi3r0n3: posts big blind $1
*** HOLE CARDS ***
b2k-Snick: raises $1.50 to $2.50
MaRKiToScoK: folds 
S0ldi3r0n3: folds 
Uncalled bet ($1.50) returned to b2k-Snick
b2k-Snick collected $2.50 from pot
b2k-Snick: doesn't show hand 
*** SUMMARY ***
Total pot $2.50 | Rake $0 
Seat 1: eddieman8
Seat 6: xcinaz
Seat 3: S0ldi3r0n3 (big blind) folded before Flop
Seat 4: b2k-Snick (button) collected ($2.50)
Seat 5: MaRKiToScoK (small blind) folded before Flop



PokerStars Hand #254243079480:  Hold'em No Limit ($0.50/$1.00 USD) - 2025/01/07 11:33:00 WET [2025/01/07 6:33:00 ET]
Table 'Kampala II' 6-max Seat #5 is the button
Seat 1: eddieman8 ($0 in chips) is sitting out
Seat 6: xcinaz ($107.84 in chips) is sitting out
Seat 3: S0ldi3r0n3 ($17.32 in chips) 
Seat 4: b2k-Snick ($101.50 in chips) 
Seat 5: MaRKiToScoK ($209.80 in chips) 
S0ldi3r0n3: posts small blind $0.50
b2k-Snick: posts big blind $1
*** HOLE CARDS ***
MaRKiToScoK: raises $1.50 to $2.50
value_ftw joins the table at seat #2 
S0ldi3r0n3: folds 
b2k-Snick: calls $1.50
*** FLOP *** [As 6d 9d]
b2k-Snick: checks 
MaRKiToScoK: checks 
*** TURN *** [As 6d 9d] [Qs]
b2k-Snick: bets $2.87
xcinaz leaves the table
MaRKiToScoK: calls $2.87
*** RIVER *** [As 6d 9d Qs] [8d]
b2k-Snick: checks 
MaRKiToScoK: checks 
*** SHOW DOWN ***
b2k-Snick: shows [Kc 9s] (a pair of Nines)
MaRKiToScoK: shows [Qh Th] (a pair of Queens)
MaRKiToScoK collected $10.68 from pot
*** SUMMARY ***
Total pot $11.24 | Rake $0.56 
Board [As 6d 9d Qs 8d]
Seat 1: eddieman8
Seat 6: xcinaz
Seat 3: S0ldi3r0n3 (small blind) folded before Flop
Seat 4: b2k-Snick (big blind) showed [Kc 9s] and lost with a pair of Nines
Seat 5: MaRKiToScoK (button) showed [Qh Th] and won ($10.68) with a pair of Queens



PokerStars Hand #254243087684:  Hold'em No Limit ($0.50/$1.00 USD) - 2025/01/07 11:34:02 WET [2025/01/07 6:34:02 ET]
Table 'Kampala II' 6-max Seat #3 is the button
Seat 1: eddieman8 ($0 in chips) is sitting out
Seat 2: value_ftw ($100 in chips) is sitting out
Seat 3: S0ldi3r0n3 ($16.82 in chips) 
Seat 4: b2k-Snick ($100 in chips) 
Seat 5: MaRKiToScoK ($215.11 in chips) 
b2k-Snick: posts small blind $0.50
MaRKiToScoK: posts big blind $1
value_ftw: sits out 
*** HOLE CARDS ***
S0ldi3r0n3: folds 
b2k-Snick: folds 
Uncalled bet ($0.50) returned to MaRKiToScoK
MaRKiToScoK collected $1 from pot
*** SUMMARY ***
Total pot $1 | Rake $0 
Seat 1: eddieman8
Seat 2: value_ftw
Seat 3: S0ldi3r0n3 (button) folded before Flop (didn't bet)
Seat 4: b2k-Snick (small blind) folded before Flop
Seat 5: MaRKiToScoK (big blind) collected ($1)



PokerStars Hand #254243089209:  Hold'em No Limit ($0.50/$1.00 USD) - 2025/01/07 11:34:13 WET [2025/01/07 6:34:13 ET]
Table 'Kampala II' 6-max Seat #4 is the button
Seat 1: eddieman8 ($0 in chips) is sitting out
Seat 2: value_ftw ($100 in chips) 
Seat 3: S0ldi3r0n3 ($16.82 in chips) 
Seat 4: b2k-Snick ($100 in chips) 
Seat 5: MaRKiToScoK ($215.61 in chips) 
MaRKiToScoK: posts small blind $0.50
value_ftw: posts big blind $1
*** HOLE CARDS ***
S0ldi3r0n3: folds 
b2k-Snick: folds 
MaRKiToScoK: raises $1.70 to $2.70
value_ftw: folds 
Uncalled bet ($1.70) returned to MaRKiToScoK
MaRKiToScoK collected $2 from pot
eddieman8 leaves the table
*** SUMMARY ***
Total pot $2 | Rake $0 
Seat 1: eddieman8
Seat 2: value_ftw (big blind) folded before Flop
Seat 3: S0ldi3r0n3 folded before Flop (didn't bet)
Seat 4: b2k-Snick (button) folded before Flop (didn't bet)
Seat 5: MaRKiToScoK (small blind) collected ($2)



PokerStars Hand #254243091723:  Hold'em No Limit ($0.50/$1.00 USD) - 2025/01/07 11:34:32 WET [2025/01/07 6:34:32 ET]
Table 'Kampala II' 6-max Seat #5 is the button
Seat 2: value_ftw ($100 in chips) 
Seat 3: S0ldi3r0n3 ($16.82 in chips) 
Seat 4: b2k-Snick ($100 in chips) 
Seat 5: MaRKiToScoK ($216.61 in chips) 
value_ftw: posts small blind $0.50
S0ldi3r0n3: posts big blind $1
*** HOLE CARDS ***
b2k-Snick: folds 
MaRKiToScoK: folds 
value_ftw: folds 
Uncalled bet ($0.50) returned to S0ldi3r0n3
S0ldi3r0n3 collected $1 from pot
*** SUMMARY ***
Total pot $1 | Rake $0 
Seat 2: value_ftw (small blind) folded before Flop
Seat 3: S0ldi3r0n3 (big blind) collected ($1)
Seat 4: b2k-Snick folded before Flop (didn't bet)
Seat 5: MaRKiToScoK (button) folded before Flop (didn't bet)



PokerStars Hand #254242854980:  Hold'em No Limit ($0.50/$1.00 USD) - 2025/01/07 11:02:11 WET [2025/01/07 6:02:11 ET]
Table 'Kampala II' 6-max Seat #4 is the button
Seat 4: KOSEC510 ($108.42 in chips) 
Seat 5: MaRKiToScoK ($100 in chips) 
KOSEC510: posts small blind $0.50
MaRKiToScoK: posts big blind $1
*** HOLE CARDS ***
KOSEC510: folds 
Uncalled bet ($0.50) returned to MaRKiToScoK
MaRKiToScoK collected $1 from pot
*** SUMMARY ***
Total pot $1 | Rake $0 
Seat 4: KOSEC510 (button) (small blind) folded before Flop
Seat 5: MaRKiToScoK (big blind) collected ($1)



PokerStars Hand #254242856088:  Hold'em No Limit ($0.50/$1.00 USD) - 2025/01/07 11:02:21 WET [2025/01/07 6:02:21 ET]
Table 'Kampala II' 6-max Seat #5 is the button
Seat 4: KOSEC510 ($107.92 in chips) 
Seat 5: MaRKiToScoK ($100.50 in chips) 
MaRKiToScoK: posts small blind $0.50
KOSEC510: posts big blind $1
*** HOLE CARDS ***
MaRKiToScoK: raises $1.70 to $2.70
KOSEC510: folds 
Uncalled bet ($1.70) returned to MaRKiToScoK
MaRKiToScoK collected $2 from pot
*** SUMMARY ***
Total pot $2 | Rake $0 
Seat 4: KOSEC510 (big blind) folded before Flop
Seat 5: MaRKiToScoK (button) (small blind) collected ($2)



PokerStars Hand #254242858469:  Hold'em No Limit ($0.50/$1.00 USD) - 2025/01/07 11:02:42 WET [2025/01/07 6:02:42 ET]
Table 'Kampala II' 6-max Seat #1 is the button
Seat 1: eddieman8 ($10.42 in chips) 
Seat 2: Gfoer ($100 in chips) 
Seat 4: KOSEC510 ($106.92 in chips) 
Seat 5: MaRKiToScoK ($101.50 in chips) 
Gfoer: posts small blind $0.50
KOSEC510: posts big blind $1
*** HOLE CARDS ***
MaRKiToScoK: raises $1.20 to $2.20
eddieman8: raises $8.22 to $10.42 and is all-in
Gfoer: folds 
KOSEC510: folds 
MaRKiToScoK: folds 
Uncalled bet ($8.22) returned to eddieman8
eddieman8 collected $5.90 from pot
*** SUMMARY ***
Total pot $5.90 | Rake $0 
Seat 1: eddieman8 (button) collected ($5.90)
Seat 2: Gfoer (small blind) folded before Flop
Seat 4: KOSEC510 (big blind) folded before Flop
Seat 5: MaRKiToScoK folded before Flop



PokerStars Hand #254242859866:  Hold'em No Limit ($0.50/$1.00 USD) - 2025/01/07 11:02:54 WET [2025/01/07 6:02:54 ET]
Table 'Kampala II' 6-max Seat #2 is the button
Seat 1: eddieman8 ($14.12 in chips) 
Seat 2: Gfoer ($100 in chips) 
Seat 4: KOSEC510 ($105.92 in chips) 
Seat 5: MaRKiToScoK ($100 in chips) 
KOSEC510: posts small blind $0.50
MaRKiToScoK: posts big blind $1
*** HOLE CARDS ***
eddieman8: folds 
S0ldi3r0n3 joins the table at seat #3 
Gfoer: folds 
S0ldi3r0n3 is disconnected 
KOSEC510: folds 
Uncalled bet ($0.50) returned to MaRKiToScoK
xcinaz joins the table at seat #6 
MaRKiToScoK collected $1 from pot
*** SUMMARY ***
Total pot $1 | Rake $0 
Seat 1: eddieman8 folded before Flop (didn't bet)
Seat 2: Gfoer (button) folded before Flop (didn't bet)
Seat 4: KOSEC510 (small blind) folded before Flop
Seat 5: MaRKiToScoK (big blind) collected ($1)



PokerStars Hand #254242860932:  Hold'em No Limit ($0.50/$1.00 USD) - 2025/01/07 11:03:04 WET [2025/01/07 6:03:04 ET]
Table 'Kampala II' 6-max Seat #4 is the button
Seat 1: eddieman8 ($14.12 in chips) 
Seat 2: Gfoer ($100 in chips) 
Seat 3: S0ldi3r0n3 ($19.58 in chips) 
Seat 4: KOSEC510 ($105.42 in chips) 
Seat 5: MaRKiToScoK ($100.50 in chips) 
Seat 6: xcinaz ($100 in chips) 
MaRKiToScoK: posts small blind $0.50
xcinaz: posts big blind $1
S0ldi3r0n3: posts big blind $1
*** HOLE CARDS ***
eddieman8: folds 
Gfoer: raises $3 to $4
S0ldi3r0n3: calls $3
KOSEC510: folds 
MaRKiToScoK: calls $3.50
xcinaz: folds 
*** FLOP *** [3c 5d 4s]
MaRKiToScoK: bets $3.70
Gfoer: folds 
S0ldi3r0n3: calls $3.70
*** TURN *** [3c 5d 4s] [Jh]
MaRKiToScoK: bets $14.54
S0ldi3r0n3: folds 
Uncalled bet ($14.54) returned to MaRKiToScoK
MaRKiToScoK collected $19.38 from pot
*** SUMMARY ***
Total pot $20.40 | Rake $1.02 
Board [3c 5d 4s Jh]
Seat 1: eddieman8 folded before Flop (didn't bet)
Seat 2: Gfoer folded on the Flop
Seat 3: S0ldi3r0n3 folded on the Turn
Seat 4: KOSEC510 (button) folded before Flop (didn't bet)
Seat 5: MaRKiToScoK (small blind) collected ($19.38)
Seat 6: xcinaz (big blind) folded before Flop



PokerStars Hand #254242867035:  Hold'em No Limit ($0.50/$1.00 USD) - 2025/01/07 11:03:57 WET [2025/01/07 6:03:57 ET]
Table 'Kampala II' 6-max Seat #5 is the button
Seat 1: eddieman8 ($14.12 in chips) 
Seat 2: Gfoer ($100 in chips) 
Seat 3: S0ldi3r0n3 ($11.88 in chips) 
Seat 4: KOSEC510 ($105.42 in chips) 
Seat 5: MaRKiToScoK ($112.18 in chips) 
Seat 6: xcinaz ($100 in chips) 
xcinaz: posts small blind $0.50
eddieman8: posts big blind $1
*** HOLE CARDS ***
Gfoer: folds 
S0ldi3r0n3: folds 
KOSEC510: raises $1.20 to $2.20
MaRKiToScoK: folds 
xcinaz: raises $8.80 to $11
eddieman8: folds 
KOSEC510: folds 
Uncalled bet ($8.80) returned to xcinaz
xcinaz collected $5.40 from pot
xcinaz: doesn't show hand 
*** SUMMARY ***
Total pot $5.40 | Rake $0 
Seat 1: eddieman8 (big blind) folded before Flop
Seat 2: Gfoer folded before Flop (didn't bet)
Seat 3: S0ldi3r0n3 folded before Flop (didn't bet)
Seat 4: KOSEC510 folded before Flop
Seat 5: MaRKiToScoK (button) folded before Flop (didn't bet)
Seat 6: xcinaz (small blind) collected ($5.40)



PokerStars Hand #254242870872:  Hold'em No Limit ($0.50/$1.00 USD) - 2025/01/07 11:04:29 WET [2025/01/07 6:04:29 ET]
Table 'Kampala II' 6-max Seat #6 is the button
Seat 1: eddieman8 ($13.12 in chips) 
Seat 2: Gfoer ($100 in chips) 
Seat 3: S0ldi3r0n3 ($11.88 in chips) 
Seat 4: KOSEC510 ($103.22 in chips) 
Seat 5: MaRKiToScoK ($112.18 in chips) 
Seat 6: xcinaz ($103.20 in chips) 
eddieman8: posts small blind $0.50
Gfoer: posts big blind $1
*** HOLE CARDS ***
S0ldi3r0n3: calls $1
KOSEC510: folds 
MaRKiToScoK: folds 
xcinaz: folds 
eddieman8: raises $12.12 to $13.12 and is all-in
Gfoer: folds 
S0ldi3r0n3: calls $10.88 and is all-in
Uncalled bet ($1.24) returned to eddieman8
*** FLOP *** [7c Th Ts]
*** TURN *** [7c Th Ts] [3d]
*** RIVER *** [7c Th Ts 3d] [2h]
*** SHOW DOWN ***
eddieman8: shows [8c As] (a pair of Tens)
S0ldi3r0n3: shows [Ah 8h] (a pair of Tens)
eddieman8 collected $11.76 from pot
S0ldi3r0n3 collected $11.60 from pot
*** SUMMARY ***
Total pot $24.76 | Rake $1.40 
Board [7c Th Ts 3d 2h]
Seat 1: eddieman8 (small blind) showed [8c As] and won ($11.76) with a pair of Tens
Seat 2: Gfoer (big blind) folded before Flop
Seat 3: S0ldi3r0n3 showed [Ah 8h] and won ($11.60) with a pair of Tens
Seat 4: KOSEC510 folded before Flop (didn't bet)
Seat 5: MaRKiToScoK folded before Flop (didn't bet)
Seat 6: xcinaz (button) folded before Flop (didn't bet)



PokerStars Hand #254242874470:  Hold'em No Limit ($0.50/$1.00 USD) - 2025/01/07 11:04:59 WET [2025/01/07 6:04:59 ET]
Table 'Kampala II' 6-max Seat #1 is the button
Seat 1: eddieman8 ($13 in chips) 
Seat 2: Gfoer ($100 in chips) 
Seat 3: S0ldi3r0n3 ($11.60 in chips) 
Seat 4: KOSEC510 ($103.22 in chips) 
Seat 5: MaRKiToScoK ($112.18 in chips) 
Seat 6: xcinaz ($103.20 in chips) 
Gfoer: posts small blind $0.50
S0ldi3r0n3: posts big blind $1
*** HOLE CARDS ***
KOSEC510: folds 
MaRKiToScoK: folds 
xcinaz: folds 
eddieman8: folds 
Gfoer: folds 
Uncalled bet ($0.50) returned to S0ldi3r0n3
S0ldi3r0n3 collected $1 from pot
*** SUMMARY ***
Total pot $1 | Rake $0 
Seat 1: eddieman8 (button) folded before Flop (didn't bet)
Seat 2: Gfoer (small blind) folded before Flop
Seat 3: S0ldi3r0n3 (big blind) collected ($1)
Seat 4: KOSEC510 folded before Flop (didn't bet)
Seat 5: MaRKiToScoK folded before Flop (didn't bet)
Seat 6: xcinaz folded before Flop (didn't bet)



PokerStars Hand #254242876506:  Hold'em No Limit ($0.50/$1.00 USD) - 2025/01/07 11:05:16 WET [2025/01/07 6:05:16 ET]
Table 'Kampala II' 6-max Seat #2 is the button
Seat 1: eddieman8 ($13 in chips) 
Seat 2: Gfoer ($100 in chips) 
Seat 3: S0ldi3r0n3 ($12.10 in chips) 
Seat 4: KOSEC510 ($103.22 in chips) 
Seat 5: MaRKiToScoK ($112.18 in chips) 
Seat 6: xcinaz ($103.20 in chips) 
S0ldi3r0n3: posts small blind $0.50
KOSEC510: posts big blind $1
*** HOLE CARDS ***
MaRKiToScoK: folds 
xcinaz: folds 
eddieman8: raises $12 to $13 and is all-in
Gfoer: folds 
S0ldi3r0n3: folds 
KOSEC510: folds 
Uncalled bet ($12) returned to eddieman8
eddieman8 collected $2.50 from pot
*** SUMMARY ***
Total pot $2.50 | Rake $0 
Seat 1: eddieman8 collected ($2.50)
Seat 2: Gfoer (button) folded before Flop (didn't bet)
Seat 3: S0ldi3r0n3 (small blind) folded before Flop
Seat 4: KOSEC510 (big blind) folded before Flop
Seat 5: MaRKiToScoK folded before Flop (didn't bet)
Seat 6: xcinaz folded before Flop (didn't bet)



PokerStars Hand #254242879281:  Hold'em No Limit ($0.50/$1.00 USD) - 2025/01/07 11:05:40 WET [2025/01/07 6:05:40 ET]
Table 'Kampala II' 6-max Seat #3 is the button
Seat 1: eddieman8 ($14.50 in chips) 
Seat 2: Gfoer ($100 in chips) 
Seat 3: S0ldi3r0n3 ($11.60 in chips) 
Seat 4: KOSEC510 ($102.22 in chips) 
Seat 5: MaRKiToScoK ($112.18 in chips) 
Seat 6: xcinaz ($103.20 in chips) 
KOSEC510: posts small blind $0.50
MaRKiToScoK: posts big blind $1
*** HOLE CARDS ***
xcinaz: folds 
eddieman8: folds 
Gfoer: raises $1.20 to $2.20
S0ldi3r0n3: folds 
KOSEC510: raises $7.80 to $10
MaRKiToScoK: folds 
Gfoer: folds 
Uncalled bet ($7.80) returned to KOSEC510
KOSEC510 collected $5.40 from pot
KOSEC510: doesn't show hand 
*** SUMMARY ***
Total pot $5.40 | Rake $0 
Seat 1: eddieman8 folded before Flop (didn't bet)
Seat 2: Gfoer folded before Flop
Seat 3: S0ldi3r0n3 (button) folded before Flop (didn't bet)
Seat 4: KOSEC510 (small blind) collected ($5.40)
Seat 5: MaRKiToScoK (big blind) folded before Flop
Seat 6: xcinaz folded before Flop (didn't bet)



PokerStars Hand #254242882431:  Hold'em No Limit ($0.50/$1.00 USD) - 2025/01/07 11:06:06 WET [2025/01/07 6:06:06 ET]
Table 'Kampala II' 6-max Seat #4 is the button
Seat 1: eddieman8 ($14.50 in chips) 
Seat 2: Gfoer ($100 in chips) 
Seat 3: S0ldi3r0n3 ($11.60 in chips) 
Seat 4: KOSEC510 ($105.42 in chips) 
Seat 5: MaRKiToScoK ($111.18 in chips) 
Seat 6: xcinaz ($103.20 in chips) 
MaRKiToScoK: posts small blind $0.50
xcinaz: posts big blind $1
*** HOLE CARDS ***
eddieman8: folds 
Gfoer: raises $1.20 to $2.20
S0ldi3r0n3: folds 
KOSEC510: folds 
MaRKiToScoK: folds 
xcinaz: folds 
Uncalled bet ($1.20) returned to Gfoer
Gfoer collected $2.50 from pot
Gfoer: doesn't show hand 
*** SUMMARY ***
Total pot $2.50 | Rake $0 
Seat 1: eddieman8 folded before Flop (didn't bet)
Seat 2: Gfoer collected ($2.50)
Seat 3: S0ldi3r0n3 folded before Flop (didn't bet)
Seat 4: KOSEC510 (button) folded before Flop (didn't bet)
Seat 5: MaRKiToScoK (small blind) folded before Flop
Seat 6: xcinaz (big blind) folded before Flop



PokerStars Hand #254242886465:  Hold'em No Limit ($0.50/$1.00 USD) - 2025/01/07 11:06:40 WET [2025/01/07 6:06:40 ET]
Table 'Kampala II' 6-max Seat #5 is the button
Seat 1: eddieman8 ($14.50 in chips) 
Seat 2: Gfoer ($101.50 in chips) 
Seat 3: S0ldi3r0n3 ($11.60 in chips) 
Seat 4: KOSEC510 ($105.42 in chips) 
Seat 5: MaRKiToScoK ($110.68 in chips) 
Seat 6: xcinaz ($102.20 in chips) 
xcinaz: posts small blind $0.50
eddieman8: posts big blind $1
*** HOLE CARDS ***
Gfoer: folds 
S0ldi3r0n3: folds 
KOSEC510: folds 
MaRKiToScoK: raises $1.50 to $2.50
xcinaz: folds 
eddieman8: calls $1.50
*** FLOP *** [9d Qh 8s]
eddieman8: checks 
MaRKiToScoK: checks 
*** TURN *** [9d Qh 8s] [7d]
eddieman8: checks 
MaRKiToScoK: checks 
*** RIVER *** [9d Qh 8s 7d] [2s]
eddieman8: bets $4.22
MaRKiToScoK: folds 
Uncalled bet ($4.22) returned to eddieman8
eddieman8 collected $5.22 from pot
*** SUMMARY ***
Total pot $5.50 | Rake $0.28 
Board [9d Qh 8s 7d 2s]
Seat 1: eddieman8 (big blind) collected ($5.22)
Seat 2: Gfoer folded before Flop (didn't bet)
Seat 3: S0ldi3r0n3 folded before Flop (didn't bet)
Seat 4: KOSEC510 folded before Flop (didn't bet)
Seat 5: MaRKiToScoK (button) folded on the River
Seat 6: xcinaz (small blind) folded before Flop



PokerStars Hand #254242891785:  Hold'em No Limit ($0.50/$1.00 USD) - 2025/01/07 11:07:25 WET [2025/01/07 6:07:25 ET]
Table 'Kampala II' 6-max Seat #6 is the button
Seat 1: eddieman8 ($17.22 in chips) 
Seat 2: Gfoer ($101.50 in chips) 
Seat 3: S0ldi3r0n3 ($11.60 in chips) 
Seat 4: KOSEC510 ($105.42 in chips) 
Seat 5: MaRKiToScoK ($108.18 in chips) 
Seat 6: xcinaz ($101.70 in chips) 
eddieman8: posts small blind $0.50
Gfoer: posts big blind $1
*** HOLE CARDS ***
S0ldi3r0n3: folds 
KOSEC510: folds 
MaRKiToScoK: folds 
xcinaz: folds 
eddieman8: calls $0.50
Gfoer: checks 
*** FLOP *** [Kd Js Ad]
eddieman8: checks 
Gfoer: bets $1.43
eddieman8: calls $1.43
*** TURN *** [Kd Js Ad] [5c]
eddieman8: checks 
Gfoer: checks 
*** RIVER *** [Kd Js Ad 5c] [Tc]
eddieman8: checks 
Gfoer: bets $3.97
eddieman8: calls $3.97
*** SHOW DOWN ***
Gfoer: shows [9s Qh] (a straight, Ten to Ace)
eddieman8: shows [3d Qd] (a straight, Ten to Ace)
eddieman8 collected $6.08 from pot
Gfoer collected $6.08 from pot
*** SUMMARY ***
Total pot $12.80 | Rake $0.64 
Board [Kd Js Ad 5c Tc]
Seat 1: eddieman8 (small blind) showed [3d Qd] and won ($6.08) with a straight, Ten to Ace
Seat 2: Gfoer (big blind) showed [9s Qh] and won ($6.08) with a straight, Ten to Ace
Seat 3: S0ldi3r0n3 folded before Flop (didn't bet)
Seat 4: KOSEC510 folded before Flop (didn't bet)
Seat 5: MaRKiToScoK folded before Flop (didn't bet)
Seat 6: xcinaz (button) folded before Flop (didn't bet)



PokerStars Hand #254242900091:  Hold'em No Limit ($0.50/$1.00 USD) - 2025/01/07 11:08:35 WET [2025/01/07 6:08:35 ET]
Table 'Kampala II' 6-max Seat #1 is the button
Seat 1: eddieman8 ($16.90 in chips) 
Seat 2: Gfoer ($101.18 in chips) 
Seat 3: S0ldi3r0n3 ($11.60 in chips) 
Seat 4: KOSEC510 ($105.42 in chips) 
Seat 5: MaRKiToScoK ($108.18 in chips) 
Seat 6: xcinaz ($101.70 in chips) 
Gfoer: posts small blind $0.50
S0ldi3r0n3: posts big blind $1
*** HOLE CARDS ***
KOSEC510 has timed out
KOSEC510: folds 
MaRKiToScoK: folds 
xcinaz: folds 
eddieman8: folds 
Gfoer: folds 
Uncalled bet ($0.50) returned to S0ldi3r0n3
S0ldi3r0n3 collected $1 from pot
*** SUMMARY ***
Total pot $1 | Rake $0 
Seat 1: eddieman8 (button) folded before Flop (didn't bet)
Seat 2: Gfoer (small blind) folded before Flop
Seat 3: S0ldi3r0n3 (big blind) collected ($1)
Seat 4: KOSEC510 folded before Flop (didn't bet)
Seat 5: MaRKiToScoK folded before Flop (didn't bet)
Seat 6: xcinaz folded before Flop (didn't bet)



PokerStars Hand #254242904105:  Hold'em No Limit ($0.50/$1.00 USD) - 2025/01/07 11:09:09 WET [2025/01/07 6:09:09 ET]
Table 'Kampala II' 6-max Seat #2 is the button
Seat 1: eddieman8 ($16.90 in chips) 
Seat 2: Gfoer ($100.68 in chips) 
Seat 3: S0ldi3r0n3 ($12.10 in chips) 
Seat 4: KOSEC510 ($105.42 in chips) 
Seat 5: MaRKiToScoK ($108.18 in chips) 
Seat 6: xcinaz ($101.70 in chips) 
S0ldi3r0n3: posts small blind $0.50
KOSEC510: posts big blind $1
*** HOLE CARDS ***
MaRKiToScoK: folds 
xcinaz: raises $1 to $2
eddieman8: raises $14.90 to $16.90 and is all-in
Gfoer: folds 
S0ldi3r0n3: folds 
KOSEC510: folds 
xcinaz: folds 
Uncalled bet ($14.90) returned to eddieman8
eddieman8 collected $5.50 from pot
*** SUMMARY ***
Total pot $5.50 | Rake $0 
Seat 1: eddieman8 collected ($5.50)
Seat 2: Gfoer (button) folded before Flop (didn't bet)
Seat 3: S0ldi3r0n3 (small blind) folded before Flop
Seat 4: KOSEC510 (big blind) folded before Flop
Seat 5: MaRKiToScoK folded before Flop (didn't bet)
Seat 6: xcinaz folded before Flop



PokerStars Hand #254242906555:  Hold'em No Limit ($0.50/$1.00 USD) - 2025/01/07 11:09:30 WET [2025/01/07 6:09:30 ET]
Table 'Kampala II' 6-max Seat #3 is the button
Seat 1: eddieman8 ($20.40 in chips) 
Seat 2: Gfoer ($100.68 in chips) 
Seat 3: S0ldi3r0n3 ($11.60 in chips) 
Seat 4: KOSEC510 ($104.42 in chips) 
Seat 5: MaRKiToScoK ($108.18 in chips) 
Seat 6: xcinaz ($100 in chips) 
KOSEC510: posts small blind $0.50
MaRKiToScoK: posts big blind $1
*** HOLE CARDS ***
xcinaz: folds 
eddieman8: calls $1
Gfoer: folds 
S0ldi3r0n3: calls $1
KOSEC510: folds 
MaRKiToScoK: raises $21 to $22
eddieman8: folds 
S0ldi3r0n3: folds 
Uncalled bet ($21) returned to MaRKiToScoK
MaRKiToScoK collected $3.50 from pot
*** SUMMARY ***
Total pot $3.50 | Rake $0 
Seat 1: eddieman8 folded before Flop
Seat 2: Gfoer folded before Flop (didn't bet)
Seat 3: S0ldi3r0n3 (button) folded before Flop
Seat 4: KOSEC510 (small blind) folded before Flop
Seat 5: MaRKiToScoK (big blind) collected ($3.50)
Seat 6: xcinaz folded before Flop (didn't bet)



PokerStars Hand #254242909639:  Hold'em No Limit ($0.50/$1.00 USD) - 2025/01/07 11:09:56 WET [2025/01/07 6:09:56 ET]
Table 'Kampala II' 6-max Seat #4 is the button
Seat 1: eddieman8 ($19.40 in chips) 
Seat 2: Gfoer ($100.68 in chips) 
Seat 3: S0ldi3r0n3 ($10.60 in chips) 
Seat 4: KOSEC510 ($103.92 in chips) 
Seat 5: MaRKiToScoK ($110.68 in chips) 
Seat 6: xcinaz ($100 in chips) 
MaRKiToScoK: posts small blind $0.50
xcinaz: posts big blind $1
*** HOLE CARDS ***
eddieman8: folds 
Gfoer: folds 
S0ldi3r0n3: raises $9.60 to $10.60 and is all-in
KOSEC510: folds 
MaRKiToScoK: folds 
xcinaz: folds 
Uncalled bet ($9.60) returned to S0ldi3r0n3
S0ldi3r0n3 collected $2.50 from pot
*** SUMMARY ***
Total pot $2.50 | Rake $0 
Seat 1: eddieman8 folded before Flop (didn't bet)
Seat 2: Gfoer folded before Flop (didn't bet)
Seat 3: S0ldi3r0n3 collected ($2.50)
Seat 4: KOSEC510 (button) folded before Flop (didn't bet)
Seat 5: MaRKiToScoK (small blind) folded before Flop
Seat 6: xcinaz (big blind) folded before Flop



PokerStars Hand #254242912076:  Hold'em No Limit ($0.50/$1.00 USD) - 2025/01/07 11:10:16 WET [2025/01/07 6:10:16 ET]
Table 'Kampala II' 6-max Seat #5 is the button
Seat 1: eddieman8 ($19.40 in chips) 
Seat 2: Gfoer ($100.68 in chips) 
Seat 3: S0ldi3r0n3 ($12.10 in chips) 
Seat 4: KOSEC510 ($103.92 in chips) 
Seat 5: MaRKiToScoK ($110.18 in chips) 
Seat 6: xcinaz ($100 in chips) 
xcinaz: posts small blind $0.50
eddieman8: posts big blind $1
*** HOLE CARDS ***
Gfoer: folds 
S0ldi3r0n3: folds 
KOSEC510: folds 
MaRKiToScoK: folds 
xcinaz: raises $1.50 to $2.50
eddieman8: folds 
Uncalled bet ($1.50) returned to xcinaz
xcinaz collected $2 from pot
xcinaz: doesn't show hand 
*** SUMMARY ***
Total pot $2 | Rake $0 
Seat 1: eddieman8 (big blind) folded before Flop
Seat 2: Gfoer folded before Flop (didn't bet)
Seat 3: S0ldi3r0n3 folded before Flop (didn't bet)
Seat 4: KOSEC510 folded before Flop (didn't bet)
Seat 5: MaRKiToScoK (button) folded before Flop (didn't bet)
Seat 6: xcinaz (small blind) collected ($2)



PokerStars Hand #254242915781:  Hold'em No Limit ($0.50/$1.00 USD) - 2025/01/07 11:10:48 WET [2025/01/07 6:10:48 ET]
Table 'Kampala II' 6-max Seat #6 is the button
Seat 1: eddieman8 ($18.40 in chips) 
Seat 2: Gfoer ($100.68 in chips) 
Seat 3: S0ldi3r0n3 ($12.10 in chips) 
Seat 4: KOSEC510 ($103.92 in chips) 
Seat 5: MaRKiToScoK ($110.18 in chips) 
Seat 6: xcinaz ($101 in chips) 
eddieman8: posts small blind $0.50
Gfoer: posts big blind $1
*** HOLE CARDS ***
S0ldi3r0n3: folds 
KOSEC510 has timed out
KOSEC510: folds 
MaRKiToScoK: folds 
xcinaz: folds 
eddieman8: raises $2 to $3
Gfoer: calls $2
*** FLOP *** [9s 5c Qs]
eddieman8: checks 
Gfoer: bets $1.90
eddieman8: folds 
Uncalled bet ($1.90) returned to Gfoer
Gfoer collected $5.70 from pot
Gfoer: doesn't show hand 
*** SUMMARY ***
Total pot $6 | Rake $0.30 
Board [9s 5c Qs]
Seat 1: eddieman8 (small blind) folded on the Flop
Seat 2: Gfoer (big blind) collected ($5.70)
Seat 3: S0ldi3r0n3 folded before Flop (didn't bet)
Seat 4: KOSEC510 folded before Flop (didn't bet)
Seat 5: MaRKiToScoK folded before Flop (didn't bet)
Seat 6: xcinaz (button) folded before Flop (didn't bet)



PokerStars Hand #254242924133:  Hold'em No Limit ($0.50/$1.00 USD) - 2025/01/07 11:11:58 WET [2025/01/07 6:11:58 ET]
Table 'Kampala II' 6-max Seat #1 is the button
Seat 1: eddieman8 ($15.40 in chips) 
Seat 2: Gfoer ($103.38 in chips) 
Seat 3: S0ldi3r0n3 ($12.10 in chips) 
Seat 4: KOSEC510 ($103.92 in chips) 
Seat 5: MaRKiToScoK ($110.18 in chips) 
Seat 6: xcinaz ($101 in chips) 
Gfoer: posts small blind $0.50
S0ldi3r0n3: posts big blind $1
*** HOLE CARDS ***
KOSEC510: folds 
MaRKiToScoK: folds 
xcinaz: folds 
eddieman8: raises $14.40 to $15.40 and is all-in
Gfoer: folds 
S0ldi3r0n3: folds 
Uncalled bet ($14.40) returned to eddieman8
eddieman8 collected $2.50 from pot
*** SUMMARY ***
Total pot $2.50 | Rake $0 
Seat 1: eddieman8 (button) collected ($2.50)
Seat 2: Gfoer (small blind) folded before Flop
Seat 3: S0ldi3r0n3 (big blind) folded before Flop
Seat 4: KOSEC510 folded before Flop (didn't bet)
Seat 5: MaRKiToScoK folded before Flop (didn't bet)
Seat 6: xcinaz folded before Flop (didn't bet)



PokerStars Hand #254242925845:  Hold'em No Limit ($0.50/$1.00 USD) - 2025/01/07 11:12:13 WET [2025/01/07 6:12:13 ET]
Table 'Kampala II' 6-max Seat #2 is the button
Seat 1: eddieman8 ($16.90 in chips) 
Seat 2: Gfoer ($102.88 in chips) 
Seat 3: S0ldi3r0n3 ($11.10 in chips) 
Seat 4: KOSEC510 ($103.92 in chips) 
Seat 5: MaRKiToScoK ($110.18 in chips) 
Seat 6: xcinaz ($101 in chips) 
S0ldi3r0n3: posts small blind $0.50
KOSEC510: posts big blind $1
*** HOLE CARDS ***
MaRKiToScoK: folds 
xcinaz: folds 
eddieman8: folds 
Gfoer: raises $1 to $2
S0ldi3r0n3: folds 
KOSEC510: folds 
Uncalled bet ($1) returned to Gfoer
KOSEC510 leaves the table
Gfoer collected $2.50 from pot
Gfoer: doesn't show hand 
*** SUMMARY ***
Total pot $2.50 | Rake $0 
Seat 1: eddieman8 folded before Flop (didn't bet)
Seat 2: Gfoer (button) collected ($2.50)
Seat 3: S0ldi3r0n3 (small blind) folded before Flop
Seat 4: KOSEC510 (big blind) folded before Flop
Seat 5: MaRKiToScoK folded before Flop (didn't bet)
Seat 6: xcinaz folded before Flop (didn't bet)



PokerStars Hand #254242928516:  Hold'em No Limit ($0.50/$1.00 USD) - 2025/01/07 11:12:35 WET [2025/01/07 6:12:35 ET]
Table 'Kampala II' 6-max Seat #3 is the button
Seat 1: eddieman8 ($16.90 in chips) 
Seat 2: Gfoer ($104.38 in chips) 
Seat 3: S0ldi3r0n3 ($10.60 in chips) 
Seat 5: MaRKiToScoK ($110.18 in chips) 
Seat 6: xcinaz ($101 in chips) 
MaRKiToScoK: posts small blind $0.50
xcinaz: posts big blind $1
*** HOLE CARDS ***
eddieman8: folds 
Gfoer: folds 
S0ldi3r0n3: folds 
MaRKiToScoK: folds 
Uncalled bet ($0.50) returned to xcinaz
xcinaz collected $1 from pot
xcinaz: doesn't show hand 
*** SUMMARY ***
Total pot $1 | Rake $0 
Seat 1: eddieman8 folded before Flop (didn't bet)
Seat 2: Gfoer folded before Flop (didn't bet)
Seat 3: S0ldi3r0n3 (button) folded before Flop (didn't bet)
Seat 5: MaRKiToScoK (small blind) folded before Flop
Seat 6: xcinaz (big blind) collected ($1)



PokerStars Hand #254242931170:  Hold'em No Limit ($0.50/$1.00 USD) - 2025/01/07 11:12:57 WET [2025/01/07 6:12:57 ET]
Table 'Kampala II' 6-max Seat #5 is the button
Seat 1: eddieman8 ($16.90 in chips) 
Seat 2: Gfoer ($104.38 in chips) 
Seat 3: S0ldi3r0n3 ($10.60 in chips) 
Seat 5: MaRKiToScoK ($109.68 in chips) 
Seat 6: xcinaz ($101.50 in chips) 
xcinaz: posts small blind $0.50
eddieman8: posts big blind $1
*** HOLE CARDS ***
Gfoer: folds 
S0ldi3r0n3: calls $1
MaRKiToScoK: raises $2.50 to $3.50
xcinaz: folds 
eddieman8: folds 
S0ldi3r0n3: raises $7.10 to $10.60 and is all-in
MaRKiToScoK: calls $7.10
*** FLOP *** [8s 3c 3s]
*** TURN *** [8s 3c 3s] [6h]
*** RIVER *** [8s 3c 3s 6h] [Js]
*** SHOW DOWN ***
S0ldi3r0n3: shows [8c 8d] (a full house, Eights full of Threes)
MaRKiToScoK: shows [Qd 9s] (a pair of Threes)
S0ldi3r0n3 collected $21.28 from pot
*** SUMMARY ***
Total pot $22.70 | Rake $1.42 
Board [8s 3c 3s 6h Js]
Seat 1: eddieman8 (big blind) folded before Flop
Seat 2: Gfoer folded before Flop (didn't bet)
Seat 3: S0ldi3r0n3 showed [8c 8d] and won ($21.28) with a full house, Eights full of Threes
Seat 5: MaRKiToScoK (button) showed [Qd 9s] and lost with a pair of Threes
Seat 6: xcinaz (small blind) folded before Flop



PokerStars Hand #254242934905:  Hold'em No Limit ($0.50/$1.00 USD) - 2025/01/07 11:13:28 WET [2025/01/07 6:13:28 ET]
Table 'Kampala II' 6-max Seat #6 is the button
Seat 1: eddieman8 ($15.90 in chips) 
Seat 2: Gfoer ($104.38 in chips) 
Seat 3: S0ldi3r0n3 ($21.28 in chips) 
Seat 5: MaRKiToScoK ($100 in chips) 
Seat 6: xcinaz ($101 in chips) 
eddieman8: posts small blind $0.50
Gfoer: posts big blind $1
*** HOLE CARDS ***
NOTfishON joins the table at seat #4 
S0ldi3r0n3: folds 
MaRKiToScoK: folds 
xcinaz: folds 
eddieman8: calls $0.50
Gfoer: checks 
*** FLOP *** [4d Ts 7c]
eddieman8: checks 
Gfoer: checks 
*** TURN *** [4d Ts 7c] [Kh]
eddieman8: checks 
Gfoer: checks 
*** RIVER *** [4d Ts 7c Kh] [5c]
eddieman8: checks 
Gfoer: bets $1
eddieman8: folds 
Uncalled bet ($1) returned to Gfoer
Gfoer collected $1.90 from pot
Gfoer: doesn't show hand 
*** SUMMARY ***
Total pot $2 | Rake $0.10 
Board [4d Ts 7c Kh 5c]
Seat 1: eddieman8 (small blind) folded on the River
Seat 2: Gfoer (big blind) collected ($1.90)
Seat 3: S0ldi3r0n3 folded before Flop (didn't bet)
Seat 5: MaRKiToScoK folded before Flop (didn't bet)
Seat 6: xcinaz (button) folded before Flop (didn't bet)



PokerStars Hand #254243094266:  Hold'em No Limit ($0.50/$1.00 USD) - 2025/01/07 11:34:51 WET [2025/01/07 6:34:51 ET]
Table 'Kampala II' 6-max Seat #2 is the button
Seat 2: value_ftw ($100 in chips) 
Seat 3: S0ldi3r0n3 ($17.32 in chips) 
Seat 4: b2k-Snick ($100 in chips) 
Seat 5: MaRKiToScoK ($216.61 in chips) 
S0ldi3r0n3: posts small blind $0.50
b2k-Snick: posts big blind $1
*** HOLE CARDS ***
MaRKiToScoK: folds 
value_ftw: folds 
S0ldi3r0n3: calls $0.50
b2k-Snick: checks 
*** FLOP *** [3d 9d Tc]
S0ldi3r0n3: checks 
ddyyjj joins the table at seat #1 
b2k-Snick: bets $1
S0ldi3r0n3: folds 
Uncalled bet ($1) returned to b2k-Snick
b2k-Snick collected $1.90 from pot
b2k-Snick: doesn't show hand 
*** SUMMARY ***
Total pot $2 | Rake $0.10 
Board [3d 9d Tc]
Seat 2: value_ftw (button) folded before Flop (didn't bet)
Seat 3: S0ldi3r0n3 (small blind) folded on the Flop
Seat 4: b2k-Snick (big blind) collected ($1.90)
Seat 5: MaRKiToScoK folded before Flop (didn't bet)



PokerStars Hand #254243098983:  Hold'em No Limit ($0.50/$1.00 USD) - 2025/01/07 11:35:26 WET [2025/01/07 6:35:26 ET]
Table 'Kampala II' 6-max Seat #3 is the button
Seat 1: ddyyjj ($100 in chips) is sitting out
Seat 2: value_ftw ($100 in chips) 
Seat 3: S0ldi3r0n3 ($16.32 in chips) 
Seat 4: b2k-Snick ($100.90 in chips) 
Seat 5: MaRKiToScoK ($216.61 in chips) 
b2k-Snick: posts small blind $0.50
MaRKiToScoK: posts big blind $1
ddyyjj: sits out 
*** HOLE CARDS ***
value_ftw: raises $1.20 to $2.20
S0ldi3r0n3: folds 
b2k-Snick: folds 
MaRKiToScoK: calls $1.20
*** FLOP *** [2d 9s Ks]
MaRKiToScoK: checks 
value_ftw: bets $3.50
MaRKiToScoK: folds 
Uncalled bet ($3.50) returned to value_ftw
value_ftw collected $4.66 from pot
value_ftw: doesn't show hand 
*** SUMMARY ***
Total pot $4.90 | Rake $0.24 
Board [2d 9s Ks]
Seat 1: ddyyjj
Seat 2: value_ftw collected ($4.66)
Seat 3: S0ldi3r0n3 (button) folded before Flop (didn't bet)
Seat 4: b2k-Snick (small blind) folded before Flop
Seat 5: MaRKiToScoK (big blind) folded on the Flop



PokerStars Hand #254243105678:  Hold'em No Limit ($0.50/$1.00 USD) - 2025/01/07 11:36:17 WET [2025/01/07 6:36:17 ET]
Table 'Kampala II' 6-max Seat #4 is the button
Seat 1: ddyyjj ($100 in chips) 
Seat 2: value_ftw ($102.46 in chips) 
Seat 3: S0ldi3r0n3 ($16.32 in chips) 
Seat 4: b2k-Snick ($100.40 in chips) 
Seat 5: MaRKiToScoK ($214.41 in chips) 
MaRKiToScoK: posts small blind $0.50
ddyyjj: posts big blind $1
*** HOLE CARDS ***
value_ftw: folds 
S0ldi3r0n3: calls $1
b2k-Snick: folds 
MaRKiToScoK: calls $0.50
ddyyjj: checks 
*** FLOP *** [7c 4h Qc]
MaRKiToScoK: bets $3.56
ddyyjj: folds 
S0ldi3r0n3: folds 
Uncalled bet ($3.56) returned to MaRKiToScoK
MaRKiToScoK collected $2.85 from pot
*** SUMMARY ***
Total pot $3 | Rake $0.15 
Board [7c 4h Qc]
Seat 1: ddyyjj (big blind) folded on the Flop
Seat 2: value_ftw folded before Flop (didn't bet)
Seat 3: S0ldi3r0n3 folded on the Flop
Seat 4: b2k-Snick (button) folded before Flop (didn't bet)
Seat 5: MaRKiToScoK (small blind) collected ($2.85)



PokerStars Hand #254243110101:  Hold'em No Limit ($0.50/$1.00 USD) - 2025/01/07 11:36:50 WET [2025/01/07 6:36:50 ET]
Table 'Kampala II' 6-max Seat #5 is the button
Seat 1: ddyyjj ($99 in chips) 
Seat 2: value_ftw ($102.46 in chips) 
Seat 3: S0ldi3r0n3 ($15.32 in chips) 
Seat 4: b2k-Snick ($100.40 in chips) 
Seat 5: MaRKiToScoK ($216.26 in chips) 
ddyyjj: posts small blind $0.50
value_ftw: posts big blind $1
*** HOLE CARDS ***
S0ldi3r0n3: calls $1
b2k-Snick: folds 
MaRKiToScoK: raises $3 to $4
ddyyjj: folds 
value_ftw: folds 
S0ldi3r0n3: raises $11.32 to $15.32 and is all-in
MaRKiToScoK: calls $11.32
*** FLOP *** [Qs 2c Ad]
*** TURN *** [Qs 2c Ad] [Jh]
*** RIVER *** [Qs 2c Ad Jh] [As]
*** SHOW DOWN ***
S0ldi3r0n3: shows [9c Th] (a pair of Aces)
MaRKiToScoK: shows [Ah 3c] (three of a kind, Aces)
MaRKiToScoK collected $30.53 from pot
*** SUMMARY ***
Total pot $32.14 | Rake $1.61 
Board [Qs 2c Ad Jh As]
Seat 1: ddyyjj (small blind) folded before Flop
Seat 2: value_ftw (big blind) folded before Flop
Seat 3: S0ldi3r0n3 showed [9c Th] and lost with a pair of Aces
Seat 4: b2k-Snick folded before Flop (didn't bet)
Seat 5: MaRKiToScoK (button) showed [Ah 3c] and won ($30.53) with three of a kind, Aces



PokerStars Hand #254243115205:  Hold'em No Limit ($0.50/$1.00 USD) - 2025/01/07 11:37:29 WET [2025/01/07 6:37:29 ET]
Table 'Kampala II' 6-max Seat #1 is the button
Seat 3: S0ldi3r0n3 ($0 in chips) is sitting out
Seat 4: b2k-Snick ($100.40 in chips) is sitting out
Seat 1: ddyyjj ($98.50 in chips) 
Seat 2: value_ftw ($101.46 in chips) 
Seat 5: MaRKiToScoK ($231.47 in chips) 
value_ftw: posts small blind $0.50
b2k-Snick: is sitting out 
MaRKiToScoK: posts big blind $1
*** HOLE CARDS ***
ddyyjj: raises $1.50 to $2.50
value_ftw: folds 
MaRKiToScoK: folds 
Uncalled bet ($1.50) returned to ddyyjj
ddyyjj collected $2.50 from pot
ddyyjj: doesn't show hand 
*** SUMMARY ***
Total pot $2.50 | Rake $0 
Seat 3: S0ldi3r0n3
Seat 4: b2k-Snick
Seat 1: ddyyjj (button) collected ($2.50)
Seat 2: value_ftw (small blind) folded before Flop
Seat 5: MaRKiToScoK (big blind) folded before Flop



PokerStars Hand #254243117400:  Hold'em No Limit ($0.50/$1.00 USD) - 2025/01/07 11:37:45 WET [2025/01/07 6:37:45 ET]
Table 'Kampala II' 6-max Seat #2 is the button
Seat 3: S0ldi3r0n3 ($0 in chips) is sitting out
Seat 4: b2k-Snick ($100.40 in chips) is sitting out
Seat 1: ddyyjj ($100 in chips) 
Seat 2: value_ftw ($100.96 in chips) 
Seat 5: MaRKiToScoK ($230.47 in chips) 
MaRKiToScoK: posts small blind $0.50
ddyyjj: posts big blind $1
*** HOLE CARDS ***
value_ftw: raises $1.50 to $2.50
MaRKiToScoK: raises $8.50 to $11
ddyyjj: folds 
S0ldi3r0n3 leaves the table
value_ftw: folds 
Uncalled bet ($8.50) returned to MaRKiToScoK
MaRKiToScoK collected $6 from pot
*** SUMMARY ***
Total pot $6 | Rake $0 
Seat 3: S0ldi3r0n3
Seat 4: b2k-Snick
Seat 1: ddyyjj (big blind) folded before Flop
Seat 2: value_ftw (button) folded before Flop
Seat 5: MaRKiToScoK (small blind) collected ($6)



PokerStars Hand #254243123873:  Hold'em No Limit ($0.50/$1.00 USD) - 2025/01/07 11:38:34 WET [2025/01/07 6:38:34 ET]
Table 'Kampala II' 6-max Seat #1 is the button
Seat 4: b2k-Snick ($100.40 in chips) is sitting out
Seat 1: ddyyjj ($99 in chips) 
Seat 2: BallerXOne ($100 in chips) 
ddyyjj: posts small blind $0.50
BallerXOne: posts big blind $1
*** HOLE CARDS ***
ddyyjj: raises $2 to $3
BallerXOne: raises $7 to $10
b2k-Snick leaves the table
ddyyjj: folds 
Uncalled bet ($7) returned to BallerXOne
BallerXOne collected $6 from pot
BallerXOne: doesn't show hand 
*** SUMMARY ***
Total pot $6 | Rake $0 
Seat 4: b2k-Snick
Seat 1: ddyyjj (button) (small blind) folded before Flop
Seat 2: BallerXOne (big blind) collected ($6)



PokerStars Hand #254243126122:  Hold'em No Limit ($0.50/$1.00 USD) - 2025/01/07 11:38:51 WET [2025/01/07 6:38:51 ET]
Table 'Kampala II' 6-max Seat #2 is the button
Seat 1: ddyyjj ($96 in chips) 
Seat 2: BallerXOne ($103 in chips) 
BallerXOne: posts small blind $0.50
ddyyjj: posts big blind $1
*** HOLE CARDS ***
BallerXOne: raises $1.50 to $2.50
ddyyjj: calls $1.50
*** FLOP *** [7d 8s 8c]
ddyyjj: checks 
BallerXOne: bets $1.19
ddyyjj: calls $1.19
*** TURN *** [7d 8s 8c] [Th]
ddyyjj: checks 
BallerXOne: bets $5.26
ddyyjj: calls $5.26
*** RIVER *** [7d 8s 8c Th] [7c]
ddyyjj: checks 
BallerXOne: checks 
*** SHOW DOWN ***
ddyyjj: shows [7h Kh] (a full house, Sevens full of Eights)
BallerXOne: mucks hand 
ddyyjj collected $17 from pot
*** SUMMARY ***
Total pot $17.90 | Rake $0.90 
Board [7d 8s 8c Th 7c]
Seat 1: ddyyjj (big blind) showed [7h Kh] and won ($17) with a full house, Sevens full of Eights
Seat 2: BallerXOne (button) (small blind) mucked



PokerStars Hand #254243132977:  Hold'em No Limit ($0.50/$1.00 USD) - 2025/01/07 11:39:41 WET [2025/01/07 6:39:41 ET]
Table 'Kampala II' 6-max Seat #1 is the button
Seat 1: ddyyjj ($104.05 in chips) 
Seat 2: BallerXOne ($100 in chips) 
ddyyjj: posts small blind $0.50
BallerXOne: posts big blind $1
*** HOLE CARDS ***
ddyyjj: folds 
Uncalled bet ($0.50) returned to BallerXOne
BallerXOne collected $1 from pot
BallerXOne: doesn't show hand 
*** SUMMARY ***
Total pot $1 | Rake $0 
Seat 1: ddyyjj (button) (small blind) folded before Flop
Seat 2: BallerXOne (big blind) collected ($1)



PokerStars Hand #254243134287:  Hold'em No Limit ($0.50/$1.00 USD) - 2025/01/07 11:39:51 WET [2025/01/07 6:39:51 ET]
Table 'Kampala II' 6-max Seat #2 is the button
Seat 1: ddyyjj ($103.55 in chips) 
Seat 2: BallerXOne ($100.50 in chips) 
BallerXOne: posts small blind $0.50
ddyyjj: posts big blind $1
*** HOLE CARDS ***
BallerXOne: raises $1.50 to $2.50
ddyyjj: folds 
Uncalled bet ($1.50) returned to BallerXOne
BallerXOne collected $2 from pot
BallerXOne: doesn't show hand 
*** SUMMARY ***
Total pot $2 | Rake $0 
Seat 1: ddyyjj (big blind) folded before Flop
Seat 2: BallerXOne (button) (small blind) collected ($2)



PokerStars Hand #254243135521:  Hold'em No Limit ($0.50/$1.00 USD) - 2025/01/07 11:40:00 WET [2025/01/07 6:40:00 ET]
Table 'Kampala II' 6-max Seat #1 is the button
Seat 1: ddyyjj ($102.55 in chips) 
Seat 2: BallerXOne ($101.50 in chips) 
ddyyjj: posts small blind $0.50
BallerXOne: posts big blind $1
*** HOLE CARDS ***
ddyyjj: raises $2 to $3
BallerXOne: folds 
Uncalled bet ($2) returned to ddyyjj
ddyyjj collected $2 from pot
ddyyjj: doesn't show hand 
*** SUMMARY ***
Total pot $2 | Rake $0 
Seat 1: ddyyjj (button) (small blind) collected ($2)
Seat 2: BallerXOne (big blind) folded before Flop



PokerStars Hand #254243137124:  Hold'em No Limit ($0.50/$1.00 USD) - 2025/01/07 11:40:12 WET [2025/01/07 6:40:12 ET]
Table 'Kampala II' 6-max Seat #2 is the button
Seat 1: ddyyjj ($103.55 in chips) 
Seat 2: BallerXOne ($100.50 in chips) 
BallerXOne: posts small blind $0.50
ddyyjj: posts big blind $1
*** HOLE CARDS ***
BallerXOne: raises $1.50 to $2.50
ddyyjj: raises $7.50 to $10
BallerXOne: calls $7.50
*** FLOP *** [Qc 9c 3c]
ddyyjj: bets $8.55
BallerXOne: folds 
Uncalled bet ($8.55) returned to ddyyjj
ddyyjj collected $19 from pot
ddyyjj: doesn't show hand 
*** SUMMARY ***
Total pot $20 | Rake $1 
Board [Qc 9c 3c]
Seat 1: ddyyjj (big blind) collected ($19)
Seat 2: BallerXOne (button) (small blind) folded on the Flop



PokerStars Hand #254243140600:  Hold'em No Limit ($0.50/$1.00 USD) - 2025/01/07 11:40:37 WET [2025/01/07 6:40:37 ET]
Table 'Kampala II' 6-max Seat #1 is the button
Seat 1: ddyyjj ($112.55 in chips) 
Seat 2: BallerXOne ($100 in chips) 
ddyyjj: posts small blind $0.50
BallerXOne: posts big blind $1
*** HOLE CARDS ***
ddyyjj: folds 
Uncalled bet ($0.50) returned to BallerXOne
ddyyjj leaves the table
BallerXOne collected $1 from pot
BallerXOne: doesn't show hand 
*** SUMMARY ***
Total pot $1 | Rake $0 
Seat 1: ddyyjj (button) (small blind) folded before Flop
Seat 2: BallerXOne (big blind) collected ($1)



