PokerStars Hand #254240526314:  Hold'em No Limit ($0.50/$1.00 USD) - 2025/01/07 3:31:30 WET [2025/01/06 22:31:30 ET]
Table 'Hersilia II' 6-max Seat #5 is the button
Seat 3: bebelinto ($0 in chips) is sitting out
Seat 1: 50CandyJoe ($105.38 in chips) 
Seat 2: joaquin612 ($144.75 in chips) 
Seat 4: Callan25 ($50.13 in chips) 
Seat 5: G.HANSEN333 ($256.62 in chips) 
Seat 6: Rysiff ($127.92 in chips) 
Rysiff: posts small blind $0.50
50CandyJoe: posts big blind $1
*** HOLE CARDS ***
joaquin612: folds 
Callan25: folds 
G.HANSEN333: folds 
Rysiff: raises $2 to $3
50CandyJoe: calls $2
*** FLOP *** [3h 4c Th]
Rysiff: checks 
50CandyJoe: checks 
*** TURN *** [3h 4c Th] [Tc]
Rysiff: checks 
50CandyJoe: checks 
*** RIVER *** [3h 4c Th Tc] [Qs]
Rysiff: bets $4.56
50CandyJoe: folds 
Uncalled bet ($4.56) returned to Rysiff
Rysiff collected $5.70 from pot
Rysiff: doesn't show hand 
*** SUMMARY ***
Total pot $6 | Rake $0.30 
Board [3h 4c Th Tc Qs]
Seat 3: bebelinto
Seat 1: 50CandyJoe (big blind) folded on the River
Seat 2: joaquin612 folded before Flop (didn't bet)
Seat 4: Callan25 folded before Flop (didn't bet)
Seat 5: G.HANSEN333 (button) folded before Flop (didn't bet)
Seat 6: Rysiff (small blind) collected ($5.70)



PokerStars Hand #254240532576:  Hold'em No Limit ($0.50/$1.00 USD) - 2025/01/07 3:32:19 WET [2025/01/06 22:32:19 ET]
Table 'Hersilia II' 6-max Seat #6 is the button
Seat 3: bebelinto ($0 in chips) is sitting out
Seat 1: 50CandyJoe ($102.38 in chips) 
Seat 2: joaquin612 ($144.75 in chips) 
Seat 4: Callan25 ($50.13 in chips) 
Seat 5: G.HANSEN333 ($256.62 in chips) 
Seat 6: Rysiff ($130.62 in chips) 
50CandyJoe: posts small blind $0.50
joaquin612: posts big blind $1
*** HOLE CARDS ***
Callan25: folds 
G.HANSEN333: raises $1.50 to $2.50
Rysiff: folds 
50CandyJoe: folds 
joaquin612: folds 
Uncalled bet ($1.50) returned to G.HANSEN333
G.HANSEN333 collected $2.50 from pot
G.HANSEN333: doesn't show hand 
*** SUMMARY ***
Total pot $2.50 | Rake $0 
Seat 3: bebelinto
Seat 1: 50CandyJoe (small blind) folded before Flop
Seat 2: joaquin612 (big blind) folded before Flop
Seat 4: Callan25 folded before Flop (didn't bet)
Seat 5: G.HANSEN333 collected ($2.50)
Seat 6: Rysiff (button) folded before Flop (didn't bet)



PokerStars Hand #254240535035:  Hold'em No Limit ($0.50/$1.00 USD) - 2025/01/07 3:32:38 WET [2025/01/06 22:32:38 ET]
Table 'Hersilia II' 6-max Seat #1 is the button
Seat 3: bebelinto ($0 in chips) is sitting out
Seat 1: 50CandyJoe ($101.88 in chips) 
Seat 2: joaquin612 ($143.75 in chips) 
Seat 4: Callan25 ($50.13 in chips) 
Seat 5: G.HANSEN333 ($258.12 in chips) 
Seat 6: Rysiff ($130.62 in chips) 
joaquin612: posts small blind $0.50
Callan25: posts big blind $1
*** HOLE CARDS ***
G.HANSEN333: folds 
Rysiff: folds 
50CandyJoe: raises $1.50 to $2.50
joaquin612: folds 
Callan25: raises $3.50 to $6
50CandyJoe: folds 
Uncalled bet ($3.50) returned to Callan25
Callan25 collected $5.50 from pot
*** SUMMARY ***
Total pot $5.50 | Rake $0 
Seat 3: bebelinto
Seat 1: 50CandyJoe (button) folded before Flop
Seat 2: joaquin612 (small blind) folded before Flop
Seat 4: Callan25 (big blind) collected ($5.50)
Seat 5: G.HANSEN333 folded before Flop (didn't bet)
Seat 6: Rysiff folded before Flop (didn't bet)



PokerStars Hand #254240538486:  Hold'em No Limit ($0.50/$1.00 USD) - 2025/01/07 3:33:06 WET [2025/01/06 22:33:06 ET]
Table 'Hersilia II' 6-max Seat #2 is the button
Seat 3: bebelinto ($0 in chips) is sitting out
Seat 1: 50CandyJoe ($100 in chips) 
Seat 2: joaquin612 ($143.25 in chips) 
Seat 4: Callan25 ($53.13 in chips) 
Seat 5: G.HANSEN333 ($258.12 in chips) 
Seat 6: Rysiff ($130.62 in chips) 
Callan25: posts small blind $0.50
G.HANSEN333: posts big blind $1
*** HOLE CARDS ***
Rysiff: folds 
50CandyJoe: folds 
joaquin612: raises $1.50 to $2.50
Callan25: folds 
G.HANSEN333: folds 
Uncalled bet ($1.50) returned to joaquin612
joaquin612 collected $2.50 from pot
joaquin612: doesn't show hand 
*** SUMMARY ***
Total pot $2.50 | Rake $0 
Seat 3: bebelinto
Seat 1: 50CandyJoe folded before Flop (didn't bet)
Seat 2: joaquin612 (button) collected ($2.50)
Seat 4: Callan25 (small blind) folded before Flop
Seat 5: G.HANSEN333 (big blind) folded before Flop
Seat 6: Rysiff folded before Flop (didn't bet)



PokerStars Hand #254240543192:  Hold'em No Limit ($0.50/$1.00 USD) - 2025/01/07 3:33:44 WET [2025/01/06 22:33:44 ET]
Table 'Hersilia II' 6-max Seat #4 is the button
Seat 3: bebelinto ($0 in chips) is sitting out
Seat 1: 50CandyJoe ($100 in chips) 
Seat 2: joaquin612 ($144.75 in chips) 
Seat 4: Callan25 ($52.63 in chips) 
Seat 5: G.HANSEN333 ($257.12 in chips) 
Seat 6: Rysiff ($130.62 in chips) 
G.HANSEN333: posts small blind $0.50
Rysiff: posts big blind $1
*** HOLE CARDS ***
50CandyJoe: folds 
joaquin612: folds 
Callan25 has timed out
Callan25: folds 
G.HANSEN333: raises $2 to $3
Rysiff: calls $2
*** FLOP *** [7d 5h Jc]
G.HANSEN333: checks 
Rysiff: checks 
*** TURN *** [7d 5h Jc] [Qh]
G.HANSEN333: bets $4.28
Rysiff: calls $4.28
*** RIVER *** [7d 5h Jc Qh] [2c]
G.HANSEN333: bets $10.37
Rysiff: calls $10.37
*** SHOW DOWN ***
G.HANSEN333: shows [Td Qc] (a pair of Queens)
Rysiff: mucks hand 
G.HANSEN333 collected $33.54 from pot
*** SUMMARY ***
Total pot $35.30 | Rake $1.76 
Board [7d 5h Jc Qh 2c]
Seat 3: bebelinto
Seat 1: 50CandyJoe folded before Flop (didn't bet)
Seat 2: joaquin612 folded before Flop (didn't bet)
Seat 4: Callan25 (button) folded before Flop (didn't bet)
Seat 5: G.HANSEN333 (small blind) showed [Td Qc] and won ($33.54) with a pair of Queens
Seat 6: Rysiff (big blind) mucked



PokerStars Hand #254240554827:  Hold'em No Limit ($0.50/$1.00 USD) - 2025/01/07 3:35:17 WET [2025/01/06 22:35:17 ET]
Table 'Hersilia II' 6-max Seat #5 is the button
Seat 3: bebelinto ($0 in chips) is sitting out
Seat 1: 50CandyJoe ($100 in chips) 
Seat 2: joaquin612 ($144.75 in chips) 
Seat 4: Callan25 ($52.63 in chips) 
Seat 5: G.HANSEN333 ($273.01 in chips) 
Seat 6: Rysiff ($112.97 in chips) 
Rysiff: posts small blind $0.50
50CandyJoe: posts big blind $1
*** HOLE CARDS ***
joaquin612: folds 
Callan25 has timed out
Callan25: folds 
G.HANSEN333: folds 
Rysiff: raises $2 to $3
50CandyJoe: calls $2
*** FLOP *** [Th Js 4c]
Rysiff: checks 
50CandyJoe: checks 
*** TURN *** [Th Js 4c] [7h]
Rysiff: checks 
50CandyJoe: checks 
*** RIVER *** [Th Js 4c 7h] [6c]
bebelinto leaves the table
Rysiff: bets $4.56
50CandyJoe: calls $4.56
*** SHOW DOWN ***
Rysiff: shows [9s Td] (a pair of Tens)
50CandyJoe: mucks hand 
Rysiff collected $14.36 from pot
*** SUMMARY ***
Total pot $15.12 | Rake $0.76 
Board [Th Js 4c 7h 6c]
Seat 3: bebelinto
Seat 1: 50CandyJoe (big blind) mucked
Seat 2: joaquin612 folded before Flop (didn't bet)
Seat 4: Callan25 folded before Flop (didn't bet)
Seat 5: G.HANSEN333 (button) folded before Flop (didn't bet)
Seat 6: Rysiff (small blind) showed [9s Td] and won ($14.36) with a pair of Tens



PokerStars Hand #254240561971:  Hold'em No Limit ($0.50/$1.00 USD) - 2025/01/07 3:36:13 WET [2025/01/06 22:36:13 ET]
Table 'Hersilia II' 6-max Seat #6 is the button
Seat 1: 50CandyJoe ($100 in chips) 
Seat 2: joaquin612 ($144.75 in chips) 
Seat 4: Callan25 ($52.63 in chips) 
Seat 5: G.HANSEN333 ($273.01 in chips) 
Seat 6: Rysiff ($119.77 in chips) 
50CandyJoe: posts small blind $0.50
joaquin612: posts big blind $1
*** HOLE CARDS ***
Xenicide joins the table at seat #3 
Callan25 has timed out
Callan25: folds 
G.HANSEN333: folds 
Rysiff: raises $1.50 to $2.50
50CandyJoe: folds 
joaquin612: folds 
Uncalled bet ($1.50) returned to Rysiff
Rysiff collected $2.50 from pot
Rysiff: doesn't show hand 
*** SUMMARY ***
Total pot $2.50 | Rake $0 
Seat 1: 50CandyJoe (small blind) folded before Flop
Seat 2: joaquin612 (big blind) folded before Flop
Seat 4: Callan25 folded before Flop (didn't bet)
Seat 5: G.HANSEN333 folded before Flop (didn't bet)
Seat 6: Rysiff (button) collected ($2.50)



PokerStars Hand #254240564463:  Hold'em No Limit ($0.50/$1.00 USD) - 2025/01/07 3:36:34 WET [2025/01/06 22:36:34 ET]
Table 'Hersilia II' 6-max Seat #1 is the button
Seat 1: 50CandyJoe ($100 in chips) 
Seat 2: joaquin612 ($143.75 in chips) 
Seat 3: Xenicide ($100 in chips) 
Seat 4: Callan25 ($52.63 in chips) 
Seat 5: G.HANSEN333 ($273.01 in chips) 
Seat 6: Rysiff ($121.27 in chips) 
joaquin612: posts small blind $0.50
Xenicide: posts big blind $1
*** HOLE CARDS ***
Callan25: raises $2 to $3
G.HANSEN333: folds 
Rysiff: folds 
50CandyJoe: folds 
joaquin612: folds 
Xenicide: folds 
Uncalled bet ($2) returned to Callan25
Callan25 collected $2.50 from pot
*** SUMMARY ***
Total pot $2.50 | Rake $0 
Seat 1: 50CandyJoe (button) folded before Flop (didn't bet)
Seat 2: joaquin612 (small blind) folded before Flop
Seat 3: Xenicide (big blind) folded before Flop
Seat 4: Callan25 collected ($2.50)
Seat 5: G.HANSEN333 folded before Flop (didn't bet)
Seat 6: Rysiff folded before Flop (didn't bet)



PokerStars Hand #254240566907:  Hold'em No Limit ($0.50/$1.00 USD) - 2025/01/07 3:36:54 WET [2025/01/06 22:36:54 ET]
Table 'Hersilia II' 6-max Seat #2 is the button
Seat 1: 50CandyJoe ($100 in chips) 
Seat 2: joaquin612 ($143.25 in chips) 
Seat 3: Xenicide ($100 in chips) 
Seat 4: Callan25 ($54.13 in chips) 
Seat 5: G.HANSEN333 ($273.01 in chips) 
Seat 6: Rysiff ($121.27 in chips) 
Xenicide: posts small blind $0.50
Callan25: posts big blind $1
*** HOLE CARDS ***
G.HANSEN333: folds 
Rysiff: folds 
50CandyJoe: folds 
joaquin612: folds 
Xenicide: folds 
Uncalled bet ($0.50) returned to Callan25
Callan25 collected $1 from pot
*** SUMMARY ***
Total pot $1 | Rake $0 
Seat 1: 50CandyJoe folded before Flop (didn't bet)
Seat 2: joaquin612 (button) folded before Flop (didn't bet)
Seat 3: Xenicide (small blind) folded before Flop
Seat 4: Callan25 (big blind) collected ($1)
Seat 5: G.HANSEN333 folded before Flop (didn't bet)
Seat 6: Rysiff folded before Flop (didn't bet)



PokerStars Hand #254240568368:  Hold'em No Limit ($0.50/$1.00 USD) - 2025/01/07 3:37:05 WET [2025/01/06 22:37:05 ET]
Table 'Hersilia II' 6-max Seat #3 is the button
Seat 1: 50CandyJoe ($100 in chips) 
Seat 2: joaquin612 ($143.25 in chips) 
Seat 3: Xenicide ($100 in chips) 
Seat 4: Callan25 ($54.63 in chips) 
Seat 5: G.HANSEN333 ($273.01 in chips) 
Seat 6: Rysiff ($121.27 in chips) 
Callan25: posts small blind $0.50
G.HANSEN333: posts big blind $1
*** HOLE CARDS ***
Rysiff: folds 
50CandyJoe: folds 
joaquin612: folds 
Xenicide: raises $1.25 to $2.25
Callan25: folds 
G.HANSEN333: raises $7.75 to $10
Xenicide: folds 
Uncalled bet ($7.75) returned to G.HANSEN333
G.HANSEN333 collected $5 from pot
G.HANSEN333: doesn't show hand 
*** SUMMARY ***
Total pot $5 | Rake $0 
Seat 1: 50CandyJoe folded before Flop (didn't bet)
Seat 2: joaquin612 folded before Flop (didn't bet)
Seat 3: Xenicide (button) folded before Flop
Seat 4: Callan25 (small blind) folded before Flop
Seat 5: G.HANSEN333 (big blind) collected ($5)
Seat 6: Rysiff folded before Flop (didn't bet)



PokerStars Hand #254240572952:  Hold'em No Limit ($0.50/$1.00 USD) - 2025/01/07 3:37:41 WET [2025/01/06 22:37:41 ET]
Table 'Hersilia II' 6-max Seat #4 is the button
Seat 1: 50CandyJoe ($100 in chips) 
Seat 2: joaquin612 ($143.25 in chips) 
Seat 3: Xenicide ($100 in chips) 
Seat 4: Callan25 ($54.13 in chips) 
Seat 5: G.HANSEN333 ($275.76 in chips) 
Seat 6: Rysiff ($121.27 in chips) 
G.HANSEN333: posts small blind $0.50
Rysiff: posts big blind $1
*** HOLE CARDS ***
50CandyJoe: folds 
joaquin612: folds 
Xenicide: folds 
Callan25: folds 
G.HANSEN333: raises $2 to $3
Rysiff: folds 
Uncalled bet ($2) returned to G.HANSEN333
G.HANSEN333 collected $2 from pot
G.HANSEN333: doesn't show hand 
*** SUMMARY ***
Total pot $2 | Rake $0 
Seat 1: 50CandyJoe folded before Flop (didn't bet)
Seat 2: joaquin612 folded before Flop (didn't bet)
Seat 3: Xenicide folded before Flop (didn't bet)
Seat 4: Callan25 (button) folded before Flop (didn't bet)
Seat 5: G.HANSEN333 (small blind) collected ($2)
Seat 6: Rysiff (big blind) folded before Flop



PokerStars Hand #254240574888:  Hold'em No Limit ($0.50/$1.00 USD) - 2025/01/07 3:37:57 WET [2025/01/06 22:37:57 ET]
Table 'Hersilia II' 6-max Seat #5 is the button
Seat 1: 50CandyJoe ($100 in chips) 
Seat 2: joaquin612 ($143.25 in chips) 
Seat 3: Xenicide ($100 in chips) 
Seat 4: Callan25 ($54.13 in chips) 
Seat 5: G.HANSEN333 ($276.76 in chips) 
Seat 6: Rysiff ($120.27 in chips) 
Rysiff: posts small blind $0.50
50CandyJoe: posts big blind $1
*** HOLE CARDS ***
joaquin612: folds 
Xenicide: folds 
Callan25: folds 
G.HANSEN333: folds 
Rysiff: raises $2 to $3
50CandyJoe: folds 
Uncalled bet ($2) returned to Rysiff
Rysiff collected $2 from pot
Rysiff: doesn't show hand 
*** SUMMARY ***
Total pot $2 | Rake $0 
Seat 1: 50CandyJoe (big blind) folded before Flop
Seat 2: joaquin612 folded before Flop (didn't bet)
Seat 3: Xenicide folded before Flop (didn't bet)
Seat 4: Callan25 folded before Flop (didn't bet)
Seat 5: G.HANSEN333 (button) folded before Flop (didn't bet)
Seat 6: Rysiff (small blind) collected ($2)



PokerStars Hand #254240577291:  Hold'em No Limit ($0.50/$1.00 USD) - 2025/01/07 3:38:16 WET [2025/01/06 22:38:16 ET]
Table 'Hersilia II' 6-max Seat #6 is the button
Seat 1: 50CandyJoe ($100 in chips) 
Seat 2: joaquin612 ($143.25 in chips) 
Seat 3: Xenicide ($100 in chips) 
Seat 4: Callan25 ($54.13 in chips) 
Seat 5: G.HANSEN333 ($276.76 in chips) 
Seat 6: Rysiff ($121.27 in chips) 
50CandyJoe: posts small blind $0.50
joaquin612: posts big blind $1
*** HOLE CARDS ***
Xenicide: folds 
Callan25: folds 
G.HANSEN333: folds 
Rysiff: raises $1.50 to $2.50
50CandyJoe: folds 
joaquin612: folds 
Uncalled bet ($1.50) returned to Rysiff
Rysiff collected $2.50 from pot
Rysiff: doesn't show hand 
*** SUMMARY ***
Total pot $2.50 | Rake $0 
Seat 1: 50CandyJoe (small blind) folded before Flop
Seat 2: joaquin612 (big blind) folded before Flop
Seat 3: Xenicide folded before Flop (didn't bet)
Seat 4: Callan25 folded before Flop (didn't bet)
Seat 5: G.HANSEN333 folded before Flop (didn't bet)
Seat 6: Rysiff (button) collected ($2.50)



PokerStars Hand #254240579382:  Hold'em No Limit ($0.50/$1.00 USD) - 2025/01/07 3:38:33 WET [2025/01/06 22:38:33 ET]
Table 'Hersilia II' 6-max Seat #1 is the button
Seat 1: 50CandyJoe ($100 in chips) 
Seat 2: joaquin612 ($142.25 in chips) 
Seat 3: Xenicide ($100 in chips) 
Seat 4: Callan25 ($54.13 in chips) 
Seat 5: G.HANSEN333 ($276.76 in chips) 
Seat 6: Rysiff ($122.77 in chips) 
joaquin612: posts small blind $0.50
Xenicide: posts big blind $1
*** HOLE CARDS ***
Callan25: folds 
G.HANSEN333: folds 
Rysiff: folds 
50CandyJoe: folds 
joaquin612: folds 
Uncalled bet ($0.50) returned to Xenicide
Xenicide collected $1 from pot
*** SUMMARY ***
Total pot $1 | Rake $0 
Seat 1: 50CandyJoe (button) folded before Flop (didn't bet)
Seat 2: joaquin612 (small blind) folded before Flop
Seat 3: Xenicide (big blind) collected ($1)
Seat 4: Callan25 folded before Flop (didn't bet)
Seat 5: G.HANSEN333 folded before Flop (didn't bet)
Seat 6: Rysiff folded before Flop (didn't bet)



PokerStars Hand #254240582624:  Hold'em No Limit ($0.50/$1.00 USD) - 2025/01/07 3:38:59 WET [2025/01/06 22:38:59 ET]
Table 'Hersilia II' 6-max Seat #2 is the button
Seat 1: 50CandyJoe ($100 in chips) 
Seat 2: joaquin612 ($141.75 in chips) 
Seat 3: Xenicide ($100.50 in chips) 
Seat 4: Callan25 ($54.13 in chips) 
Seat 5: G.HANSEN333 ($276.76 in chips) 
Seat 6: Rysiff ($122.77 in chips) 
Xenicide: posts small blind $0.50
Callan25: posts big blind $1
*** HOLE CARDS ***
G.HANSEN333: folds 
Rysiff: raises $1.50 to $2.50
G.HANSEN333 leaves the table
50CandyJoe: folds 
joaquin612: folds 
Xenicide: folds 
Callan25: folds 
Uncalled bet ($1.50) returned to Rysiff
Rysiff collected $2.50 from pot
Rysiff: doesn't show hand 
*** SUMMARY ***
Total pot $2.50 | Rake $0 
Seat 1: 50CandyJoe folded before Flop (didn't bet)
Seat 2: joaquin612 (button) folded before Flop (didn't bet)
Seat 3: Xenicide (small blind) folded before Flop
Seat 4: Callan25 (big blind) folded before Flop
Seat 5: G.HANSEN333 folded before Flop (didn't bet)
Seat 6: Rysiff collected ($2.50)



PokerStars Hand #254240585402:  Hold'em No Limit ($0.50/$1.00 USD) - 2025/01/07 3:39:22 WET [2025/01/06 22:39:22 ET]
Table 'Hersilia II' 6-max Seat #3 is the button
Seat 1: 50CandyJoe ($100 in chips) 
Seat 2: joaquin612 ($141.75 in chips) 
Seat 3: Xenicide ($100 in chips) 
Seat 4: Callan25 ($53.13 in chips) 
Seat 6: Rysiff ($124.27 in chips) 
Callan25: posts small blind $0.50
Rysiff: posts big blind $1
*** HOLE CARDS ***
50CandyJoe: folds 
joaquin612: folds 
Xenicide: folds 
Callan25: raises $2 to $3
Rysiff: calls $2
*** FLOP *** [7c 2s 5c]
Callan25: bets $3
Rysiff: folds 
Uncalled bet ($3) returned to Callan25
Callan25 collected $5.70 from pot
rao999 joins the table at seat #5 
*** SUMMARY ***
Total pot $6 | Rake $0.30 
Board [7c 2s 5c]
Seat 1: 50CandyJoe folded before Flop (didn't bet)
Seat 2: joaquin612 folded before Flop (didn't bet)
Seat 3: Xenicide (button) folded before Flop (didn't bet)
Seat 4: Callan25 (small blind) collected ($5.70)
Seat 6: Rysiff (big blind) folded on the Flop



PokerStars Hand #254240588192:  Hold'em No Limit ($0.50/$1.00 USD) - 2025/01/07 3:39:45 WET [2025/01/06 22:39:45 ET]
Table 'Hersilia II' 6-max Seat #4 is the button
Seat 5: rao999 ($100 in chips) is sitting out
Seat 1: 50CandyJoe ($100 in chips) 
Seat 2: joaquin612 ($141.75 in chips) 
Seat 3: Xenicide ($100 in chips) 
Seat 4: Callan25 ($55.83 in chips) 
Seat 6: Rysiff ($121.27 in chips) 
Rysiff: posts small blind $0.50
50CandyJoe: posts big blind $1
*** HOLE CARDS ***
joaquin612: folds 
Xenicide: folds 
Callan25: folds 
Rysiff: folds 
Uncalled bet ($0.50) returned to 50CandyJoe
50CandyJoe collected $1 from pot
50CandyJoe: doesn't show hand 
*** SUMMARY ***
Total pot $1 | Rake $0 
Seat 5: rao999
Seat 1: 50CandyJoe (big blind) collected ($1)
Seat 2: joaquin612 folded before Flop (didn't bet)
Seat 3: Xenicide folded before Flop (didn't bet)
Seat 4: Callan25 (button) folded before Flop (didn't bet)
Seat 6: Rysiff (small blind) folded before Flop



PokerStars Hand #254240590844:  Hold'em No Limit ($0.50/$1.00 USD) - 2025/01/07 3:40:06 WET [2025/01/06 22:40:06 ET]
Table 'Hersilia II' 6-max Seat #6 is the button
Seat 5: rao999 ($100 in chips) is sitting out
Seat 1: 50CandyJoe ($100.50 in chips) 
Seat 2: joaquin612 ($141.75 in chips) 
Seat 3: Xenicide ($100 in chips) 
Seat 4: Callan25 ($55.83 in chips) 
Seat 6: Rysiff ($120.77 in chips) 
50CandyJoe: posts small blind $0.50
joaquin612: posts big blind $1
rao999: sits out 
*** HOLE CARDS ***
Xenicide: folds 
Callan25: folds 
Rysiff: folds 
50CandyJoe: folds 
Uncalled bet ($0.50) returned to joaquin612
joaquin612 collected $1 from pot
joaquin612: doesn't show hand 
*** SUMMARY ***
Total pot $1 | Rake $0 
Seat 5: rao999
Seat 1: 50CandyJoe (small blind) folded before Flop
Seat 2: joaquin612 (big blind) collected ($1)
Seat 3: Xenicide folded before Flop (didn't bet)
Seat 4: Callan25 folded before Flop (didn't bet)
Seat 6: Rysiff (button) folded before Flop (didn't bet)



PokerStars Hand #254240592193:  Hold'em No Limit ($0.50/$1.00 USD) - 2025/01/07 3:40:17 WET [2025/01/06 22:40:17 ET]
Table 'Hersilia II' 6-max Seat #1 is the button
Seat 5: rao999 ($100 in chips) is sitting out
Seat 1: 50CandyJoe ($100 in chips) 
Seat 2: joaquin612 ($142.25 in chips) 
Seat 3: Xenicide ($100 in chips) 
Seat 4: Callan25 ($55.83 in chips) 
Seat 6: Rysiff ($120.77 in chips) 
joaquin612: posts small blind $0.50
Xenicide: posts big blind $1
rao999: sits out 
*** HOLE CARDS ***
Callan25 has timed out
Callan25: folds 
Rysiff: folds 
50CandyJoe: folds 
joaquin612: raises $2 to $3
Xenicide: calls $2
*** FLOP *** [7d 8h Ts]
joaquin612: checks 
Xenicide: bets $1.43
joaquin612: folds 
Uncalled bet ($1.43) returned to Xenicide
Xenicide collected $5.70 from pot
*** SUMMARY ***
Total pot $6 | Rake $0.30 
Board [7d 8h Ts]
Seat 5: rao999
Seat 1: 50CandyJoe (button) folded before Flop (didn't bet)
Seat 2: joaquin612 (small blind) folded on the Flop
Seat 3: Xenicide (big blind) collected ($5.70)
Seat 4: Callan25 folded before Flop (didn't bet)
Seat 6: Rysiff folded before Flop (didn't bet)



PokerStars Hand #254240600288:  Hold'em No Limit ($0.50/$1.00 USD) - 2025/01/07 3:41:24 WET [2025/01/06 22:41:24 ET]
Table 'Hersilia II' 6-max Seat #2 is the button
Seat 5: rao999 ($100 in chips) is sitting out
Seat 1: 50CandyJoe ($100 in chips) 
Seat 2: joaquin612 ($139.25 in chips) 
Seat 3: Xenicide ($102.70 in chips) 
Seat 4: Callan25 ($55.83 in chips) 
Seat 6: Rysiff ($120.77 in chips) 
Xenicide: posts small blind $0.50
Callan25: posts big blind $1
rao999: sits out 
*** HOLE CARDS ***
Rysiff: folds 
50CandyJoe: folds 
joaquin612: folds 
Xenicide: raises $2.50 to $3.50
Callan25: calls $2.50
*** FLOP *** [7d 2h 3h]
Xenicide: checks 
Callan25: bets $4.65
Xenicide: folds 
Uncalled bet ($4.65) returned to Callan25
Callan25 collected $6.65 from pot
*** SUMMARY ***
Total pot $7 | Rake $0.35 
Board [7d 2h 3h]
Seat 5: rao999
Seat 1: 50CandyJoe folded before Flop (didn't bet)
Seat 2: joaquin612 (button) folded before Flop (didn't bet)
Seat 3: Xenicide (small blind) folded on the Flop
Seat 4: Callan25 (big blind) collected ($6.65)
Seat 6: Rysiff folded before Flop (didn't bet)



PokerStars Hand #254240607290:  Hold'em No Limit ($0.50/$1.00 USD) - 2025/01/07 3:42:21 WET [2025/01/06 22:42:21 ET]
Table 'Hersilia II' 6-max Seat #3 is the button
Seat 1: 50CandyJoe ($100 in chips) 
Seat 2: joaquin612 ($139.25 in chips) 
Seat 3: Xenicide ($100 in chips) 
Seat 4: Callan25 ($58.98 in chips) 
Seat 5: rao999 ($100 in chips) 
Seat 6: Rysiff ($120.77 in chips) 
Callan25: posts small blind $0.50
rao999: posts big blind $1
*** HOLE CARDS ***
Rysiff: raises $1.50 to $2.50
50CandyJoe: folds 
joaquin612: folds 
Xenicide: folds 
Callan25: folds 
rao999: folds 
Uncalled bet ($1.50) returned to Rysiff
Rysiff collected $2.50 from pot
Rysiff: doesn't show hand 
*** SUMMARY ***
Total pot $2.50 | Rake $0 
Seat 1: 50CandyJoe folded before Flop (didn't bet)
Seat 2: joaquin612 folded before Flop (didn't bet)
Seat 3: Xenicide (button) folded before Flop (didn't bet)
Seat 4: Callan25 (small blind) folded before Flop
Seat 5: rao999 (big blind) folded before Flop
Seat 6: Rysiff collected ($2.50)



PokerStars Hand #254240611493:  Hold'em No Limit ($0.50/$1.00 USD) - 2025/01/07 3:42:55 WET [2025/01/06 22:42:55 ET]
Table 'Hersilia II' 6-max Seat #4 is the button
Seat 1: 50CandyJoe ($100 in chips) 
Seat 2: joaquin612 ($139.25 in chips) 
Seat 3: Xenicide ($100 in chips) 
Seat 4: Callan25 ($58.48 in chips) 
Seat 5: rao999 ($100 in chips) 
Seat 6: Rysiff ($122.27 in chips) 
rao999: posts small blind $0.50
Rysiff: posts big blind $1
*** HOLE CARDS ***
50CandyJoe: folds 
joaquin612: folds 
Xenicide: folds 
Callan25: raises $2 to $3
rao999: folds 
Rysiff: folds 
Uncalled bet ($2) returned to Callan25
Callan25 collected $2.50 from pot
*** SUMMARY ***
Total pot $2.50 | Rake $0 
Seat 1: 50CandyJoe folded before Flop (didn't bet)
Seat 2: joaquin612 folded before Flop (didn't bet)
Seat 3: Xenicide folded before Flop (didn't bet)
Seat 4: Callan25 (button) collected ($2.50)
Seat 5: rao999 (small blind) folded before Flop
Seat 6: Rysiff (big blind) folded before Flop



PokerStars Hand #254240613386:  Hold'em No Limit ($0.50/$1.00 USD) - 2025/01/07 3:43:11 WET [2025/01/06 22:43:11 ET]
Table 'Hersilia II' 6-max Seat #5 is the button
Seat 1: 50CandyJoe ($100 in chips) 
Seat 2: joaquin612 ($139.25 in chips) 
Seat 3: Xenicide ($100 in chips) 
Seat 4: Callan25 ($59.98 in chips) 
Seat 5: rao999 ($100 in chips) 
Seat 6: Rysiff ($121.27 in chips) 
Rysiff: posts small blind $0.50
50CandyJoe: posts big blind $1
*** HOLE CARDS ***
joaquin612: folds 
Xenicide: folds 
Callan25: folds 
rao999: raises $1.50 to $2.50
Rysiff: folds 
50CandyJoe: folds 
Uncalled bet ($1.50) returned to rao999
rao999 collected $2.50 from pot
rao999: doesn't show hand 
*** SUMMARY ***
Total pot $2.50 | Rake $0 
Seat 1: 50CandyJoe (big blind) folded before Flop
Seat 2: joaquin612 folded before Flop (didn't bet)
Seat 3: Xenicide folded before Flop (didn't bet)
Seat 4: Callan25 folded before Flop (didn't bet)
Seat 5: rao999 (button) collected ($2.50)
Seat 6: Rysiff (small blind) folded before Flop



PokerStars Hand #254240615452:  Hold'em No Limit ($0.50/$1.00 USD) - 2025/01/07 3:43:27 WET [2025/01/06 22:43:27 ET]
Table 'Hersilia II' 6-max Seat #6 is the button
Seat 1: 50CandyJoe ($100 in chips) 
Seat 2: joaquin612 ($139.25 in chips) 
Seat 3: Xenicide ($100 in chips) 
Seat 4: Callan25 ($59.98 in chips) 
Seat 5: rao999 ($101.50 in chips) 
Seat 6: Rysiff ($120.77 in chips) 
50CandyJoe: posts small blind $0.50
joaquin612: posts big blind $1
*** HOLE CARDS ***
Xenicide: folds 
Callan25: folds 
rao999: raises $1.50 to $2.50
Rysiff: folds 
50CandyJoe: folds 
joaquin612: folds 
Uncalled bet ($1.50) returned to rao999
rao999 collected $2.50 from pot
rao999: doesn't show hand 
*** SUMMARY ***
Total pot $2.50 | Rake $0 
Seat 1: 50CandyJoe (small blind) folded before Flop
Seat 2: joaquin612 (big blind) folded before Flop
Seat 3: Xenicide folded before Flop (didn't bet)
Seat 4: Callan25 folded before Flop (didn't bet)
Seat 5: rao999 collected ($2.50)
Seat 6: Rysiff (button) folded before Flop (didn't bet)



PokerStars Hand #254240617317:  Hold'em No Limit ($0.50/$1.00 USD) - 2025/01/07 3:43:42 WET [2025/01/06 22:43:42 ET]
Table 'Hersilia II' 6-max Seat #1 is the button
Seat 1: 50CandyJoe ($100 in chips) 
Seat 2: joaquin612 ($138.25 in chips) 
Seat 3: Xenicide ($100 in chips) 
Seat 4: Callan25 ($59.98 in chips) 
Seat 5: rao999 ($103 in chips) 
Seat 6: Rysiff ($120.77 in chips) 
joaquin612: posts small blind $0.50
Xenicide: posts big blind $1
*** HOLE CARDS ***
Callan25: raises $2 to $3
rao999: folds 
Rysiff: folds 
50CandyJoe: folds 
joaquin612: folds 
Xenicide: folds 
Uncalled bet ($2) returned to Callan25
Callan25 collected $2.50 from pot
*** SUMMARY ***
Total pot $2.50 | Rake $0 
Seat 1: 50CandyJoe (button) folded before Flop (didn't bet)
Seat 2: joaquin612 (small blind) folded before Flop
Seat 3: Xenicide (big blind) folded before Flop
Seat 4: Callan25 collected ($2.50)
Seat 5: rao999 folded before Flop (didn't bet)
Seat 6: Rysiff folded before Flop (didn't bet)



PokerStars Hand #254240620130:  Hold'em No Limit ($0.50/$1.00 USD) - 2025/01/07 3:44:05 WET [2025/01/06 22:44:05 ET]
Table 'Hersilia II' 6-max Seat #2 is the button
Seat 1: 50CandyJoe ($100 in chips) 
Seat 2: joaquin612 ($137.75 in chips) 
Seat 3: Xenicide ($100 in chips) 
Seat 4: Callan25 ($61.48 in chips) 
Seat 5: rao999 ($103 in chips) 
Seat 6: Rysiff ($120.77 in chips) 
Xenicide: posts small blind $0.50
Callan25: posts big blind $1
*** HOLE CARDS ***
rao999: folds 
Rysiff: folds 
50CandyJoe: folds 
joaquin612: folds 
Xenicide: folds 
Uncalled bet ($0.50) returned to Callan25
Callan25 collected $1 from pot
*** SUMMARY ***
Total pot $1 | Rake $0 
Seat 1: 50CandyJoe folded before Flop (didn't bet)
Seat 2: joaquin612 (button) folded before Flop (didn't bet)
Seat 3: Xenicide (small blind) folded before Flop
Seat 4: Callan25 (big blind) collected ($1)
Seat 5: rao999 folded before Flop (didn't bet)
Seat 6: Rysiff folded before Flop (didn't bet)



PokerStars Hand #254240623775:  Hold'em No Limit ($0.50/$1.00 USD) - 2025/01/07 3:44:35 WET [2025/01/06 22:44:35 ET]
Table 'Hersilia II' 6-max Seat #3 is the button
Seat 1: 50CandyJoe ($100 in chips) 
Seat 2: joaquin612 ($137.75 in chips) 
Seat 3: Xenicide ($100 in chips) 
Seat 4: Callan25 ($61.98 in chips) 
Seat 5: rao999 ($103 in chips) 
Seat 6: Rysiff ($120.77 in chips) 
Callan25: posts small blind $0.50
rao999: posts big blind $1
*** HOLE CARDS ***
Rysiff: folds 
50CandyJoe: folds 
joaquin612: folds 
Xenicide: raises $1.25 to $2.25
Callan25: folds 
rao999: folds 
Uncalled bet ($1.25) returned to Xenicide
Xenicide collected $2.50 from pot
*** SUMMARY ***
Total pot $2.50 | Rake $0 
Seat 1: 50CandyJoe folded before Flop (didn't bet)
Seat 2: joaquin612 folded before Flop (didn't bet)
Seat 3: Xenicide (button) collected ($2.50)
Seat 4: Callan25 (small blind) folded before Flop
Seat 5: rao999 (big blind) folded before Flop
Seat 6: Rysiff folded before Flop (didn't bet)



PokerStars Hand #254240627801:  Hold'em No Limit ($0.50/$1.00 USD) - 2025/01/07 3:45:08 WET [2025/01/06 22:45:08 ET]
Table 'Hersilia II' 6-max Seat #4 is the button
Seat 1: 50CandyJoe ($100 in chips) 
Seat 2: joaquin612 ($137.75 in chips) 
Seat 3: Xenicide ($101.50 in chips) 
Seat 4: Callan25 ($61.48 in chips) 
Seat 5: rao999 ($102 in chips) 
Seat 6: Rysiff ($120.77 in chips) 
rao999: posts small blind $0.50
Rysiff: posts big blind $1
*** HOLE CARDS ***
50CandyJoe: raises $1.20 to $2.20
joaquin612: folds 
Xenicide: folds 
Callan25: folds 
rao999: folds 
Rysiff: folds 
Uncalled bet ($1.20) returned to 50CandyJoe
50CandyJoe collected $2.50 from pot
50CandyJoe: doesn't show hand 
*** SUMMARY ***
Total pot $2.50 | Rake $0 
Seat 1: 50CandyJoe collected ($2.50)
Seat 2: joaquin612 folded before Flop (didn't bet)
Seat 3: Xenicide folded before Flop (didn't bet)
Seat 4: Callan25 (button) folded before Flop (didn't bet)
Seat 5: rao999 (small blind) folded before Flop
Seat 6: Rysiff (big blind) folded before Flop



PokerStars Hand #254240630665:  Hold'em No Limit ($0.50/$1.00 USD) - 2025/01/07 3:45:30 WET [2025/01/06 22:45:30 ET]
Table 'Hersilia II' 6-max Seat #5 is the button
Seat 1: 50CandyJoe ($101.50 in chips) 
Seat 2: joaquin612 ($137.75 in chips) 
Seat 3: Xenicide ($101.50 in chips) 
Seat 4: Callan25 ($61.48 in chips) 
Seat 5: rao999 ($101.50 in chips) 
Seat 6: Rysiff ($119.77 in chips) 
Rysiff: posts small blind $0.50
50CandyJoe: posts big blind $1
*** HOLE CARDS ***
joaquin612: folds 
Xenicide: folds 
Callan25: raises $2 to $3
rao999: folds 
Rysiff: folds 
50CandyJoe: calls $2
*** FLOP *** [5s 9d 7s]
50CandyJoe: checks 
Callan25: checks 
*** TURN *** [5s 9d 7s] [4s]
50CandyJoe: checks 
Callan25: checks 
*** RIVER *** [5s 9d 7s 4s] [Ks]
50CandyJoe: bets $1
Callan25: calls $1
*** SHOW DOWN ***
50CandyJoe: shows [Qc Kh] (a pair of Kings)
Callan25: shows [Kc Js] (a flush, King high)
Callan25 collected $8.08 from pot
*** SUMMARY ***
Total pot $8.50 | Rake $0.42 
Board [5s 9d 7s 4s Ks]
Seat 1: 50CandyJoe (big blind) showed [Qc Kh] and lost with a pair of Kings
Seat 2: joaquin612 folded before Flop (didn't bet)
Seat 3: Xenicide folded before Flop (didn't bet)
Seat 4: Callan25 showed [Kc Js] and won ($8.08) with a flush, King high
Seat 5: rao999 (button) folded before Flop (didn't bet)
Seat 6: Rysiff (small blind) folded before Flop



PokerStars Hand #254240634113:  Hold'em No Limit ($0.50/$1.00 USD) - 2025/01/07 3:45:58 WET [2025/01/06 22:45:58 ET]
Table 'Hersilia II' 6-max Seat #6 is the button
Seat 1: 50CandyJoe ($100 in chips) 
Seat 2: joaquin612 ($137.75 in chips) 
Seat 3: Xenicide ($101.50 in chips) 
Seat 4: Callan25 ($65.56 in chips) 
Seat 5: rao999 ($101.50 in chips) 
Seat 6: Rysiff ($119.27 in chips) 
50CandyJoe: posts small blind $0.50
joaquin612: posts big blind $1
*** HOLE CARDS ***
Xenicide: raises $1 to $2
Callan25: raises $2 to $4
rao999: folds 
Rysiff: folds 
50CandyJoe: folds 
joaquin612: calls $3
Xenicide: raises $22 to $26
Callan25: folds 
joaquin612: folds 
Uncalled bet ($22) returned to Xenicide
Xenicide collected $12.50 from pot
*** SUMMARY ***
Total pot $12.50 | Rake $0 
Seat 1: 50CandyJoe (small blind) folded before Flop
Seat 2: joaquin612 (big blind) folded before Flop
Seat 3: Xenicide collected ($12.50)
Seat 4: Callan25 folded before Flop
Seat 5: rao999 folded before Flop (didn't bet)
Seat 6: Rysiff (button) folded before Flop (didn't bet)



PokerStars Hand #254240640326:  Hold'em No Limit ($0.50/$1.00 USD) - 2025/01/07 3:46:50 WET [2025/01/06 22:46:50 ET]
Table 'Hersilia II' 6-max Seat #1 is the button
Seat 1: 50CandyJoe ($100 in chips) 
Seat 2: joaquin612 ($133.75 in chips) 
Seat 3: Xenicide ($110 in chips) 
Seat 4: Callan25 ($61.56 in chips) 
Seat 5: rao999 ($101.50 in chips) 
Seat 6: Rysiff ($119.27 in chips) 
joaquin612: posts small blind $0.50
Xenicide: posts big blind $1
*** HOLE CARDS ***
Callan25: raises $2 to $3
rao999: folds 
Rysiff: folds 
50CandyJoe: raises $6 to $9
joaquin612: folds 
Xenicide: folds 
Callan25: raises $14.50 to $23.50
50CandyJoe: folds 
Uncalled bet ($14.50) returned to Callan25
Callan25 collected $19.50 from pot
*** SUMMARY ***
Total pot $19.50 | Rake $0 
Seat 1: 50CandyJoe (button) folded before Flop
Seat 2: joaquin612 (small blind) folded before Flop
Seat 3: Xenicide (big blind) folded before Flop
Seat 4: Callan25 collected ($19.50)
Seat 5: rao999 folded before Flop (didn't bet)
Seat 6: Rysiff folded before Flop (didn't bet)



PokerStars Hand #254240645587:  Hold'em No Limit ($0.50/$1.00 USD) - 2025/01/07 3:47:34 WET [2025/01/06 22:47:34 ET]
Table 'Hersilia II' 6-max Seat #2 is the button
Seat 1: 50CandyJoe ($100 in chips) 
Seat 2: joaquin612 ($133.25 in chips) 
Seat 3: Xenicide ($109 in chips) 
Seat 4: Callan25 ($72.06 in chips) 
Seat 5: rao999 ($101.50 in chips) 
Seat 6: Rysiff ($119.27 in chips) 
Xenicide: posts small blind $0.50
Callan25: posts big blind $1
*** HOLE CARDS ***
rao999: folds 
Rysiff: raises $1.50 to $2.50
50CandyJoe: folds 
joaquin612: folds 
Xenicide: raises $7.50 to $10
Callan25: folds 
Rysiff: raises $14 to $24
Xenicide: calls $14
*** FLOP *** [9h 5d 5c]
Xenicide: checks 
Rysiff: bets $9.31
Xenicide: calls $9.31
*** TURN *** [9h 5d 5c] [3s]
Xenicide: checks 
Rysiff: bets $13.02
Xenicide: calls $13.02
*** RIVER *** [9h 5d 5c 3s] [3d]
Xenicide: checks 
Rysiff: bets $72.94 and is all-in
Xenicide: folds 
Uncalled bet ($72.94) returned to Rysiff
Rysiff collected $91.16 from pot
Rysiff: doesn't show hand 
*** SUMMARY ***
Total pot $93.66 | Rake $2.50 
Board [9h 5d 5c 3s 3d]
Seat 1: 50CandyJoe folded before Flop (didn't bet)
Seat 2: joaquin612 (button) folded before Flop (didn't bet)
Seat 3: Xenicide (small blind) folded on the River
Seat 4: Callan25 (big blind) folded before Flop
Seat 5: rao999 folded before Flop (didn't bet)
Seat 6: Rysiff collected ($91.16)



PokerStars Hand #254240666143:  Hold'em No Limit ($0.50/$1.00 USD) - 2025/01/07 3:50:28 WET [2025/01/06 22:50:28 ET]
Table 'Hersilia II' 6-max Seat #3 is the button
Seat 5: rao999 ($101.50 in chips) is sitting out
Seat 1: 50CandyJoe ($100 in chips) 
Seat 2: joaquin612 ($133.25 in chips) 
Seat 3: Xenicide ($100 in chips) 
Seat 4: Callan25 ($71.06 in chips) 
Seat 6: Rysiff ($164.10 in chips) 
Callan25: posts small blind $0.50
rao999: is sitting out 
Rysiff: posts big blind $1
*** HOLE CARDS ***
50CandyJoe: folds 
joaquin612: folds 
Xenicide: folds 
Callan25: calls $0.50
Rysiff: raises $4 to $5
Callan25: folds 
Uncalled bet ($4) returned to Rysiff
Rysiff collected $2 from pot
Rysiff: doesn't show hand 
*** SUMMARY ***
Total pot $2 | Rake $0 
Seat 5: rao999
Seat 1: 50CandyJoe folded before Flop (didn't bet)
Seat 2: joaquin612 folded before Flop (didn't bet)
Seat 3: Xenicide (button) folded before Flop (didn't bet)
Seat 4: Callan25 (small blind) folded before Flop
Seat 6: Rysiff (big blind) collected ($2)



PokerStars Hand #254240669409:  Hold'em No Limit ($0.50/$1.00 USD) - 2025/01/07 3:50:56 WET [2025/01/06 22:50:56 ET]
Table 'Hersilia II' 6-max Seat #4 is the button
Seat 5: rao999 ($101.50 in chips) is sitting out
Seat 1: 50CandyJoe ($100 in chips) 
Seat 2: joaquin612 ($133.25 in chips) 
Seat 3: Xenicide ($100 in chips) 
Seat 4: Callan25 ($70.06 in chips) 
Seat 6: Rysiff ($165.10 in chips) 
Rysiff: posts small blind $0.50
50CandyJoe: posts big blind $1
*** HOLE CARDS ***
joaquin612: folds 
Xenicide: raises $1.25 to $2.25
Callan25: calls $2.25
Rysiff: folds 
50CandyJoe: calls $1.25
*** FLOP *** [Jd 7c Kc]
50CandyJoe: checks 
rao999 leaves the table
Xenicide: bets $3.45
Callan25: calls $3.45
50CandyJoe: folds 
*** TURN *** [Jd 7c Kc] [3h]
Xenicide: checks 
Callan25: bets $10.72
Xenicide: calls $10.72
*** RIVER *** [Jd 7c Kc 3h] [Js]
Xenicide: checks 
Callan25: bets $53.64 and is all-in
Xenicide: calls $53.64
*** SHOW DOWN ***
Callan25: shows [3c Qc] (two pair, Jacks and Threes)
Xenicide: shows [Ad Ts] (a pair of Jacks)
Callan25 collected $140.37 from pot
*** SUMMARY ***
Total pot $142.87 | Rake $2.50 
Board [Jd 7c Kc 3h Js]
Seat 5: rao999
Seat 1: 50CandyJoe (big blind) folded on the Flop
Seat 2: joaquin612 folded before Flop (didn't bet)
Seat 3: Xenicide showed [Ad Ts] and lost with a pair of Jacks
Seat 4: Callan25 (button) showed [3c Qc] and won ($140.37) with two pair, Jacks and Threes
Seat 6: Rysiff (small blind) folded before Flop



PokerStars Hand #254240681859:  Hold'em No Limit ($0.50/$1.00 USD) - 2025/01/07 3:52:42 WET [2025/01/06 22:52:42 ET]
Table 'Hersilia II' 6-max Seat #6 is the button
Seat 1: 50CandyJoe ($100 in chips) 
Seat 2: joaquin612 ($133.25 in chips) 
Seat 3: Xenicide ($100 in chips) 
Seat 4: Callan25 ($140.37 in chips) 
Seat 6: Rysiff ($164.60 in chips) 
50CandyJoe: posts small blind $0.50
joaquin612: posts big blind $1
*** HOLE CARDS ***
Xenicide: folds 
Callan25: folds 
Rysiff: folds 
50CandyJoe: folds 
Uncalled bet ($0.50) returned to joaquin612
joaquin612 collected $1 from pot
joaquin612: doesn't show hand 
*** SUMMARY ***
Total pot $1 | Rake $0 
Seat 1: 50CandyJoe (small blind) folded before Flop
Seat 2: joaquin612 (big blind) collected ($1)
Seat 3: Xenicide folded before Flop (didn't bet)
Seat 4: Callan25 folded before Flop (didn't bet)
Seat 6: Rysiff (button) folded before Flop (didn't bet)



PokerStars Hand #254240683462:  Hold'em No Limit ($0.50/$1.00 USD) - 2025/01/07 3:52:56 WET [2025/01/06 22:52:56 ET]
Table 'Hersilia II' 6-max Seat #1 is the button
Seat 1: 50CandyJoe ($100 in chips) 
Seat 2: joaquin612 ($133.75 in chips) 
Seat 3: Xenicide ($100 in chips) 
Seat 4: Callan25 ($140.37 in chips) 
Seat 6: Rysiff ($164.60 in chips) 
joaquin612: posts small blind $0.50
Xenicide: posts big blind $1
*** HOLE CARDS ***
Callan25 has timed out
Callan25: folds 
Rysiff: folds 
50CandyJoe: folds 
joaquin612: folds 
Uncalled bet ($0.50) returned to Xenicide
Xenicide collected $1 from pot
Xenicide: doesn't show hand 
*** SUMMARY ***
Total pot $1 | Rake $0 
Seat 1: 50CandyJoe (button) folded before Flop (didn't bet)
Seat 2: joaquin612 (small blind) folded before Flop
Seat 3: Xenicide (big blind) collected ($1)
Seat 4: Callan25 folded before Flop (didn't bet)
Seat 6: Rysiff folded before Flop (didn't bet)



PokerStars Hand #254240687318:  Hold'em No Limit ($0.50/$1.00 USD) - 2025/01/07 3:53:28 WET [2025/01/06 22:53:28 ET]
Table 'Hersilia II' 6-max Seat #2 is the button
Seat 1: 50CandyJoe ($100 in chips) 
Seat 2: joaquin612 ($133.25 in chips) 
Seat 3: Xenicide ($100.50 in chips) 
Seat 4: Callan25 ($140.37 in chips) 
Seat 6: Rysiff ($164.60 in chips) 
Xenicide: posts small blind $0.50
Callan25: posts big blind $1
*** HOLE CARDS ***
Rysiff: folds 
50CandyJoe: raises $1.20 to $2.20
joaquin612: folds 
Xenicide: folds 
Callan25: folds 
Uncalled bet ($1.20) returned to 50CandyJoe
50CandyJoe collected $2.50 from pot
50CandyJoe: doesn't show hand 
*** SUMMARY ***
Total pot $2.50 | Rake $0 
Seat 1: 50CandyJoe collected ($2.50)
Seat 2: joaquin612 (button) folded before Flop (didn't bet)
Seat 3: Xenicide (small blind) folded before Flop
Seat 4: Callan25 (big blind) folded before Flop
Seat 6: Rysiff folded before Flop (didn't bet)



PokerStars Hand #254240688936:  Hold'em No Limit ($0.50/$1.00 USD) - 2025/01/07 3:53:43 WET [2025/01/06 22:53:43 ET]
Table 'Hersilia II' 6-max Seat #3 is the button
Seat 1: 50CandyJoe ($101.50 in chips) 
Seat 2: joaquin612 ($133.25 in chips) 
Seat 3: Xenicide ($100 in chips) 
Seat 4: Callan25 ($139.37 in chips) 
Seat 6: Rysiff ($164.60 in chips) 
Callan25: posts small blind $0.50
Rysiff: posts big blind $1
*** HOLE CARDS ***
50CandyJoe: folds 
joaquin612: folds 
Xenicide: folds 
Callan25: raises $2 to $3
Rysiff: calls $2
*** FLOP *** [4h 3d 2d]
Callan25: checks 
Rysiff: checks 
*** TURN *** [4h 3d 2d] [Ks]
Callan25: checks 
fataleggs13 joins the table at seat #5 
Rysiff: checks 
*** RIVER *** [4h 3d 2d Ks] [7c]
Callan25: checks 
Rysiff: checks 
*** SHOW DOWN ***
Callan25: shows [Qh Ah] (high card Ace)
Rysiff: mucks hand 
Callan25 collected $5.70 from pot
*** SUMMARY ***
Total pot $6 | Rake $0.30 
Board [4h 3d 2d Ks 7c]
Seat 1: 50CandyJoe folded before Flop (didn't bet)
Seat 2: joaquin612 folded before Flop (didn't bet)
Seat 3: Xenicide (button) folded before Flop (didn't bet)
Seat 4: Callan25 (small blind) showed [Qh Ah] and won ($5.70) with high card Ace
Seat 6: Rysiff (big blind) mucked



PokerStars Hand #254240694753:  Hold'em No Limit ($0.50/$1.00 USD) - 2025/01/07 3:54:31 WET [2025/01/06 22:54:31 ET]
Table 'Hersilia II' 6-max Seat #4 is the button
Seat 5: fataleggs13 ($75 in chips) is sitting out
Seat 1: 50CandyJoe ($101.50 in chips) 
Seat 2: joaquin612 ($133.25 in chips) 
Seat 3: Xenicide ($100 in chips) 
Seat 4: Callan25 ($142.07 in chips) 
Seat 6: Rysiff ($161.60 in chips) 
Rysiff: posts small blind $0.50
50CandyJoe: posts big blind $1
*** HOLE CARDS ***
joaquin612: folds 
Xenicide: folds 
Callan25 has timed out
Callan25: folds 
Rysiff: raises $2 to $3
50CandyJoe: calls $2
*** FLOP *** [Qd 7d Th]
joaquin612 leaves the table
fataleggs13 leaves the table
Rysiff: bets $1.88
50CandyJoe: calls $1.88
*** TURN *** [Qd 7d Th] [4c]
Rysiff: bets $7.42
50CandyJoe: folds 
Uncalled bet ($7.42) returned to Rysiff
Rysiff collected $9.27 from pot
Rysiff: doesn't show hand 
*** SUMMARY ***
Total pot $9.76 | Rake $0.49 
Board [Qd 7d Th 4c]
Seat 5: fataleggs13
Seat 1: 50CandyJoe (big blind) folded on the Turn
Seat 2: joaquin612 folded before Flop (didn't bet)
Seat 3: Xenicide folded before Flop (didn't bet)
Seat 4: Callan25 (button) folded before Flop (didn't bet)
Seat 6: Rysiff (small blind) collected ($9.27)



PokerStars Hand #254240702395:  Hold'em No Limit ($0.50/$1.00 USD) - 2025/01/07 3:55:43 WET [2025/01/06 22:55:43 ET]
Table 'Hersilia II' 6-max Seat #6 is the button
Seat 3: Xenicide ($100 in chips) is sitting out
Seat 1: 50CandyJoe ($100 in chips) 
Seat 4: Callan25 ($142.07 in chips) 
Seat 6: Rysiff ($165.99 in chips) 
50CandyJoe: posts small blind $0.50
Xenicide: is sitting out 
Callan25: posts big blind $1
*** HOLE CARDS ***
Rysiff: raises $1.50 to $2.50
Xenicide leaves the table
50CandyJoe: folds 
Callan25: calls $1.50
*** FLOP *** [2c 9d Qc]
Callan25: checks 
Rysiff: bets $2.61
Callan25: calls $2.61
*** TURN *** [2c 9d Qc] [6d]
Callan25: checks 
Rysiff: bets $9
Callan25: calls $9
*** RIVER *** [2c 9d Qc 6d] [6h]
Callan25: bets $27.72
Rysiff: calls $27.72
*** SHOW DOWN ***
Callan25: shows [Ac 8c] (a pair of Sixes)
Rysiff: shows [Ad 8d] (a pair of Sixes)
Callan25 collected $41.58 from pot
Rysiff collected $41.58 from pot
*** SUMMARY ***
Total pot $84.16 | Rake $1 
Board [2c 9d Qc 6d 6h]
Seat 3: Xenicide
Seat 1: 50CandyJoe (small blind) folded before Flop
Seat 4: Callan25 (big blind) showed [Ac 8c] and won ($41.58) with a pair of Sixes
Seat 6: Rysiff (button) showed [Ad 8d] and won ($41.58) with a pair of Sixes



PokerStars Hand #254240707794:  Hold'em No Limit ($0.50/$1.00 USD) - 2025/01/07 3:56:39 WET [2025/01/06 22:56:39 ET]
Table 'Hersilia II' 6-max Seat #1 is the button
Seat 1: 50CandyJoe ($100 in chips) 
Seat 4: Callan25 ($141.82 in chips) 
Seat 6: Rysiff ($165.74 in chips) 
Callan25: posts small blind $0.50
Rysiff: posts big blind $1
*** HOLE CARDS ***
50CandyJoe: folds 
Callan25: raises $2 to $3
Rysiff: folds 
Uncalled bet ($2) returned to Callan25
Callan25 collected $2 from pot
*** SUMMARY ***
Total pot $2 | Rake $0 
Seat 1: 50CandyJoe (button) folded before Flop (didn't bet)
Seat 4: Callan25 (small blind) collected ($2)
Seat 6: Rysiff (big blind) folded before Flop



PokerStars Hand #254240708780:  Hold'em No Limit ($0.50/$1.00 USD) - 2025/01/07 3:56:50 WET [2025/01/06 22:56:50 ET]
Table 'Hersilia II' 6-max Seat #4 is the button
Seat 1: 50CandyJoe ($100 in chips) 
Seat 4: Callan25 ($142.82 in chips) 
Seat 6: Rysiff ($164.74 in chips) 
Rysiff: posts small blind $0.50
50CandyJoe: posts big blind $1
*** HOLE CARDS ***
Callan25 has timed out
Callan25: folds 
Rysiff: folds 
Uncalled bet ($0.50) returned to 50CandyJoe
50CandyJoe collected $1 from pot
50CandyJoe: doesn't show hand 
*** SUMMARY ***
Total pot $1 | Rake $0 
Seat 1: 50CandyJoe (big blind) collected ($1)
Seat 4: Callan25 (button) folded before Flop (didn't bet)
Seat 6: Rysiff (small blind) folded before Flop



PokerStars Hand #254240714658:  Hold'em No Limit ($0.50/$1.00 USD) - 2025/01/07 3:57:53 WET [2025/01/06 22:57:53 ET]
Table 'Hersilia II' 6-max Seat #5 is the button
Seat 4: Callan25 ($142.82 in chips) 
Seat 5: AlwayzGotit ($100 in chips) 
Seat 6: Rysiff ($164.24 in chips) 
Rysiff: posts small blind $0.50
Callan25: posts big blind $1
*** HOLE CARDS ***
AlwayzGotit: raises $1.20 to $2.20
Rysiff: raises $7.80 to $10
Callan25: folds 
Melenya joins the table at seat #1 
AlwayzGotit: calls $7.80
*** FLOP *** [9h 2h Td]
Rysiff: bets $6.60
AlwayzGotit: calls $6.60
*** TURN *** [9h 2h Td] [Ad]
Rysiff: bets $26.56
AlwayzGotit: calls $26.56
*** RIVER *** [9h 2h Td Ad] [Kc]
Rysiff: checks 
AlwayzGotit: bets $56.84 and is all-in
Rysiff: folds 
Uncalled bet ($56.84) returned to AlwayzGotit
AlwayzGotit collected $86.32 from pot
AlwayzGotit: doesn't show hand 
*** SUMMARY ***
Total pot $87.32 | Rake $1 
Board [9h 2h Td Ad Kc]
Seat 4: Callan25 (big blind) folded before Flop
Seat 5: AlwayzGotit (button) collected ($86.32)
Seat 6: Rysiff (small blind) folded on the River



PokerStars Hand #254240721035:  Hold'em No Limit ($0.50/$1.00 USD) - 2025/01/07 3:59:01 WET [2025/01/06 22:59:01 ET]
Table 'Hersilia II' 6-max Seat #6 is the button
Seat 1: Melenya ($100 in chips) is sitting out
Seat 4: Callan25 ($141.82 in chips) 
Seat 5: AlwayzGotit ($143.16 in chips) 
Seat 6: Rysiff ($121.08 in chips) 
Callan25: posts small blind $0.50
AlwayzGotit: posts big blind $1
*** HOLE CARDS ***
Rysiff: folds 
Callan25 has timed out
Callan25: folds 
Uncalled bet ($0.50) returned to AlwayzGotit
AlwayzGotit collected $1 from pot
AlwayzGotit: doesn't show hand 
*** SUMMARY ***
Total pot $1 | Rake $0 
Seat 1: Melenya
Seat 4: Callan25 (small blind) folded before Flop
Seat 5: AlwayzGotit (big blind) collected ($1)
Seat 6: Rysiff (button) folded before Flop (didn't bet)



PokerStars Hand #254240722677:  Hold'em No Limit ($0.50/$1.00 USD) - 2025/01/07 3:59:17 WET [2025/01/06 22:59:17 ET]
Table 'Hersilia II' 6-max Seat #4 is the button
Seat 1: Melenya ($100 in chips) is sitting out
Seat 4: Callan25 ($141.32 in chips) 
Seat 5: AlwayzGotit ($143.66 in chips) 
Seat 6: Rysiff ($121.08 in chips) 
AlwayzGotit: posts small blind $0.50
Rysiff: posts big blind $1
Melenya: sits out 
*** HOLE CARDS ***
Callan25: folds 
AlwayzGotit: folds 
Uncalled bet ($0.50) returned to Rysiff
Rysiff collected $1 from pot
Rysiff: doesn't show hand 
*** SUMMARY ***
Total pot $1 | Rake $0 
Seat 1: Melenya
Seat 4: Callan25 (button) folded before Flop (didn't bet)
Seat 5: AlwayzGotit (small blind) folded before Flop
Seat 6: Rysiff (big blind) collected ($1)



PokerStars Hand #254240723252:  Hold'em No Limit ($0.50/$1.00 USD) - 2025/01/07 3:59:23 WET [2025/01/06 22:59:23 ET]
Table 'Hersilia II' 6-max Seat #5 is the button
Seat 1: Melenya ($100 in chips) 
Seat 4: Callan25 ($141.32 in chips) 
Seat 5: AlwayzGotit ($143.16 in chips) 
Seat 6: Rysiff ($121.58 in chips) 
Rysiff: posts small blind $0.50
Melenya: posts big blind $1
*** HOLE CARDS ***
Callan25: raises $2 to $3
AlwayzGotit: folds 
Rysiff: raises $9 to $12
Melenya: folds 
Callan25: folds 
Uncalled bet ($9) returned to Rysiff
Rysiff collected $7 from pot
Rysiff: doesn't show hand 
*** SUMMARY ***
Total pot $7 | Rake $0 
Seat 1: Melenya (big blind) folded before Flop
Seat 4: Callan25 folded before Flop
Seat 5: AlwayzGotit (button) folded before Flop (didn't bet)
Seat 6: Rysiff (small blind) collected ($7)



PokerStars Hand #254240725679:  Hold'em No Limit ($0.50/$1.00 USD) - 2025/01/07 3:59:49 WET [2025/01/06 22:59:49 ET]
Table 'Hersilia II' 6-max Seat #6 is the button
Seat 1: Melenya ($100 in chips) 
Seat 4: Callan25 ($138.32 in chips) 
Seat 5: AlwayzGotit ($143.16 in chips) 
Seat 6: Rysiff ($125.58 in chips) 
Melenya: posts small blind $0.50
Callan25: posts big blind $1
*** HOLE CARDS ***
AlwayzGotit: folds 
Rysiff: folds 
Melenya has timed out
Melenya: folds 
Uncalled bet ($0.50) returned to Callan25
Callan25 collected $1 from pot
*** SUMMARY ***
Total pot $1 | Rake $0 
Seat 1: Melenya (small blind) folded before Flop
Seat 4: Callan25 (big blind) collected ($1)
Seat 5: AlwayzGotit folded before Flop (didn't bet)
Seat 6: Rysiff (button) folded before Flop (didn't bet)



PokerStars Hand #254240729137:  Hold'em No Limit ($0.50/$1.00 USD) - 2025/01/07 4:00:25 WET [2025/01/06 23:00:25 ET]
Table 'Hersilia II' 6-max Seat #1 is the button
Seat 5: AlwayzGotit ($143.16 in chips) is sitting out
Seat 1: Melenya ($100 in chips) 
Seat 4: Callan25 ($138.82 in chips) 
Seat 6: Rysiff ($125.58 in chips) 
Callan25: posts small blind $0.50
AlwayzGotit: is sitting out 
Rysiff: posts big blind $1
*** HOLE CARDS ***
50CandyJoe joins the table at seat #2 
AlwayzGotit leaves the table
Melenya: raises $1.50 to $2.50
Callan25: folds 
Rysiff: raises $9.50 to $12
Melenya: folds 
Uncalled bet ($9.50) returned to Rysiff
Rysiff collected $5.50 from pot
Rysiff: doesn't show hand 
*** SUMMARY ***
Total pot $5.50 | Rake $0 
Seat 5: AlwayzGotit
Seat 1: Melenya (button) folded before Flop
Seat 4: Callan25 (small blind) folded before Flop
Seat 6: Rysiff (big blind) collected ($5.50)



PokerStars Hand #254240732122:  Hold'em No Limit ($0.50/$1.00 USD) - 2025/01/07 4:00:53 WET [2025/01/06 23:00:53 ET]
Table 'Hersilia II' 6-max Seat #4 is the button
Seat 2: 50CandyJoe ($100.50 in chips) is sitting out
Seat 1: Melenya ($100 in chips) 
Seat 4: Callan25 ($138.32 in chips) 
Seat 6: Rysiff ($128.58 in chips) 
Rysiff: posts small blind $0.50
Melenya: posts big blind $1
50CandyJoe: sits out 
*** HOLE CARDS ***
pmeade1977 joins the table at seat #5 
pmeade1977 is disconnected 
Callan25 has timed out
Callan25: folds 
Rysiff: folds 
Uncalled bet ($0.50) returned to Melenya
Melenya collected $1 from pot
Melenya: doesn't show hand 
*** SUMMARY ***
Total pot $1 | Rake $0 
Seat 2: 50CandyJoe
Seat 1: Melenya (big blind) collected ($1)
Seat 4: Callan25 (button) folded before Flop (didn't bet)
Seat 6: Rysiff (small blind) folded before Flop



PokerStars Hand #254240733934:  Hold'em No Limit ($0.50/$1.00 USD) - 2025/01/07 4:01:09 WET [2025/01/06 23:01:09 ET]
Table 'Hersilia II' 6-max Seat #6 is the button
Seat 1: Melenya ($100.50 in chips) 
Seat 2: 50CandyJoe ($100.50 in chips) 
Seat 4: Callan25 ($138.32 in chips) 
Seat 5: pmeade1977 ($26.23 in chips) 
Seat 6: Rysiff ($128.08 in chips) 
Melenya: posts small blind $0.50
50CandyJoe: posts big blind $1
pmeade1977: posts big blind $1
*** HOLE CARDS ***
Callan25: folds 
pmeade1977: checks 
Rysiff: raises $3 to $4
Melenya: folds 
50CandyJoe: folds 
pmeade1977: folds 
Uncalled bet ($3) returned to Rysiff
Rysiff collected $3.50 from pot
Rysiff: doesn't show hand 
*** SUMMARY ***
Total pot $3.50 | Rake $0 
Seat 1: Melenya (small blind) folded before Flop
Seat 2: 50CandyJoe (big blind) folded before Flop
Seat 4: Callan25 folded before Flop (didn't bet)
Seat 5: pmeade1977 folded before Flop (didn't bet)
Seat 6: Rysiff (button) collected ($3.50)



PokerStars Hand #254240737268:  Hold'em No Limit ($0.50/$1.00 USD) - 2025/01/07 4:01:40 WET [2025/01/06 23:01:40 ET]
Table 'Hersilia II' 6-max Seat #1 is the button
Seat 1: Melenya ($100 in chips) 
Seat 2: 50CandyJoe ($100 in chips) 
Seat 4: Callan25 ($138.32 in chips) 
Seat 5: pmeade1977 ($25.23 in chips) 
Seat 6: Rysiff ($130.58 in chips) 
50CandyJoe: posts small blind $0.50
Callan25: posts big blind $1
*** HOLE CARDS ***
pmeade1977: folds 
Rysiff: folds 
Melenya: raises $1.50 to $2.50
50CandyJoe: folds 
Callan25: calls $1.50
*** FLOP *** [8h 4c 8s]
Callan25: bets $5.22
Melenya: calls $5.22
*** TURN *** [8h 4c 8s] [Tc]
Callan25: bets $7.57
Melenya: raises $7.57 to $15.14
Callan25: calls $7.57
*** RIVER *** [8h 4c 8s Tc] [Qc]
Callan25: checks 
Melenya: checks 
*** SHOW DOWN ***
Callan25: shows [8c 2d] (three of a kind, Eights)
Melenya: mucks hand 
Callan25 collected $43.91 from pot
*** SUMMARY ***
Total pot $46.22 | Rake $2.31 
Board [8h 4c 8s Tc Qc]
Seat 1: Melenya (button) mucked
Seat 2: 50CandyJoe (small blind) folded before Flop
Seat 4: Callan25 (big blind) showed [8c 2d] and won ($43.91) with three of a kind, Eights
Seat 5: pmeade1977 folded before Flop (didn't bet)
Seat 6: Rysiff folded before Flop (didn't bet)



PokerStars Hand #254240745217:  Hold'em No Limit ($0.50/$1.00 USD) - 2025/01/07 4:02:52 WET [2025/01/06 23:02:52 ET]
Table 'Hersilia II' 6-max Seat #2 is the button
Seat 1: Melenya ($100 in chips) 
Seat 2: 50CandyJoe ($100 in chips) 
Seat 4: Callan25 ($159.37 in chips) 
Seat 5: pmeade1977 ($25.23 in chips) 
Seat 6: Rysiff ($130.58 in chips) 
Callan25: posts small blind $0.50
pmeade1977: posts big blind $1
*** HOLE CARDS ***
Rysiff: folds 
Melenya: folds 
50CandyJoe: folds 
Callan25: calls $0.50
pmeade1977: checks 
*** FLOP *** [3h Ts 9s]
Callan25: checks 
pmeade1977: bets $1
Callan25: calls $1
*** TURN *** [3h Ts 9s] [Jh]
Callan25: checks 
pmeade1977: checks 
*** RIVER *** [3h Ts 9s Jh] [7d]
Callan25: checks 
pmeade1977: checks 
*** SHOW DOWN ***
Callan25: shows [9h 4h] (a pair of Nines)
pmeade1977: shows [7c 9d] (two pair, Nines and Sevens)
pmeade1977 collected $3.80 from pot
*** SUMMARY ***
Total pot $4 | Rake $0.20 
Board [3h Ts 9s Jh 7d]
Seat 1: Melenya folded before Flop (didn't bet)
Seat 2: 50CandyJoe (button) folded before Flop (didn't bet)
Seat 4: Callan25 (small blind) showed [9h 4h] and lost with a pair of Nines
Seat 5: pmeade1977 (big blind) showed [7c 9d] and won ($3.80) with two pair, Nines and Sevens
Seat 6: Rysiff folded before Flop (didn't bet)



PokerStars Hand #254240748613:  Hold'em No Limit ($0.50/$1.00 USD) - 2025/01/07 4:03:23 WET [2025/01/06 23:03:23 ET]
Table 'Hersilia II' 6-max Seat #4 is the button
Seat 1: Melenya ($100 in chips) 
Seat 2: 50CandyJoe ($100 in chips) 
Seat 4: Callan25 ($157.37 in chips) 
Seat 5: pmeade1977 ($27.03 in chips) 
Seat 6: Rysiff ($130.58 in chips) 
pmeade1977: posts small blind $0.50
Rysiff: posts big blind $1
*** HOLE CARDS ***
Melenya: folds 
50CandyJoe: raises $1.20 to $2.20
Callan25: calls $2.20
pmeade1977: folds 
Rysiff: calls $1.20
*** FLOP *** [Qs 4d 8h]
Rysiff: checks 
50CandyJoe: checks 
Callan25: checks 
*** TURN *** [Qs 4d 8h] [Kc]
Rysiff: checks 
50CandyJoe: checks 
Callan25: checks 
*** RIVER *** [Qs 4d 8h Kc] [6s]
Rysiff: bets $1.35
50CandyJoe: folds 
Callan25: folds 
Uncalled bet ($1.35) returned to Rysiff
Rysiff collected $6.74 from pot
Rysiff: doesn't show hand 
*** SUMMARY ***
Total pot $7.10 | Rake $0.36 
Board [Qs 4d 8h Kc 6s]
Seat 1: Melenya folded before Flop (didn't bet)
Seat 2: 50CandyJoe folded on the River
Seat 4: Callan25 (button) folded on the River
Seat 5: pmeade1977 (small blind) folded before Flop
Seat 6: Rysiff (big blind) collected ($6.74)



PokerStars Hand #254240757418:  Hold'em No Limit ($0.50/$1.00 USD) - 2025/01/07 4:04:42 WET [2025/01/06 23:04:42 ET]
Table 'Hersilia II' 6-max Seat #5 is the button
Seat 1: Melenya ($100 in chips) 
Seat 2: 50CandyJoe ($100 in chips) 
Seat 4: Callan25 ($155.17 in chips) 
Seat 5: pmeade1977 ($26.53 in chips) 
Seat 6: Rysiff ($135.12 in chips) 
Rysiff: posts small blind $0.50
Melenya: posts big blind $1
*** HOLE CARDS ***
50CandyJoe: folds 
Callan25: raises $2 to $3
pmeade1977: folds 
Rysiff: folds 
Melenya: folds 
Uncalled bet ($2) returned to Callan25
Callan25 collected $2.50 from pot
*** SUMMARY ***
Total pot $2.50 | Rake $0 
Seat 1: Melenya (big blind) folded before Flop
Seat 2: 50CandyJoe folded before Flop (didn't bet)
Seat 4: Callan25 collected ($2.50)
Seat 5: pmeade1977 (button) folded before Flop (didn't bet)
Seat 6: Rysiff (small blind) folded before Flop



PokerStars Hand #254240759642:  Hold'em No Limit ($0.50/$1.00 USD) - 2025/01/07 4:05:02 WET [2025/01/06 23:05:02 ET]
Table 'Hersilia II' 6-max Seat #6 is the button
Seat 1: Melenya ($100 in chips) 
Seat 2: 50CandyJoe ($100 in chips) 
Seat 4: Callan25 ($156.67 in chips) 
Seat 5: pmeade1977 ($26.53 in chips) 
Seat 6: Rysiff ($134.62 in chips) 
Melenya: posts small blind $0.50
50CandyJoe: posts big blind $1
*** HOLE CARDS ***
Callan25: raises $2 to $3
pmeade1977: folds 
Rysiff: folds 
Melenya: folds 
50CandyJoe: calls $2
*** FLOP *** [Js 7d 9d]
50CandyJoe: checks 
Callan25: bets $3
50CandyJoe: folds 
Uncalled bet ($3) returned to Callan25
Callan25 collected $6.18 from pot
*** SUMMARY ***
Total pot $6.50 | Rake $0.32 
Board [Js 7d 9d]
Seat 1: Melenya (small blind) folded before Flop
Seat 2: 50CandyJoe (big blind) folded on the Flop
Seat 4: Callan25 collected ($6.18)
Seat 5: pmeade1977 folded before Flop (didn't bet)
Seat 6: Rysiff (button) folded before Flop (didn't bet)



PokerStars Hand #254240762181:  Hold'em No Limit ($0.50/$1.00 USD) - 2025/01/07 4:05:25 WET [2025/01/06 23:05:25 ET]
Table 'Hersilia II' 6-max Seat #1 is the button
Seat 1: Melenya ($100 in chips) 
Seat 2: 50CandyJoe ($100 in chips) 
Seat 4: Callan25 ($159.85 in chips) 
Seat 5: pmeade1977 ($26.53 in chips) 
Seat 6: Rysiff ($134.62 in chips) 
50CandyJoe: posts small blind $0.50
Callan25: posts big blind $1
*** HOLE CARDS ***
pmeade1977: raises $25.53 to $26.53 and is all-in
Rysiff: folds 
Melenya: folds 
50CandyJoe: folds 
Callan25: calls $25.53
*** FLOP *** [9h 2c Jh]
*** TURN *** [9h 2c Jh] [5d]
*** RIVER *** [9h 2c Jh 5d] [Qh]
*** SHOW DOWN ***
Callan25: shows [5h Kh] (a flush, King high)
pmeade1977: shows [8c 8s] (a pair of Eights)
Callan25 collected $51.06 from pot
*** SUMMARY ***
Total pot $53.56 | Rake $2.50 
Board [9h 2c Jh 5d Qh]
Seat 1: Melenya (button) folded before Flop (didn't bet)
Seat 2: 50CandyJoe (small blind) folded before Flop
Seat 4: Callan25 (big blind) showed [5h Kh] and won ($51.06) with a flush, King high
Seat 5: pmeade1977 showed [8c 8s] and lost with a pair of Eights
Seat 6: Rysiff folded before Flop (didn't bet)



PokerStars Hand #254240766096:  Hold'em No Limit ($0.50/$1.00 USD) - 2025/01/07 4:06:02 WET [2025/01/06 23:06:02 ET]
Table 'Hersilia II' 6-max Seat #2 is the button
Seat 5: pmeade1977 ($0 in chips) is sitting out
Seat 1: Melenya ($100 in chips) 
Seat 2: 50CandyJoe ($100 in chips) 
Seat 4: Callan25 ($184.38 in chips) 
Seat 6: Rysiff ($134.62 in chips) 
Callan25: posts small blind $0.50
Rysiff: posts big blind $1
*** HOLE CARDS ***
Melenya: folds 
50CandyJoe: raises $1.50 to $2.50
Callan25: calls $2
Rysiff: raises $12.50 to $15
50CandyJoe: folds 
Callan25: folds 
Uncalled bet ($12.50) returned to Rysiff
Rysiff collected $7.50 from pot
Rysiff: doesn't show hand 
*** SUMMARY ***
Total pot $7.50 | Rake $0 
Seat 5: pmeade1977
Seat 1: Melenya folded before Flop (didn't bet)
Seat 2: 50CandyJoe (button) folded before Flop
Seat 4: Callan25 (small blind) folded before Flop
Seat 6: Rysiff (big blind) collected ($7.50)



PokerStars Hand #254240769335:  Hold'em No Limit ($0.50/$1.00 USD) - 2025/01/07 4:06:31 WET [2025/01/06 23:06:31 ET]
Table 'Hersilia II' 6-max Seat #4 is the button
Seat 5: pmeade1977 ($0 in chips) is sitting out
Seat 1: Melenya ($100 in chips) 
Seat 2: 50CandyJoe ($100 in chips) 
Seat 4: Callan25 ($181.88 in chips) 
Seat 6: Rysiff ($139.62 in chips) 
Rysiff: posts small blind $0.50
Melenya: posts big blind $1
*** HOLE CARDS ***
50CandyJoe: folds 
Callan25: folds 
Rysiff: folds 
Uncalled bet ($0.50) returned to Melenya
Melenya collected $1 from pot
Melenya: doesn't show hand 
*** SUMMARY ***
Total pot $1 | Rake $0 
Seat 5: pmeade1977
Seat 1: Melenya (big blind) collected ($1)
Seat 2: 50CandyJoe folded before Flop (didn't bet)
Seat 4: Callan25 (button) folded before Flop (didn't bet)
Seat 6: Rysiff (small blind) folded before Flop



PokerStars Hand #254240770473:  Hold'em No Limit ($0.50/$1.00 USD) - 2025/01/07 4:06:42 WET [2025/01/06 23:06:42 ET]
Table 'Hersilia II' 6-max Seat #6 is the button
Seat 5: pmeade1977 ($0 in chips) is sitting out
Seat 1: Melenya ($100.50 in chips) 
Seat 2: 50CandyJoe ($100 in chips) 
Seat 4: Callan25 ($181.88 in chips) 
Seat 6: Rysiff ($139.12 in chips) 
Melenya: posts small blind $0.50
50CandyJoe: posts big blind $1
*** HOLE CARDS ***
Callan25: raises $2 to $3
Rysiff: folds 
Melenya: folds 
50CandyJoe: calls $2
*** FLOP *** [6h Jh Qd]
pmeade1977 is disconnected 
50CandyJoe: checks 
Callan25: bets $3
50CandyJoe: folds 
Uncalled bet ($3) returned to Callan25
Callan25 collected $6.18 from pot
*** SUMMARY ***
Total pot $6.50 | Rake $0.32 
Board [6h Jh Qd]
Seat 5: pmeade1977
Seat 1: Melenya (small blind) folded before Flop
Seat 2: 50CandyJoe (big blind) folded on the Flop
Seat 4: Callan25 collected ($6.18)
Seat 6: Rysiff (button) folded before Flop (didn't bet)



PokerStars Hand #254240773408:  Hold'em No Limit ($0.50/$1.00 USD) - 2025/01/07 4:07:08 WET [2025/01/06 23:07:08 ET]
Table 'Hersilia II' 6-max Seat #1 is the button
Seat 5: pmeade1977 ($0 in chips) is sitting out
Seat 1: Melenya ($100 in chips) 
Seat 2: 50CandyJoe ($100 in chips) 
Seat 4: Callan25 ($185.06 in chips) 
Seat 6: Rysiff ($139.12 in chips) 
50CandyJoe: posts small blind $0.50
Callan25: posts big blind $1
*** HOLE CARDS ***
Rysiff: folds 
Melenya: folds 
50CandyJoe: folds 
Uncalled bet ($0.50) returned to Callan25
Callan25 collected $1 from pot
*** SUMMARY ***
Total pot $1 | Rake $0 
Seat 5: pmeade1977
Seat 1: Melenya (button) folded before Flop (didn't bet)
Seat 2: 50CandyJoe (small blind) folded before Flop
Seat 4: Callan25 (big blind) collected ($1)
Seat 6: Rysiff folded before Flop (didn't bet)



PokerStars Hand #254240774915:  Hold'em No Limit ($0.50/$1.00 USD) - 2025/01/07 4:07:22 WET [2025/01/06 23:07:22 ET]
Table 'Hersilia II' 6-max Seat #2 is the button
Seat 5: pmeade1977 ($0 in chips) is sitting out
Seat 1: Melenya ($100 in chips) 
Seat 2: 50CandyJoe ($100 in chips) 
Seat 4: Callan25 ($185.56 in chips) 
Seat 6: Rysiff ($139.12 in chips) 
Callan25: posts small blind $0.50
Rysiff: posts big blind $1
*** HOLE CARDS ***
mendy1977 joins the table at seat #3 
mendy1977 is disconnected 
Melenya: raises $1.30 to $2.30
50CandyJoe: calls $2.30
Callan25: calls $1.80
Rysiff: folds 
*** FLOP *** [9h Qs 2d]
Callan25: checks 
Melenya: checks 
50CandyJoe: checks 
*** TURN *** [9h Qs 2d] [Ah]
Callan25: checks 
Melenya: bets $5.63
50CandyJoe: calls $5.63
Callan25: folds 
*** RIVER *** [9h Qs 2d Ah] [Jd]
Melenya: bets $13.65
50CandyJoe: folds 
Uncalled bet ($13.65) returned to Melenya
Melenya collected $18.20 from pot
Melenya: doesn't show hand 
*** SUMMARY ***
Total pot $19.16 | Rake $0.96 
Board [9h Qs 2d Ah Jd]
Seat 5: pmeade1977
Seat 1: Melenya collected ($18.20)
Seat 2: 50CandyJoe (button) folded on the River
Seat 4: Callan25 (small blind) folded on the Turn
Seat 6: Rysiff (big blind) folded before Flop



PokerStars Hand #254240784587:  Hold'em No Limit ($0.50/$1.00 USD) - 2025/01/07 4:08:51 WET [2025/01/06 23:08:51 ET]
Table 'Hersilia II' 6-max Seat #4 is the button
Seat 5: pmeade1977 ($0 in chips) is sitting out
Seat 1: Melenya ($110.27 in chips) 
Seat 2: 50CandyJoe ($100 in chips) 
Seat 3: mendy1977 ($13.50 in chips) 
Seat 4: Callan25 ($183.26 in chips) 
Seat 6: Rysiff ($138.12 in chips) 
Rysiff: posts small blind $0.50
Melenya: posts big blind $1
mendy1977: posts big blind $1
*** HOLE CARDS ***
50CandyJoe: folds 
mendy1977: raises $1 to $2
Callan25: raises $1 to $3
Rysiff: folds 
Melenya: folds 
mendy1977: raises $1 to $4
Callan25: calls $1
*** FLOP *** [Kh Qd 3s]
mendy1977: bets $4.51
Callan25: folds 
Uncalled bet ($4.51) returned to mendy1977
mendy1977 collected $9.02 from pot
*** SUMMARY ***
Total pot $9.50 | Rake $0.48 
Board [Kh Qd 3s]
Seat 5: pmeade1977
Seat 1: Melenya (big blind) folded before Flop
Seat 2: 50CandyJoe folded before Flop (didn't bet)
Seat 3: mendy1977 collected ($9.02)
Seat 4: Callan25 (button) folded on the Flop
Seat 6: Rysiff (small blind) folded before Flop



PokerStars Hand #254240788078:  Hold'em No Limit ($0.50/$1.00 USD) - 2025/01/07 4:09:24 WET [2025/01/06 23:09:24 ET]
Table 'Hersilia II' 6-max Seat #6 is the button
Seat 5: pmeade1977 ($0 in chips) is sitting out
Seat 1: Melenya ($109.27 in chips) 
Seat 2: 50CandyJoe ($100 in chips) 
Seat 3: mendy1977 ($18.52 in chips) 
Seat 4: Callan25 ($179.26 in chips) 
Seat 6: Rysiff ($137.62 in chips) 
Melenya: posts small blind $0.50
50CandyJoe: posts big blind $1
*** HOLE CARDS ***
mendy1977: folds 
Callan25: folds 
Rysiff: folds 
Melenya: folds 
Uncalled bet ($0.50) returned to 50CandyJoe
50CandyJoe collected $1 from pot
50CandyJoe: doesn't show hand 
*** SUMMARY ***
Total pot $1 | Rake $0 
Seat 5: pmeade1977
Seat 1: Melenya (small blind) folded before Flop
Seat 2: 50CandyJoe (big blind) collected ($1)
Seat 3: mendy1977 folded before Flop (didn't bet)
Seat 4: Callan25 folded before Flop (didn't bet)
Seat 6: Rysiff (button) folded before Flop (didn't bet)



PokerStars Hand #254240790019:  Hold'em No Limit ($0.50/$1.00 USD) - 2025/01/07 4:09:42 WET [2025/01/06 23:09:42 ET]
Table 'Hersilia II' 6-max Seat #1 is the button
Seat 5: pmeade1977 ($0 in chips) is sitting out
Seat 1: Melenya ($108.77 in chips) 
Seat 2: 50CandyJoe ($100.50 in chips) 
Seat 3: mendy1977 ($18.52 in chips) 
Seat 4: Callan25 ($179.26 in chips) 
Seat 6: Rysiff ($137.62 in chips) 
50CandyJoe: posts small blind $0.50
mendy1977: posts big blind $1
*** HOLE CARDS ***
Callan25: raises $2 to $3
Rysiff: raises $6 to $9
Melenya: folds 
50CandyJoe: folds 
mendy1977: folds 
Callan25: calls $6
*** FLOP *** [Jc Tc 9c]
Callan25: checks 
Rysiff: checks 
*** TURN *** [Jc Tc 9c] [8d]
Callan25: bets $6
Rysiff: raises $24.42 to $30.42
Callan25: raises $139.84 to $170.26 and is all-in
Rysiff: calls $98.20 and is all-in
Uncalled bet ($41.64) returned to Callan25
*** RIVER *** [Jc Tc 9c 8d] [Th]
*** SHOW DOWN ***
Callan25: shows [Qd Ac] (a straight, Eight to Queen)
Rysiff: shows [Qs Ks] (a straight, Nine to King)
Rysiff collected $274.24 from pot
*** SUMMARY ***
Total pot $276.74 | Rake $2.50 
Board [Jc Tc 9c 8d Th]
Seat 5: pmeade1977
Seat 1: Melenya (button) folded before Flop (didn't bet)
Seat 2: 50CandyJoe (small blind) folded before Flop
Seat 3: mendy1977 (big blind) folded before Flop
Seat 4: Callan25 showed [Qd Ac] and lost with a straight, Eight to Queen
Seat 6: Rysiff showed [Qs Ks] and won ($274.24) with a straight, Nine to King



PokerStars Hand #254240797747:  Hold'em No Limit ($0.50/$1.00 USD) - 2025/01/07 4:10:54 WET [2025/01/06 23:10:54 ET]
Table 'Hersilia II' 6-max Seat #2 is the button
Seat 5: pmeade1977 ($0 in chips) is sitting out
Seat 1: Melenya ($108.77 in chips) 
Seat 2: 50CandyJoe ($100 in chips) 
Seat 3: mendy1977 ($17.52 in chips) 
Seat 4: Callan25 ($41.64 in chips) 
Seat 6: Rysiff ($274.24 in chips) 
mendy1977: posts small blind $0.50
Callan25: posts big blind $1
*** HOLE CARDS ***
Rysiff: folds 
Melenya: raises $1.30 to $2.30
50CandyJoe: calls $2.30
mendy1977: raises $1.30 to $3.60
Callan25: raises $13.80 to $17.40
Melenya: folds 
50CandyJoe: raises $82.60 to $100 and is all-in
mendy1977: calls $13.92 and is all-in
Callan25: folds 
Uncalled bet ($82.48) returned to 50CandyJoe
*** FLOP *** [2h 6s 7d]
*** TURN *** [2h 6s 7d] [Kh]
*** RIVER *** [2h 6s 7d Kh] [5d]
*** SHOW DOWN ***
mendy1977: shows [Ac Qc] (high card Ace)
50CandyJoe: shows [As Jh] (high card Ace - lower kicker)
mendy1977 collected $52.24 from pot
*** SUMMARY ***
Total pot $54.74 | Rake $2.50 
Board [2h 6s 7d Kh 5d]
Seat 5: pmeade1977
Seat 1: Melenya folded before Flop
Seat 2: 50CandyJoe (button) showed [As Jh] and lost with high card Ace
Seat 3: mendy1977 (small blind) showed [Ac Qc] and won ($52.24) with high card Ace
Seat 4: Callan25 (big blind) folded before Flop
Seat 6: Rysiff folded before Flop (didn't bet)



PokerStars Hand #254240804201:  Hold'em No Limit ($0.50/$1.00 USD) - 2025/01/07 4:11:56 WET [2025/01/06 23:11:56 ET]
Table 'Hersilia II' 6-max Seat #3 is the button
Seat 5: pmeade1977 ($0 in chips) is sitting out
Seat 1: Melenya ($106.47 in chips) 
Seat 2: 50CandyJoe ($100 in chips) 
Seat 3: mendy1977 ($52.24 in chips) 
Seat 4: Callan25 ($24.24 in chips) 
Seat 6: Rysiff ($274.24 in chips) 
Callan25: posts small blind $0.50
Rysiff: posts big blind $1
*** HOLE CARDS ***
Melenya: folds 
50CandyJoe: raises $1.20 to $2.20
mendy1977: calls $2.20
Callan25: raises $7.60 to $9.80
Rysiff: folds 
50CandyJoe: raises $90.20 to $100 and is all-in
mendy1977: folds 
Callan25: calls $14.44 and is all-in
Uncalled bet ($75.76) returned to 50CandyJoe
*** FLOP *** [Tc 6s 8c]
*** TURN *** [Tc 6s 8c] [7d]
*** RIVER *** [Tc 6s 8c 7d] [9s]
*** SHOW DOWN ***
Callan25: shows [2d Jh] (a straight, Seven to Jack)
50CandyJoe: shows [7s Ks] (a straight, Six to Ten)
Callan25 collected $49.18 from pot
*** SUMMARY ***
Total pot $51.68 | Rake $2.50 
Board [Tc 6s 8c 7d 9s]
Seat 5: pmeade1977
Seat 1: Melenya folded before Flop (didn't bet)
Seat 2: 50CandyJoe showed [7s Ks] and lost with a straight, Six to Ten
Seat 3: mendy1977 (button) folded before Flop
Seat 4: Callan25 (small blind) showed [2d Jh] and won ($49.18) with a straight, Seven to Jack
Seat 6: Rysiff (big blind) folded before Flop



PokerStars Hand #254240808716:  Hold'em No Limit ($0.50/$1.00 USD) - 2025/01/07 4:12:39 WET [2025/01/06 23:12:39 ET]
Table 'Hersilia II' 6-max Seat #4 is the button
Seat 5: pmeade1977 ($0 in chips) is sitting out
Seat 1: Melenya ($106.47 in chips) 
Seat 2: 50CandyJoe ($100 in chips) 
Seat 3: mendy1977 ($50.04 in chips) 
Seat 4: Callan25 ($49.18 in chips) 
Seat 6: Rysiff ($273.24 in chips) 
Rysiff: posts small blind $0.50
Melenya: posts big blind $1
*** HOLE CARDS ***
50CandyJoe: raises $1.20 to $2.20
mendy1977: calls $2.20
Callan25: folds 
Rysiff: folds 
Melenya: folds 
*** FLOP *** [5c Td Qc]
50CandyJoe: checks 
mendy1977: bets $5
50CandyJoe: folds 
Uncalled bet ($5) returned to mendy1977
mendy1977 collected $5.60 from pot
*** SUMMARY ***
Total pot $5.90 | Rake $0.30 
Board [5c Td Qc]
Seat 5: pmeade1977
Seat 1: Melenya (big blind) folded before Flop
Seat 2: 50CandyJoe folded on the Flop
Seat 3: mendy1977 collected ($5.60)
Seat 4: Callan25 (button) folded before Flop (didn't bet)
Seat 6: Rysiff (small blind) folded before Flop



PokerStars Hand #254240818610:  Hold'em No Limit ($0.50/$1.00 USD) - 2025/01/07 4:14:12 WET [2025/01/06 23:14:12 ET]
Table 'Hersilia II' 6-max Seat #1 is the button
Seat 5: pmeade1977 ($0 in chips) is sitting out
Seat 1: Melenya ($104.97 in chips) 
Seat 2: 50CandyJoe ($104.27 in chips) 
Seat 3: mendy1977 ($53.44 in chips) 
Seat 4: Callan25 ($49.18 in chips) 
Seat 6: Rysiff ($268.52 in chips) 
50CandyJoe: posts small blind $0.50
mendy1977: posts big blind $1
*** HOLE CARDS ***
Callan25: raises $2 to $3
Rysiff: folds 
Melenya: folds 
50CandyJoe: folds 
mendy1977: calls $2
*** FLOP *** [Ts Qs 6h]
mendy1977: checks 
Callan25: bets $4.09
mendy1977: calls $4.09
*** TURN *** [Ts Qs 6h] [6c]
mendy1977: checks 
Callan25: bets $12.95
mendy1977: calls $12.95
*** RIVER *** [Ts Qs 6h 6c] [2h]
mendy1977: bets $19.28
Callan25: folds 
Uncalled bet ($19.28) returned to mendy1977
mendy1977 collected $38.55 from pot
*** SUMMARY ***
Total pot $40.58 | Rake $2.03 
Board [Ts Qs 6h 6c 2h]
Seat 5: pmeade1977
Seat 1: Melenya (button) folded before Flop (didn't bet)
Seat 2: 50CandyJoe (small blind) folded before Flop
Seat 3: mendy1977 (big blind) collected ($38.55)
Seat 4: Callan25 folded on the River
Seat 6: Rysiff folded before Flop (didn't bet)



PokerStars Hand #254240826593:  Hold'em No Limit ($0.50/$1.00 USD) - 2025/01/07 4:15:28 WET [2025/01/06 23:15:28 ET]
Table 'Hersilia II' 6-max Seat #2 is the button
Seat 5: pmeade1977 ($0 in chips) is sitting out
Seat 1: Melenya ($104.97 in chips) 
Seat 2: 50CandyJoe ($103.77 in chips) 
Seat 3: mendy1977 ($71.95 in chips) 
Seat 4: Callan25 ($29.14 in chips) 
Seat 6: Rysiff ($268.52 in chips) 
mendy1977: posts small blind $0.50
Callan25: posts big blind $1
*** HOLE CARDS ***
Rysiff: folds 
Melenya: folds 
50CandyJoe: raises $1.50 to $2.50
mendy1977: folds 
Callan25: raises $5.50 to $8
50CandyJoe: folds 
Uncalled bet ($5.50) returned to Callan25
Callan25 collected $5.50 from pot
*** SUMMARY ***
Total pot $5.50 | Rake $0 
Seat 5: pmeade1977
Seat 1: Melenya folded before Flop (didn't bet)
Seat 2: 50CandyJoe (button) folded before Flop
Seat 3: mendy1977 (small blind) folded before Flop
Seat 4: Callan25 (big blind) collected ($5.50)
Seat 6: Rysiff folded before Flop (didn't bet)



PokerStars Hand #254240828380:  Hold'em No Limit ($0.50/$1.00 USD) - 2025/01/07 4:15:45 WET [2025/01/06 23:15:45 ET]
Table 'Hersilia II' 6-max Seat #3 is the button
Seat 5: pmeade1977 ($0 in chips) is sitting out
Seat 1: Melenya ($104.97 in chips) 
Seat 2: 50CandyJoe ($101.27 in chips) 
Seat 3: mendy1977 ($71.45 in chips) 
Seat 4: Callan25 ($32.14 in chips) 
Seat 6: Rysiff ($268.52 in chips) 
Callan25: posts small blind $0.50
Rysiff: posts big blind $1
*** HOLE CARDS ***
Melenya: raises $1 to $2
50CandyJoe: folds 
mendy1977: folds 
Callan25: folds 
Rysiff: calls $1
*** FLOP *** [Ks 3c Kh]
Rysiff: checks 
Melenya: bets $1.43
Rysiff: raises $3.57 to $5
Melenya: raises $7.14 to $12.14
Rysiff: calls $7.14
*** TURN *** [Ks 3c Kh] [9h]
Rysiff: checks 
Melenya: bets $27.34
pmeade1977 leaves the table
Rysiff: calls $27.34
*** RIVER *** [Ks 3c Kh 9h] [6d]
Rysiff: checks 
abramovich87 joins the table at seat #5 
Melenya: bets $63.49 and is all-in
Rysiff: calls $63.49
*** SHOW DOWN ***
Melenya: shows [3s As] (two pair, Kings and Threes)
Rysiff: shows [9c Kc] (a full house, Kings full of Nines)
Rysiff collected $207.94 from pot
*** SUMMARY ***
Total pot $210.44 | Rake $2.50 
Board [Ks 3c Kh 9h 6d]
Seat 5: pmeade1977
Seat 1: Melenya showed [3s As] and lost with two pair, Kings and Threes
Seat 2: 50CandyJoe folded before Flop (didn't bet)
Seat 3: mendy1977 (button) folded before Flop (didn't bet)
Seat 4: Callan25 (small blind) folded before Flop
Seat 6: Rysiff (big blind) showed [9c Kc] and won ($207.94) with a full house, Kings full of Nines



PokerStars Hand #254240837304:  Hold'em No Limit ($0.50/$1.00 USD) - 2025/01/07 4:17:10 WET [2025/01/06 23:17:10 ET]
Table 'Hersilia II' 6-max Seat #4 is the button
Seat 5: abramovich87 ($100 in chips) is sitting out
Seat 1: Melenya ($100 in chips) 
Seat 2: 50CandyJoe ($101.27 in chips) 
Seat 3: mendy1977 ($71.45 in chips) 
Seat 4: Callan25 ($31.64 in chips) 
Seat 6: Rysiff ($371.49 in chips) 
Rysiff: posts small blind $0.50
Melenya: posts big blind $1
*** HOLE CARDS ***
50CandyJoe: raises $1.20 to $2.20
mendy1977: folds 
Callan25: calls $2.20
Rysiff: folds 
Melenya: folds 
*** FLOP *** [Jd Th 2c]
50CandyJoe: checks 
Callan25: bets $3.60
50CandyJoe: calls $3.60
*** TURN *** [Jd Th 2c] [Kc]
50CandyJoe: checks 
Callan25: bets $5.22
50CandyJoe: raises $90.25 to $95.47 and is all-in
Callan25: calls $20.62 and is all-in
Uncalled bet ($69.63) returned to 50CandyJoe
Callan25 has timed out
*** RIVER *** [Jd Th 2c Kc] [4d]
*** SHOW DOWN ***
50CandyJoe: shows [Ac 9s] (high card Ace)
Callan25: shows [9h Qc] (a straight, Nine to King)
Callan25 collected $62.28 from pot
*** SUMMARY ***
Total pot $64.78 | Rake $2.50 
Board [Jd Th 2c Kc 4d]
Seat 5: abramovich87
Seat 1: Melenya (big blind) folded before Flop
Seat 2: 50CandyJoe showed [Ac 9s] and lost with high card Ace
Seat 3: mendy1977 folded before Flop (didn't bet)
Seat 4: Callan25 (button) showed [9h Qc] and won ($62.28) with a straight, Nine to King
Seat 6: Rysiff (small blind) folded before Flop



PokerStars Hand #254240843733:  Hold'em No Limit ($0.50/$1.00 USD) - 2025/01/07 4:18:10 WET [2025/01/06 23:18:10 ET]
Table 'Hersilia II' 6-max Seat #6 is the button
Seat 5: abramovich87 ($100 in chips) is sitting out
Seat 1: Melenya ($100 in chips) 
Seat 2: 50CandyJoe ($100 in chips) 
Seat 3: mendy1977 ($71.45 in chips) 
Seat 4: Callan25 ($62.28 in chips) 
Seat 6: Rysiff ($370.99 in chips) 
Melenya: posts small blind $0.50
50CandyJoe: posts big blind $1
abramovich87: sits out 
*** HOLE CARDS ***
mendy1977: folds 
Callan25: raises $2 to $3
Rysiff: folds 
Melenya: folds 
50CandyJoe: calls $2
*** FLOP *** [Ah 4h 7h]
50CandyJoe: checks 
Callan25: bets $4
50CandyJoe: calls $4
*** TURN *** [Ah 4h 7h] [8d]
50CandyJoe: checks 
Callan25: bets $6
50CandyJoe: calls $6
*** RIVER *** [Ah 4h 7h 8d] [Qh]
50CandyJoe: checks 
Callan25: bets $49.28 and is all-in
50CandyJoe: calls $49.28
*** SHOW DOWN ***
Callan25: shows [Ac Kh] (a flush, Ace high)
50CandyJoe: shows [8h 9s] (a flush, Ace high - lower cards)
Callan25 collected $122.56 from pot
*** SUMMARY ***
Total pot $125.06 | Rake $2.50 
Board [Ah 4h 7h 8d Qh]
Seat 5: abramovich87
Seat 1: Melenya (small blind) folded before Flop
Seat 2: 50CandyJoe (big blind) showed [8h 9s] and lost with a flush, Ace high
Seat 3: mendy1977 folded before Flop (didn't bet)
Seat 4: Callan25 showed [Ac Kh] and won ($122.56) with a flush, Ace high
Seat 6: Rysiff (button) folded before Flop (didn't bet)



PokerStars Hand #254240848576:  Hold'em No Limit ($0.50/$1.00 USD) - 2025/01/07 4:18:56 WET [2025/01/06 23:18:56 ET]
Table 'Hersilia II' 6-max Seat #1 is the button
Seat 5: abramovich87 ($100 in chips) is sitting out
Seat 1: Melenya ($100 in chips) 
Seat 2: 50CandyJoe ($100 in chips) 
Seat 3: mendy1977 ($71.45 in chips) 
Seat 4: Callan25 ($122.56 in chips) 
Seat 6: Rysiff ($370.99 in chips) 
50CandyJoe: posts small blind $0.50
mendy1977: posts big blind $1
abramovich87: sits out 
*** HOLE CARDS ***
Callan25: folds 
Rysiff: folds 
Melenya: raises $1.50 to $2.50
50CandyJoe: raises $7.50 to $10
mendy1977: folds 
Melenya: folds 
Uncalled bet ($7.50) returned to 50CandyJoe
50CandyJoe collected $6 from pot
50CandyJoe: doesn't show hand 
*** SUMMARY ***
Total pot $6 | Rake $0 
Seat 5: abramovich87
Seat 1: Melenya (button) folded before Flop
Seat 2: 50CandyJoe (small blind) collected ($6)
Seat 3: mendy1977 (big blind) folded before Flop
Seat 4: Callan25 folded before Flop (didn't bet)
Seat 6: Rysiff folded before Flop (didn't bet)



PokerStars Hand #254240850408:  Hold'em No Limit ($0.50/$1.00 USD) - 2025/01/07 4:19:13 WET [2025/01/06 23:19:13 ET]
Table 'Hersilia II' 6-max Seat #2 is the button
Seat 5: abramovich87 ($100 in chips) is sitting out
Seat 1: Melenya ($100 in chips) 
Seat 2: 50CandyJoe ($103.50 in chips) 
Seat 3: mendy1977 ($70.45 in chips) 
Seat 4: Callan25 ($122.56 in chips) 
Seat 6: Rysiff ($370.99 in chips) 
mendy1977: posts small blind $0.50
Callan25: posts big blind $1
abramovich87: sits out 
*** HOLE CARDS ***
Rysiff: folds 
Melenya: folds 
50CandyJoe: raises $4 to $5
mendy1977: folds 
Callan25 has timed out
Callan25: folds 
Uncalled bet ($4) returned to 50CandyJoe
50CandyJoe collected $2.50 from pot
50CandyJoe: doesn't show hand 
*** SUMMARY ***
Total pot $2.50 | Rake $0 
Seat 5: abramovich87
Seat 1: Melenya folded before Flop (didn't bet)
Seat 2: 50CandyJoe (button) collected ($2.50)
Seat 3: mendy1977 (small blind) folded before Flop
Seat 4: Callan25 (big blind) folded before Flop
Seat 6: Rysiff folded before Flop (didn't bet)



PokerStars Hand #254240854087:  Hold'em No Limit ($0.50/$1.00 USD) - 2025/01/07 4:19:48 WET [2025/01/06 23:19:48 ET]
Table 'Hersilia II' 6-max Seat #3 is the button
Seat 1: Melenya ($100 in chips) is sitting out
Seat 4: Callan25 ($121.56 in chips) is sitting out
Seat 5: abramovich87 ($100 in chips) is sitting out
Seat 2: 50CandyJoe ($105 in chips) 
Seat 3: mendy1977 ($69.95 in chips) 
Seat 6: Rysiff ($370.99 in chips) 
Rysiff: posts small blind $0.50
Melenya: is sitting out 
50CandyJoe: posts big blind $1
*** HOLE CARDS ***
mendy1977: calls $1
Melenya leaves the table
Rysiff: folds 
50CandyJoe: raises $4 to $5
mendy1977: calls $4
*** FLOP *** [5c Th Qd]
50CandyJoe: checks 
mendy1977: bets $2
50CandyJoe: raises $7 to $9
mendy1977: calls $7
*** TURN *** [5c Th Qd] [7h]
50CandyJoe: bets $19
mendy1977: raises $36.95 to $55.95 and is all-in
50CandyJoe: calls $36.95
*** RIVER *** [5c Th Qd 7h] [8h]
*** SHOW DOWN ***
50CandyJoe: shows [Qs 5s] (two pair, Queens and Fives)
mendy1977: shows [9d Kc] (high card King)
50CandyJoe collected $139.40 from pot
*** SUMMARY ***
Total pot $140.40 | Rake $1 
Board [5c Th Qd 7h 8h]
Seat 1: Melenya
Seat 4: Callan25
Seat 5: abramovich87
Seat 2: 50CandyJoe (big blind) showed [Qs 5s] and won ($139.40) with two pair, Queens and Fives
Seat 3: mendy1977 (button) showed [9d Kc] and lost with high card King
Seat 6: Rysiff (small blind) folded before Flop



PokerStars Hand #254240859728:  Hold'em No Limit ($0.50/$1.00 USD) - 2025/01/07 4:20:42 WET [2025/01/06 23:20:42 ET]
Table 'Hersilia II' 6-max Seat #6 is the button
Seat 3: mendy1977 ($0 in chips) is sitting out
Seat 5: abramovich87 ($100 in chips) is sitting out
Seat 2: 50CandyJoe ($174.45 in chips) 
Seat 4: Callan25 ($121.56 in chips) 
Seat 6: Rysiff ($370.49 in chips) 
50CandyJoe: posts small blind $0.50
Callan25: posts big blind $1
abramovich87: sits out 
*** HOLE CARDS ***
Rysiff: folds 
50CandyJoe: raises $1.50 to $2.50
Callan25: calls $1.50
*** FLOP *** [Ts Qs Qd]
50CandyJoe: bets $1.57
Callan25: calls $1.57
*** TURN *** [Ts Qs Qd] [5d]
50CandyJoe: bets $2.55
Callan25: calls $2.55
*** RIVER *** [Ts Qs Qd 5d] [3h]
50CandyJoe: checks 
Callan25: checks 
*** SHOW DOWN ***
50CandyJoe: shows [8s 8c] (two pair, Queens and Eights)
Callan25: mucks hand 
50CandyJoe collected $12.58 from pot
*** SUMMARY ***
Total pot $13.24 | Rake $0.66 
Board [Ts Qs Qd 5d 3h]
Seat 3: mendy1977
Seat 5: abramovich87
Seat 2: 50CandyJoe (small blind) showed [8s 8c] and won ($12.58) with two pair, Queens and Eights
Seat 4: Callan25 (big blind) mucked
Seat 6: Rysiff (button) folded before Flop (didn't bet)



PokerStars Hand #254240863001:  Hold'em No Limit ($0.50/$1.00 USD) - 2025/01/07 4:21:13 WET [2025/01/06 23:21:13 ET]
Table 'Hersilia II' 6-max Seat #2 is the button
Seat 3: mendy1977 ($0 in chips) is sitting out
Seat 2: 50CandyJoe ($180.41 in chips) 
Seat 4: Callan25 ($114.94 in chips) 
Seat 5: abramovich87 ($100 in chips) 
Seat 6: Rysiff ($370.49 in chips) 
Callan25: posts small blind $0.50
abramovich87: posts big blind $1
*** HOLE CARDS ***
Rysiff: raises $1.50 to $2.50
50CandyJoe: folds 
Callan25: raises $9 to $11.50
abramovich87: folds 
Rysiff: calls $9
*** FLOP *** [4d 7h 7c]
Callan25: bets $23
Rysiff: folds 
Uncalled bet ($23) returned to Callan25
Callan25 collected $23 from pot
*** SUMMARY ***
Total pot $24 | Rake $1 
Board [4d 7h 7c]
Seat 3: mendy1977
Seat 2: 50CandyJoe (button) folded before Flop (didn't bet)
Seat 4: Callan25 (small blind) collected ($23)
Seat 5: abramovich87 (big blind) folded before Flop
Seat 6: Rysiff folded on the Flop



PokerStars Hand #254240866690:  Hold'em No Limit ($0.50/$1.00 USD) - 2025/01/07 4:21:47 WET [2025/01/06 23:21:47 ET]
Table 'Hersilia II' 6-max Seat #4 is the button
Seat 3: mendy1977 ($0 in chips) is sitting out
Seat 2: 50CandyJoe ($180.41 in chips) 
Seat 4: Callan25 ($126.44 in chips) 
Seat 5: abramovich87 ($100 in chips) 
Seat 6: Rysiff ($358.99 in chips) 
abramovich87: posts small blind $0.50
Rysiff: posts big blind $1
*** HOLE CARDS ***
50CandyJoe: raises $1.20 to $2.20
Callan25: raises $2.20 to $4.40
abramovich87: folds 
Rysiff: folds 
50CandyJoe: calls $2.20
*** FLOP *** [8s Qs 4c]
50CandyJoe: checks 
Callan25: bets $6
50CandyJoe: calls $6
*** TURN *** [8s Qs 4c] [8h]
50CandyJoe: checks 
Callan25: bets $15.65
50CandyJoe: raises $24.35 to $40
Callan25: folds 
Uncalled bet ($24.35) returned to 50CandyJoe
50CandyJoe collected $52.60 from pot
50CandyJoe: doesn't show hand 
*** SUMMARY ***
Total pot $53.60 | Rake $1 
Board [8s Qs 4c 8h]
Seat 3: mendy1977
Seat 2: 50CandyJoe collected ($52.60)
Seat 4: Callan25 (button) folded on the Turn
Seat 5: abramovich87 (small blind) folded before Flop
Seat 6: Rysiff (big blind) folded before Flop



PokerStars Hand #254240870082:  Hold'em No Limit ($0.50/$1.00 USD) - 2025/01/07 4:22:19 WET [2025/01/06 23:22:19 ET]
Table 'Hersilia II' 6-max Seat #5 is the button
Seat 3: mendy1977 ($0 in chips) is sitting out
Seat 2: 50CandyJoe ($206.96 in chips) 
Seat 4: Callan25 ($100.39 in chips) 
Seat 5: abramovich87 ($100 in chips) 
Seat 6: Rysiff ($357.99 in chips) 
Rysiff: posts small blind $0.50
50CandyJoe: posts big blind $1
*** HOLE CARDS ***
Callan25: raises $2 to $3
abramovich87: raises $5.49 to $8.49
Rysiff: folds 
50CandyJoe: folds 
Callan25: calls $5.49
*** FLOP *** [7d 5s 3c]
Callan25: checks 
abramovich87: bets $4.50
Callan25: calls $4.50
*** TURN *** [7d 5s 3c] [Ks]
Callan25: checks 
abramovich87: bets $22
Callan25: calls $22
*** RIVER *** [7d 5s 3c Ks] [8d]
Callan25: checks 
abramovich87: checks 
*** SHOW DOWN ***
Callan25: shows [8s 6h] (a pair of Eights)
abramovich87: mucks hand 
Callan25 collected $70.48 from pot
*** SUMMARY ***
Total pot $71.48 | Rake $1 
Board [7d 5s 3c Ks 8d]
Seat 3: mendy1977
Seat 2: 50CandyJoe (big blind) folded before Flop
Seat 4: Callan25 showed [8s 6h] and won ($70.48) with a pair of Eights
Seat 5: abramovich87 (button) mucked
Seat 6: Rysiff (small blind) folded before Flop



PokerStars Hand #254240876528:  Hold'em No Limit ($0.50/$1.00 USD) - 2025/01/07 4:23:21 WET [2025/01/06 23:23:21 ET]
Table 'Hersilia II' 6-max Seat #6 is the button
Seat 2: 50CandyJoe ($205.96 in chips) 
Seat 3: mendy1977 ($100 in chips) 
Seat 4: Callan25 ($135.88 in chips) 
Seat 5: abramovich87 ($100 in chips) 
Seat 6: Rysiff ($357.49 in chips) 
50CandyJoe: posts small blind $0.50
mendy1977: posts big blind $1
*** HOLE CARDS ***
Callan25: folds 
abramovich87: folds 
Rysiff: raises $1.50 to $2.50
50CandyJoe: folds 
mendy1977: calls $1.50
*** FLOP *** [7c Ad Kd]
mendy1977: checks 
Rysiff: bets $2.61
mendy1977: calls $2.61
*** TURN *** [7c Ad Kd] [9h]
mendy1977: checks 
Rysiff: checks 
*** RIVER *** [7c Ad Kd 9h] [2d]
reeqar joins the table at seat #1 
mendy1977: bets $4
Rysiff: folds 
Uncalled bet ($4) returned to mendy1977
mendy1977 collected $10.18 from pot
*** SUMMARY ***
Total pot $10.72 | Rake $0.54 
Board [7c Ad Kd 9h 2d]
Seat 2: 50CandyJoe (small blind) folded before Flop
Seat 3: mendy1977 (big blind) collected ($10.18)
Seat 4: Callan25 folded before Flop (didn't bet)
Seat 5: abramovich87 folded before Flop (didn't bet)
Seat 6: Rysiff (button) folded on the River



PokerStars Hand #254240881791:  Hold'em No Limit ($0.50/$1.00 USD) - 2025/01/07 4:24:10 WET [2025/01/06 23:24:10 ET]
Table 'Hersilia II' 6-max Seat #2 is the button
Seat 1: reeqar ($100 in chips) is sitting out
Seat 2: 50CandyJoe ($205.46 in chips) 
Seat 3: mendy1977 ($105.07 in chips) 
Seat 4: Callan25 ($135.88 in chips) 
Seat 5: abramovich87 ($100 in chips) 
Seat 6: Rysiff ($352.38 in chips) 
mendy1977: posts small blind $0.50
Callan25: posts big blind $1
reeqar: sits out 
*** HOLE CARDS ***
abramovich87: folds 
Rysiff: folds 
50CandyJoe: raises $1.50 to $2.50
mendy1977: calls $2
Callan25: calls $1.50
*** FLOP *** [Ah 4h 6c]
mendy1977: bets $1
Callan25: raises $9.12 to $10.12
50CandyJoe: folds 
mendy1977: folds 
Uncalled bet ($9.12) returned to Callan25
Callan25 collected $9.02 from pot
*** SUMMARY ***
Total pot $9.50 | Rake $0.48 
Board [Ah 4h 6c]
Seat 1: reeqar
Seat 2: 50CandyJoe (button) folded on the Flop
Seat 3: mendy1977 (small blind) folded on the Flop
Seat 4: Callan25 (big blind) collected ($9.02)
Seat 5: abramovich87 folded before Flop (didn't bet)
Seat 6: Rysiff folded before Flop (didn't bet)



PokerStars Hand #254240886812:  Hold'em No Limit ($0.50/$1.00 USD) - 2025/01/07 4:24:58 WET [2025/01/06 23:24:58 ET]
Table 'Hersilia II' 6-max Seat #3 is the button
Seat 1: reeqar ($100 in chips) is sitting out
Seat 2: 50CandyJoe ($202.96 in chips) 
Seat 3: mendy1977 ($101.57 in chips) 
Seat 4: Callan25 ($141.40 in chips) 
Seat 5: abramovich87 ($100 in chips) 
Seat 6: Rysiff ($352.38 in chips) 
Callan25: posts small blind $0.50
abramovich87: posts big blind $1
reeqar: sits out 
*** HOLE CARDS ***
Rysiff: folds 
50CandyJoe: raises $1.20 to $2.20
mendy1977: folds 
Callan25: folds 
abramovich87: folds 
Uncalled bet ($1.20) returned to 50CandyJoe
50CandyJoe collected $2.50 from pot
50CandyJoe: doesn't show hand 
*** SUMMARY ***
Total pot $2.50 | Rake $0 
Seat 1: reeqar
Seat 2: 50CandyJoe collected ($2.50)
Seat 3: mendy1977 (button) folded before Flop (didn't bet)
Seat 4: Callan25 (small blind) folded before Flop
Seat 5: abramovich87 (big blind) folded before Flop
Seat 6: Rysiff folded before Flop (didn't bet)



PokerStars Hand #254240887992:  Hold'em No Limit ($0.50/$1.00 USD) - 2025/01/07 4:25:10 WET [2025/01/06 23:25:10 ET]
Table 'Hersilia II' 6-max Seat #4 is the button
Seat 1: reeqar ($100 in chips) is sitting out
Seat 2: 50CandyJoe ($204.46 in chips) 
Seat 3: mendy1977 ($101.57 in chips) 
Seat 4: Callan25 ($140.90 in chips) 
Seat 5: abramovich87 ($100 in chips) 
Seat 6: Rysiff ($352.38 in chips) 
abramovich87: posts small blind $0.50
Rysiff: posts big blind $1
reeqar: sits out 
*** HOLE CARDS ***
50CandyJoe: raises $1.20 to $2.20
mendy1977: folds 
Callan25: calls $2.20
abramovich87: folds 
Rysiff: folds 
*** FLOP *** [6d 5c 9h]
50CandyJoe: checks 
Callan25: bets $5.60
50CandyJoe: folds 
Uncalled bet ($5.60) returned to Callan25
Callan25 collected $5.60 from pot
*** SUMMARY ***
Total pot $5.90 | Rake $0.30 
Board [6d 5c 9h]
Seat 1: reeqar
Seat 2: 50CandyJoe folded on the Flop
Seat 3: mendy1977 folded before Flop (didn't bet)
Seat 4: Callan25 (button) collected ($5.60)
Seat 5: abramovich87 (small blind) folded before Flop
Seat 6: Rysiff (big blind) folded before Flop



PokerStars Hand #254240890465:  Hold'em No Limit ($0.50/$1.00 USD) - 2025/01/07 4:25:34 WET [2025/01/06 23:25:34 ET]
Table 'Hersilia II' 6-max Seat #5 is the button
Seat 1: reeqar ($100 in chips) 
Seat 2: 50CandyJoe ($202.26 in chips) 
Seat 3: mendy1977 ($101.57 in chips) 
Seat 4: Callan25 ($144.30 in chips) 
Seat 5: abramovich87 ($100 in chips) 
Seat 6: Rysiff ($351.38 in chips) 
Rysiff: posts small blind $0.50
reeqar: posts big blind $1
*** HOLE CARDS ***
50CandyJoe: raises $1.20 to $2.20
mendy1977: folds 
Callan25: folds 
abramovich87: folds 
Rysiff: folds 
reeqar: folds 
Uncalled bet ($1.20) returned to 50CandyJoe
50CandyJoe collected $2.50 from pot
50CandyJoe: doesn't show hand 
*** SUMMARY ***
Total pot $2.50 | Rake $0 
Seat 1: reeqar (big blind) folded before Flop
Seat 2: 50CandyJoe collected ($2.50)
Seat 3: mendy1977 folded before Flop (didn't bet)
Seat 4: Callan25 folded before Flop (didn't bet)
Seat 5: abramovich87 (button) folded before Flop (didn't bet)
Seat 6: Rysiff (small blind) folded before Flop



PokerStars Hand #254240892921:  Hold'em No Limit ($0.50/$1.00 USD) - 2025/01/07 4:25:57 WET [2025/01/06 23:25:57 ET]
Table 'Hersilia II' 6-max Seat #6 is the button
Seat 1: reeqar ($100 in chips) 
Seat 2: 50CandyJoe ($203.76 in chips) 
Seat 3: mendy1977 ($101.57 in chips) 
Seat 4: Callan25 ($144.30 in chips) 
Seat 5: abramovich87 ($100 in chips) 
Seat 6: Rysiff ($350.88 in chips) 
reeqar: posts small blind $0.50
50CandyJoe: posts big blind $1
*** HOLE CARDS ***
mendy1977: folds 
Callan25: raises $2 to $3
abramovich87: folds 
Rysiff: folds 
reeqar: folds 
50CandyJoe: folds 
Uncalled bet ($2) returned to Callan25
Callan25 collected $2.50 from pot
*** SUMMARY ***
Total pot $2.50 | Rake $0 
Seat 1: reeqar (small blind) folded before Flop
Seat 2: 50CandyJoe (big blind) folded before Flop
Seat 3: mendy1977 folded before Flop (didn't bet)
Seat 4: Callan25 collected ($2.50)
Seat 5: abramovich87 folded before Flop (didn't bet)
Seat 6: Rysiff (button) folded before Flop (didn't bet)



PokerStars Hand #254240894933:  Hold'em No Limit ($0.50/$1.00 USD) - 2025/01/07 4:26:16 WET [2025/01/06 23:26:16 ET]
Table 'Hersilia II' 6-max Seat #1 is the button
Seat 1: reeqar ($100 in chips) 
Seat 2: 50CandyJoe ($202.76 in chips) 
Seat 3: mendy1977 ($101.57 in chips) 
Seat 4: Callan25 ($145.80 in chips) 
Seat 5: abramovich87 ($100 in chips) 
Seat 6: Rysiff ($350.88 in chips) 
50CandyJoe: posts small blind $0.50
mendy1977: posts big blind $1
*** HOLE CARDS ***
Callan25: folds 
abramovich87: raises $2 to $3
Rysiff: folds 
reeqar: folds 
50CandyJoe: folds 
mendy1977: calls $2
*** FLOP *** [Qh 7s 3s]
mendy1977: checks 
abramovich87: bets $2.04
mendy1977: raises $2.04 to $4.08
abramovich87: folds 
Uncalled bet ($2.04) returned to mendy1977
mendy1977 collected $10.05 from pot
*** SUMMARY ***
Total pot $10.58 | Rake $0.53 
Board [Qh 7s 3s]
Seat 1: reeqar (button) folded before Flop (didn't bet)
Seat 2: 50CandyJoe (small blind) folded before Flop
Seat 3: mendy1977 (big blind) collected ($10.05)
Seat 4: Callan25 folded before Flop (didn't bet)
Seat 5: abramovich87 folded on the Flop
Seat 6: Rysiff folded before Flop (didn't bet)



PokerStars Hand #254240899793:  Hold'em No Limit ($0.50/$1.00 USD) - 2025/01/07 4:27:04 WET [2025/01/06 23:27:04 ET]
Table 'Hersilia II' 6-max Seat #2 is the button
Seat 1: reeqar ($100 in chips) 
Seat 2: 50CandyJoe ($202.26 in chips) 
Seat 3: mendy1977 ($106.58 in chips) 
Seat 4: Callan25 ($145.80 in chips) 
Seat 5: abramovich87 ($100 in chips) 
Seat 6: Rysiff ($350.88 in chips) 
mendy1977: posts small blind $0.50
Callan25: posts big blind $1
*** HOLE CARDS ***
abramovich87: folds 
Rysiff: raises $1.50 to $2.50
reeqar: folds 
50CandyJoe: folds 
mendy1977: folds 
Callan25: raises $6.50 to $9
Rysiff: calls $6.50
*** FLOP *** [Ah 3d Qh]
Callan25: bets $17.58
Rysiff: calls $17.58
*** TURN *** [Ah 3d Qh] [Ts]
Callan25: bets $30.58
Rysiff: calls $30.58
*** RIVER *** [Ah 3d Qh Ts] [Td]
Callan25: checks 
Rysiff: bets $293.72 and is all-in
Callan25: folds 
Uncalled bet ($293.72) returned to Rysiff
Rysiff collected $112.32 from pot
Rysiff: doesn't show hand 
*** SUMMARY ***
Total pot $114.82 | Rake $2.50 
Board [Ah 3d Qh Ts Td]
Seat 1: reeqar folded before Flop (didn't bet)
Seat 2: 50CandyJoe (button) folded before Flop (didn't bet)
Seat 3: mendy1977 (small blind) folded before Flop
Seat 4: Callan25 (big blind) folded on the River
Seat 5: abramovich87 folded before Flop (didn't bet)
Seat 6: Rysiff collected ($112.32)



PokerStars Hand #254240911004:  Hold'em No Limit ($0.50/$1.00 USD) - 2025/01/07 4:28:53 WET [2025/01/06 23:28:53 ET]
Table 'Hersilia II' 6-max Seat #3 is the button
Seat 1: reeqar ($100 in chips) 
Seat 2: 50CandyJoe ($202.26 in chips) 
Seat 3: mendy1977 ($106.08 in chips) 
Seat 4: Callan25 ($88.64 in chips) 
Seat 5: abramovich87 ($100 in chips) 
Seat 6: Rysiff ($406.04 in chips) 
Callan25: posts small blind $0.50
abramovich87: posts big blind $1
*** HOLE CARDS ***
Rysiff: folds 
reeqar: folds 
50CandyJoe: folds 
mendy1977: calls $1
Callan25: folds 
abramovich87: checks 
*** FLOP *** [Jd Jc 6c]
abramovich87: checks 
mendy1977: bets $2
abramovich87: folds 
Uncalled bet ($2) returned to mendy1977
mendy1977 collected $2.38 from pot
*** SUMMARY ***
Total pot $2.50 | Rake $0.12 
Board [Jd Jc 6c]
Seat 1: reeqar folded before Flop (didn't bet)
Seat 2: 50CandyJoe folded before Flop (didn't bet)
Seat 3: mendy1977 (button) collected ($2.38)
Seat 4: Callan25 (small blind) folded before Flop
Seat 5: abramovich87 (big blind) folded on the Flop
Seat 6: Rysiff folded before Flop (didn't bet)



PokerStars Hand #254240916125:  Hold'em No Limit ($0.50/$1.00 USD) - 2025/01/07 4:29:43 WET [2025/01/06 23:29:43 ET]
Table 'Hersilia II' 6-max Seat #4 is the button
Seat 1: reeqar ($100 in chips) 
Seat 2: 50CandyJoe ($202.26 in chips) 
Seat 3: mendy1977 ($107.46 in chips) 
Seat 4: Callan25 ($88.14 in chips) 
Seat 5: abramovich87 ($100 in chips) 
Seat 6: Rysiff ($406.04 in chips) 
abramovich87: posts small blind $0.50
Rysiff: posts big blind $1
*** HOLE CARDS ***
reeqar: folds 
50CandyJoe: raises $1.20 to $2.20
mendy1977: folds 
Callan25: calls $2.20
abramovich87: folds 
Rysiff: folds 
*** FLOP *** [4c Jd 6s]
mendy1977 leaves the table
50CandyJoe: bets $1.40
Callan25: calls $1.40
*** TURN *** [4c Jd 6s] [Jc]
50CandyJoe: bets $12
Callan25: folds 
Uncalled bet ($12) returned to 50CandyJoe
fataleggs13 joins the table at seat #3 
50CandyJoe collected $8.26 from pot
50CandyJoe: doesn't show hand 
*** SUMMARY ***
Total pot $8.70 | Rake $0.44 
Board [4c Jd 6s Jc]
Seat 1: reeqar folded before Flop (didn't bet)
Seat 2: 50CandyJoe collected ($8.26)
Seat 3: mendy1977 folded before Flop (didn't bet)
Seat 4: Callan25 (button) folded on the Turn
Seat 5: abramovich87 (small blind) folded before Flop
Seat 6: Rysiff (big blind) folded before Flop



PokerStars Hand #254240919788:  Hold'em No Limit ($0.50/$1.00 USD) - 2025/01/07 4:30:19 WET [2025/01/06 23:30:19 ET]
Table 'Hersilia II' 6-max Seat #5 is the button
Seat 3: fataleggs13 ($75 in chips) is sitting out
Seat 1: reeqar ($100 in chips) 
Seat 2: 50CandyJoe ($206.92 in chips) 
Seat 4: Callan25 ($84.54 in chips) 
Seat 5: abramovich87 ($100 in chips) 
Seat 6: Rysiff ($405.04 in chips) 
Rysiff: posts small blind $0.50
reeqar: posts big blind $1
fataleggs13: sits out 
*** HOLE CARDS ***
50CandyJoe: folds 
Callan25: folds 
fataleggs13 leaves the table
abramovich87: folds 
Rysiff: raises $2 to $3
reeqar: raises $6 to $9
Rysiff: folds 
Uncalled bet ($6) returned to reeqar
reeqar collected $6 from pot
reeqar: doesn't show hand 
*** SUMMARY ***
Total pot $6 | Rake $0 
Seat 3: fataleggs13
Seat 1: reeqar (big blind) collected ($6)
Seat 2: 50CandyJoe folded before Flop (didn't bet)
Seat 4: Callan25 folded before Flop (didn't bet)
Seat 5: abramovich87 (button) folded before Flop (didn't bet)
Seat 6: Rysiff (small blind) folded before Flop



PokerStars Hand #254240922994:  Hold'em No Limit ($0.50/$1.00 USD) - 2025/01/07 4:30:51 WET [2025/01/06 23:30:51 ET]
Table 'Hersilia II' 6-max Seat #6 is the button
Seat 1: reeqar ($103 in chips) 
Seat 2: 50CandyJoe ($206.92 in chips) 
Seat 4: Callan25 ($84.54 in chips) 
Seat 5: abramovich87 ($100 in chips) 
Seat 6: Rysiff ($402.04 in chips) 
reeqar: posts small blind $0.50
50CandyJoe: posts big blind $1
*** HOLE CARDS ***
Callan25: folds 
abramovich87: raises $2 to $3
Rysiff: folds 
reeqar: folds 
50CandyJoe: folds 
Uncalled bet ($2) returned to abramovich87
abramovich87 collected $2.50 from pot
abramovich87: doesn't show hand 
*** SUMMARY ***
Total pot $2.50 | Rake $0 
Seat 1: reeqar (small blind) folded before Flop
Seat 2: 50CandyJoe (big blind) folded before Flop
Seat 4: Callan25 folded before Flop (didn't bet)
Seat 5: abramovich87 collected ($2.50)
Seat 6: Rysiff (button) folded before Flop (didn't bet)



PokerStars Hand #254240924707:  Hold'em No Limit ($0.50/$1.00 USD) - 2025/01/07 4:31:08 WET [2025/01/06 23:31:08 ET]
Table 'Hersilia II' 6-max Seat #1 is the button
Seat 1: reeqar ($102.50 in chips) 
Seat 2: 50CandyJoe ($205.92 in chips) 
Seat 4: Callan25 ($84.54 in chips) 
Seat 5: abramovich87 ($101.50 in chips) 
Seat 6: Rysiff ($402.04 in chips) 
50CandyJoe: posts small blind $0.50
Callan25: posts big blind $1
*** HOLE CARDS ***
abramovich87: folds 
Rysiff: folds 
reeqar: raises $1.50 to $2.50
50CandyJoe: folds 
Callan25: raises $12.50 to $15
reeqar: folds 
Uncalled bet ($12.50) returned to Callan25
Callan25 collected $5.50 from pot
*** SUMMARY ***
Total pot $5.50 | Rake $0 
Seat 1: reeqar (button) folded before Flop
Seat 2: 50CandyJoe (small blind) folded before Flop
Seat 4: Callan25 (big blind) collected ($5.50)
Seat 5: abramovich87 folded before Flop (didn't bet)
Seat 6: Rysiff folded before Flop (didn't bet)



PokerStars Hand #254240928331:  Hold'em No Limit ($0.50/$1.00 USD) - 2025/01/07 4:31:43 WET [2025/01/06 23:31:43 ET]
Table 'Hersilia II' 6-max Seat #2 is the button
Seat 1: reeqar ($100 in chips) 
Seat 2: 50CandyJoe ($205.42 in chips) 
Seat 4: Callan25 ($87.54 in chips) 
Seat 5: abramovich87 ($101.50 in chips) 
Seat 6: Rysiff ($402.04 in chips) 
Callan25: posts small blind $0.50
abramovich87: posts big blind $1
*** HOLE CARDS ***
Rysiff: folds 
reeqar: folds 
50CandyJoe: raises $1.50 to $2.50
Callan25: raises $85.04 to $87.54 and is all-in
abramovich87: folds 
50CandyJoe: folds 
Uncalled bet ($85.04) returned to Callan25
Callan25 collected $6 from pot
*** SUMMARY ***
Total pot $6 | Rake $0 
Seat 1: reeqar folded before Flop (didn't bet)
Seat 2: 50CandyJoe (button) folded before Flop
Seat 4: Callan25 (small blind) collected ($6)
Seat 5: abramovich87 (big blind) folded before Flop
Seat 6: Rysiff folded before Flop (didn't bet)



PokerStars Hand #254240931538:  Hold'em No Limit ($0.50/$1.00 USD) - 2025/01/07 4:32:15 WET [2025/01/06 23:32:15 ET]
Table 'Hersilia II' 6-max Seat #4 is the button
Seat 1: reeqar ($100 in chips) 
Seat 2: 50CandyJoe ($202.92 in chips) 
Seat 4: Callan25 ($91.04 in chips) 
Seat 5: abramovich87 ($100.50 in chips) 
Seat 6: Rysiff ($402.04 in chips) 
abramovich87: posts small blind $0.50
Rysiff: posts big blind $1
*** HOLE CARDS ***
reeqar: folds 
50CandyJoe: raises $1.20 to $2.20
Callan25: calls $2.20
abramovich87: raises $11.80 to $14
Rysiff: folds 
50CandyJoe: folds 
Callan25: folds 
Uncalled bet ($11.80) returned to abramovich87
abramovich87 collected $7.60 from pot
abramovich87: doesn't show hand 
*** SUMMARY ***
Total pot $7.60 | Rake $0 
Seat 1: reeqar folded before Flop (didn't bet)
Seat 2: 50CandyJoe folded before Flop
Seat 4: Callan25 (button) folded before Flop
Seat 5: abramovich87 (small blind) collected ($7.60)
Seat 6: Rysiff (big blind) folded before Flop



PokerStars Hand #254240933895:  Hold'em No Limit ($0.50/$1.00 USD) - 2025/01/07 4:32:39 WET [2025/01/06 23:32:39 ET]
Table 'Hersilia II' 6-max Seat #5 is the button
Seat 1: reeqar ($100 in chips) is sitting out
Seat 2: 50CandyJoe ($200.72 in chips) 
Seat 4: Callan25 ($88.84 in chips) 
Seat 5: abramovich87 ($105.90 in chips) 
Seat 6: Rysiff ($401.04 in chips) 
Rysiff: posts small blind $0.50
reeqar: is sitting out 
50CandyJoe: posts big blind $1
*** HOLE CARDS ***
Callan25: folds 
abramovich87: folds 
reeqar leaves the table
Rysiff: raises $2 to $3
50CandyJoe: raises $7 to $10
Rysiff: calls $7
*** FLOP *** [Td 8h 7c]
Rysiff: checks 
50CandyJoe: checks 
*** TURN *** [Td 8h 7c] [5s]
Rysiff: checks 
50CandyJoe: checks 
*** RIVER *** [Td 8h 7c 5s] [3d]
Rysiff: checks 
50CandyJoe: checks 
*** SHOW DOWN ***
Rysiff: shows [Js As] (high card Ace)
50CandyJoe: shows [Ac Qc] (high card Ace - Queen kicker)
50CandyJoe collected $19 from pot
*** SUMMARY ***
Total pot $20 | Rake $1 
Board [Td 8h 7c 5s 3d]
Seat 1: reeqar
Seat 2: 50CandyJoe (big blind) showed [Ac Qc] and won ($19) with high card Ace
Seat 4: Callan25 folded before Flop (didn't bet)
Seat 5: abramovich87 (button) folded before Flop (didn't bet)
Seat 6: Rysiff (small blind) showed [Js As] and lost with high card Ace



PokerStars Hand #254240941895:  Hold'em No Limit ($0.50/$1.00 USD) - 2025/01/07 4:33:59 WET [2025/01/06 23:33:59 ET]
Table 'Hersilia II' 6-max Seat #6 is the button
Seat 2: 50CandyJoe ($209.72 in chips) 
Seat 4: Callan25 ($88.84 in chips) 
Seat 5: abramovich87 ($105.90 in chips) 
Seat 6: Rysiff ($391.04 in chips) 
50CandyJoe: posts small blind $0.50
Callan25: posts big blind $1
*** HOLE CARDS ***
abramovich87: folds 
Rysiff: folds 
50CandyJoe: folds 
Uncalled bet ($0.50) returned to Callan25
Callan25 collected $1 from pot
*** SUMMARY ***
Total pot $1 | Rake $0 
Seat 2: 50CandyJoe (small blind) folded before Flop
Seat 4: Callan25 (big blind) collected ($1)
Seat 5: abramovich87 folded before Flop (didn't bet)
Seat 6: Rysiff (button) folded before Flop (didn't bet)



PokerStars Hand #254240942686:  Hold'em No Limit ($0.50/$1.00 USD) - 2025/01/07 4:34:07 WET [2025/01/06 23:34:07 ET]
Table 'Hersilia II' 6-max Seat #2 is the button
Seat 5: abramovich87 ($105.90 in chips) is sitting out
Seat 2: 50CandyJoe ($209.22 in chips) 
Seat 4: Callan25 ($89.34 in chips) 
Seat 6: Rysiff ($391.04 in chips) 
Callan25: posts small blind $0.50
abramovich87: is sitting out 
Rysiff: posts big blind $1
*** HOLE CARDS ***
50CandyJoe: raises $1.50 to $2.50
MaRKiToScoK joins the table at seat #1 
Callan25: raises $7 to $9.50
Rysiff: folds 
50CandyJoe: folds 
Uncalled bet ($7) returned to Callan25
Callan25 collected $6 from pot
*** SUMMARY ***
Total pot $6 | Rake $0 
Seat 5: abramovich87
Seat 2: 50CandyJoe (button) folded before Flop
Seat 4: Callan25 (small blind) collected ($6)
Seat 6: Rysiff (big blind) folded before Flop



PokerStars Hand #254240944059:  Hold'em No Limit ($0.50/$1.00 USD) - 2025/01/07 4:34:21 WET [2025/01/06 23:34:21 ET]
Table 'Hersilia II' 6-max Seat #4 is the button
Seat 5: abramovich87 ($105.90 in chips) is sitting out
Seat 1: MaRKiToScoK ($205.70 in chips) 
Seat 2: 50CandyJoe ($206.72 in chips) 
Seat 4: Callan25 ($92.84 in chips) 
Seat 6: Rysiff ($390.04 in chips) 
Rysiff: posts small blind $0.50
MaRKiToScoK: posts big blind $1
*** HOLE CARDS ***
50CandyJoe: folds 
Callan25: raises $2 to $3
Rysiff: folds 
MaRKiToScoK: folds 
Uncalled bet ($2) returned to Callan25
Callan25 collected $2.50 from pot
*** SUMMARY ***
Total pot $2.50 | Rake $0 
Seat 5: abramovich87
Seat 1: MaRKiToScoK (big blind) folded before Flop
Seat 2: 50CandyJoe folded before Flop (didn't bet)
Seat 4: Callan25 (button) collected ($2.50)
Seat 6: Rysiff (small blind) folded before Flop



PokerStars Hand #254240945835:  Hold'em No Limit ($0.50/$1.00 USD) - 2025/01/07 4:34:39 WET [2025/01/06 23:34:39 ET]
Table 'Hersilia II' 6-max Seat #6 is the button
Seat 5: abramovich87 ($105.90 in chips) is sitting out
Seat 1: MaRKiToScoK ($204.70 in chips) 
Seat 2: 50CandyJoe ($206.72 in chips) 
Seat 4: Callan25 ($94.34 in chips) 
Seat 6: Rysiff ($389.54 in chips) 
MaRKiToScoK: posts small blind $0.50
50CandyJoe: posts big blind $1
abramovich87: sits out 
*** HOLE CARDS ***
Callan25: folds 
Rysiff: folds 
MaRKiToScoK: raises $1.70 to $2.70
50CandyJoe: calls $1.70
*** FLOP *** [3d 4s Ac]
MaRKiToScoK: checks 
50CandyJoe: bets $1.69
MaRKiToScoK: folds 
Uncalled bet ($1.69) returned to 50CandyJoe
50CandyJoe collected $5.13 from pot
50CandyJoe: doesn't show hand 
*** SUMMARY ***
Total pot $5.40 | Rake $0.27 
Board [3d 4s Ac]
Seat 5: abramovich87
Seat 1: MaRKiToScoK (small blind) folded on the Flop
Seat 2: 50CandyJoe (big blind) collected ($5.13)
Seat 4: Callan25 folded before Flop (didn't bet)
Seat 6: Rysiff (button) folded before Flop (didn't bet)



PokerStars Hand #254240949895:  Hold'em No Limit ($0.50/$1.00 USD) - 2025/01/07 4:35:19 WET [2025/01/06 23:35:19 ET]
Table 'Hersilia II' 6-max Seat #1 is the button
Seat 5: abramovich87 ($105.90 in chips) is sitting out
Seat 1: MaRKiToScoK ($202 in chips) 
Seat 2: 50CandyJoe ($209.15 in chips) 
Seat 4: Callan25 ($94.34 in chips) 
Seat 6: Rysiff ($389.54 in chips) 
50CandyJoe: posts small blind $0.50
Callan25: posts big blind $1
abramovich87: sits out 
*** HOLE CARDS ***
Rysiff: folds 
MaRKiToScoK: folds 
50CandyJoe: raises $1.50 to $2.50
Callan25: folds 
Uncalled bet ($1.50) returned to 50CandyJoe
50CandyJoe collected $2 from pot
50CandyJoe: doesn't show hand 
*** SUMMARY ***
Total pot $2 | Rake $0 
Seat 5: abramovich87
Seat 1: MaRKiToScoK (button) folded before Flop (didn't bet)
Seat 2: 50CandyJoe (small blind) collected ($2)
Seat 4: Callan25 (big blind) folded before Flop
Seat 6: Rysiff folded before Flop (didn't bet)



PokerStars Hand #254240953796:  Hold'em No Limit ($0.50/$1.00 USD) - 2025/01/07 4:35:58 WET [2025/01/06 23:35:58 ET]
Table 'Hersilia II' 6-max Seat #2 is the button
Seat 1: MaRKiToScoK ($202 in chips) 
Seat 2: 50CandyJoe ($210.15 in chips) 
Seat 4: Callan25 ($93.34 in chips) 
Seat 5: abramovich87 ($105.90 in chips) 
Seat 6: Rysiff ($389.54 in chips) 
Callan25: posts small blind $0.50
abramovich87: posts big blind $1
*** HOLE CARDS ***
Rysiff: folds 
MaRKiToScoK: raises $1.20 to $2.20
50CandyJoe: folds 
Callan25: folds 
abramovich87: folds 
Uncalled bet ($1.20) returned to MaRKiToScoK
MaRKiToScoK collected $2.50 from pot
*** SUMMARY ***
Total pot $2.50 | Rake $0 
Seat 1: MaRKiToScoK collected ($2.50)
Seat 2: 50CandyJoe (button) folded before Flop (didn't bet)
Seat 4: Callan25 (small blind) folded before Flop
Seat 5: abramovich87 (big blind) folded before Flop
Seat 6: Rysiff folded before Flop (didn't bet)



PokerStars Hand #254240955253:  Hold'em No Limit ($0.50/$1.00 USD) - 2025/01/07 4:36:12 WET [2025/01/06 23:36:12 ET]
Table 'Hersilia II' 6-max Seat #4 is the button
Seat 1: MaRKiToScoK ($203.50 in chips) 
Seat 2: 50CandyJoe ($210.15 in chips) 
Seat 4: Callan25 ($92.84 in chips) 
Seat 5: abramovich87 ($104.90 in chips) 
Seat 6: Rysiff ($389.54 in chips) 
abramovich87: posts small blind $0.50
Rysiff: posts big blind $1
*** HOLE CARDS ***
MaRKiToScoK: raises $1.10 to $2.10
50CandyJoe: folds 
Callan25: folds 
abramovich87: raises $9.90 to $12
Rysiff: folds 
MaRKiToScoK: folds 
Uncalled bet ($9.90) returned to abramovich87
abramovich87 collected $5.20 from pot
abramovich87: doesn't show hand 
*** SUMMARY ***
Total pot $5.20 | Rake $0 
Seat 1: MaRKiToScoK folded before Flop
Seat 2: 50CandyJoe folded before Flop (didn't bet)
Seat 4: Callan25 (button) folded before Flop (didn't bet)
Seat 5: abramovich87 (small blind) collected ($5.20)
Seat 6: Rysiff (big blind) folded before Flop



PokerStars Hand #254240957991:  Hold'em No Limit ($0.50/$1.00 USD) - 2025/01/07 4:36:40 WET [2025/01/06 23:36:40 ET]
Table 'Hersilia II' 6-max Seat #5 is the button
Seat 1: MaRKiToScoK ($201.40 in chips) 
Seat 2: 50CandyJoe ($210.15 in chips) 
Seat 4: Callan25 ($92.84 in chips) 
Seat 5: abramovich87 ($108 in chips) 
Seat 6: Rysiff ($388.54 in chips) 
Rysiff: posts small blind $0.50
MaRKiToScoK: posts big blind $1
*** HOLE CARDS ***
50CandyJoe: folds 
Callan25: raises $2 to $3
abramovich87: folds 
Rysiff: folds 
MaRKiToScoK: folds 
Uncalled bet ($2) returned to Callan25
Callan25 collected $2.50 from pot
*** SUMMARY ***
Total pot $2.50 | Rake $0 
Seat 1: MaRKiToScoK (big blind) folded before Flop
Seat 2: 50CandyJoe folded before Flop (didn't bet)
Seat 4: Callan25 collected ($2.50)
Seat 5: abramovich87 (button) folded before Flop (didn't bet)
Seat 6: Rysiff (small blind) folded before Flop



PokerStars Hand #254240959654:  Hold'em No Limit ($0.50/$1.00 USD) - 2025/01/07 4:36:56 WET [2025/01/06 23:36:56 ET]
Table 'Hersilia II' 6-max Seat #6 is the button
Seat 1: MaRKiToScoK ($200.40 in chips) 
Seat 2: 50CandyJoe ($210.15 in chips) 
Seat 4: Callan25 ($94.34 in chips) 
Seat 5: abramovich87 ($108 in chips) 
Seat 6: Rysiff ($388.04 in chips) 
MaRKiToScoK: posts small blind $0.50
50CandyJoe: posts big blind $1
*** HOLE CARDS ***
Callan25: folds 
abramovich87: folds 
Rysiff: raises $1.50 to $2.50
MaRKiToScoK: folds 
50CandyJoe: calls $1.50
*** FLOP *** [Jh 8c Tc]
50CandyJoe: checks 
Rysiff: bets $2.61
50CandyJoe: raises $6.89 to $9.50
Rysiff: calls $6.89
*** TURN *** [Jh 8c Tc] [3c]
50CandyJoe: bets $17.46
Rysiff: calls $17.46
*** RIVER *** [Jh 8c Tc 3c] [3h]
50CandyJoe: checks 
Rysiff: checks 
*** SHOW DOWN ***
50CandyJoe: shows [Qd Ac] (a pair of Threes)
Rysiff: shows [Jc 9d] (two pair, Jacks and Threes)
Rysiff collected $56.92 from pot
*** SUMMARY ***
Total pot $59.42 | Rake $2.50 
Board [Jh 8c Tc 3c 3h]
Seat 1: MaRKiToScoK (small blind) folded before Flop
Seat 2: 50CandyJoe (big blind) showed [Qd Ac] and lost with a pair of Threes
Seat 4: Callan25 folded before Flop (didn't bet)
Seat 5: abramovich87 folded before Flop (didn't bet)
Seat 6: Rysiff (button) showed [Jc 9d] and won ($56.92) with two pair, Jacks and Threes



PokerStars Hand #254240967400:  Hold'em No Limit ($0.50/$1.00 USD) - 2025/01/07 4:38:14 WET [2025/01/06 23:38:14 ET]
Table 'Hersilia II' 6-max Seat #1 is the button
Seat 1: MaRKiToScoK ($199.90 in chips) 
Seat 2: 50CandyJoe ($180.69 in chips) 
Seat 4: Callan25 ($94.34 in chips) 
Seat 5: abramovich87 ($108 in chips) 
Seat 6: Rysiff ($415.50 in chips) 
50CandyJoe: posts small blind $0.50
Callan25: posts big blind $1
*** HOLE CARDS ***
abramovich87: folds 
Rysiff: folds 
MaRKiToScoK: folds 
50CandyJoe: calls $0.50
Callan25: checks 
*** FLOP *** [4c 9d 9s]
50CandyJoe: checks 
Callan25: checks 
*** TURN *** [4c 9d 9s] [6h]
50CandyJoe: bets $2
Callan25: folds 
Uncalled bet ($2) returned to 50CandyJoe
50CandyJoe collected $1.90 from pot
50CandyJoe: doesn't show hand 
*** SUMMARY ***
Total pot $2 | Rake $0.10 
Board [4c 9d 9s 6h]
Seat 1: MaRKiToScoK (button) folded before Flop (didn't bet)
Seat 2: 50CandyJoe (small blind) collected ($1.90)
Seat 4: Callan25 (big blind) folded on the Turn
Seat 5: abramovich87 folded before Flop (didn't bet)
Seat 6: Rysiff folded before Flop (didn't bet)



PokerStars Hand #254240969424:  Hold'em No Limit ($0.50/$1.00 USD) - 2025/01/07 4:38:35 WET [2025/01/06 23:38:35 ET]
Table 'Hersilia II' 6-max Seat #2 is the button
Seat 1: MaRKiToScoK ($199.90 in chips) 
Seat 2: 50CandyJoe ($181.59 in chips) 
Seat 4: Callan25 ($93.34 in chips) 
Seat 5: abramovich87 ($108 in chips) 
Seat 6: Rysiff ($415.50 in chips) 
Callan25: posts small blind $0.50
abramovich87: posts big blind $1
*** HOLE CARDS ***
Rysiff: raises $1.50 to $2.50
MaRKiToScoK: folds 
50CandyJoe: folds 
Callan25: calls $2
abramovich87: folds 
*** FLOP *** [Qs Ac 7s]
Callan25: checks 
Rysiff: bets $1.88
Callan25: calls $1.88
*** TURN *** [Qs Ac 7s] [2s]
Callan25: checks 
Rysiff: checks 
*** RIVER *** [Qs Ac 7s 2s] [Kh]
Callan25: checks 
Rysiff: checks 
*** SHOW DOWN ***
Callan25: shows [7d 6s] (a pair of Sevens)
Rysiff: mucks hand 
Callan25 collected $9.27 from pot
*** SUMMARY ***
Total pot $9.76 | Rake $0.49 
Board [Qs Ac 7s 2s Kh]
Seat 1: MaRKiToScoK folded before Flop (didn't bet)
Seat 2: 50CandyJoe (button) folded before Flop (didn't bet)
Seat 4: Callan25 (small blind) showed [7d 6s] and won ($9.27) with a pair of Sevens
Seat 5: abramovich87 (big blind) folded before Flop
Seat 6: Rysiff mucked



PokerStars Hand #254240974399:  Hold'em No Limit ($0.50/$1.00 USD) - 2025/01/07 4:39:25 WET [2025/01/06 23:39:25 ET]
Table 'Hersilia II' 6-max Seat #4 is the button
Seat 1: MaRKiToScoK ($199.90 in chips) 
Seat 2: 50CandyJoe ($181.59 in chips) 
Seat 4: Callan25 ($98.23 in chips) 
Seat 5: abramovich87 ($107 in chips) 
Seat 6: Rysiff ($411.12 in chips) 
abramovich87: posts small blind $0.50
Rysiff: posts big blind $1
*** HOLE CARDS ***
MaRKiToScoK: folds 
50CandyJoe: raises $1.20 to $2.20
Callan25: raises $5.90 to $8.10
abramovich87: folds 
Rysiff: folds 
50CandyJoe: folds 
Uncalled bet ($5.90) returned to Callan25
Callan25 collected $5.90 from pot
*** SUMMARY ***
Total pot $5.90 | Rake $0 
Seat 1: MaRKiToScoK folded before Flop (didn't bet)
Seat 2: 50CandyJoe folded before Flop
Seat 4: Callan25 (button) collected ($5.90)
Seat 5: abramovich87 (small blind) folded before Flop
Seat 6: Rysiff (big blind) folded before Flop



PokerStars Hand #254240977337:  Hold'em No Limit ($0.50/$1.00 USD) - 2025/01/07 4:39:56 WET [2025/01/06 23:39:56 ET]
Table 'Hersilia II' 6-max Seat #5 is the button
Seat 1: MaRKiToScoK ($199.90 in chips) 
Seat 2: 50CandyJoe ($179.39 in chips) 
Seat 4: Callan25 ($101.93 in chips) 
Seat 5: abramovich87 ($106.50 in chips) 
Seat 6: Rysiff ($410.12 in chips) 
Rysiff: posts small blind $0.50
MaRKiToScoK: posts big blind $1
*** HOLE CARDS ***
50CandyJoe: folds 
Callan25: folds 
abramovich87: folds 
Rysiff: folds 
Uncalled bet ($0.50) returned to MaRKiToScoK
MaRKiToScoK collected $1 from pot
Callan25 leaves the table
*** SUMMARY ***
Total pot $1 | Rake $0 
Seat 1: MaRKiToScoK (big blind) collected ($1)
Seat 2: 50CandyJoe folded before Flop (didn't bet)
Seat 4: Callan25 folded before Flop (didn't bet)
Seat 5: abramovich87 (button) folded before Flop (didn't bet)
Seat 6: Rysiff (small blind) folded before Flop



PokerStars Hand #254240978412:  Hold'em No Limit ($0.50/$1.00 USD) - 2025/01/07 4:40:07 WET [2025/01/06 23:40:07 ET]
Table 'Hersilia II' 6-max Seat #6 is the button
Seat 1: MaRKiToScoK ($200.40 in chips) 
Seat 2: 50CandyJoe ($179.39 in chips) 
Seat 5: abramovich87 ($106.50 in chips) 
Seat 6: Rysiff ($409.62 in chips) 
MaRKiToScoK: posts small blind $0.50
50CandyJoe: posts big blind $1
*** HOLE CARDS ***
abramovich87: raises $2 to $3
Rysiff: folds 
MaRKiToScoK: folds 
50CandyJoe: folds 
Uncalled bet ($2) returned to abramovich87
abramovich87 collected $2.50 from pot
abramovich87: doesn't show hand 
50CandyJoe leaves the table
*** SUMMARY ***
Total pot $2.50 | Rake $0 
Seat 1: MaRKiToScoK (small blind) folded before Flop
Seat 2: 50CandyJoe (big blind) folded before Flop
Seat 5: abramovich87 collected ($2.50)
Seat 6: Rysiff (button) folded before Flop (didn't bet)



