PokerStars Hand #254255052463:  Hold'em No Limit ($0.50/$1.00 USD) - 2025/01/07 0:37:40 WET [2025/01/07 19:37:40 ET]
Table 'Mourao' 6-max Seat #1 is the button
Seat 3: kekoccc ($100 in chips) is sitting out
Seat 1: MuUkR ($100 in chips) 
Seat 2: santacosta ($57.12 in chips) 
Seat 4: easy_sarcasm ($100.20 in chips) 
Seat 5: Manifestorr ($101.50 in chips) 
Seat 6: CichiChanMarian ($102.20 in chips) 
santacosta: posts small blind $0.50
kekoccc: is sitting out 
easy_sarcasm: posts big blind $1
*** HOLE CARDS ***
kekoccc leaves the table
Manifestorr: folds 
CichiChanMarian: raises $1.50 to $2.50
MuUkR: folds 
santacosta: calls $2
easy_sarcasm: folds 
*** FLOP *** [4h 3h 8d]
santacosta: checks 
CichiChanMarian: bets $2
santacosta: calls $2
*** TURN *** [4h 3h 8d] [Qc]
santacosta: checks 
CichiChanMarian: bets $7.13
santacosta: folds 
Uncalled bet ($7.13) returned to CichiChanMarian
CichiChanMarian collected $9.50 from pot
CichiChanMarian: doesn't show hand 
*** SUMMARY ***
Total pot $10 | Rake $0.50 
Board [4h 3h 8d Qc]
Seat 3: kekoccc
Seat 1: MuUkR (button) folded before Flop (didn't bet)
Seat 2: santacosta (small blind) folded on the Turn
Seat 4: easy_sarcasm (big blind) folded before Flop
Seat 5: Manifestorr folded before Flop (didn't bet)
Seat 6: CichiChanMarian collected ($9.50)



PokerStars Hand #254255064295:  Hold'em No Limit ($0.50/$1.00 USD) - 2025/01/07 0:38:37 WET [2025/01/07 19:38:37 ET]
Table 'Mourao' 6-max Seat #2 is the button
Seat 5: Manifestorr ($101.50 in chips) is sitting out
Seat 1: MuUkR ($100 in chips) 
Seat 2: santacosta ($52.62 in chips) 
Seat 4: easy_sarcasm ($100 in chips) 
Seat 6: CichiChanMarian ($107.20 in chips) 
easy_sarcasm: posts small blind $0.50
Manifestorr: is sitting out 
CichiChanMarian: posts big blind $1
*** HOLE CARDS ***
MuUkR: raises $1.20 to $2.20
santacosta: folds 
easy_sarcasm: folds 
CichiChanMarian: folds 
Uncalled bet ($1.20) returned to MuUkR
MuUkR collected $2.50 from pot
MuUkR: doesn't show hand 
*** SUMMARY ***
Total pot $2.50 | Rake $0 
Seat 5: Manifestorr
Seat 1: MuUkR collected ($2.50)
Seat 2: santacosta (button) folded before Flop (didn't bet)
Seat 4: easy_sarcasm (small blind) folded before Flop
Seat 6: CichiChanMarian (big blind) folded before Flop



PokerStars Hand #254255067029:  Hold'em No Limit ($0.50/$1.00 USD) - 2025/01/07 0:38:50 WET [2025/01/07 19:38:50 ET]
Table 'Mourao' 6-max Seat #4 is the button
Seat 5: Manifestorr ($101.50 in chips) is sitting out
Seat 1: MuUkR ($101.50 in chips) 
Seat 2: santacosta ($52.62 in chips) 
Seat 4: easy_sarcasm ($100 in chips) 
Seat 6: CichiChanMarian ($106.20 in chips) 
CichiChanMarian: posts small blind $0.50
MuUkR: posts big blind $1
*** HOLE CARDS ***
santacosta: folds 
easy_sarcasm: raises $1.20 to $2.20
CichiChanMarian: folds 
LuckyShikari joins the table at seat #3 
MuUkR: calls $1.20
*** FLOP *** [6s Th As]
MuUkR: checks 
easy_sarcasm: bets $2
MuUkR: calls $2
*** TURN *** [6s Th As] [4s]
MuUkR: checks 
easy_sarcasm: checks 
*** RIVER *** [6s Th As 4s] [5h]
MuUkR: bets $6.35
easy_sarcasm: folds 
Uncalled bet ($6.35) returned to MuUkR
MuUkR collected $8.46 from pot
MuUkR: doesn't show hand 
*** SUMMARY ***
Total pot $8.90 | Rake $0.44 
Board [6s Th As 4s 5h]
Seat 5: Manifestorr
Seat 1: MuUkR (big blind) collected ($8.46)
Seat 2: santacosta folded before Flop (didn't bet)
Seat 4: easy_sarcasm (button) folded on the River
Seat 6: CichiChanMarian (small blind) folded before Flop



PokerStars Hand #254255073537:  Hold'em No Limit ($0.50/$1.00 USD) - 2025/01/07 0:39:22 WET [2025/01/07 19:39:22 ET]
Table 'Mourao' 6-max Seat #6 is the button
Seat 3: LuckyShikari ($100 in chips) is sitting out
Seat 1: MuUkR ($105.76 in chips) 
Seat 2: santacosta ($52.62 in chips) 
Seat 4: easy_sarcasm ($100 in chips) 
Seat 6: CichiChanMarian ($105.70 in chips) 
MuUkR: posts small blind $0.50
Manifestorr leaves the table
santacosta: posts big blind $1
LuckyShikari: sits out 
*** HOLE CARDS ***
easy_sarcasm: folds 
CichiChanMarian: raises $1.50 to $2.50
MuUkR: raises $8.50 to $11
santacosta: folds 
CichiChanMarian: calls $8.50
*** FLOP *** [5d 7s 9s]
MuUkR: checks 
CichiChanMarian: bets $4.62
MuUkR: calls $4.62
*** TURN *** [5d 7s 9s] [Ac]
MuUkR: checks 
CichiChanMarian: checks 
*** RIVER *** [5d 7s 9s Ac] [8d]
MuUkR: checks 
CichiChanMarian: bets $23.43
MuUkR: folds 
Uncalled bet ($23.43) returned to CichiChanMarian
CichiChanMarian collected $31.24 from pot
CichiChanMarian: doesn't show hand 
*** SUMMARY ***
Total pot $32.24 | Rake $1 
Board [5d 7s 9s Ac 8d]
Seat 3: LuckyShikari
Seat 1: MuUkR (small blind) folded on the River
Seat 2: santacosta (big blind) folded before Flop
Seat 4: easy_sarcasm folded before Flop (didn't bet)
Seat 6: CichiChanMarian (button) collected ($31.24)



PokerStars Hand #254255086622:  Hold'em No Limit ($0.50/$1.00 USD) - 2025/01/07 0:40:25 WET [2025/01/07 19:40:25 ET]
Table 'Mourao' 6-max Seat #1 is the button
Seat 1: MuUkR ($100 in chips) 
Seat 2: santacosta ($51.62 in chips) 
Seat 3: LuckyShikari ($100 in chips) 
Seat 4: easy_sarcasm ($100 in chips) 
Seat 6: CichiChanMarian ($121.32 in chips) 
santacosta: posts small blind $0.50
LuckyShikari: posts big blind $1
*** HOLE CARDS ***
easy_sarcasm: folds 
CichiChanMarian: raises $1.50 to $2.50
MuUkR: folds 
santacosta: folds 
LuckyShikari: raises $10 to $12.50
CichiChanMarian: folds 
Uncalled bet ($10) returned to LuckyShikari
LuckyShikari collected $5.50 from pot
LuckyShikari: doesn't show hand 
*** SUMMARY ***
Total pot $5.50 | Rake $0 
Seat 1: MuUkR (button) folded before Flop (didn't bet)
Seat 2: santacosta (small blind) folded before Flop
Seat 3: LuckyShikari (big blind) collected ($5.50)
Seat 4: easy_sarcasm folded before Flop (didn't bet)
Seat 6: CichiChanMarian folded before Flop



PokerStars Hand #254255093063:  Hold'em No Limit ($0.50/$1.00 USD) - 2025/01/07 0:40:56 WET [2025/01/07 19:40:56 ET]
Table 'Mourao' 6-max Seat #2 is the button
Seat 1: MuUkR ($100 in chips) 
Seat 2: santacosta ($51.12 in chips) 
Seat 3: LuckyShikari ($103 in chips) 
Seat 4: easy_sarcasm ($100 in chips) 
Seat 6: CichiChanMarian ($118.82 in chips) 
LuckyShikari: posts small blind $0.50
easy_sarcasm: posts big blind $1
*** HOLE CARDS ***
fataleggs13 joins the table at seat #5 
CichiChanMarian: folds 
MuUkR: raises $1.20 to $2.20
santacosta: folds 
LuckyShikari: folds 
easy_sarcasm: calls $1.20
*** FLOP *** [2d Js 4h]
easy_sarcasm: checks 
MuUkR: checks 
*** TURN *** [2d Js 4h] [6s]
easy_sarcasm: checks 
MuUkR: bets $3.11
easy_sarcasm: folds 
Uncalled bet ($3.11) returned to MuUkR
MuUkR collected $4.66 from pot
MuUkR: doesn't show hand 
*** SUMMARY ***
Total pot $4.90 | Rake $0.24 
Board [2d Js 4h 6s]
Seat 1: MuUkR collected ($4.66)
Seat 2: santacosta (button) folded before Flop (didn't bet)
Seat 3: LuckyShikari (small blind) folded before Flop
Seat 4: easy_sarcasm (big blind) folded on the Turn
Seat 6: CichiChanMarian folded before Flop (didn't bet)



PokerStars Hand #254255102308:  Hold'em No Limit ($0.50/$1.00 USD) - 2025/01/07 0:41:40 WET [2025/01/07 19:41:40 ET]
Table 'Mourao' 6-max Seat #3 is the button
Seat 1: MuUkR ($102.46 in chips) 
Seat 2: santacosta ($51.12 in chips) 
Seat 3: LuckyShikari ($102.50 in chips) 
Seat 4: easy_sarcasm ($100 in chips) 
Seat 5: fataleggs13 ($75 in chips) 
Seat 6: CichiChanMarian ($118.82 in chips) 
easy_sarcasm: posts small blind $0.50
fataleggs13: posts big blind $1
*** HOLE CARDS ***
CichiChanMarian: folds 
MuUkR: raises $1.20 to $2.20
santacosta: folds 
LuckyShikari: folds 
easy_sarcasm: folds 
fataleggs13: calls $1.20
*** FLOP *** [7s 7h 2d]
fataleggs13: checks 
MuUkR: checks 
*** TURN *** [7s 7h 2d] [As]
fataleggs13: checks 
MuUkR: bets $1.54
fataleggs13: folds 
Uncalled bet ($1.54) returned to MuUkR
MuUkR collected $4.66 from pot
MuUkR: doesn't show hand 
*** SUMMARY ***
Total pot $4.90 | Rake $0.24 
Board [7s 7h 2d As]
Seat 1: MuUkR collected ($4.66)
Seat 2: santacosta folded before Flop (didn't bet)
Seat 3: LuckyShikari (button) folded before Flop (didn't bet)
Seat 4: easy_sarcasm (small blind) folded before Flop
Seat 5: fataleggs13 (big blind) folded on the Turn
Seat 6: CichiChanMarian folded before Flop (didn't bet)



PokerStars Hand #254255113913:  Hold'em No Limit ($0.50/$1.00 USD) - 2025/01/07 0:42:36 WET [2025/01/07 19:42:36 ET]
Table 'Mourao' 6-max Seat #4 is the button
Seat 1: MuUkR ($104.92 in chips) is sitting out
Seat 6: CichiChanMarian ($118.82 in chips) is sitting out
Seat 2: santacosta ($51.12 in chips) 
Seat 3: LuckyShikari ($102.50 in chips) 
Seat 4: easy_sarcasm ($100 in chips) 
Seat 5: fataleggs13 ($75 in chips) 
fataleggs13: posts small blind $0.50
CichiChanMarian: is sitting out 
MuUkR: is sitting out 
santacosta: posts big blind $1
*** HOLE CARDS ***
MuUkR leaves the table
LuckyShikari: folds 
easy_sarcasm: raises $1.20 to $2.20
fataleggs13: folds 
santacosta: calls $1.20
*** FLOP *** [3c 7s 7c]
santacosta: checks 
easy_sarcasm: bets $2.33
santacosta: folds 
Uncalled bet ($2.33) returned to easy_sarcasm
easy_sarcasm collected $4.66 from pot
*** SUMMARY ***
Total pot $4.90 | Rake $0.24 
Board [3c 7s 7c]
Seat 1: MuUkR
Seat 6: CichiChanMarian
Seat 2: santacosta (big blind) folded on the Flop
Seat 3: LuckyShikari folded before Flop (didn't bet)
Seat 4: easy_sarcasm (button) collected ($4.66)
Seat 5: fataleggs13 (small blind) folded before Flop



PokerStars Hand #254255118870:  Hold'em No Limit ($0.50/$1.00 USD) - 2025/01/07 0:43:00 WET [2025/01/07 19:43:00 ET]
Table 'Mourao' 6-max Seat #5 is the button
Seat 6: CichiChanMarian ($118.82 in chips) is sitting out
Seat 2: santacosta ($48.92 in chips) 
Seat 3: LuckyShikari ($102.50 in chips) 
Seat 4: easy_sarcasm ($102.46 in chips) 
Seat 5: fataleggs13 ($75 in chips) 
santacosta: posts small blind $0.50
LuckyShikari: posts big blind $1
*** HOLE CARDS ***
easy_sarcasm: raises $2 to $3
fataleggs13: folds 
santacosta: folds 
LuckyShikari: folds 
Uncalled bet ($2) returned to easy_sarcasm
easy_sarcasm collected $2.50 from pot
*** SUMMARY ***
Total pot $2.50 | Rake $0 
Seat 6: CichiChanMarian
Seat 2: santacosta (small blind) folded before Flop
Seat 3: LuckyShikari (big blind) folded before Flop
Seat 4: easy_sarcasm collected ($2.50)
Seat 5: fataleggs13 (button) folded before Flop (didn't bet)



PokerStars Hand #254255120696:  Hold'em No Limit ($0.50/$1.00 USD) - 2025/01/07 0:43:09 WET [2025/01/07 19:43:09 ET]
Table 'Mourao' 6-max Seat #2 is the button
Seat 6: CichiChanMarian ($118.82 in chips) is sitting out
Seat 2: santacosta ($48.42 in chips) 
Seat 3: LuckyShikari ($101.50 in chips) 
Seat 4: easy_sarcasm ($103.96 in chips) 
Seat 5: fataleggs13 ($75 in chips) 
LuckyShikari: posts small blind $0.50
easy_sarcasm: posts big blind $1
CichiChanMarian: sits out 
*** HOLE CARDS ***
Joe_Li7 joins the table at seat #1 
fataleggs13: raises $1.20 to $2.20
santacosta: folds 
LuckyShikari: folds 
easy_sarcasm: calls $1.20
*** FLOP *** [Js Ad Ts]
easy_sarcasm: checks 
fataleggs13: bets $3.50
easy_sarcasm: folds 
Uncalled bet ($3.50) returned to fataleggs13
fataleggs13 collected $4.66 from pot
fataleggs13: doesn't show hand 
*** SUMMARY ***
Total pot $4.90 | Rake $0.24 
Board [Js Ad Ts]
Seat 6: CichiChanMarian
Seat 2: santacosta (button) folded before Flop (didn't bet)
Seat 3: LuckyShikari (small blind) folded before Flop
Seat 4: easy_sarcasm (big blind) folded on the Flop
Seat 5: fataleggs13 collected ($4.66)



PokerStars Hand #254255128388:  Hold'em No Limit ($0.50/$1.00 USD) - 2025/01/07 0:43:47 WET [2025/01/07 19:43:47 ET]
Table 'Mourao' 6-max Seat #3 is the button
Seat 1: Joe_Li7 ($100 in chips) is sitting out
Seat 6: CichiChanMarian ($118.82 in chips) is sitting out
Seat 2: santacosta ($48.42 in chips) 
Seat 3: LuckyShikari ($101 in chips) 
Seat 4: easy_sarcasm ($101.76 in chips) 
Seat 5: fataleggs13 ($77.46 in chips) 
easy_sarcasm: posts small blind $0.50
fataleggs13: posts big blind $1
CichiChanMarian: sits out 
Joe_Li7: sits out 
*** HOLE CARDS ***
santacosta: folds 
LuckyShikari: folds 
easy_sarcasm: folds 
Uncalled bet ($0.50) returned to fataleggs13
fataleggs13 collected $1 from pot
fataleggs13: doesn't show hand 
*** SUMMARY ***
Total pot $1 | Rake $0 
Seat 1: Joe_Li7
Seat 6: CichiChanMarian
Seat 2: santacosta folded before Flop (didn't bet)
Seat 3: LuckyShikari (button) folded before Flop (didn't bet)
Seat 4: easy_sarcasm (small blind) folded before Flop
Seat 5: fataleggs13 (big blind) collected ($1)



PokerStars Hand #254255130991:  Hold'em No Limit ($0.50/$1.00 USD) - 2025/01/07 0:44:00 WET [2025/01/07 19:44:00 ET]
Table 'Mourao' 6-max Seat #4 is the button
Seat 1: Joe_Li7 ($100 in chips) is sitting out
Seat 2: santacosta ($48.42 in chips) 
Seat 3: LuckyShikari ($101 in chips) 
Seat 4: easy_sarcasm ($101.26 in chips) 
Seat 5: fataleggs13 ($77.96 in chips) 
Seat 6: CichiChanMarian ($118.82 in chips) 
fataleggs13: posts small blind $0.50
CichiChanMarian: posts big blind $1
Joe_Li7: sits out 
*** HOLE CARDS ***
santacosta: folds 
LuckyShikari: folds 
easy_sarcasm: folds 
fataleggs13: folds 
Uncalled bet ($0.50) returned to CichiChanMarian
CichiChanMarian collected $1 from pot
CichiChanMarian: doesn't show hand 
*** SUMMARY ***
Total pot $1 | Rake $0 
Seat 1: Joe_Li7
Seat 2: santacosta folded before Flop (didn't bet)
Seat 3: LuckyShikari folded before Flop (didn't bet)
Seat 4: easy_sarcasm (button) folded before Flop (didn't bet)
Seat 5: fataleggs13 (small blind) folded before Flop
Seat 6: CichiChanMarian (big blind) collected ($1)



PokerStars Hand #254255133694:  Hold'em No Limit ($0.50/$1.00 USD) - 2025/01/07 0:44:13 WET [2025/01/07 19:44:13 ET]
Table 'Mourao' 6-max Seat #5 is the button
Seat 1: Joe_Li7 ($100 in chips) 
Seat 2: santacosta ($48.42 in chips) 
Seat 3: LuckyShikari ($101 in chips) 
Seat 4: easy_sarcasm ($101.26 in chips) 
Seat 5: fataleggs13 ($77.46 in chips) 
Seat 6: CichiChanMarian ($119.32 in chips) 
CichiChanMarian: posts small blind $0.50
Joe_Li7: posts big blind $1
*** HOLE CARDS ***
santacosta: folds 
LuckyShikari: folds 
easy_sarcasm: folds 
fataleggs13: raises $1.50 to $2.50
CichiChanMarian: folds 
Joe_Li7: folds 
Uncalled bet ($1.50) returned to fataleggs13
fataleggs13 collected $2.50 from pot
fataleggs13: doesn't show hand 
*** SUMMARY ***
Total pot $2.50 | Rake $0 
Seat 1: Joe_Li7 (big blind) folded before Flop
Seat 2: santacosta folded before Flop (didn't bet)
Seat 3: LuckyShikari folded before Flop (didn't bet)
Seat 4: easy_sarcasm folded before Flop (didn't bet)
Seat 5: fataleggs13 (button) collected ($2.50)
Seat 6: CichiChanMarian (small blind) folded before Flop



PokerStars Hand #254255137076:  Hold'em No Limit ($0.50/$1.00 USD) - 2025/01/07 0:44:29 WET [2025/01/07 19:44:29 ET]
Table 'Mourao' 6-max Seat #6 is the button
Seat 1: Joe_Li7 ($100 in chips) 
Seat 2: santacosta ($48.42 in chips) 
Seat 3: LuckyShikari ($101 in chips) 
Seat 4: easy_sarcasm ($101.26 in chips) 
Seat 5: fataleggs13 ($78.96 in chips) 
Seat 6: CichiChanMarian ($118.82 in chips) 
Joe_Li7: posts small blind $0.50
santacosta: posts big blind $1
*** HOLE CARDS ***
LuckyShikari: folds 
easy_sarcasm: folds 
fataleggs13: raises $1.20 to $2.20
CichiChanMarian: folds 
Joe_Li7: folds 
santacosta: calls $1.20
*** FLOP *** [Jh Qc 3d]
santacosta: checks 
fataleggs13: bets $1.63
santacosta: calls $1.63
*** TURN *** [Jh Qc 3d] [4d]
santacosta: checks 
fataleggs13: bets $5.81
santacosta: calls $5.81
*** RIVER *** [Jh Qc 3d 4d] [2h]
santacosta: bets $18.79
fataleggs13: raises $50.53 to $69.32 and is all-in
santacosta: folds 
Uncalled bet ($50.53) returned to fataleggs13
fataleggs13 collected $54.86 from pot
fataleggs13: doesn't show hand 
*** SUMMARY ***
Total pot $57.36 | Rake $2.50 
Board [Jh Qc 3d 4d 2h]
Seat 1: Joe_Li7 (small blind) folded before Flop
Seat 2: santacosta (big blind) folded on the River
Seat 3: LuckyShikari folded before Flop (didn't bet)
Seat 4: easy_sarcasm folded before Flop (didn't bet)
Seat 5: fataleggs13 collected ($54.86)
Seat 6: CichiChanMarian (button) folded before Flop (didn't bet)



PokerStars Hand #254255147292:  Hold'em No Limit ($0.50/$1.00 USD) - 2025/01/07 0:45:19 WET [2025/01/07 19:45:19 ET]
Table 'Mourao' 6-max Seat #1 is the button
Seat 1: Joe_Li7 ($100 in chips) 
Seat 2: santacosta ($19.99 in chips) 
Seat 3: LuckyShikari ($101 in chips) 
Seat 4: easy_sarcasm ($101.26 in chips) 
Seat 5: fataleggs13 ($105.39 in chips) 
Seat 6: CichiChanMarian ($118.82 in chips) 
santacosta: posts small blind $0.50
LuckyShikari: posts big blind $1
*** HOLE CARDS ***
easy_sarcasm: folds 
fataleggs13: raises $1.20 to $2.20
CichiChanMarian: folds 
Joe_Li7: folds 
santacosta: calls $1.70
LuckyShikari: calls $1.20
*** FLOP *** [Ts Js 8d]
santacosta: checks 
LuckyShikari: checks 
fataleggs13: bets $2.19
santacosta: folds 
LuckyShikari: raises $3.81 to $6
fataleggs13: calls $3.81
*** TURN *** [Ts Js 8d] [2c]
LuckyShikari: checks 
fataleggs13: checks 
*** RIVER *** [Ts Js 8d 2c] [Ks]
LuckyShikari: checks 
fataleggs13: checks 
*** SHOW DOWN ***
LuckyShikari: shows [Qd Td] (a pair of Tens)
fataleggs13: shows [Jh Qc] (a pair of Jacks)
fataleggs13 collected $17.67 from pot
*** SUMMARY ***
Total pot $18.60 | Rake $0.93 
Board [Ts Js 8d 2c Ks]
Seat 1: Joe_Li7 (button) folded before Flop (didn't bet)
Seat 2: santacosta (small blind) folded on the Flop
Seat 3: LuckyShikari (big blind) showed [Qd Td] and lost with a pair of Tens
Seat 4: easy_sarcasm folded before Flop (didn't bet)
Seat 5: fataleggs13 showed [Jh Qc] and won ($17.67) with a pair of Jacks
Seat 6: CichiChanMarian folded before Flop (didn't bet)



PokerStars Hand #254255157791:  Hold'em No Limit ($0.50/$1.00 USD) - 2025/01/07 0:46:10 WET [2025/01/07 19:46:10 ET]
Table 'Mourao' 6-max Seat #2 is the button
Seat 1: Joe_Li7 ($100 in chips) 
Seat 2: santacosta ($17.79 in chips) 
Seat 3: LuckyShikari ($100 in chips) 
Seat 4: easy_sarcasm ($101.26 in chips) 
Seat 5: fataleggs13 ($114.86 in chips) 
Seat 6: CichiChanMarian ($118.82 in chips) 
LuckyShikari: posts small blind $0.50
easy_sarcasm: posts big blind $1
*** HOLE CARDS ***
fataleggs13: raises $1.20 to $2.20
CichiChanMarian: folds 
Joe_Li7: folds 
santacosta: calls $2.20
LuckyShikari: folds 
easy_sarcasm: raises $9.80 to $12
fataleggs13: folds 
santacosta: folds 
Uncalled bet ($9.80) returned to easy_sarcasm
easy_sarcasm collected $7.10 from pot
*** SUMMARY ***
Total pot $7.10 | Rake $0 
Seat 1: Joe_Li7 folded before Flop (didn't bet)
Seat 2: santacosta (button) folded before Flop
Seat 3: LuckyShikari (small blind) folded before Flop
Seat 4: easy_sarcasm (big blind) collected ($7.10)
Seat 5: fataleggs13 folded before Flop
Seat 6: CichiChanMarian folded before Flop (didn't bet)



PokerStars Hand #254255162175:  Hold'em No Limit ($0.50/$1.00 USD) - 2025/01/07 0:46:31 WET [2025/01/07 19:46:31 ET]
Table 'Mourao' 6-max Seat #3 is the button
Seat 1: Joe_Li7 ($100 in chips) 
Seat 2: santacosta ($15.59 in chips) 
Seat 3: LuckyShikari ($100 in chips) 
Seat 4: easy_sarcasm ($106.16 in chips) 
Seat 5: fataleggs13 ($112.66 in chips) 
Seat 6: CichiChanMarian ($118.82 in chips) 
easy_sarcasm: posts small blind $0.50
fataleggs13: posts big blind $1
*** HOLE CARDS ***
CichiChanMarian: folds 
Joe_Li7: raises $1.20 to $2.20
santacosta: calls $2.20
LuckyShikari: folds 
easy_sarcasm: folds 
fataleggs13: folds 
*** FLOP *** [Qc 9c Td]
Joe_Li7: checks 
santacosta: bets $13.39 and is all-in
Joe_Li7: calls $13.39
*** TURN *** [Qc 9c Td] [9s]
*** RIVER *** [Qc 9c Td 9s] [4h]
*** SHOW DOWN ***
Joe_Li7: shows [Ah Qs] (two pair, Queens and Nines)
santacosta: shows [Kc 4c] (two pair, Nines and Fours)
Joe_Li7 collected $31.05 from pot
*** SUMMARY ***
Total pot $32.68 | Rake $1.63 
Board [Qc 9c Td 9s 4h]
Seat 1: Joe_Li7 showed [Ah Qs] and won ($31.05) with two pair, Queens and Nines
Seat 2: santacosta showed [Kc 4c] and lost with two pair, Nines and Fours
Seat 3: LuckyShikari (button) folded before Flop (didn't bet)
Seat 4: easy_sarcasm (small blind) folded before Flop
Seat 5: fataleggs13 (big blind) folded before Flop
Seat 6: CichiChanMarian folded before Flop (didn't bet)



PokerStars Hand #254255170301:  Hold'em No Limit ($0.50/$1.00 USD) - 2025/01/07 0:47:11 WET [2025/01/07 19:47:11 ET]
Table 'Mourao' 6-max Seat #4 is the button
Seat 2: santacosta ($0 in chips) is sitting out
Seat 1: Joe_Li7 ($115.46 in chips) 
Seat 3: LuckyShikari ($100 in chips) 
Seat 4: easy_sarcasm ($105.66 in chips) 
Seat 5: fataleggs13 ($111.66 in chips) 
Seat 6: CichiChanMarian ($118.82 in chips) 
fataleggs13: posts small blind $0.50
CichiChanMarian: posts big blind $1
*** HOLE CARDS ***
Joe_Li7: raises $1.20 to $2.20
LuckyShikari: folds 
easy_sarcasm: folds 
fataleggs13: folds 
CichiChanMarian: folds 
Uncalled bet ($1.20) returned to Joe_Li7
Joe_Li7 collected $2.50 from pot
*** SUMMARY ***
Total pot $2.50 | Rake $0 
Seat 2: santacosta
Seat 1: Joe_Li7 collected ($2.50)
Seat 3: LuckyShikari folded before Flop (didn't bet)
Seat 4: easy_sarcasm (button) folded before Flop (didn't bet)
Seat 5: fataleggs13 (small blind) folded before Flop
Seat 6: CichiChanMarian (big blind) folded before Flop



PokerStars Hand #254255173477:  Hold'em No Limit ($0.50/$1.00 USD) - 2025/01/07 0:47:27 WET [2025/01/07 19:47:27 ET]
Table 'Mourao' 6-max Seat #5 is the button
Seat 2: santacosta ($0 in chips) is sitting out
Seat 1: Joe_Li7 ($116.96 in chips) 
Seat 3: LuckyShikari ($100 in chips) 
Seat 4: easy_sarcasm ($105.66 in chips) 
Seat 5: fataleggs13 ($111.16 in chips) 
Seat 6: CichiChanMarian ($117.82 in chips) 
CichiChanMarian: posts small blind $0.50
Joe_Li7: posts big blind $1
*** HOLE CARDS ***
LuckyShikari: raises $1 to $2
easy_sarcasm: folds 
fataleggs13: folds 
CichiChanMarian: folds 
Joe_Li7: calls $1
*** FLOP *** [Ad Kc 2s]
Joe_Li7: checks 
LuckyShikari: bets $1.20
Joe_Li7: calls $1.20
*** TURN *** [Ad Kc 2s] [9d]
Joe_Li7: checks 
LuckyShikari: bets $9.50
Joe_Li7: folds 
Uncalled bet ($9.50) returned to LuckyShikari
LuckyShikari collected $6.56 from pot
LuckyShikari: doesn't show hand 
*** SUMMARY ***
Total pot $6.90 | Rake $0.34 
Board [Ad Kc 2s 9d]
Seat 2: santacosta
Seat 1: Joe_Li7 (big blind) folded on the Turn
Seat 3: LuckyShikari collected ($6.56)
Seat 4: easy_sarcasm folded before Flop (didn't bet)
Seat 5: fataleggs13 (button) folded before Flop (didn't bet)
Seat 6: CichiChanMarian (small blind) folded before Flop



PokerStars Hand #254255182850:  Hold'em No Limit ($0.50/$1.00 USD) - 2025/01/07 0:48:13 WET [2025/01/07 19:48:13 ET]
Table 'Mourao' 6-max Seat #6 is the button
Seat 1: Joe_Li7 ($113.76 in chips) 
Seat 2: santacosta ($50 in chips) 
Seat 3: LuckyShikari ($103.36 in chips) 
Seat 4: easy_sarcasm ($105.66 in chips) 
Seat 5: fataleggs13 ($111.16 in chips) 
Seat 6: CichiChanMarian ($117.32 in chips) 
Joe_Li7: posts small blind $0.50
santacosta: posts big blind $1
*** HOLE CARDS ***
LuckyShikari: raises $1.50 to $2.50
easy_sarcasm: folds 
fataleggs13: folds 
CichiChanMarian: folds 
Joe_Li7: folds 
santacosta: folds 
Uncalled bet ($1.50) returned to LuckyShikari
LuckyShikari collected $2.50 from pot
LuckyShikari: doesn't show hand 
*** SUMMARY ***
Total pot $2.50 | Rake $0 
Seat 1: Joe_Li7 (small blind) folded before Flop
Seat 2: santacosta (big blind) folded before Flop
Seat 3: LuckyShikari collected ($2.50)
Seat 4: easy_sarcasm folded before Flop (didn't bet)
Seat 5: fataleggs13 folded before Flop (didn't bet)
Seat 6: CichiChanMarian (button) folded before Flop (didn't bet)



PokerStars Hand #254255186174:  Hold'em No Limit ($0.50/$1.00 USD) - 2025/01/07 0:48:29 WET [2025/01/07 19:48:29 ET]
Table 'Mourao' 6-max Seat #1 is the button
Seat 1: Joe_Li7 ($113.26 in chips) 
Seat 2: santacosta ($49 in chips) 
Seat 3: LuckyShikari ($104.86 in chips) 
Seat 4: easy_sarcasm ($105.66 in chips) 
Seat 5: fataleggs13 ($111.16 in chips) 
Seat 6: CichiChanMarian ($117.32 in chips) 
santacosta: posts small blind $0.50
LuckyShikari: posts big blind $1
*** HOLE CARDS ***
easy_sarcasm: folds 
fataleggs13: folds 
CichiChanMarian: folds 
Joe_Li7: folds 
santacosta: folds 
Uncalled bet ($0.50) returned to LuckyShikari
LuckyShikari collected $1 from pot
LuckyShikari: doesn't show hand 
*** SUMMARY ***
Total pot $1 | Rake $0 
Seat 1: Joe_Li7 (button) folded before Flop (didn't bet)
Seat 2: santacosta (small blind) folded before Flop
Seat 3: LuckyShikari (big blind) collected ($1)
Seat 4: easy_sarcasm folded before Flop (didn't bet)
Seat 5: fataleggs13 folded before Flop (didn't bet)
Seat 6: CichiChanMarian folded before Flop (didn't bet)



PokerStars Hand #254255188155:  Hold'em No Limit ($0.50/$1.00 USD) - 2025/01/07 0:48:39 WET [2025/01/07 19:48:39 ET]
Table 'Mourao' 6-max Seat #2 is the button
Seat 1: Joe_Li7 ($113.26 in chips) 
Seat 2: santacosta ($48.50 in chips) 
Seat 3: LuckyShikari ($105.36 in chips) 
Seat 4: easy_sarcasm ($105.66 in chips) 
Seat 5: fataleggs13 ($111.16 in chips) 
Seat 6: CichiChanMarian ($117.32 in chips) 
LuckyShikari: posts small blind $0.50
easy_sarcasm: posts big blind $1
*** HOLE CARDS ***
fataleggs13: folds 
CichiChanMarian: folds 
Joe_Li7: folds 
santacosta: folds 
LuckyShikari: raises $2 to $3
easy_sarcasm: calls $2
*** FLOP *** [9s 8c 4d]
LuckyShikari: bets $3
easy_sarcasm: folds 
Uncalled bet ($3) returned to LuckyShikari
LuckyShikari collected $5.70 from pot
LuckyShikari: doesn't show hand 
*** SUMMARY ***
Total pot $6 | Rake $0.30 
Board [9s 8c 4d]
Seat 1: Joe_Li7 folded before Flop (didn't bet)
Seat 2: santacosta (button) folded before Flop (didn't bet)
Seat 3: LuckyShikari (small blind) collected ($5.70)
Seat 4: easy_sarcasm (big blind) folded on the Flop
Seat 5: fataleggs13 folded before Flop (didn't bet)
Seat 6: CichiChanMarian folded before Flop (didn't bet)



PokerStars Hand #254255193386:  Hold'em No Limit ($0.50/$1.00 USD) - 2025/01/07 0:49:05 WET [2025/01/07 19:49:05 ET]
Table 'Mourao' 6-max Seat #3 is the button
Seat 1: Joe_Li7 ($113.26 in chips) 
Seat 2: santacosta ($48.50 in chips) 
Seat 3: LuckyShikari ($108.06 in chips) 
Seat 4: easy_sarcasm ($102.66 in chips) 
Seat 5: fataleggs13 ($111.16 in chips) 
Seat 6: CichiChanMarian ($117.32 in chips) 
easy_sarcasm: posts small blind $0.50
fataleggs13: posts big blind $1
*** HOLE CARDS ***
CichiChanMarian: folds 
Joe_Li7: folds 
santacosta: folds 
LuckyShikari: raises $1.50 to $2.50
easy_sarcasm: folds 
fataleggs13: calls $1.50
*** FLOP *** [Qs 2s 9d]
fataleggs13: checks 
LuckyShikari: bets $1.72
fataleggs13: calls $1.72
*** TURN *** [Qs 2s 9d] [Js]
fataleggs13: checks 
LuckyShikari: checks 
*** RIVER *** [Qs 2s 9d Js] [2d]
fataleggs13: checks 
LuckyShikari: checks 
*** SHOW DOWN ***
fataleggs13: shows [Kc Jc] (two pair, Jacks and Deuces)
LuckyShikari: mucks hand 
fataleggs13 collected $8.49 from pot
*** SUMMARY ***
Total pot $8.94 | Rake $0.45 
Board [Qs 2s 9d Js 2d]
Seat 1: Joe_Li7 folded before Flop (didn't bet)
Seat 2: santacosta folded before Flop (didn't bet)
Seat 3: LuckyShikari (button) mucked
Seat 4: easy_sarcasm (small blind) folded before Flop
Seat 5: fataleggs13 (big blind) showed [Kc Jc] and won ($8.49) with two pair, Jacks and Deuces
Seat 6: CichiChanMarian folded before Flop (didn't bet)



PokerStars Hand #254255202656:  Hold'em No Limit ($0.50/$1.00 USD) - 2025/01/07 0:49:51 WET [2025/01/07 19:49:51 ET]
Table 'Mourao' 6-max Seat #4 is the button
Seat 6: CichiChanMarian ($117.32 in chips) is sitting out
Seat 1: Joe_Li7 ($113.26 in chips) 
Seat 2: santacosta ($48.50 in chips) 
Seat 3: LuckyShikari ($103.84 in chips) 
Seat 4: easy_sarcasm ($102.16 in chips) 
Seat 5: fataleggs13 ($115.43 in chips) 
fataleggs13: posts small blind $0.50
CichiChanMarian: is sitting out 
Joe_Li7: posts big blind $1
*** HOLE CARDS ***
santacosta: folds 
LuckyShikari: folds 
easy_sarcasm: folds 
fataleggs13: folds 
Uncalled bet ($0.50) returned to Joe_Li7
Joe_Li7 collected $1 from pot
*** SUMMARY ***
Total pot $1 | Rake $0 
Seat 6: CichiChanMarian
Seat 1: Joe_Li7 (big blind) collected ($1)
Seat 2: santacosta folded before Flop (didn't bet)
Seat 3: LuckyShikari folded before Flop (didn't bet)
Seat 4: easy_sarcasm (button) folded before Flop (didn't bet)
Seat 5: fataleggs13 (small blind) folded before Flop



PokerStars Hand #254255205373:  Hold'em No Limit ($0.50/$1.00 USD) - 2025/01/07 0:50:05 WET [2025/01/07 19:50:05 ET]
Table 'Mourao' 6-max Seat #5 is the button
Seat 6: CichiChanMarian ($117.32 in chips) is sitting out
Seat 1: Joe_Li7 ($113.76 in chips) 
Seat 2: santacosta ($48.50 in chips) 
Seat 3: LuckyShikari ($103.84 in chips) 
Seat 4: easy_sarcasm ($102.16 in chips) 
Seat 5: fataleggs13 ($114.93 in chips) 
Joe_Li7: posts small blind $0.50
santacosta: posts big blind $1
*** HOLE CARDS ***
LuckyShikari: raises $2.50 to $3.50
easy_sarcasm: folds 
fataleggs13: raises $9.50 to $13
Joe_Li7: folds 
santacosta: folds 
LuckyShikari: folds 
Uncalled bet ($9.50) returned to fataleggs13
fataleggs13 collected $8.50 from pot
fataleggs13: doesn't show hand 
*** SUMMARY ***
Total pot $8.50 | Rake $0 
Seat 6: CichiChanMarian
Seat 1: Joe_Li7 (small blind) folded before Flop
Seat 2: santacosta (big blind) folded before Flop
Seat 3: LuckyShikari folded before Flop
Seat 4: easy_sarcasm folded before Flop (didn't bet)
Seat 5: fataleggs13 (button) collected ($8.50)



PokerStars Hand #254255211205:  Hold'em No Limit ($0.50/$1.00 USD) - 2025/01/07 0:50:34 WET [2025/01/07 19:50:34 ET]
Table 'Mourao' 6-max Seat #1 is the button
Seat 6: CichiChanMarian ($117.32 in chips) is sitting out
Seat 1: Joe_Li7 ($113.26 in chips) 
Seat 2: santacosta ($47.50 in chips) 
Seat 3: LuckyShikari ($100.34 in chips) 
Seat 4: easy_sarcasm ($102.16 in chips) 
Seat 5: fataleggs13 ($119.93 in chips) 
santacosta: posts small blind $0.50
LuckyShikari: posts big blind $1
CichiChanMarian: sits out 
*** HOLE CARDS ***
easy_sarcasm: raises $2 to $3
fataleggs13: folds 
Joe_Li7: folds 
santacosta: folds 
LuckyShikari: folds 
Uncalled bet ($2) returned to easy_sarcasm
easy_sarcasm collected $2.50 from pot
*** SUMMARY ***
Total pot $2.50 | Rake $0 
Seat 6: CichiChanMarian
Seat 1: Joe_Li7 (button) folded before Flop (didn't bet)
Seat 2: santacosta (small blind) folded before Flop
Seat 3: LuckyShikari (big blind) folded before Flop
Seat 4: easy_sarcasm collected ($2.50)
Seat 5: fataleggs13 folded before Flop (didn't bet)



PokerStars Hand #254255215353:  Hold'em No Limit ($0.50/$1.00 USD) - 2025/01/07 0:50:54 WET [2025/01/07 19:50:54 ET]
Table 'Mourao' 6-max Seat #2 is the button
Seat 6: CichiChanMarian ($117.32 in chips) is sitting out
Seat 1: Joe_Li7 ($113.26 in chips) 
Seat 2: santacosta ($47 in chips) 
Seat 3: LuckyShikari ($100 in chips) 
Seat 4: easy_sarcasm ($103.66 in chips) 
Seat 5: fataleggs13 ($119.93 in chips) 
LuckyShikari: posts small blind $0.50
easy_sarcasm: posts big blind $1
CichiChanMarian: sits out 
*** HOLE CARDS ***
fataleggs13: folds 
Joe_Li7: folds 
santacosta: folds 
LuckyShikari: folds 
Uncalled bet ($0.50) returned to easy_sarcasm
easy_sarcasm collected $1 from pot
*** SUMMARY ***
Total pot $1 | Rake $0 
Seat 6: CichiChanMarian
Seat 1: Joe_Li7 folded before Flop (didn't bet)
Seat 2: santacosta (button) folded before Flop (didn't bet)
Seat 3: LuckyShikari (small blind) folded before Flop
Seat 4: easy_sarcasm (big blind) collected ($1)
Seat 5: fataleggs13 folded before Flop (didn't bet)



PokerStars Hand #254255218823:  Hold'em No Limit ($0.50/$1.00 USD) - 2025/01/07 0:51:12 WET [2025/01/07 19:51:12 ET]
Table 'Mourao' 6-max Seat #3 is the button
Seat 6: CichiChanMarian ($117.32 in chips) is sitting out
Seat 1: Joe_Li7 ($113.26 in chips) 
Seat 2: santacosta ($47 in chips) 
Seat 3: LuckyShikari ($100 in chips) 
Seat 4: easy_sarcasm ($104.16 in chips) 
Seat 5: fataleggs13 ($119.93 in chips) 
easy_sarcasm: posts small blind $0.50
fataleggs13: posts big blind $1
CichiChanMarian: sits out 
*** HOLE CARDS ***
Joe_Li7: folds 
santacosta: raises $3 to $4
LuckyShikari: folds 
easy_sarcasm: folds 
fataleggs13: folds 
Uncalled bet ($3) returned to santacosta
santacosta collected $2.50 from pot
*** SUMMARY ***
Total pot $2.50 | Rake $0 
Seat 6: CichiChanMarian
Seat 1: Joe_Li7 folded before Flop (didn't bet)
Seat 2: santacosta collected ($2.50)
Seat 3: LuckyShikari (button) folded before Flop (didn't bet)
Seat 4: easy_sarcasm (small blind) folded before Flop
Seat 5: fataleggs13 (big blind) folded before Flop



PokerStars Hand #254255223401:  Hold'em No Limit ($0.50/$1.00 USD) - 2025/01/07 0:51:34 WET [2025/01/07 19:51:34 ET]
Table 'Mourao' 6-max Seat #4 is the button
Seat 1: Joe_Li7 ($113.26 in chips) 
Seat 2: santacosta ($48.50 in chips) 
Seat 3: LuckyShikari ($100 in chips) 
Seat 4: easy_sarcasm ($103.66 in chips) 
Seat 5: fataleggs13 ($118.93 in chips) 
Seat 6: CichiChanMarian ($117.32 in chips) 
fataleggs13: posts small blind $0.50
CichiChanMarian: posts big blind $1
*** HOLE CARDS ***
Joe_Li7: folds 
santacosta: calls $1
LuckyShikari: folds 
easy_sarcasm: folds 
fataleggs13: raises $3.50 to $4.50
CichiChanMarian: folds 
santacosta: calls $3.50
*** FLOP *** [4s 5h 6h]
fataleggs13: bets $7.13
santacosta: folds 
Uncalled bet ($7.13) returned to fataleggs13
fataleggs13 collected $9.50 from pot
fataleggs13: doesn't show hand 
*** SUMMARY ***
Total pot $10 | Rake $0.50 
Board [4s 5h 6h]
Seat 1: Joe_Li7 folded before Flop (didn't bet)
Seat 2: santacosta folded on the Flop
Seat 3: LuckyShikari folded before Flop (didn't bet)
Seat 4: easy_sarcasm (button) folded before Flop (didn't bet)
Seat 5: fataleggs13 (small blind) collected ($9.50)
Seat 6: CichiChanMarian (big blind) folded before Flop



PokerStars Hand #254255228212:  Hold'em No Limit ($0.50/$1.00 USD) - 2025/01/07 0:51:58 WET [2025/01/07 19:51:58 ET]
Table 'Mourao' 6-max Seat #5 is the button
Seat 1: Joe_Li7 ($113.26 in chips) 
Seat 2: santacosta ($44 in chips) 
Seat 3: LuckyShikari ($100 in chips) 
Seat 4: easy_sarcasm ($103.66 in chips) 
Seat 5: fataleggs13 ($123.93 in chips) 
Seat 6: CichiChanMarian ($116.32 in chips) 
CichiChanMarian: posts small blind $0.50
Joe_Li7: posts big blind $1
*** HOLE CARDS ***
santacosta: folds 
LuckyShikari: folds 
easy_sarcasm: folds 
fataleggs13: raises $1.50 to $2.50
CichiChanMarian: raises $10 to $12.50
Joe_Li7: folds 
fataleggs13: folds 
Uncalled bet ($10) returned to CichiChanMarian
CichiChanMarian collected $6 from pot
CichiChanMarian: doesn't show hand 
*** SUMMARY ***
Total pot $6 | Rake $0 
Seat 1: Joe_Li7 (big blind) folded before Flop
Seat 2: santacosta folded before Flop (didn't bet)
Seat 3: LuckyShikari folded before Flop (didn't bet)
Seat 4: easy_sarcasm folded before Flop (didn't bet)
Seat 5: fataleggs13 (button) folded before Flop
Seat 6: CichiChanMarian (small blind) collected ($6)



PokerStars Hand #254255232878:  Hold'em No Limit ($0.50/$1.00 USD) - 2025/01/07 0:52:22 WET [2025/01/07 19:52:22 ET]
Table 'Mourao' 6-max Seat #6 is the button
Seat 1: Joe_Li7 ($112.26 in chips) 
Seat 2: santacosta ($44 in chips) 
Seat 3: LuckyShikari ($100 in chips) 
Seat 4: easy_sarcasm ($103.66 in chips) 
Seat 5: fataleggs13 ($121.43 in chips) 
Seat 6: CichiChanMarian ($119.82 in chips) 
Joe_Li7: posts small blind $0.50
santacosta: posts big blind $1
*** HOLE CARDS ***
LuckyShikari: folds 
easy_sarcasm: raises $2 to $3
fataleggs13: folds 
CichiChanMarian: folds 
Joe_Li7: folds 
santacosta: calls $2
*** FLOP *** [3c 7s As]
santacosta: checks 
easy_sarcasm: checks 
*** TURN *** [3c 7s As] [2s]
santacosta: checks 
easy_sarcasm: bets $3.50
santacosta: calls $3.50
*** RIVER *** [3c 7s As 2s] [9c]
santacosta: bets $12.82
easy_sarcasm: calls $12.82
*** SHOW DOWN ***
santacosta: shows [Qd Ts] (high card Ace)
easy_sarcasm: shows [Ac Ah] (three of a kind, Aces)
easy_sarcasm collected $37.18 from pot
*** SUMMARY ***
Total pot $39.14 | Rake $1.96 
Board [3c 7s As 2s 9c]
Seat 1: Joe_Li7 (small blind) folded before Flop
Seat 2: santacosta (big blind) showed [Qd Ts] and lost with high card Ace
Seat 3: LuckyShikari folded before Flop (didn't bet)
Seat 4: easy_sarcasm showed [Ac Ah] and won ($37.18) with three of a kind, Aces
Seat 5: fataleggs13 folded before Flop (didn't bet)
Seat 6: CichiChanMarian (button) folded before Flop (didn't bet)



PokerStars Hand #254255241221:  Hold'em No Limit ($0.50/$1.00 USD) - 2025/01/07 0:53:04 WET [2025/01/07 19:53:04 ET]
Table 'Mourao' 6-max Seat #1 is the button
Seat 1: Joe_Li7 ($111.76 in chips) 
Seat 2: santacosta ($24.68 in chips) 
Seat 3: LuckyShikari ($100 in chips) 
Seat 4: easy_sarcasm ($121.52 in chips) 
Seat 5: fataleggs13 ($121.43 in chips) 
Seat 6: CichiChanMarian ($119.82 in chips) 
santacosta: posts small blind $0.50
LuckyShikari: posts big blind $1
*** HOLE CARDS ***
easy_sarcasm: folds 
fataleggs13: folds 
CichiChanMarian: folds 
Joe_Li7: folds 
santacosta: raises $2 to $3
LuckyShikari: folds 
Uncalled bet ($2) returned to santacosta
santacosta collected $2 from pot
*** SUMMARY ***
Total pot $2 | Rake $0 
Seat 1: Joe_Li7 (button) folded before Flop (didn't bet)
Seat 2: santacosta (small blind) collected ($2)
Seat 3: LuckyShikari (big blind) folded before Flop
Seat 4: easy_sarcasm folded before Flop (didn't bet)
Seat 5: fataleggs13 folded before Flop (didn't bet)
Seat 6: CichiChanMarian folded before Flop (didn't bet)



PokerStars Hand #254255244600:  Hold'em No Limit ($0.50/$1.00 USD) - 2025/01/07 0:53:21 WET [2025/01/07 19:53:21 ET]
Table 'Mourao' 6-max Seat #2 is the button
Seat 1: Joe_Li7 ($111.76 in chips) 
Seat 2: santacosta ($25.68 in chips) 
Seat 3: LuckyShikari ($100 in chips) 
Seat 4: easy_sarcasm ($121.52 in chips) 
Seat 5: fataleggs13 ($121.43 in chips) 
Seat 6: CichiChanMarian ($119.82 in chips) 
LuckyShikari: posts small blind $0.50
easy_sarcasm: posts big blind $1
*** HOLE CARDS ***
fataleggs13: raises $1.20 to $2.20
CichiChanMarian: folds 
Joe_Li7: folds 
santacosta: calls $2.20
LuckyShikari: folds 
easy_sarcasm: calls $1.20
*** FLOP *** [Kc 6s 2h]
easy_sarcasm: checks 
fataleggs13: bets $3.50
santacosta: calls $3.50
easy_sarcasm: folds 
*** TURN *** [Kc 6s 2h] [Ac]
fataleggs13: checks 
santacosta: checks 
*** RIVER *** [Kc 6s 2h Ac] [Ks]
fataleggs13: bets $115.73 and is all-in
santacosta: folds 
Uncalled bet ($115.73) returned to fataleggs13
fataleggs13 collected $13.40 from pot
fataleggs13: doesn't show hand 
*** SUMMARY ***
Total pot $14.10 | Rake $0.70 
Board [Kc 6s 2h Ac Ks]
Seat 1: Joe_Li7 folded before Flop (didn't bet)
Seat 2: santacosta (button) folded on the River
Seat 3: LuckyShikari (small blind) folded before Flop
Seat 4: easy_sarcasm (big blind) folded on the Flop
Seat 5: fataleggs13 collected ($13.40)
Seat 6: CichiChanMarian folded before Flop (didn't bet)



PokerStars Hand #254255255428:  Hold'em No Limit ($0.50/$1.00 USD) - 2025/01/07 0:54:16 WET [2025/01/07 19:54:16 ET]
Table 'Mourao' 6-max Seat #3 is the button
Seat 1: Joe_Li7 ($111.76 in chips) 
Seat 2: santacosta ($19.98 in chips) 
Seat 3: LuckyShikari ($100 in chips) 
Seat 4: easy_sarcasm ($119.32 in chips) 
Seat 5: fataleggs13 ($129.13 in chips) 
Seat 6: CichiChanMarian ($119.82 in chips) 
easy_sarcasm: posts small blind $0.50
fataleggs13: posts big blind $1
*** HOLE CARDS ***
CichiChanMarian: folds 
Joe_Li7: raises $1.20 to $2.20
santacosta: folds 
LuckyShikari: raises $6.80 to $9
easy_sarcasm: folds 
fataleggs13: folds 
Joe_Li7: raises $14 to $23
LuckyShikari: raises $14 to $37
Joe_Li7: raises $74.76 to $111.76 and is all-in
LuckyShikari: folds 
Uncalled bet ($74.76) returned to Joe_Li7
Joe_Li7 collected $75.50 from pot
*** SUMMARY ***
Total pot $75.50 | Rake $0 
Seat 1: Joe_Li7 collected ($75.50)
Seat 2: santacosta folded before Flop (didn't bet)
Seat 3: LuckyShikari (button) folded before Flop
Seat 4: easy_sarcasm (small blind) folded before Flop
Seat 5: fataleggs13 (big blind) folded before Flop
Seat 6: CichiChanMarian folded before Flop (didn't bet)



PokerStars Hand #254255269340:  Hold'em No Limit ($0.50/$1.00 USD) - 2025/01/07 0:55:32 WET [2025/01/07 19:55:32 ET]
Table 'Mourao' 6-max Seat #4 is the button
Seat 1: Joe_Li7 ($150.26 in chips) 
Seat 2: santacosta ($19.98 in chips) 
Seat 3: LuckyShikari ($100 in chips) 
Seat 4: easy_sarcasm ($118.82 in chips) 
Seat 5: fataleggs13 ($128.13 in chips) 
Seat 6: CichiChanMarian ($119.82 in chips) 
fataleggs13: posts small blind $0.50
CichiChanMarian: posts big blind $1
*** HOLE CARDS ***
Joe_Li7: folds 
santacosta: folds 
LuckyShikari: raises $2.50 to $3.50
easy_sarcasm: raises $4.50 to $8
fataleggs13: folds 
CichiChanMarian: folds 
LuckyShikari: calls $4.50
*** FLOP *** [2d 6d Ts]
LuckyShikari: checks 
easy_sarcasm: bets $5.50
LuckyShikari: calls $5.50
*** TURN *** [2d 6d Ts] [Qs]
LuckyShikari: checks 
easy_sarcasm: bets $13.54
LuckyShikari: folds 
Uncalled bet ($13.54) returned to easy_sarcasm
easy_sarcasm collected $27.08 from pot
*** SUMMARY ***
Total pot $28.50 | Rake $1.42 
Board [2d 6d Ts Qs]
Seat 1: Joe_Li7 folded before Flop (didn't bet)
Seat 2: santacosta folded before Flop (didn't bet)
Seat 3: LuckyShikari folded on the Turn
Seat 4: easy_sarcasm (button) collected ($27.08)
Seat 5: fataleggs13 (small blind) folded before Flop
Seat 6: CichiChanMarian (big blind) folded before Flop



PokerStars Hand #254255281201:  Hold'em No Limit ($0.50/$1.00 USD) - 2025/01/07 0:56:47 WET [2025/01/07 19:56:47 ET]
Table 'Mourao' 6-max Seat #5 is the button
Seat 1: Joe_Li7 ($150.26 in chips) 
Seat 2: santacosta ($19.98 in chips) 
Seat 3: LuckyShikari ($100 in chips) 
Seat 4: easy_sarcasm ($132.40 in chips) 
Seat 5: fataleggs13 ($127.63 in chips) 
Seat 6: CichiChanMarian ($118.82 in chips) 
CichiChanMarian: posts small blind $0.50
Joe_Li7: posts big blind $1
*** HOLE CARDS ***
santacosta: folds 
LuckyShikari: folds 
easy_sarcasm: folds 
fataleggs13: folds 
CichiChanMarian: folds 
Uncalled bet ($0.50) returned to Joe_Li7
Joe_Li7 collected $1 from pot
*** SUMMARY ***
Total pot $1 | Rake $0 
Seat 1: Joe_Li7 (big blind) collected ($1)
Seat 2: santacosta folded before Flop (didn't bet)
Seat 3: LuckyShikari folded before Flop (didn't bet)
Seat 4: easy_sarcasm folded before Flop (didn't bet)
Seat 5: fataleggs13 (button) folded before Flop (didn't bet)
Seat 6: CichiChanMarian (small blind) folded before Flop



PokerStars Hand #254255286838:  Hold'em No Limit ($0.50/$1.00 USD) - 2025/01/07 0:57:22 WET [2025/01/07 19:57:22 ET]
Table 'Mourao' 6-max Seat #6 is the button
Seat 1: Joe_Li7 ($150.76 in chips) 
Seat 2: santacosta ($19.98 in chips) 
Seat 3: LuckyShikari ($100 in chips) 
Seat 4: easy_sarcasm ($132.40 in chips) 
Seat 5: fataleggs13 ($127.63 in chips) 
Seat 6: CichiChanMarian ($118.32 in chips) 
Joe_Li7: posts small blind $0.50
santacosta: posts big blind $1
*** HOLE CARDS ***
LuckyShikari: raises $2.50 to $3.50
easy_sarcasm: folds 
fataleggs13: folds 
CichiChanMarian: folds 
Joe_Li7: folds 
santacosta: folds 
Uncalled bet ($2.50) returned to LuckyShikari
LuckyShikari collected $2.50 from pot
LuckyShikari: doesn't show hand 
*** SUMMARY ***
Total pot $2.50 | Rake $0 
Seat 1: Joe_Li7 (small blind) folded before Flop
Seat 2: santacosta (big blind) folded before Flop
Seat 3: LuckyShikari collected ($2.50)
Seat 4: easy_sarcasm folded before Flop (didn't bet)
Seat 5: fataleggs13 folded before Flop (didn't bet)
Seat 6: CichiChanMarian (button) folded before Flop (didn't bet)



PokerStars Hand #254255289966:  Hold'em No Limit ($0.50/$1.00 USD) - 2025/01/07 0:57:42 WET [2025/01/07 19:57:42 ET]
Table 'Mourao' 6-max Seat #1 is the button
Seat 1: Joe_Li7 ($150.26 in chips) 
Seat 2: santacosta ($18.98 in chips) 
Seat 3: LuckyShikari ($101.50 in chips) 
Seat 4: easy_sarcasm ($132.40 in chips) 
Seat 5: fataleggs13 ($127.63 in chips) 
Seat 6: CichiChanMarian ($118.32 in chips) 
santacosta: posts small blind $0.50
LuckyShikari: posts big blind $1
*** HOLE CARDS ***
easy_sarcasm: folds 
fataleggs13: raises $1.20 to $2.20
easy_sarcasm leaves the table
CichiChanMarian: folds 
Joe_Li7: folds 
santacosta: folds 
LuckyShikari: raises $11.80 to $14
fataleggs13: folds 
Uncalled bet ($11.80) returned to LuckyShikari
LuckyShikari collected $4.90 from pot
LuckyShikari: doesn't show hand 
*** SUMMARY ***
Total pot $4.90 | Rake $0 
Seat 1: Joe_Li7 (button) folded before Flop (didn't bet)
Seat 2: santacosta (small blind) folded before Flop
Seat 3: LuckyShikari (big blind) collected ($4.90)
Seat 4: easy_sarcasm folded before Flop (didn't bet)
Seat 5: fataleggs13 folded before Flop
Seat 6: CichiChanMarian folded before Flop (didn't bet)



PokerStars Hand #254255292501:  Hold'em No Limit ($0.50/$1.00 USD) - 2025/01/07 0:57:58 WET [2025/01/07 19:57:58 ET]
Table 'Mourao' 6-max Seat #2 is the button
Seat 1: Joe_Li7 ($150.26 in chips) 
Seat 2: santacosta ($18.48 in chips) 
Seat 3: LuckyShikari ($104.20 in chips) 
Seat 5: fataleggs13 ($125.43 in chips) 
Seat 6: CichiChanMarian ($118.32 in chips) 
LuckyShikari: posts small blind $0.50
fataleggs13: posts big blind $1
*** HOLE CARDS ***
CichiChanMarian: raises $1.50 to $2.50
Joe_Li7: folds 
santacosta: calls $2.50
LuckyShikari: folds 
GuigaMan joins the table at seat #4 
fataleggs13: calls $1.50
*** FLOP *** [8c 5c 9c]
fataleggs13: checks 
CichiChanMarian: bets $2.51
santacosta: raises $13.47 to $15.98 and is all-in
fataleggs13: raises $21.88 to $37.86
CichiChanMarian: folds 
Uncalled bet ($21.88) returned to fataleggs13
*** TURN *** [8c 5c 9c] [Kh]
*** RIVER *** [8c 5c 9c Kh] [4d]
*** SHOW DOWN ***
fataleggs13: shows [2c 6c] (a flush, Nine high)
santacosta: shows [Tc Kd] (a pair of Kings)
fataleggs13 collected $40.35 from pot
*** SUMMARY ***
Total pot $42.47 | Rake $2.12 
Board [8c 5c 9c Kh 4d]
Seat 1: Joe_Li7 folded before Flop (didn't bet)
Seat 2: santacosta (button) showed [Tc Kd] and lost with a pair of Kings
Seat 3: LuckyShikari (small blind) folded before Flop
Seat 5: fataleggs13 (big blind) showed [2c 6c] and won ($40.35) with a flush, Nine high
Seat 6: CichiChanMarian folded on the Flop



PokerStars Hand #254255299349:  Hold'em No Limit ($0.50/$1.00 USD) - 2025/01/07 0:58:42 WET [2025/01/07 19:58:42 ET]
Table 'Mourao' 6-max Seat #3 is the button
Seat 2: santacosta ($0 in chips) is sitting out
Seat 4: GuigaMan ($100 in chips) is sitting out
Seat 1: Joe_Li7 ($150.26 in chips) 
Seat 3: LuckyShikari ($103.70 in chips) 
Seat 5: fataleggs13 ($147.30 in chips) 
Seat 6: CichiChanMarian ($113.31 in chips) 
fataleggs13: posts small blind $0.50
CichiChanMarian: posts big blind $1
*** HOLE CARDS ***
Joe_Li7: folds 
LuckyShikari: raises $1.50 to $2.50
fataleggs13: folds 
CichiChanMarian: folds 
Uncalled bet ($1.50) returned to LuckyShikari
LuckyShikari collected $2.50 from pot
LuckyShikari: doesn't show hand 
*** SUMMARY ***
Total pot $2.50 | Rake $0 
Seat 2: santacosta
Seat 4: GuigaMan
Seat 1: Joe_Li7 folded before Flop (didn't bet)
Seat 3: LuckyShikari (button) collected ($2.50)
Seat 5: fataleggs13 (small blind) folded before Flop
Seat 6: CichiChanMarian (big blind) folded before Flop



PokerStars Hand #254255301418:  Hold'em No Limit ($0.50/$1.00 USD) - 2025/01/07 0:58:55 WET [2025/01/07 19:58:55 ET]
Table 'Mourao' 6-max Seat #5 is the button
Seat 1: Joe_Li7 ($150.26 in chips) is sitting out
Seat 2: santacosta ($0 in chips) is sitting out
Seat 4: GuigaMan ($100 in chips) is sitting out
Seat 3: LuckyShikari ($105.20 in chips) 
Seat 5: fataleggs13 ($146.80 in chips) 
Seat 6: CichiChanMarian ($112.31 in chips) 
CichiChanMarian: posts small blind $0.50
Joe_Li7: is sitting out 
LuckyShikari: posts big blind $1
GuigaMan: sits out 
*** HOLE CARDS ***
fataleggs13: folds 
CichiChanMarian: raises $2 to $3
LuckyShikari: raises $6 to $9
Joe_Li7 leaves the table
CichiChanMarian: folds 
Uncalled bet ($6) returned to LuckyShikari
LuckyShikari collected $6 from pot
LuckyShikari: doesn't show hand 
*** SUMMARY ***
Total pot $6 | Rake $0 
Seat 1: Joe_Li7
Seat 2: santacosta
Seat 4: GuigaMan
Seat 3: LuckyShikari (big blind) collected ($6)
Seat 5: fataleggs13 (button) folded before Flop (didn't bet)
Seat 6: CichiChanMarian (small blind) folded before Flop



PokerStars Hand #254255305505:  Hold'em No Limit ($0.50/$1.00 USD) - 2025/01/07 0:59:20 WET [2025/01/07 19:59:20 ET]
Table 'Mourao' 6-max Seat #6 is the button
Seat 2: santacosta ($0 in chips) is sitting out
Seat 3: LuckyShikari ($108.20 in chips) 
Seat 4: GuigaMan ($100 in chips) 
Seat 5: fataleggs13 ($146.80 in chips) 
Seat 6: CichiChanMarian ($109.31 in chips) 
LuckyShikari: posts small blind $0.50
GuigaMan: posts big blind $1
*** HOLE CARDS ***
fataleggs13: raises $1.20 to $2.20
CichiChanMarian: folds 
LuckyShikari: raises $12.80 to $15
GuigaMan: folds 
fataleggs13: folds 
Uncalled bet ($12.80) returned to LuckyShikari
LuckyShikari collected $5.40 from pot
LuckyShikari: doesn't show hand 
*** SUMMARY ***
Total pot $5.40 | Rake $0 
Seat 2: santacosta
Seat 3: LuckyShikari (small blind) collected ($5.40)
Seat 4: GuigaMan (big blind) folded before Flop
Seat 5: fataleggs13 folded before Flop
Seat 6: CichiChanMarian (button) folded before Flop (didn't bet)



PokerStars Hand #254255309322:  Hold'em No Limit ($0.50/$1.00 USD) - 2025/01/07 0:59:44 WET [2025/01/07 19:59:44 ET]
Table 'Mourao' 6-max Seat #4 is the button
Seat 2: santacosta ($0 in chips) is sitting out
Seat 5: fataleggs13 ($144.60 in chips) is sitting out
Seat 6: CichiChanMarian ($109.31 in chips) is sitting out
Seat 3: LuckyShikari ($111.40 in chips) 
Seat 4: GuigaMan ($100 in chips) 
GuigaMan: posts small blind $0.50
fataleggs13: is sitting out 
CichiChanMarian: is sitting out 
LuckyShikari: posts big blind $1
*** HOLE CARDS ***
GuigaMan: raises $1.10 to $2.10
LuckyShikari: folds 
Uncalled bet ($1.10) returned to GuigaMan
GuigaMan collected $2 from pot
GuigaMan: doesn't show hand 
fataleggs13 leaves the table
*** SUMMARY ***
Total pot $2 | Rake $0 
Seat 2: santacosta
Seat 5: fataleggs13
Seat 6: CichiChanMarian
Seat 3: LuckyShikari (big blind) folded before Flop
Seat 4: GuigaMan (button) (small blind) collected ($2)



