PokerStars Hand #254254211353:  Hold'em No Limit ($0.50/$1.00 USD) - 2025/01/07 23:36:03 WET [2025/01/07 18:36:03 ET]
Table 'Menkent II' 6-max Seat #6 is the button
Seat 2: ptolejmus ($10 in chips) is sitting out
Seat 1: Beardfoot ($100.50 in chips) 
Seat 3: abdollar1995 ($40.36 in chips) 
Seat 4: Espada Fish ($104.70 in chips) 
Seat 5: BarnyukAV ($101.50 in chips) 
Seat 6: Manifestorr ($71.31 in chips) 
Beardfoot: posts small blind $0.50
abdollar1995: posts big blind $1
*** HOLE CARDS ***
Espada Fish: folds 
BarnyukAV: raises $1.50 to $2.50
Manifestorr: raises $5.50 to $8
Beardfoot: folds 
abdollar1995: folds 
BarnyukAV: folds 
Uncalled bet ($5.50) returned to Manifestorr
Manifestorr collected $6.50 from pot
*** SUMMARY ***
Total pot $6.50 | Rake $0 
Seat 2: ptolejmus
Seat 1: Beardfoot (small blind) folded before Flop
Seat 3: abdollar1995 (big blind) folded before Flop
Seat 4: Espada Fish folded before Flop (didn't bet)
Seat 5: BarnyukAV folded before Flop
Seat 6: Manifestorr (button) collected ($6.50)



PokerStars Hand #254254218213:  Hold'em No Limit ($0.50/$1.00 USD) - 2025/01/07 23:36:29 WET [2025/01/07 18:36:29 ET]
Table 'Menkent II' 6-max Seat #1 is the button
Seat 2: ptolejmus ($10 in chips) is sitting out
Seat 1: Beardfoot ($100 in chips) 
Seat 3: abdollar1995 ($39.36 in chips) 
Seat 4: Espada Fish ($104.70 in chips) 
Seat 5: BarnyukAV ($100 in chips) 
Seat 6: Manifestorr ($75.31 in chips) 
abdollar1995: posts small blind $0.50
Espada Fish: posts big blind $1
*** HOLE CARDS ***
BarnyukAV: raises $1 to $2
Manifestorr: folds 
Beardfoot: folds 
abdollar1995: folds 
Espada Fish: folds 
Uncalled bet ($1) returned to BarnyukAV
BarnyukAV collected $2.50 from pot
*** SUMMARY ***
Total pot $2.50 | Rake $0 
Seat 2: ptolejmus
Seat 1: Beardfoot (button) folded before Flop (didn't bet)
Seat 3: abdollar1995 (small blind) folded before Flop
Seat 4: Espada Fish (big blind) folded before Flop
Seat 5: BarnyukAV collected ($2.50)
Seat 6: Manifestorr folded before Flop (didn't bet)



PokerStars Hand #254254221099:  Hold'em No Limit ($0.50/$1.00 USD) - 2025/01/07 23:36:40 WET [2025/01/07 18:36:40 ET]
Table 'Menkent II' 6-max Seat #3 is the button
Seat 2: ptolejmus ($10 in chips) is sitting out
Seat 5: BarnyukAV ($101.50 in chips) is sitting out
Seat 1: Beardfoot ($100 in chips) 
Seat 3: abdollar1995 ($38.86 in chips) 
Seat 4: Espada Fish ($103.70 in chips) 
Seat 6: Manifestorr ($75.31 in chips) 
Espada Fish: posts small blind $0.50
BarnyukAV: is sitting out 
Manifestorr: posts big blind $1
*** HOLE CARDS ***
Beardfoot: folds 
abdollar1995: calls $1
Espada Fish: folds 
Manifestorr: raises $4 to $5
abdollar1995: calls $4
*** FLOP *** [9h 6h 9d]
Manifestorr: bets $4.99
abdollar1995: folds 
Uncalled bet ($4.99) returned to Manifestorr
Manifestorr collected $9.98 from pot
*** SUMMARY ***
Total pot $10.50 | Rake $0.52 
Board [9h 6h 9d]
Seat 2: ptolejmus
Seat 5: BarnyukAV
Seat 1: Beardfoot folded before Flop (didn't bet)
Seat 3: abdollar1995 (button) folded on the Flop
Seat 4: Espada Fish (small blind) folded before Flop
Seat 6: Manifestorr (big blind) collected ($9.98)



PokerStars Hand #254254228562:  Hold'em No Limit ($0.50/$1.00 USD) - 2025/01/07 23:37:08 WET [2025/01/07 18:37:08 ET]
Table 'Menkent II' 6-max Seat #4 is the button
Seat 2: ptolejmus ($10 in chips) is sitting out
Seat 5: BarnyukAV ($101.50 in chips) is sitting out
Seat 1: Beardfoot ($100 in chips) 
Seat 3: abdollar1995 ($33.86 in chips) 
Seat 4: Espada Fish ($103.20 in chips) 
Seat 6: Manifestorr ($100 in chips) 
Manifestorr: posts small blind $0.50
Beardfoot: posts big blind $1
*** HOLE CARDS ***
BarnyukAV leaves the table
abdollar1995: calls $1
Espada Fish: folds 
Manifestorr: calls $0.50
LuckyShikari joins the table at seat #5 
Beardfoot: raises $1.50 to $2.50
abdollar1995: calls $1.50
Manifestorr: calls $1.50
*** FLOP *** [6c 4c Ac]
Manifestorr: checks 
Beardfoot: bets $4.50
abdollar1995: raises $26.86 to $31.36 and is all-in
Manifestorr: folds 
Beardfoot: folds 
Uncalled bet ($26.86) returned to abdollar1995
abdollar1995 collected $15.68 from pot
*** SUMMARY ***
Total pot $16.50 | Rake $0.82 
Board [6c 4c Ac]
Seat 2: ptolejmus
Seat 5: BarnyukAV
Seat 1: Beardfoot (big blind) folded on the Flop
Seat 3: abdollar1995 collected ($15.68)
Seat 4: Espada Fish (button) folded before Flop (didn't bet)
Seat 6: Manifestorr (small blind) folded on the Flop



PokerStars Hand #254254240947:  Hold'em No Limit ($0.50/$1.00 USD) - 2025/01/07 23:37:55 WET [2025/01/07 18:37:55 ET]
Table 'Menkent II' 6-max Seat #6 is the button
Seat 2: ptolejmus ($10 in chips) is sitting out
Seat 5: LuckyShikari ($100 in chips) is sitting out
Seat 1: Beardfoot ($93 in chips) 
Seat 3: abdollar1995 ($42.54 in chips) 
Seat 4: Espada Fish ($103.20 in chips) 
Seat 6: Manifestorr ($100 in chips) 
Beardfoot: posts small blind $0.50
abdollar1995: posts big blind $1
LuckyShikari: sits out 
*** HOLE CARDS ***
Espada Fish: folds 
Manifestorr: folds 
Beardfoot: folds 
Uncalled bet ($0.50) returned to abdollar1995
abdollar1995 collected $1 from pot
*** SUMMARY ***
Total pot $1 | Rake $0 
Seat 2: ptolejmus
Seat 5: LuckyShikari
Seat 1: Beardfoot (small blind) folded before Flop
Seat 3: abdollar1995 (big blind) collected ($1)
Seat 4: Espada Fish folded before Flop (didn't bet)
Seat 6: Manifestorr (button) folded before Flop (didn't bet)



PokerStars Hand #254254242761:  Hold'em No Limit ($0.50/$1.00 USD) - 2025/01/07 23:38:02 WET [2025/01/07 18:38:02 ET]
Table 'Menkent II' 6-max Seat #1 is the button
Seat 2: ptolejmus ($10 in chips) is sitting out
Seat 5: LuckyShikari ($100 in chips) is sitting out
Seat 1: Beardfoot ($92.50 in chips) 
Seat 3: abdollar1995 ($43.04 in chips) 
Seat 4: Espada Fish ($103.20 in chips) 
Seat 6: Manifestorr ($100 in chips) 
abdollar1995: posts small blind $0.50
Espada Fish: posts big blind $1
LuckyShikari: sits out 
*** HOLE CARDS ***
Manifestorr: folds 
Beardfoot: folds 
abdollar1995: folds 
Uncalled bet ($0.50) returned to Espada Fish
Espada Fish collected $1 from pot
Espada Fish: doesn't show hand 
*** SUMMARY ***
Total pot $1 | Rake $0 
Seat 2: ptolejmus
Seat 5: LuckyShikari
Seat 1: Beardfoot (button) folded before Flop (didn't bet)
Seat 3: abdollar1995 (small blind) folded before Flop
Seat 4: Espada Fish (big blind) collected ($1)
Seat 6: Manifestorr folded before Flop (didn't bet)



PokerStars Hand #254254245626:  Hold'em No Limit ($0.50/$1.00 USD) - 2025/01/07 23:38:13 WET [2025/01/07 18:38:13 ET]
Table 'Menkent II' 6-max Seat #3 is the button
Seat 2: ptolejmus ($10 in chips) is sitting out
Seat 1: Beardfoot ($92.50 in chips) 
Seat 3: abdollar1995 ($42.54 in chips) 
Seat 4: Espada Fish ($103.70 in chips) 
Seat 5: LuckyShikari ($100 in chips) 
Seat 6: Manifestorr ($100 in chips) 
Espada Fish: posts small blind $0.50
LuckyShikari: posts big blind $1
*** HOLE CARDS ***
Manifestorr: folds 
Beardfoot: folds 
abdollar1995: calls $1
Espada Fish: folds 
LuckyShikari: raises $5 to $6
abdollar1995: calls $5
*** FLOP *** [Qh 4h 5d]
LuckyShikari: bets $1
abdollar1995: calls $1
*** TURN *** [Qh 4h 5d] [7d]
LuckyShikari: checks 
abdollar1995: checks 
*** RIVER *** [Qh 4h 5d 7d] [Qs]
LuckyShikari: bets $11.99
abdollar1995: folds 
Uncalled bet ($11.99) returned to LuckyShikari
LuckyShikari collected $13.78 from pot
LuckyShikari: doesn't show hand 
*** SUMMARY ***
Total pot $14.50 | Rake $0.72 
Board [Qh 4h 5d 7d Qs]
Seat 2: ptolejmus
Seat 1: Beardfoot folded before Flop (didn't bet)
Seat 3: abdollar1995 (button) folded on the River
Seat 4: Espada Fish (small blind) folded before Flop
Seat 5: LuckyShikari (big blind) collected ($13.78)
Seat 6: Manifestorr folded before Flop (didn't bet)



PokerStars Hand #254254257117:  Hold'em No Limit ($0.50/$1.00 USD) - 2025/01/07 23:38:58 WET [2025/01/07 18:38:58 ET]
Table 'Menkent II' 6-max Seat #4 is the button
Seat 2: ptolejmus ($10 in chips) is sitting out
Seat 1: Beardfoot ($100 in chips) 
Seat 3: abdollar1995 ($35.54 in chips) 
Seat 4: Espada Fish ($103.20 in chips) 
Seat 5: LuckyShikari ($106.78 in chips) 
Seat 6: Manifestorr ($100 in chips) 
LuckyShikari: posts small blind $0.50
Manifestorr: posts big blind $1
*** HOLE CARDS ***
Beardfoot: raises $1.50 to $2.50
abdollar1995: folds 
Espada Fish: folds 
LuckyShikari: folds 
Manifestorr: folds 
Uncalled bet ($1.50) returned to Beardfoot
Beardfoot collected $2.50 from pot
Beardfoot: doesn't show hand 
*** SUMMARY ***
Total pot $2.50 | Rake $0 
Seat 2: ptolejmus
Seat 1: Beardfoot collected ($2.50)
Seat 3: abdollar1995 folded before Flop (didn't bet)
Seat 4: Espada Fish (button) folded before Flop (didn't bet)
Seat 5: LuckyShikari (small blind) folded before Flop
Seat 6: Manifestorr (big blind) folded before Flop



PokerStars Hand #254254260064:  Hold'em No Limit ($0.50/$1.00 USD) - 2025/01/07 23:39:09 WET [2025/01/07 18:39:09 ET]
Table 'Menkent II' 6-max Seat #5 is the button
Seat 2: ptolejmus ($10 in chips) is sitting out
Seat 1: Beardfoot ($101.50 in chips) 
Seat 3: abdollar1995 ($35.54 in chips) 
Seat 4: Espada Fish ($103.20 in chips) 
Seat 5: LuckyShikari ($106.28 in chips) 
Seat 6: Manifestorr ($100 in chips) 
Manifestorr: posts small blind $0.50
Beardfoot: posts big blind $1
*** HOLE CARDS ***
abdollar1995: calls $1
Espada Fish: folds 
LuckyShikari: raises $2.60 to $3.60
Manifestorr: folds 
Beardfoot: calls $2.60
abdollar1995: calls $2.60
*** FLOP *** [As Tc 6c]
Beardfoot: checks 
abdollar1995: checks 
LuckyShikari: checks 
*** TURN *** [As Tc 6c] [5c]
Beardfoot: checks 
abdollar1995: checks 
LuckyShikari: checks 
*** RIVER *** [As Tc 6c 5c] [9c]
Beardfoot: checks 
abdollar1995: bets $5.37
LuckyShikari: folds 
Beardfoot: folds 
Uncalled bet ($5.37) returned to abdollar1995
abdollar1995 collected $10.74 from pot
*** SUMMARY ***
Total pot $11.30 | Rake $0.56 
Board [As Tc 6c 5c 9c]
Seat 2: ptolejmus
Seat 1: Beardfoot (big blind) folded on the River
Seat 3: abdollar1995 collected ($10.74)
Seat 4: Espada Fish folded before Flop (didn't bet)
Seat 5: LuckyShikari (button) folded on the River
Seat 6: Manifestorr (small blind) folded before Flop



PokerStars Hand #254254277306:  Hold'em No Limit ($0.50/$1.00 USD) - 2025/01/07 23:40:15 WET [2025/01/07 18:40:15 ET]
Table 'Menkent II' 6-max Seat #6 is the button
Seat 2: ptolejmus ($10 in chips) is sitting out
Seat 1: Beardfoot ($97.90 in chips) 
Seat 3: abdollar1995 ($42.68 in chips) 
Seat 4: Espada Fish ($103.20 in chips) 
Seat 5: LuckyShikari ($102.68 in chips) 
Seat 6: Manifestorr ($100 in chips) 
Beardfoot: posts small blind $0.50
abdollar1995: posts big blind $1
*** HOLE CARDS ***
Espada Fish: folds 
LuckyShikari: raises $1 to $2
Manifestorr: folds 
Beardfoot: folds 
abdollar1995: calls $1
*** FLOP *** [Kc 5c 3s]
abdollar1995: checks 
LuckyShikari: bets $2
abdollar1995: folds 
Uncalled bet ($2) returned to LuckyShikari
LuckyShikari collected $4.28 from pot
ptolejmus leaves the table
LuckyShikari: doesn't show hand 
*** SUMMARY ***
Total pot $4.50 | Rake $0.22 
Board [Kc 5c 3s]
Seat 2: ptolejmus
Seat 1: Beardfoot (small blind) folded before Flop
Seat 3: abdollar1995 (big blind) folded on the Flop
Seat 4: Espada Fish folded before Flop (didn't bet)
Seat 5: LuckyShikari collected ($4.28)
Seat 6: Manifestorr (button) folded before Flop (didn't bet)



PokerStars Hand #254254284644:  Hold'em No Limit ($0.50/$1.00 USD) - 2025/01/07 23:40:43 WET [2025/01/07 18:40:43 ET]
Table 'Menkent II' 6-max Seat #1 is the button
Seat 1: Beardfoot ($97.40 in chips) 
Seat 3: abdollar1995 ($40.68 in chips) 
Seat 4: Espada Fish ($103.20 in chips) 
Seat 5: LuckyShikari ($104.96 in chips) 
Seat 6: Manifestorr ($100 in chips) 
abdollar1995: posts small blind $0.50
Espada Fish: posts big blind $1
*** HOLE CARDS ***
LuckyShikari: folds 
Manifestorr: raises $1.20 to $2.20
Rdalonso joins the table at seat #2 
Beardfoot: folds 
abdollar1995: folds 
Espada Fish: folds 
Uncalled bet ($1.20) returned to Manifestorr
Manifestorr collected $2.50 from pot
*** SUMMARY ***
Total pot $2.50 | Rake $0 
Seat 1: Beardfoot (button) folded before Flop (didn't bet)
Seat 3: abdollar1995 (small blind) folded before Flop
Seat 4: Espada Fish (big blind) folded before Flop
Seat 5: LuckyShikari folded before Flop (didn't bet)
Seat 6: Manifestorr collected ($2.50)



PokerStars Hand #254254291574:  Hold'em No Limit ($0.50/$1.00 USD) - 2025/01/07 23:41:10 WET [2025/01/07 18:41:10 ET]
Table 'Menkent II' 6-max Seat #3 is the button
Seat 2: Rdalonso ($100 in chips) is sitting out
Seat 1: Beardfoot ($97.40 in chips) 
Seat 3: abdollar1995 ($40.18 in chips) 
Seat 4: Espada Fish ($102.20 in chips) 
Seat 5: LuckyShikari ($104.96 in chips) 
Seat 6: Manifestorr ($101.50 in chips) 
Espada Fish: posts small blind $0.50
LuckyShikari: posts big blind $1
Rdalonso: sits out 
*** HOLE CARDS ***
Manifestorr: folds 
Beardfoot: raises $1.50 to $2.50
abdollar1995: folds 
Espada Fish: folds 
LuckyShikari: calls $1.50
*** FLOP *** [Ts Kd 3d]
LuckyShikari: checks 
Beardfoot: bets $3.50
LuckyShikari: folds 
Uncalled bet ($3.50) returned to Beardfoot
Beardfoot collected $5.22 from pot
Beardfoot: doesn't show hand 
*** SUMMARY ***
Total pot $5.50 | Rake $0.28 
Board [Ts Kd 3d]
Seat 2: Rdalonso
Seat 1: Beardfoot collected ($5.22)
Seat 3: abdollar1995 (button) folded before Flop (didn't bet)
Seat 4: Espada Fish (small blind) folded before Flop
Seat 5: LuckyShikari (big blind) folded on the Flop
Seat 6: Manifestorr folded before Flop (didn't bet)



PokerStars Hand #254254299109:  Hold'em No Limit ($0.50/$1.00 USD) - 2025/01/07 23:41:39 WET [2025/01/07 18:41:39 ET]
Table 'Menkent II' 6-max Seat #4 is the button
Seat 2: Rdalonso ($100 in chips) is sitting out
Seat 1: Beardfoot ($100.12 in chips) 
Seat 3: abdollar1995 ($40.18 in chips) 
Seat 4: Espada Fish ($101.70 in chips) 
Seat 5: LuckyShikari ($102.46 in chips) 
Seat 6: Manifestorr ($101.50 in chips) 
LuckyShikari: posts small blind $0.50
Manifestorr: posts big blind $1
Rdalonso: sits out 
*** HOLE CARDS ***
Beardfoot: folds 
abdollar1995: folds 
Espada Fish: folds 
LuckyShikari: raises $1 to $2
Manifestorr: folds 
Uncalled bet ($1) returned to LuckyShikari
LuckyShikari collected $2 from pot
LuckyShikari: doesn't show hand 
*** SUMMARY ***
Total pot $2 | Rake $0 
Seat 2: Rdalonso
Seat 1: Beardfoot folded before Flop (didn't bet)
Seat 3: abdollar1995 folded before Flop (didn't bet)
Seat 4: Espada Fish (button) folded before Flop (didn't bet)
Seat 5: LuckyShikari (small blind) collected ($2)
Seat 6: Manifestorr (big blind) folded before Flop



PokerStars Hand #254254303174:  Hold'em No Limit ($0.50/$1.00 USD) - 2025/01/07 23:41:55 WET [2025/01/07 18:41:55 ET]
Table 'Menkent II' 6-max Seat #5 is the button
Seat 2: Rdalonso ($100 in chips) is sitting out
Seat 1: Beardfoot ($100.12 in chips) 
Seat 3: abdollar1995 ($40.18 in chips) 
Seat 4: Espada Fish ($101.70 in chips) 
Seat 5: LuckyShikari ($103.46 in chips) 
Seat 6: Manifestorr ($100.50 in chips) 
Manifestorr: posts small blind $0.50
Beardfoot: posts big blind $1
Rdalonso: sits out 
*** HOLE CARDS ***
abdollar1995: folds 
Espada Fish: folds 
LuckyShikari: folds 
Manifestorr: folds 
Uncalled bet ($0.50) returned to Beardfoot
Beardfoot collected $1 from pot
Beardfoot: doesn't show hand 
*** SUMMARY ***
Total pot $1 | Rake $0 
Seat 2: Rdalonso
Seat 1: Beardfoot (big blind) collected ($1)
Seat 3: abdollar1995 folded before Flop (didn't bet)
Seat 4: Espada Fish folded before Flop (didn't bet)
Seat 5: LuckyShikari (button) folded before Flop (didn't bet)
Seat 6: Manifestorr (small blind) folded before Flop



PokerStars Hand #254254307119:  Hold'em No Limit ($0.50/$1.00 USD) - 2025/01/07 23:42:10 WET [2025/01/07 18:42:10 ET]
Table 'Menkent II' 6-max Seat #6 is the button
Seat 1: Beardfoot ($100.62 in chips) 
Seat 2: Rdalonso ($100 in chips) 
Seat 3: abdollar1995 ($40.18 in chips) 
Seat 4: Espada Fish ($101.70 in chips) 
Seat 5: LuckyShikari ($103.46 in chips) 
Seat 6: Manifestorr ($100 in chips) 
Beardfoot: posts small blind $0.50
Rdalonso: posts big blind $1
*** HOLE CARDS ***
abdollar1995: calls $1
Espada Fish: folds 
LuckyShikari: folds 
Manifestorr: folds 
Beardfoot: raises $1.50 to $2.50
Rdalonso: folds 
abdollar1995: calls $1.50
*** FLOP *** [Kh 5s As]
Beardfoot: checks 
abdollar1995: checks 
*** TURN *** [Kh 5s As] [6h]
Beardfoot: checks 
abdollar1995: checks 
*** RIVER *** [Kh 5s As 6h] [Ad]
Beardfoot: checks 
abdollar1995: bets $2.85
Beardfoot: folds 
Uncalled bet ($2.85) returned to abdollar1995
abdollar1995 collected $5.70 from pot
*** SUMMARY ***
Total pot $6 | Rake $0.30 
Board [Kh 5s As 6h Ad]
Seat 1: Beardfoot (small blind) folded on the River
Seat 2: Rdalonso (big blind) folded before Flop
Seat 3: abdollar1995 collected ($5.70)
Seat 4: Espada Fish folded before Flop (didn't bet)
Seat 5: LuckyShikari folded before Flop (didn't bet)
Seat 6: Manifestorr (button) folded before Flop (didn't bet)



PokerStars Hand #254254320817:  Hold'em No Limit ($0.50/$1.00 USD) - 2025/01/07 23:43:04 WET [2025/01/07 18:43:04 ET]
Table 'Menkent II' 6-max Seat #1 is the button
Seat 1: Beardfoot ($98.12 in chips) 
Seat 2: Rdalonso ($100 in chips) 
Seat 3: abdollar1995 ($43.38 in chips) 
Seat 4: Espada Fish ($101.70 in chips) 
Seat 5: LuckyShikari ($103.46 in chips) 
Seat 6: Manifestorr ($100 in chips) 
Rdalonso: posts small blind $0.50
abdollar1995: posts big blind $1
*** HOLE CARDS ***
Espada Fish: folds 
LuckyShikari: folds 
Manifestorr: folds 
Beardfoot: folds 
Rdalonso: folds 
Uncalled bet ($0.50) returned to abdollar1995
abdollar1995 collected $1 from pot
*** SUMMARY ***
Total pot $1 | Rake $0 
Seat 1: Beardfoot (button) folded before Flop (didn't bet)
Seat 2: Rdalonso (small blind) folded before Flop
Seat 3: abdollar1995 (big blind) collected ($1)
Seat 4: Espada Fish folded before Flop (didn't bet)
Seat 5: LuckyShikari folded before Flop (didn't bet)
Seat 6: Manifestorr folded before Flop (didn't bet)



PokerStars Hand #254254360290:  Hold'em No Limit ($0.50/$1.00 USD) - 2025/01/07 23:45:39 WET [2025/01/07 18:45:39 ET]
Table 'Menkent II' 6-max Seat #4 is the button
Seat 1: Beardfoot ($98.12 in chips) 
Seat 2: Rdalonso ($100 in chips) 
Seat 3: abdollar1995 ($37.50 in chips) 
Seat 4: Espada Fish ($115.98 in chips) 
Seat 5: LuckyShikari ($102.46 in chips) 
Seat 6: Manifestorr ($100 in chips) 
LuckyShikari: posts small blind $0.50
Manifestorr: posts big blind $1
*** HOLE CARDS ***
Beardfoot: calls $1
Rdalonso: folds 
abdollar1995: calls $1
Espada Fish: folds 
LuckyShikari: calls $0.50
Manifestorr: checks 
*** FLOP *** [5s 5c 3d]
LuckyShikari: checks 
Manifestorr: bets $1.25
Beardfoot: calls $1.25
abdollar1995: folds 
LuckyShikari: folds 
*** TURN *** [5s 5c 3d] [Js]
Manifestorr: bets $8.34
Beardfoot: folds 
Uncalled bet ($8.34) returned to Manifestorr
Manifestorr collected $6.18 from pot
*** SUMMARY ***
Total pot $6.50 | Rake $0.32 
Board [5s 5c 3d Js]
Seat 1: Beardfoot folded on the Turn
Seat 2: Rdalonso folded before Flop (didn't bet)
Seat 3: abdollar1995 folded on the Flop
Seat 4: Espada Fish (button) folded before Flop (didn't bet)
Seat 5: LuckyShikari (small blind) folded on the Flop
Seat 6: Manifestorr (big blind) collected ($6.18)



PokerStars Hand #254254372567:  Hold'em No Limit ($0.50/$1.00 USD) - 2025/01/07 23:46:28 WET [2025/01/07 18:46:28 ET]
Table 'Menkent II' 6-max Seat #5 is the button
Seat 1: Beardfoot ($95.87 in chips) 
Seat 2: Rdalonso ($100 in chips) 
Seat 3: abdollar1995 ($36.50 in chips) 
Seat 4: Espada Fish ($115.98 in chips) 
Seat 5: LuckyShikari ($101.46 in chips) 
Seat 6: Manifestorr ($103.93 in chips) 
Manifestorr: posts small blind $0.50
Beardfoot: posts big blind $1
*** HOLE CARDS ***
Rdalonso: folds 
abdollar1995: calls $1
Espada Fish: folds 
LuckyShikari: folds 
Manifestorr: folds 
Beardfoot: checks 
*** FLOP *** [9d 4c 8h]
Beardfoot: checks 
abdollar1995: bets $1.19
Beardfoot: folds 
Uncalled bet ($1.19) returned to abdollar1995
abdollar1995 collected $2.38 from pot
*** SUMMARY ***
Total pot $2.50 | Rake $0.12 
Board [9d 4c 8h]
Seat 1: Beardfoot (big blind) folded on the Flop
Seat 2: Rdalonso folded before Flop (didn't bet)
Seat 3: abdollar1995 collected ($2.38)
Seat 4: Espada Fish folded before Flop (didn't bet)
Seat 5: LuckyShikari (button) folded before Flop (didn't bet)
Seat 6: Manifestorr (small blind) folded before Flop



PokerStars Hand #254254380655:  Hold'em No Limit ($0.50/$1.00 USD) - 2025/01/07 23:47:00 WET [2025/01/07 18:47:00 ET]
Table 'Menkent II' 6-max Seat #6 is the button
Seat 1: Beardfoot ($94.87 in chips) 
Seat 2: Rdalonso ($100 in chips) 
Seat 3: abdollar1995 ($37.88 in chips) 
Seat 4: Espada Fish ($115.98 in chips) 
Seat 5: LuckyShikari ($101.46 in chips) 
Seat 6: Manifestorr ($103.43 in chips) 
Beardfoot: posts small blind $0.50
Rdalonso: posts big blind $1
*** HOLE CARDS ***
abdollar1995: folds 
Espada Fish: raises $1.20 to $2.20
LuckyShikari: folds 
Manifestorr: folds 
Beardfoot: folds 
Rdalonso: raises $9.80 to $12
Espada Fish: folds 
Uncalled bet ($9.80) returned to Rdalonso
Rdalonso collected $4.90 from pot
Rdalonso: doesn't show hand 
*** SUMMARY ***
Total pot $4.90 | Rake $0 
Seat 1: Beardfoot (small blind) folded before Flop
Seat 2: Rdalonso (big blind) collected ($4.90)
Seat 3: abdollar1995 folded before Flop (didn't bet)
Seat 4: Espada Fish folded before Flop
Seat 5: LuckyShikari folded before Flop (didn't bet)
Seat 6: Manifestorr (button) folded before Flop (didn't bet)



PokerStars Hand #254254385773:  Hold'em No Limit ($0.50/$1.00 USD) - 2025/01/07 23:47:21 WET [2025/01/07 18:47:21 ET]
Table 'Menkent II' 6-max Seat #1 is the button
Seat 1: Beardfoot ($94.37 in chips) 
Seat 2: Rdalonso ($102.70 in chips) 
Seat 3: abdollar1995 ($37.88 in chips) 
Seat 4: Espada Fish ($113.78 in chips) 
Seat 5: LuckyShikari ($101.46 in chips) 
Seat 6: Manifestorr ($103.43 in chips) 
Rdalonso: posts small blind $0.50
abdollar1995: posts big blind $1
*** HOLE CARDS ***
Espada Fish: folds 
LuckyShikari: folds 
Manifestorr: folds 
Beardfoot: folds 
Rdalonso: raises $2 to $3
abdollar1995: calls $2
*** FLOP *** [Js 4s Qh]
Rdalonso: bets $1.88
abdollar1995: calls $1.88
*** TURN *** [Js 4s Qh] [4d]
Rdalonso: bets $11.77
abdollar1995: folds 
Uncalled bet ($11.77) returned to Rdalonso
Rdalonso collected $9.27 from pot
Rdalonso: doesn't show hand 
*** SUMMARY ***
Total pot $9.76 | Rake $0.49 
Board [Js 4s Qh 4d]
Seat 1: Beardfoot (button) folded before Flop (didn't bet)
Seat 2: Rdalonso (small blind) collected ($9.27)
Seat 3: abdollar1995 (big blind) folded on the Turn
Seat 4: Espada Fish folded before Flop (didn't bet)
Seat 5: LuckyShikari folded before Flop (didn't bet)
Seat 6: Manifestorr folded before Flop (didn't bet)



PokerStars Hand #254254398395:  Hold'em No Limit ($0.50/$1.00 USD) - 2025/01/07 23:48:12 WET [2025/01/07 18:48:12 ET]
Table 'Menkent II' 6-max Seat #2 is the button
Seat 4: Espada Fish ($113.78 in chips) is sitting out
Seat 1: Beardfoot ($94.37 in chips) 
Seat 2: Rdalonso ($107.09 in chips) 
Seat 3: abdollar1995 ($33 in chips) 
Seat 5: LuckyShikari ($101.46 in chips) 
Seat 6: Manifestorr ($103.43 in chips) 
abdollar1995: posts small blind $0.50
Espada Fish: is sitting out 
LuckyShikari: posts big blind $1
*** HOLE CARDS ***
Manifestorr: folds 
Beardfoot: folds 
Rdalonso: folds 
abdollar1995: calls $0.50
LuckyShikari: raises $5 to $6
Espada Fish leaves the table
abdollar1995: calls $5
*** FLOP *** [As Ah Th]
abdollar1995: checks 
LuckyShikari: bets $1
abdollar1995: raises $26 to $27 and is all-in
LuckyShikari: calls $26
*** TURN *** [As Ah Th] [7d]
*** RIVER *** [As Ah Th 7d] [3s]
*** SHOW DOWN ***
abdollar1995: shows [Qh 9d] (a pair of Aces)
LuckyShikari: shows [Ac Ad] (four of a kind, Aces)
LuckyShikari collected $63.50 from pot
*** SUMMARY ***
Total pot $66 | Rake $2.50 
Board [As Ah Th 7d 3s]
Seat 4: Espada Fish
Seat 1: Beardfoot folded before Flop (didn't bet)
Seat 2: Rdalonso (button) folded before Flop (didn't bet)
Seat 3: abdollar1995 (small blind) showed [Qh 9d] and lost with a pair of Aces
Seat 5: LuckyShikari (big blind) showed [Ac Ad] and won ($63.50) with four of a kind, Aces
Seat 6: Manifestorr folded before Flop (didn't bet)



PokerStars Hand #254254406629:  Hold'em No Limit ($0.50/$1.00 USD) - 2025/01/07 23:48:46 WET [2025/01/07 18:48:46 ET]
Table 'Menkent II' 6-max Seat #5 is the button
Seat 3: abdollar1995 ($0 in chips) is sitting out
Seat 1: Beardfoot ($94.37 in chips) 
Seat 2: Rdalonso ($107.09 in chips) 
Seat 5: LuckyShikari ($131.96 in chips) 
Seat 6: Manifestorr ($103.43 in chips) 
Manifestorr: posts small blind $0.50
Beardfoot: posts big blind $1
*** HOLE CARDS ***
Rdalonso: folds 
LuckyShikari: raises $1 to $2
abdollar1995 leaves the table
Manifestorr: folds 
Beardfoot: calls $1
*** FLOP *** [4h 9c 8c]
Beardfoot: checks 
LuckyShikari: bets $4.96
Beardfoot: calls $4.96
*** TURN *** [4h 9c 8c] [Qd]
Beardfoot: checks 
LuckyShikari: bets $10
Beardfoot: calls $10
*** RIVER *** [4h 9c 8c Qd] [5d]
Beardfoot: checks 
LuckyShikari: checks 
*** SHOW DOWN ***
Beardfoot: shows [Kc 4c] (a pair of Fours)
LuckyShikari: shows [As Ad] (a pair of Aces)
LuckyShikari collected $33.42 from pot
*** SUMMARY ***
Total pot $34.42 | Rake $1 
Board [4h 9c 8c Qd 5d]
Seat 3: abdollar1995
Seat 1: Beardfoot (big blind) showed [Kc 4c] and lost with a pair of Fours
Seat 2: Rdalonso folded before Flop (didn't bet)
Seat 5: LuckyShikari (button) showed [As Ad] and won ($33.42) with a pair of Aces
Seat 6: Manifestorr (small blind) folded before Flop



PokerStars Hand #254254421089:  Hold'em No Limit ($0.50/$1.00 USD) - 2025/01/07 23:49:45 WET [2025/01/07 18:49:45 ET]
Table 'Menkent II' 6-max Seat #6 is the button
Seat 1: Beardfoot ($77.41 in chips) 
Seat 2: Rdalonso ($107.09 in chips) 
Seat 5: LuckyShikari ($148.42 in chips) 
Seat 6: Manifestorr ($102.93 in chips) 
Beardfoot: posts small blind $0.50
Rdalonso: posts big blind $1
*** HOLE CARDS ***
LuckyShikari: folds 
Manifestorr: raises $1.20 to $2.20
Beardfoot: raises $5.30 to $7.50
Rdalonso: folds 
Manifestorr: calls $5.30
*** FLOP *** [Ac Th 9s]
Beardfoot: bets $8
Manifestorr: calls $8
*** TURN *** [Ac Th 9s] [8h]
Beardfoot: checks 
guirib8ir0 joins the table at seat #3 
Manifestorr: checks 
*** RIVER *** [Ac Th 9s 8h] [Jh]
Beardfoot: checks 
Manifestorr: bets $15.50
Beardfoot: folds 
Uncalled bet ($15.50) returned to Manifestorr
Manifestorr collected $31 from pot
*** SUMMARY ***
Total pot $32 | Rake $1 
Board [Ac Th 9s 8h Jh]
Seat 1: Beardfoot (small blind) folded on the River
Seat 2: Rdalonso (big blind) folded before Flop
Seat 5: LuckyShikari folded before Flop (didn't bet)
Seat 6: Manifestorr (button) collected ($31)



PokerStars Hand #254254436527:  Hold'em No Limit ($0.50/$1.00 USD) - 2025/01/07 23:50:49 WET [2025/01/07 18:50:49 ET]
Table 'Menkent II' 6-max Seat #1 is the button
Seat 1: Beardfoot ($61.91 in chips) 
Seat 2: Rdalonso ($106.09 in chips) 
Seat 3: guirib8ir0 ($100 in chips) 
Seat 5: LuckyShikari ($148.42 in chips) 
Seat 6: Manifestorr ($118.43 in chips) 
Rdalonso: posts small blind $0.50
guirib8ir0: posts big blind $1
*** HOLE CARDS ***
LuckyShikari: raises $1 to $2
Manifestorr: raises $4.50 to $6.50
Beardfoot: folds 
Rdalonso: raises $12 to $18.50
guirib8ir0: folds 
LuckyShikari: folds 
Manifestorr: folds 
Uncalled bet ($12) returned to Rdalonso
Rdalonso collected $16 from pot
Rdalonso: doesn't show hand 
*** SUMMARY ***
Total pot $16 | Rake $0 
Seat 1: Beardfoot (button) folded before Flop (didn't bet)
Seat 2: Rdalonso (small blind) collected ($16)
Seat 3: guirib8ir0 (big blind) folded before Flop
Seat 5: LuckyShikari folded before Flop
Seat 6: Manifestorr folded before Flop



PokerStars Hand #254254607076:  Hold'em No Limit ($0.50/$1.00 USD) - 2025/01/07 0:03:59 WET [2025/01/07 19:03:59 ET]
Table 'Menkent II' 6-max Seat #2 is the button
Seat 2: Kakamiro1234 ($100 in chips) 
Seat 3: guirib8ir0 ($100 in chips) 
Seat 6: ptolejmus ($10 in chips) 
guirib8ir0: posts small blind $0.50
ptolejmus: posts big blind $1
*** HOLE CARDS ***
Kakamiro1234: folds 
Bessie0009 joins the table at seat #5 
Bessie0009 is disconnected 
guirib8ir0: folds 
Uncalled bet ($0.50) returned to ptolejmus
ptolejmus collected $1 from pot
easy_sarcasm joins the table at seat #1 
*** SUMMARY ***
Total pot $1 | Rake $0 
Seat 2: Kakamiro1234 (button) folded before Flop (didn't bet)
Seat 3: guirib8ir0 (small blind) folded before Flop
Seat 6: ptolejmus (big blind) collected ($1)



PokerStars Hand #254254611389:  Hold'em No Limit ($0.50/$1.00 USD) - 2025/01/07 0:04:18 WET [2025/01/07 19:04:18 ET]
Table 'Menkent II' 6-max Seat #3 is the button
Seat 5: Bessie0009 ($24.20 in chips) is sitting out
Seat 1: easy_sarcasm ($100 in chips) 
Seat 2: Kakamiro1234 ($100 in chips) 
Seat 3: guirib8ir0 ($100 in chips) 
Seat 6: ptolejmus ($10.50 in chips) 
ptolejmus: posts small blind $0.50
easy_sarcasm: posts big blind $1
*** HOLE CARDS ***
CichiChanMarian joins the table at seat #4 
Kakamiro1234: folds 
guirib8ir0: raises $1.50 to $2.50
ptolejmus: folds 
easy_sarcasm: folds 
Uncalled bet ($1.50) returned to guirib8ir0
guirib8ir0 collected $2.50 from pot
*** SUMMARY ***
Total pot $2.50 | Rake $0 
Seat 5: Bessie0009
Seat 1: easy_sarcasm (big blind) folded before Flop
Seat 2: Kakamiro1234 folded before Flop (didn't bet)
Seat 3: guirib8ir0 (button) collected ($2.50)
Seat 6: ptolejmus (small blind) folded before Flop



PokerStars Hand #254254615192:  Hold'em No Limit ($0.50/$1.00 USD) - 2025/01/07 0:04:34 WET [2025/01/07 19:04:34 ET]
Table 'Menkent II' 6-max Seat #6 is the button
Seat 4: CichiChanMarian ($100 in chips) is sitting out
Seat 5: Bessie0009 ($24.20 in chips) is sitting out
Seat 1: easy_sarcasm ($100 in chips) 
Seat 2: Kakamiro1234 ($100 in chips) 
Seat 3: guirib8ir0 ($101.50 in chips) 
Seat 6: ptolejmus ($10 in chips) 
easy_sarcasm: posts small blind $0.50
Kakamiro1234: posts big blind $1
CichiChanMarian: sits out 
Bessie0009: sits out 
*** HOLE CARDS ***
guirib8ir0: folds 
ptolejmus: raises $9 to $10 and is all-in
easy_sarcasm: calls $9.50
Kakamiro1234: raises $15 to $25
easy_sarcasm: raises $75 to $100 and is all-in
Kakamiro1234: folds 
Uncalled bet ($75) returned to easy_sarcasm
*** FIRST FLOP *** [Jc 9c 6d]
*** FIRST TURN *** [Jc 9c 6d] [4h]
*** FIRST RIVER *** [Jc 9c 6d 4h] [Kd]
*** SECOND FLOP *** [7h 8h Qh]
*** SECOND TURN *** [7h 8h Qh] [8d]
*** SECOND RIVER *** [7h 8h Qh 8d] [Td]
*** FIRST SHOW DOWN ***
easy_sarcasm: shows [Qd Ac] (high card Ace)
easy_sarcasm collected $15 from side pot
ptolejmus: shows [Ah 6h] (a pair of Sixes)
ptolejmus collected $14.50 from main pot
*** SECOND SHOW DOWN ***
easy_sarcasm: shows [Qd Ac] (two pair, Queens and Eights)
easy_sarcasm collected $15 from side pot
ptolejmus: shows [Ah 6h] (a flush, Ace high)
ptolejmus collected $14.50 from main pot
*** SUMMARY ***
Total pot $60 Main pot $29. Side pot $30. | Rake $1 
Hand was run twice
FIRST Board [Jc 9c 6d 4h Kd]
SECOND Board [7h 8h Qh 8d Td]
Seat 4: CichiChanMarian
Seat 5: Bessie0009
Seat 1: easy_sarcasm (small blind) showed [Qd Ac] and won ($15) with high card Ace, and won ($15) with two pair, Queens and Eights
Seat 2: Kakamiro1234 (big blind) folded before Flop
Seat 3: guirib8ir0 folded before Flop (didn't bet)
Seat 6: ptolejmus (button) showed [Ah 6h] and won ($14.50) with a pair of Sixes, and won ($14.50) with a flush, Ace high



PokerStars Hand #254254630531:  Hold'em No Limit ($0.50/$1.00 USD) - 2025/01/07 0:05:40 WET [2025/01/07 19:05:40 ET]
Table 'Menkent II' 6-max Seat #1 is the button
Seat 4: CichiChanMarian ($100 in chips) is sitting out
Seat 5: Bessie0009 ($24.20 in chips) is sitting out
Seat 1: easy_sarcasm ($105 in chips) 
Seat 2: Kakamiro1234 ($100 in chips) 
Seat 3: guirib8ir0 ($101.50 in chips) 
Seat 6: ptolejmus ($29 in chips) 
Kakamiro1234: posts small blind $0.50
guirib8ir0: posts big blind $1
CichiChanMarian: sits out 
Bessie0009: sits out 
*** HOLE CARDS ***
ptolejmus: folds 
easy_sarcasm: raises $1.20 to $2.20
Kakamiro1234: folds 
guirib8ir0: folds 
Uncalled bet ($1.20) returned to easy_sarcasm
easy_sarcasm collected $2.50 from pot
*** SUMMARY ***
Total pot $2.50 | Rake $0 
Seat 4: CichiChanMarian
Seat 5: Bessie0009
Seat 1: easy_sarcasm (button) collected ($2.50)
Seat 2: Kakamiro1234 (small blind) folded before Flop
Seat 3: guirib8ir0 (big blind) folded before Flop
Seat 6: ptolejmus folded before Flop (didn't bet)



PokerStars Hand #254254635231:  Hold'em No Limit ($0.50/$1.00 USD) - 2025/01/07 0:06:00 WET [2025/01/07 19:06:00 ET]
Table 'Menkent II' 6-max Seat #2 is the button
Seat 5: Bessie0009 ($24.20 in chips) is sitting out
Seat 1: easy_sarcasm ($106.50 in chips) 
Seat 2: Kakamiro1234 ($100 in chips) 
Seat 3: guirib8ir0 ($100.50 in chips) 
Seat 4: CichiChanMarian ($100 in chips) 
Seat 6: ptolejmus ($29 in chips) 
guirib8ir0: posts small blind $0.50
CichiChanMarian: posts big blind $1
Bessie0009: sits out 
*** HOLE CARDS ***
ptolejmus: folds 
easy_sarcasm: raises $2 to $3
Kakamiro1234: folds 
guirib8ir0: folds 
CichiChanMarian: folds 
Uncalled bet ($2) returned to easy_sarcasm
easy_sarcasm collected $2.50 from pot
*** SUMMARY ***
Total pot $2.50 | Rake $0 
Seat 5: Bessie0009
Seat 1: easy_sarcasm collected ($2.50)
Seat 2: Kakamiro1234 (button) folded before Flop (didn't bet)
Seat 3: guirib8ir0 (small blind) folded before Flop
Seat 4: CichiChanMarian (big blind) folded before Flop
Seat 6: ptolejmus folded before Flop (didn't bet)



PokerStars Hand #254254638726:  Hold'em No Limit ($0.50/$1.00 USD) - 2025/01/07 0:06:15 WET [2025/01/07 19:06:15 ET]
Table 'Menkent II' 6-max Seat #3 is the button
Seat 1: easy_sarcasm ($108 in chips) 
Seat 2: Kakamiro1234 ($100 in chips) 
Seat 3: guirib8ir0 ($100 in chips) 
Seat 4: CichiChanMarian ($100 in chips) 
Seat 5: Bessie0009 ($24.20 in chips) 
Seat 6: ptolejmus ($29 in chips) 
CichiChanMarian: posts small blind $0.50
Bessie0009: posts big blind $1
*** HOLE CARDS ***
ptolejmus: raises $1 to $2
easy_sarcasm: folds 
Kakamiro1234: folds 
guirib8ir0: folds 
CichiChanMarian: raises $8 to $10
Bessie0009: folds 
ptolejmus: folds 
Uncalled bet ($8) returned to CichiChanMarian
CichiChanMarian collected $5 from pot
CichiChanMarian: doesn't show hand 
*** SUMMARY ***
Total pot $5 | Rake $0 
Seat 1: easy_sarcasm folded before Flop (didn't bet)
Seat 2: Kakamiro1234 folded before Flop (didn't bet)
Seat 3: guirib8ir0 (button) folded before Flop (didn't bet)
Seat 4: CichiChanMarian (small blind) collected ($5)
Seat 5: Bessie0009 (big blind) folded before Flop
Seat 6: ptolejmus folded before Flop



PokerStars Hand #254254644431:  Hold'em No Limit ($0.50/$1.00 USD) - 2025/01/07 0:06:40 WET [2025/01/07 19:06:40 ET]
Table 'Menkent II' 6-max Seat #4 is the button
Seat 1: easy_sarcasm ($108 in chips) is sitting out
Seat 2: Kakamiro1234 ($100 in chips) is sitting out
Seat 6: ptolejmus ($27 in chips) is sitting out
Seat 3: guirib8ir0 ($100 in chips) 
Seat 4: CichiChanMarian ($103 in chips) 
Seat 5: Bessie0009 ($23.20 in chips) 
Bessie0009: posts small blind $0.50
ptolejmus: is sitting out 
easy_sarcasm: is sitting out 
ptolejmus leaves the table
easy_sarcasm leaves the table
Kakamiro1234 has timed out
Kakamiro1234: is sitting out 
guirib8ir0: posts big blind $1
*** HOLE CARDS ***
CichiChanMarian: folds 
Bessie0009: calls $0.50
guirib8ir0: checks 
*** FLOP *** [Th 6c 2c]
Bessie0009: bets $1.90
Kakamiro1234 is disconnected 
Rdalonso joins the table at seat #6 
guirib8ir0: folds 
Uncalled bet ($1.90) returned to Bessie0009
Bessie0009 collected $1.90 from pot
*** SUMMARY ***
Total pot $2 | Rake $0.10 
Board [Th 6c 2c]
Seat 1: easy_sarcasm
Seat 2: Kakamiro1234
Seat 6: ptolejmus
Seat 3: guirib8ir0 (big blind) folded on the Flop
Seat 4: CichiChanMarian (button) folded before Flop (didn't bet)
Seat 5: Bessie0009 (small blind) collected ($1.90)



PokerStars Hand #254254653864:  Hold'em No Limit ($0.50/$1.00 USD) - 2025/01/07 0:07:21 WET [2025/01/07 19:07:21 ET]
Table 'Menkent II' 6-max Seat #5 is the button
Seat 2: Kakamiro1234 ($100 in chips) is sitting out
Seat 6: Rdalonso ($115.59 in chips) is sitting out
Seat 3: guirib8ir0 ($100 in chips) 
Seat 4: CichiChanMarian ($103 in chips) 
Seat 5: Bessie0009 ($24.10 in chips) 
guirib8ir0: posts small blind $0.50
CichiChanMarian: posts big blind $1
*** HOLE CARDS ***
Bessie0009: folds 
guirib8ir0: folds 
Uncalled bet ($0.50) returned to CichiChanMarian
CichiChanMarian collected $1 from pot
CichiChanMarian: doesn't show hand 
*** SUMMARY ***
Total pot $1 | Rake $0 
Seat 2: Kakamiro1234
Seat 6: Rdalonso
Seat 3: guirib8ir0 (small blind) folded before Flop
Seat 4: CichiChanMarian (big blind) collected ($1)
Seat 5: Bessie0009 (button) folded before Flop (didn't bet)



PokerStars Hand #254254656012:  Hold'em No Limit ($0.50/$1.00 USD) - 2025/01/07 0:07:30 WET [2025/01/07 19:07:30 ET]
Table 'Menkent II' 6-max Seat #3 is the button
Seat 2: Kakamiro1234 ($100 in chips) is sitting out
Seat 6: Rdalonso ($115.59 in chips) is sitting out
Seat 3: guirib8ir0 ($100 in chips) 
Seat 4: CichiChanMarian ($103.50 in chips) 
Seat 5: Bessie0009 ($24.10 in chips) 
CichiChanMarian: posts small blind $0.50
Bessie0009: posts big blind $1
Rdalonso: sits out 
Kakamiro1234: sits out 
*** HOLE CARDS ***
guirib8ir0: raises $1.50 to $2.50
CichiChanMarian: folds 
Bejondeiala joins the table at seat #1 
Bessie0009: calls $1.50
*** FLOP *** [8s 3h Ts]
Bessie0009: checks 
guirib8ir0: checks 
*** TURN *** [8s 3h Ts] [7s]
Bessie0009: bets $2.61
guirib8ir0: folds 
Uncalled bet ($2.61) returned to Bessie0009
Bessie0009 collected $5.22 from pot
*** SUMMARY ***
Total pot $5.50 | Rake $0.28 
Board [8s 3h Ts 7s]
Seat 2: Kakamiro1234
Seat 6: Rdalonso
Seat 3: guirib8ir0 (button) folded on the Turn
Seat 4: CichiChanMarian (small blind) folded before Flop
Seat 5: Bessie0009 (big blind) collected ($5.22)



PokerStars Hand #254254665280:  Hold'em No Limit ($0.50/$1.00 USD) - 2025/01/07 0:08:11 WET [2025/01/07 19:08:11 ET]
Table 'Menkent II' 6-max Seat #4 is the button
Seat 1: Bejondeiala ($100 in chips) is sitting out
Seat 2: Kakamiro1234 ($100 in chips) is sitting out
Seat 3: guirib8ir0 ($100 in chips) 
Seat 4: CichiChanMarian ($103 in chips) 
Seat 5: Bessie0009 ($26.82 in chips) 
Seat 6: Rdalonso ($115.59 in chips) 
Bessie0009: posts small blind $0.50
Rdalonso: posts big blind $1
Bejondeiala: sits out 
Kakamiro1234 is disconnected 
Kakamiro1234 has timed out
Kakamiro1234: is sitting out 
*** HOLE CARDS ***
guirib8ir0: folds 
CichiChanMarian: folds 
Bessie0009: folds 
Uncalled bet ($0.50) returned to Rdalonso
Rdalonso collected $1 from pot
Rdalonso: doesn't show hand 
*** SUMMARY ***
Total pot $1 | Rake $0 
Seat 1: Bejondeiala
Seat 2: Kakamiro1234
Seat 3: guirib8ir0 folded before Flop (didn't bet)
Seat 4: CichiChanMarian (button) folded before Flop (didn't bet)
Seat 5: Bessie0009 (small blind) folded before Flop
Seat 6: Rdalonso (big blind) collected ($1)



PokerStars Hand #254254670020:  Hold'em No Limit ($0.50/$1.00 USD) - 2025/01/07 0:08:31 WET [2025/01/07 19:08:31 ET]
Table 'Menkent II' 6-max Seat #5 is the button
Seat 2: Kakamiro1234 ($100 in chips) is sitting out
Seat 1: Bejondeiala ($100 in chips) 
Seat 3: guirib8ir0 ($100 in chips) 
Seat 4: CichiChanMarian ($103 in chips) 
Seat 5: Bessie0009 ($26.32 in chips) 
Seat 6: Rdalonso ($116.09 in chips) 
Rdalonso: posts small blind $0.50
Bejondeiala: posts big blind $1
*** HOLE CARDS ***
guirib8ir0: folds 
CichiChanMarian: folds 
Bessie0009: folds 
Rdalonso: raises $2 to $3
Bejondeiala: raises $6 to $9
Rdalonso: folds 
Uncalled bet ($6) returned to Bejondeiala
Bejondeiala collected $6 from pot
Bejondeiala: doesn't show hand 
*** SUMMARY ***
Total pot $6 | Rake $0 
Seat 2: Kakamiro1234
Seat 1: Bejondeiala (big blind) collected ($6)
Seat 3: guirib8ir0 folded before Flop (didn't bet)
Seat 4: CichiChanMarian folded before Flop (didn't bet)
Seat 5: Bessie0009 (button) folded before Flop (didn't bet)
Seat 6: Rdalonso (small blind) folded before Flop



PokerStars Hand #254254675659:  Hold'em No Limit ($0.50/$1.00 USD) - 2025/01/07 0:08:55 WET [2025/01/07 19:08:55 ET]
Table 'Menkent II' 6-max Seat #6 is the button
Seat 1: Bejondeiala ($103 in chips) 
Seat 2: Kakamiro1234 ($100 in chips) 
Seat 3: guirib8ir0 ($100 in chips) 
Seat 4: CichiChanMarian ($103 in chips) 
Seat 5: Bessie0009 ($26.32 in chips) 
Seat 6: Rdalonso ($113.09 in chips) 
Bejondeiala: posts small blind $0.50
Kakamiro1234: posts big blind $1
*** HOLE CARDS ***
guirib8ir0: folds 
CichiChanMarian: folds 
Bessie0009: folds 
Rdalonso: raises $1.50 to $2.50
Bejondeiala: folds 
Kakamiro1234: raises $9.50 to $12
Rdalonso: folds 
Uncalled bet ($9.50) returned to Kakamiro1234
Kakamiro1234 collected $5.50 from pot
*** SUMMARY ***
Total pot $5.50 | Rake $0 
Seat 1: Bejondeiala (small blind) folded before Flop
Seat 2: Kakamiro1234 (big blind) collected ($5.50)
Seat 3: guirib8ir0 folded before Flop (didn't bet)
Seat 4: CichiChanMarian folded before Flop (didn't bet)
Seat 5: Bessie0009 folded before Flop (didn't bet)
Seat 6: Rdalonso (button) folded before Flop



PokerStars Hand #254254684550:  Hold'em No Limit ($0.50/$1.00 USD) - 2025/01/07 0:09:34 WET [2025/01/07 19:09:34 ET]
Table 'Menkent II' 6-max Seat #1 is the button
Seat 1: Bejondeiala ($102.50 in chips) 
Seat 2: Kakamiro1234 ($103 in chips) 
Seat 3: guirib8ir0 ($100 in chips) 
Seat 4: CichiChanMarian ($103 in chips) 
Seat 5: Bessie0009 ($26.32 in chips) 
Seat 6: Rdalonso ($110.59 in chips) 
Kakamiro1234: posts small blind $0.50
guirib8ir0: posts big blind $1
*** HOLE CARDS ***
CichiChanMarian: folds 
Bessie0009: folds 
Rdalonso: folds 
Bejondeiala: raises $1.50 to $2.50
Kakamiro1234: folds 
guirib8ir0: folds 
Uncalled bet ($1.50) returned to Bejondeiala
Bejondeiala collected $2.50 from pot
Bejondeiala: doesn't show hand 
*** SUMMARY ***
Total pot $2.50 | Rake $0 
Seat 1: Bejondeiala (button) collected ($2.50)
Seat 2: Kakamiro1234 (small blind) folded before Flop
Seat 3: guirib8ir0 (big blind) folded before Flop
Seat 4: CichiChanMarian folded before Flop (didn't bet)
Seat 5: Bessie0009 folded before Flop (didn't bet)
Seat 6: Rdalonso folded before Flop (didn't bet)



PokerStars Hand #254254689202:  Hold'em No Limit ($0.50/$1.00 USD) - 2025/01/07 0:09:54 WET [2025/01/07 19:09:54 ET]
Table 'Menkent II' 6-max Seat #2 is the button
Seat 1: Bejondeiala ($104 in chips) 
Seat 2: Kakamiro1234 ($102.50 in chips) 
Seat 3: guirib8ir0 ($100 in chips) 
Seat 4: CichiChanMarian ($103 in chips) 
Seat 5: Bessie0009 ($26.32 in chips) 
Seat 6: Rdalonso ($110.59 in chips) 
guirib8ir0: posts small blind $0.50
CichiChanMarian: posts big blind $1
*** HOLE CARDS ***
Bessie0009: folds 
Rdalonso: folds 
Bejondeiala: folds 
Kakamiro1234: raises $1.50 to $2.50
guirib8ir0: folds 
CichiChanMarian: folds 
Uncalled bet ($1.50) returned to Kakamiro1234
Kakamiro1234 collected $2.50 from pot
*** SUMMARY ***
Total pot $2.50 | Rake $0 
Seat 1: Bejondeiala folded before Flop (didn't bet)
Seat 2: Kakamiro1234 (button) collected ($2.50)
Seat 3: guirib8ir0 (small blind) folded before Flop
Seat 4: CichiChanMarian (big blind) folded before Flop
Seat 5: Bessie0009 folded before Flop (didn't bet)
Seat 6: Rdalonso folded before Flop (didn't bet)



PokerStars Hand #254254694898:  Hold'em No Limit ($0.50/$1.00 USD) - 2025/01/07 0:10:19 WET [2025/01/07 19:10:19 ET]
Table 'Menkent II' 6-max Seat #3 is the button
Seat 1: Bejondeiala ($104 in chips) 
Seat 2: Kakamiro1234 ($104 in chips) 
Seat 3: guirib8ir0 ($100 in chips) 
Seat 4: CichiChanMarian ($102 in chips) 
Seat 5: Bessie0009 ($26.32 in chips) 
Seat 6: Rdalonso ($110.59 in chips) 
CichiChanMarian: posts small blind $0.50
Bessie0009: posts big blind $1
*** HOLE CARDS ***
Rdalonso: folds 
Bejondeiala: folds 
Kakamiro1234: folds 
guirib8ir0: raises $1.50 to $2.50
CichiChanMarian: folds 
Bessie0009: calls $1.50
*** FLOP *** [Td 8s Ah]
Bessie0009: checks 
guirib8ir0: checks 
*** TURN *** [Td 8s Ah] [5d]
Bessie0009: checks 
guirib8ir0: checks 
*** RIVER *** [Td 8s Ah 5d] [9s]
Bessie0009: checks 
guirib8ir0: bets $3.92
Bessie0009: folds 
Uncalled bet ($3.92) returned to guirib8ir0
guirib8ir0 collected $5.22 from pot
*** SUMMARY ***
Total pot $5.50 | Rake $0.28 
Board [Td 8s Ah 5d 9s]
Seat 1: Bejondeiala folded before Flop (didn't bet)
Seat 2: Kakamiro1234 folded before Flop (didn't bet)
Seat 3: guirib8ir0 (button) collected ($5.22)
Seat 4: CichiChanMarian (small blind) folded before Flop
Seat 5: Bessie0009 (big blind) folded on the River
Seat 6: Rdalonso folded before Flop (didn't bet)



PokerStars Hand #254254704090:  Hold'em No Limit ($0.50/$1.00 USD) - 2025/01/07 0:10:59 WET [2025/01/07 19:10:59 ET]
Table 'Menkent II' 6-max Seat #4 is the button
Seat 1: Bejondeiala ($104 in chips) 
Seat 2: Kakamiro1234 ($104 in chips) 
Seat 3: guirib8ir0 ($102.72 in chips) 
Seat 4: CichiChanMarian ($101.50 in chips) 
Seat 5: Bessie0009 ($23.82 in chips) 
Seat 6: Rdalonso ($110.59 in chips) 
Bessie0009: posts small blind $0.50
Rdalonso: posts big blind $1
*** HOLE CARDS ***
Bejondeiala: folds 
Kakamiro1234: folds 
guirib8ir0: folds 
CichiChanMarian: folds 
Bessie0009: raises $2 to $3
Rdalonso: calls $2
*** FLOP *** [7s Qs 6c]
Bessie0009: bets $5.70
Rdalonso: folds 
Uncalled bet ($5.70) returned to Bessie0009
Bessie0009 collected $5.70 from pot
*** SUMMARY ***
Total pot $6 | Rake $0.30 
Board [7s Qs 6c]
Seat 1: Bejondeiala folded before Flop (didn't bet)
Seat 2: Kakamiro1234 folded before Flop (didn't bet)
Seat 3: guirib8ir0 folded before Flop (didn't bet)
Seat 4: CichiChanMarian (button) folded before Flop (didn't bet)
Seat 5: Bessie0009 (small blind) collected ($5.70)
Seat 6: Rdalonso (big blind) folded on the Flop



PokerStars Hand #254254712242:  Hold'em No Limit ($0.50/$1.00 USD) - 2025/01/07 0:11:35 WET [2025/01/07 19:11:35 ET]
Table 'Menkent II' 6-max Seat #5 is the button
Seat 1: Bejondeiala ($104 in chips) 
Seat 2: Kakamiro1234 ($104 in chips) 
Seat 3: guirib8ir0 ($102.72 in chips) 
Seat 4: CichiChanMarian ($101.50 in chips) 
Seat 5: Bessie0009 ($26.52 in chips) 
Seat 6: Rdalonso ($107.59 in chips) 
Rdalonso: posts small blind $0.50
Bejondeiala: posts big blind $1
*** HOLE CARDS ***
Kakamiro1234: folds 
guirib8ir0: folds 
CichiChanMarian: folds 
Bessie0009: folds 
Rdalonso: folds 
Uncalled bet ($0.50) returned to Bejondeiala
Bejondeiala collected $1 from pot
Bejondeiala: doesn't show hand 
*** SUMMARY ***
Total pot $1 | Rake $0 
Seat 1: Bejondeiala (big blind) collected ($1)
Seat 2: Kakamiro1234 folded before Flop (didn't bet)
Seat 3: guirib8ir0 folded before Flop (didn't bet)
Seat 4: CichiChanMarian folded before Flop (didn't bet)
Seat 5: Bessie0009 (button) folded before Flop (didn't bet)
Seat 6: Rdalonso (small blind) folded before Flop



PokerStars Hand #254254716269:  Hold'em No Limit ($0.50/$1.00 USD) - 2025/01/07 0:11:53 WET [2025/01/07 19:11:53 ET]
Table 'Menkent II' 6-max Seat #6 is the button
Seat 1: Bejondeiala ($104.50 in chips) 
Seat 2: Kakamiro1234 ($104 in chips) 
Seat 3: guirib8ir0 ($102.72 in chips) 
Seat 4: CichiChanMarian ($101.50 in chips) 
Seat 5: Bessie0009 ($26.52 in chips) 
Seat 6: Rdalonso ($107.09 in chips) 
Bejondeiala: posts small blind $0.50
Kakamiro1234: posts big blind $1
*** HOLE CARDS ***
guirib8ir0: raises $1.20 to $2.20
CichiChanMarian: folds 
Bessie0009: folds 
Rdalonso: folds 
Bejondeiala: folds 
Kakamiro1234: folds 
Uncalled bet ($1.20) returned to guirib8ir0
guirib8ir0 collected $2.50 from pot
*** SUMMARY ***
Total pot $2.50 | Rake $0 
Seat 1: Bejondeiala (small blind) folded before Flop
Seat 2: Kakamiro1234 (big blind) folded before Flop
Seat 3: guirib8ir0 collected ($2.50)
Seat 4: CichiChanMarian folded before Flop (didn't bet)
Seat 5: Bessie0009 folded before Flop (didn't bet)
Seat 6: Rdalonso (button) folded before Flop (didn't bet)



PokerStars Hand #254254721906:  Hold'em No Limit ($0.50/$1.00 USD) - 2025/01/07 0:12:18 WET [2025/01/07 19:12:18 ET]
Table 'Menkent II' 6-max Seat #1 is the button
Seat 1: Bejondeiala ($104 in chips) 
Seat 2: Kakamiro1234 ($103 in chips) 
Seat 3: guirib8ir0 ($104.22 in chips) 
Seat 4: CichiChanMarian ($101.50 in chips) 
Seat 5: Bessie0009 ($26.52 in chips) 
Seat 6: Rdalonso ($107.09 in chips) 
Kakamiro1234: posts small blind $0.50
guirib8ir0: posts big blind $1
*** HOLE CARDS ***
CichiChanMarian: folds 
Bessie0009: folds 
Rdalonso: folds 
Bejondeiala: raises $1.50 to $2.50
Kakamiro1234: folds 
guirib8ir0: folds 
Uncalled bet ($1.50) returned to Bejondeiala
Bejondeiala collected $2.50 from pot
Bejondeiala: doesn't show hand 
*** SUMMARY ***
Total pot $2.50 | Rake $0 
Seat 1: Bejondeiala (button) collected ($2.50)
Seat 2: Kakamiro1234 (small blind) folded before Flop
Seat 3: guirib8ir0 (big blind) folded before Flop
Seat 4: CichiChanMarian folded before Flop (didn't bet)
Seat 5: Bessie0009 folded before Flop (didn't bet)
Seat 6: Rdalonso folded before Flop (didn't bet)



PokerStars Hand #254254726869:  Hold'em No Limit ($0.50/$1.00 USD) - 2025/01/07 0:12:40 WET [2025/01/07 19:12:40 ET]
Table 'Menkent II' 6-max Seat #2 is the button
Seat 1: Bejondeiala ($105.50 in chips) 
Seat 2: Kakamiro1234 ($102.50 in chips) 
Seat 3: guirib8ir0 ($103.22 in chips) 
Seat 4: CichiChanMarian ($101.50 in chips) 
Seat 5: Bessie0009 ($26.52 in chips) 
Seat 6: Rdalonso ($107.09 in chips) 
guirib8ir0: posts small blind $0.50
CichiChanMarian: posts big blind $1
*** HOLE CARDS ***
Bessie0009: folds 
Rdalonso: folds 
Bejondeiala: raises $1.10 to $2.10
Kakamiro1234: raises $4.10 to $6.20
guirib8ir0: folds 
CichiChanMarian: folds 
Bejondeiala: folds 
Uncalled bet ($4.10) returned to Kakamiro1234
Kakamiro1234 collected $5.70 from pot
*** SUMMARY ***
Total pot $5.70 | Rake $0 
Seat 1: Bejondeiala folded before Flop
Seat 2: Kakamiro1234 (button) collected ($5.70)
Seat 3: guirib8ir0 (small blind) folded before Flop
Seat 4: CichiChanMarian (big blind) folded before Flop
Seat 5: Bessie0009 folded before Flop (didn't bet)
Seat 6: Rdalonso folded before Flop (didn't bet)



PokerStars Hand #254254733739:  Hold'em No Limit ($0.50/$1.00 USD) - 2025/01/07 0:13:11 WET [2025/01/07 19:13:11 ET]
Table 'Menkent II' 6-max Seat #3 is the button
Seat 1: Bejondeiala ($103.40 in chips) 
Seat 2: Kakamiro1234 ($106.10 in chips) 
Seat 3: guirib8ir0 ($102.72 in chips) 
Seat 4: CichiChanMarian ($100.50 in chips) 
Seat 5: Bessie0009 ($26.52 in chips) 
Seat 6: Rdalonso ($107.09 in chips) 
CichiChanMarian: posts small blind $0.50
Bessie0009: posts big blind $1
*** HOLE CARDS ***
Rdalonso: folds 
Bejondeiala: folds 
Kakamiro1234: raises $1.50 to $2.50
guirib8ir0: folds 
CichiChanMarian: folds 
Bessie0009: calls $1.50
*** FLOP *** [6s 4c 5s]
Bessie0009: checks 
Kakamiro1234: checks 
*** TURN *** [6s 4c 5s] [Kc]
Bessie0009: bets $5.22
Kakamiro1234: folds 
Uncalled bet ($5.22) returned to Bessie0009
Bessie0009 collected $5.22 from pot
*** SUMMARY ***
Total pot $5.50 | Rake $0.28 
Board [6s 4c 5s Kc]
Seat 1: Bejondeiala folded before Flop (didn't bet)
Seat 2: Kakamiro1234 folded on the Turn
Seat 3: guirib8ir0 (button) folded before Flop (didn't bet)
Seat 4: CichiChanMarian (small blind) folded before Flop
Seat 5: Bessie0009 (big blind) collected ($5.22)
Seat 6: Rdalonso folded before Flop (didn't bet)



PokerStars Hand #254254742306:  Hold'em No Limit ($0.50/$1.00 USD) - 2025/01/07 0:13:50 WET [2025/01/07 19:13:50 ET]
Table 'Menkent II' 6-max Seat #4 is the button
Seat 1: Bejondeiala ($103.40 in chips) 
Seat 2: Kakamiro1234 ($103.60 in chips) 
Seat 3: guirib8ir0 ($102.72 in chips) 
Seat 4: CichiChanMarian ($100 in chips) 
Seat 5: Bessie0009 ($29.24 in chips) 
Seat 6: Rdalonso ($107.09 in chips) 
Bessie0009: posts small blind $0.50
Rdalonso: posts big blind $1
*** HOLE CARDS ***
Bejondeiala: folds 
Kakamiro1234: raises $1.50 to $2.50
guirib8ir0: folds 
CichiChanMarian: folds 
Bessie0009: folds 
Rdalonso: folds 
Uncalled bet ($1.50) returned to Kakamiro1234
Kakamiro1234 collected $2.50 from pot
*** SUMMARY ***
Total pot $2.50 | Rake $0 
Seat 1: Bejondeiala folded before Flop (didn't bet)
Seat 2: Kakamiro1234 collected ($2.50)
Seat 3: guirib8ir0 folded before Flop (didn't bet)
Seat 4: CichiChanMarian (button) folded before Flop (didn't bet)
Seat 5: Bessie0009 (small blind) folded before Flop
Seat 6: Rdalonso (big blind) folded before Flop



PokerStars Hand #254254744824:  Hold'em No Limit ($0.50/$1.00 USD) - 2025/01/07 0:14:01 WET [2025/01/07 19:14:01 ET]
Table 'Menkent II' 6-max Seat #5 is the button
Seat 1: Bejondeiala ($103.40 in chips) 
Seat 2: Kakamiro1234 ($105.10 in chips) 
Seat 3: guirib8ir0 ($102.72 in chips) 
Seat 4: CichiChanMarian ($100 in chips) 
Seat 5: Bessie0009 ($28.74 in chips) 
Seat 6: Rdalonso ($106.09 in chips) 
Rdalonso: posts small blind $0.50
Bejondeiala: posts big blind $1
*** HOLE CARDS ***
Kakamiro1234: folds 
guirib8ir0: folds 
CichiChanMarian: raises $1.50 to $2.50
Bessie0009: folds 
Rdalonso: folds 
Bejondeiala: folds 
Uncalled bet ($1.50) returned to CichiChanMarian
CichiChanMarian collected $2.50 from pot
CichiChanMarian: doesn't show hand 
*** SUMMARY ***
Total pot $2.50 | Rake $0 
Seat 1: Bejondeiala (big blind) folded before Flop
Seat 2: Kakamiro1234 folded before Flop (didn't bet)
Seat 3: guirib8ir0 folded before Flop (didn't bet)
Seat 4: CichiChanMarian collected ($2.50)
Seat 5: Bessie0009 (button) folded before Flop (didn't bet)
Seat 6: Rdalonso (small blind) folded before Flop



PokerStars Hand #254254748710:  Hold'em No Limit ($0.50/$1.00 USD) - 2025/01/07 0:14:18 WET [2025/01/07 19:14:18 ET]
Table 'Menkent II' 6-max Seat #6 is the button
Seat 1: Bejondeiala ($102.40 in chips) 
Seat 2: Kakamiro1234 ($105.10 in chips) 
Seat 3: guirib8ir0 ($102.72 in chips) 
Seat 4: CichiChanMarian ($101.50 in chips) 
Seat 5: Bessie0009 ($28.74 in chips) 
Seat 6: Rdalonso ($105.59 in chips) 
Bejondeiala: posts small blind $0.50
Kakamiro1234: posts big blind $1
*** HOLE CARDS ***
guirib8ir0: raises $1.20 to $2.20
CichiChanMarian: raises $4.84 to $7.04
Bessie0009: folds 
Rdalonso: folds 
Bejondeiala: folds 
Kakamiro1234: folds 
guirib8ir0: raises $12.32 to $19.36
CichiChanMarian: folds 
Uncalled bet ($12.32) returned to guirib8ir0
guirib8ir0 collected $15.58 from pot
*** SUMMARY ***
Total pot $15.58 | Rake $0 
Seat 1: Bejondeiala (small blind) folded before Flop
Seat 2: Kakamiro1234 (big blind) folded before Flop
Seat 3: guirib8ir0 collected ($15.58)
Seat 4: CichiChanMarian folded before Flop
Seat 5: Bessie0009 folded before Flop (didn't bet)
Seat 6: Rdalonso (button) folded before Flop (didn't bet)



PokerStars Hand #254254753586:  Hold'em No Limit ($0.50/$1.00 USD) - 2025/01/07 0:14:41 WET [2025/01/07 19:14:41 ET]
Table 'Menkent II' 6-max Seat #1 is the button
Seat 1: Bejondeiala ($101.90 in chips) 
Seat 2: Kakamiro1234 ($104.10 in chips) 
Seat 3: guirib8ir0 ($111.26 in chips) 
Seat 4: CichiChanMarian ($100 in chips) 
Seat 5: Bessie0009 ($28.74 in chips) 
Seat 6: Rdalonso ($105.59 in chips) 
Kakamiro1234: posts small blind $0.50
guirib8ir0: posts big blind $1
*** HOLE CARDS ***
CichiChanMarian: folds 
Bessie0009: calls $1
Rdalonso: raises $4 to $5
Bejondeiala: folds 
Kakamiro1234: folds 
guirib8ir0: folds 
Bessie0009: calls $4
*** FLOP *** [2h 8d 5s]
Bessie0009: checks 
Rdalonso: bets $3.60
Bessie0009: raises $18.12 to $21.72
Rdalonso: folds 
Uncalled bet ($18.12) returned to Bessie0009
Bessie0009 collected $17.76 from pot
*** SUMMARY ***
Total pot $18.70 | Rake $0.94 
Board [2h 8d 5s]
Seat 1: Bejondeiala (button) folded before Flop (didn't bet)
Seat 2: Kakamiro1234 (small blind) folded before Flop
Seat 3: guirib8ir0 (big blind) folded before Flop
Seat 4: CichiChanMarian folded before Flop (didn't bet)
Seat 5: Bessie0009 collected ($17.76)
Seat 6: Rdalonso folded on the Flop



PokerStars Hand #254254762501:  Hold'em No Limit ($0.50/$1.00 USD) - 2025/01/07 0:15:21 WET [2025/01/07 19:15:21 ET]
Table 'Menkent II' 6-max Seat #2 is the button
Seat 1: Bejondeiala ($101.90 in chips) 
Seat 2: Kakamiro1234 ($103.60 in chips) 
Seat 3: guirib8ir0 ($110.26 in chips) 
Seat 4: CichiChanMarian ($100 in chips) 
Seat 5: Bessie0009 ($37.90 in chips) 
Seat 6: Rdalonso ($100 in chips) 
guirib8ir0: posts small blind $0.50
CichiChanMarian: posts big blind $1
*** HOLE CARDS ***
Bessie0009: calls $1
Rdalonso: folds 
Bejondeiala: folds 
Kakamiro1234: folds 
guirib8ir0: folds 
CichiChanMarian: checks 
*** FLOP *** [Ts Ad 5c]
CichiChanMarian: checks 
Bessie0009: bets $2.38
CichiChanMarian: folds 
Uncalled bet ($2.38) returned to Bessie0009
Bessie0009 collected $2.38 from pot
*** SUMMARY ***
Total pot $2.50 | Rake $0.12 
Board [Ts Ad 5c]
Seat 1: Bejondeiala folded before Flop (didn't bet)
Seat 2: Kakamiro1234 (button) folded before Flop (didn't bet)
Seat 3: guirib8ir0 (small blind) folded before Flop
Seat 4: CichiChanMarian (big blind) folded on the Flop
Seat 5: Bessie0009 collected ($2.38)
Seat 6: Rdalonso folded before Flop (didn't bet)



PokerStars Hand #254254770407:  Hold'em No Limit ($0.50/$1.00 USD) - 2025/01/07 0:15:56 WET [2025/01/07 19:15:56 ET]
Table 'Menkent II' 6-max Seat #3 is the button
Seat 1: Bejondeiala ($101.90 in chips) 
Seat 2: Kakamiro1234 ($103.60 in chips) 
Seat 3: guirib8ir0 ($109.76 in chips) 
Seat 4: CichiChanMarian ($100 in chips) 
Seat 5: Bessie0009 ($39.28 in chips) 
Seat 6: Rdalonso ($100 in chips) 
CichiChanMarian: posts small blind $0.50
Bessie0009: posts big blind $1
*** HOLE CARDS ***
Rdalonso: folds 
Bejondeiala: raises $1.10 to $2.10
Kakamiro1234: folds 
guirib8ir0: folds 
CichiChanMarian: folds 
Bessie0009: folds 
Uncalled bet ($1.10) returned to Bejondeiala
Bejondeiala collected $2.50 from pot
Bejondeiala: doesn't show hand 
*** SUMMARY ***
Total pot $2.50 | Rake $0 
Seat 1: Bejondeiala collected ($2.50)
Seat 2: Kakamiro1234 folded before Flop (didn't bet)
Seat 3: guirib8ir0 (button) folded before Flop (didn't bet)
Seat 4: CichiChanMarian (small blind) folded before Flop
Seat 5: Bessie0009 (big blind) folded before Flop
Seat 6: Rdalonso folded before Flop (didn't bet)



PokerStars Hand #254254774823:  Hold'em No Limit ($0.50/$1.00 USD) - 2025/01/07 0:16:16 WET [2025/01/07 19:16:16 ET]
Table 'Menkent II' 6-max Seat #4 is the button
Seat 1: Bejondeiala ($103.40 in chips) 
Seat 2: Kakamiro1234 ($103.60 in chips) 
Seat 3: guirib8ir0 ($109.76 in chips) 
Seat 4: CichiChanMarian ($100 in chips) 
Seat 5: Bessie0009 ($38.28 in chips) 
Seat 6: Rdalonso ($100 in chips) 
Bessie0009: posts small blind $0.50
Rdalonso: posts big blind $1
*** HOLE CARDS ***
Bejondeiala: folds 
Kakamiro1234: raises $1.50 to $2.50
guirib8ir0: folds 
CichiChanMarian: folds 
Bessie0009: calls $2
Rdalonso: folds 
*** FLOP *** [Qs 8s Kc]
Bessie0009: checks 
Kakamiro1234: bets $2.88
Bessie0009: folds 
Uncalled bet ($2.88) returned to Kakamiro1234
Kakamiro1234 collected $5.70 from pot
*** SUMMARY ***
Total pot $6 | Rake $0.30 
Board [Qs 8s Kc]
Seat 1: Bejondeiala folded before Flop (didn't bet)
Seat 2: Kakamiro1234 collected ($5.70)
Seat 3: guirib8ir0 folded before Flop (didn't bet)
Seat 4: CichiChanMarian (button) folded before Flop (didn't bet)
Seat 5: Bessie0009 (small blind) folded on the Flop
Seat 6: Rdalonso (big blind) folded before Flop



PokerStars Hand #254254779361:  Hold'em No Limit ($0.50/$1.00 USD) - 2025/01/07 0:16:36 WET [2025/01/07 19:16:36 ET]
Table 'Menkent II' 6-max Seat #5 is the button
Seat 1: Bejondeiala ($103.40 in chips) 
Seat 2: Kakamiro1234 ($106.80 in chips) 
Seat 3: guirib8ir0 ($109.76 in chips) 
Seat 4: CichiChanMarian ($100 in chips) 
Seat 5: Bessie0009 ($35.78 in chips) 
Seat 6: Rdalonso ($100 in chips) 
Rdalonso: posts small blind $0.50
Bejondeiala: posts big blind $1
*** HOLE CARDS ***
Kakamiro1234: folds 
guirib8ir0: folds 
CichiChanMarian: raises $1.50 to $2.50
Bessie0009: folds 
Rdalonso: raises $8.50 to $11
Bejondeiala: folds 
CichiChanMarian: folds 
Uncalled bet ($8.50) returned to Rdalonso
Rdalonso collected $6 from pot
Rdalonso: doesn't show hand 
*** SUMMARY ***
Total pot $6 | Rake $0 
Seat 1: Bejondeiala (big blind) folded before Flop
Seat 2: Kakamiro1234 folded before Flop (didn't bet)
Seat 3: guirib8ir0 folded before Flop (didn't bet)
Seat 4: CichiChanMarian folded before Flop
Seat 5: Bessie0009 (button) folded before Flop (didn't bet)
Seat 6: Rdalonso (small blind) collected ($6)



PokerStars Hand #254254783615:  Hold'em No Limit ($0.50/$1.00 USD) - 2025/01/07 0:16:55 WET [2025/01/07 19:16:55 ET]
Table 'Menkent II' 6-max Seat #6 is the button
Seat 1: Bejondeiala ($102.40 in chips) 
Seat 2: Kakamiro1234 ($106.80 in chips) 
Seat 3: guirib8ir0 ($109.76 in chips) 
Seat 4: CichiChanMarian ($100 in chips) 
Seat 5: Bessie0009 ($35.78 in chips) 
Seat 6: Rdalonso ($103.50 in chips) 
Bejondeiala: posts small blind $0.50
Kakamiro1234: posts big blind $1
*** HOLE CARDS ***
guirib8ir0: raises $1.20 to $2.20
CichiChanMarian: folds 
Bessie0009: folds 
Rdalonso: folds 
Bejondeiala: folds 
Kakamiro1234: folds 
Uncalled bet ($1.20) returned to guirib8ir0
guirib8ir0 collected $2.50 from pot
*** SUMMARY ***
Total pot $2.50 | Rake $0 
Seat 1: Bejondeiala (small blind) folded before Flop
Seat 2: Kakamiro1234 (big blind) folded before Flop
Seat 3: guirib8ir0 collected ($2.50)
Seat 4: CichiChanMarian folded before Flop (didn't bet)
Seat 5: Bessie0009 folded before Flop (didn't bet)
Seat 6: Rdalonso (button) folded before Flop (didn't bet)



PokerStars Hand #254254787852:  Hold'em No Limit ($0.50/$1.00 USD) - 2025/01/07 0:17:15 WET [2025/01/07 19:17:15 ET]
Table 'Menkent II' 6-max Seat #1 is the button
Seat 3: guirib8ir0 ($111.26 in chips) is sitting out
Seat 1: Bejondeiala ($101.90 in chips) 
Seat 2: Kakamiro1234 ($105.80 in chips) 
Seat 4: CichiChanMarian ($100 in chips) 
Seat 5: Bessie0009 ($35.78 in chips) 
Seat 6: Rdalonso ($103.50 in chips) 
Kakamiro1234: posts small blind $0.50
guirib8ir0: is sitting out 
CichiChanMarian: posts big blind $1
*** HOLE CARDS ***
Bessie0009: calls $1
Rdalonso: folds 
Bejondeiala: folds 
Kakamiro1234: folds 
CichiChanMarian: raises $4 to $5
Bessie0009: folds 
Uncalled bet ($4) returned to CichiChanMarian
CichiChanMarian collected $2.50 from pot
CichiChanMarian: doesn't show hand 
*** SUMMARY ***
Total pot $2.50 | Rake $0 
Seat 3: guirib8ir0
Seat 1: Bejondeiala (button) folded before Flop (didn't bet)
Seat 2: Kakamiro1234 (small blind) folded before Flop
Seat 4: CichiChanMarian (big blind) collected ($2.50)
Seat 5: Bessie0009 folded before Flop
Seat 6: Rdalonso folded before Flop (didn't bet)



PokerStars Hand #254254794103:  Hold'em No Limit ($0.50/$1.00 USD) - 2025/01/07 0:17:43 WET [2025/01/07 19:17:43 ET]
Table 'Menkent II' 6-max Seat #2 is the button
Seat 3: guirib8ir0 ($111.26 in chips) is sitting out
Seat 1: Bejondeiala ($101.90 in chips) 
Seat 2: Kakamiro1234 ($105.30 in chips) 
Seat 4: CichiChanMarian ($101.50 in chips) 
Seat 5: Bessie0009 ($34.78 in chips) 
Seat 6: Rdalonso ($103.50 in chips) 
CichiChanMarian: posts small blind $0.50
Bessie0009: posts big blind $1
*** HOLE CARDS ***
Rdalonso: folds 
Bejondeiala: folds 
Kakamiro1234: raises $1.50 to $2.50
CichiChanMarian: folds 
Bessie0009: folds 
Uncalled bet ($1.50) returned to Kakamiro1234
Kakamiro1234 collected $2.50 from pot
*** SUMMARY ***
Total pot $2.50 | Rake $0 
Seat 3: guirib8ir0
Seat 1: Bejondeiala folded before Flop (didn't bet)
Seat 2: Kakamiro1234 (button) collected ($2.50)
Seat 4: CichiChanMarian (small blind) folded before Flop
Seat 5: Bessie0009 (big blind) folded before Flop
Seat 6: Rdalonso folded before Flop (didn't bet)



PokerStars Hand #254254796521:  Hold'em No Limit ($0.50/$1.00 USD) - 2025/01/07 0:17:53 WET [2025/01/07 19:17:53 ET]
Table 'Menkent II' 6-max Seat #4 is the button
Seat 3: guirib8ir0 ($111.26 in chips) is sitting out
Seat 1: Bejondeiala ($101.90 in chips) 
Seat 2: Kakamiro1234 ($106.80 in chips) 
Seat 4: CichiChanMarian ($101 in chips) 
Seat 5: Bessie0009 ($33.78 in chips) 
Seat 6: Rdalonso ($103.50 in chips) 
Bessie0009: posts small blind $0.50
Rdalonso: posts big blind $1
*** HOLE CARDS ***
Bejondeiala: folds 
Kakamiro1234: folds 
CichiChanMarian: raises $1.50 to $2.50
Bessie0009: folds 
Rdalonso: folds 
Uncalled bet ($1.50) returned to CichiChanMarian
CichiChanMarian collected $2.50 from pot
CichiChanMarian: doesn't show hand 
*** SUMMARY ***
Total pot $2.50 | Rake $0 
Seat 3: guirib8ir0
Seat 1: Bejondeiala folded before Flop (didn't bet)
Seat 2: Kakamiro1234 folded before Flop (didn't bet)
Seat 4: CichiChanMarian (button) collected ($2.50)
Seat 5: Bessie0009 (small blind) folded before Flop
Seat 6: Rdalonso (big blind) folded before Flop



PokerStars Hand #254254798794:  Hold'em No Limit ($0.50/$1.00 USD) - 2025/01/07 0:18:04 WET [2025/01/07 19:18:04 ET]
Table 'Menkent II' 6-max Seat #5 is the button
Seat 3: guirib8ir0 ($111.26 in chips) is sitting out
Seat 1: Bejondeiala ($101.90 in chips) 
Seat 2: Kakamiro1234 ($106.80 in chips) 
Seat 4: CichiChanMarian ($102.50 in chips) 
Seat 5: Bessie0009 ($33.28 in chips) 
Seat 6: Rdalonso ($102.50 in chips) 
Rdalonso: posts small blind $0.50
Bejondeiala: posts big blind $1
*** HOLE CARDS ***
Kakamiro1234: folds 
guirib8ir0 leaves the table
CichiChanMarian: folds 
Bessie0009: folds 
Rdalonso: folds 
Uncalled bet ($0.50) returned to Bejondeiala
Bejondeiala collected $1 from pot
Bejondeiala: doesn't show hand 
*** SUMMARY ***
Total pot $1 | Rake $0 
Seat 3: guirib8ir0
Seat 1: Bejondeiala (big blind) collected ($1)
Seat 2: Kakamiro1234 folded before Flop (didn't bet)
Seat 4: CichiChanMarian folded before Flop (didn't bet)
Seat 5: Bessie0009 (button) folded before Flop (didn't bet)
Seat 6: Rdalonso (small blind) folded before Flop



PokerStars Hand #254254802169:  Hold'em No Limit ($0.50/$1.00 USD) - 2025/01/07 0:18:19 WET [2025/01/07 19:18:19 ET]
Table 'Menkent II' 6-max Seat #6 is the button
Seat 1: Bejondeiala ($102.40 in chips) 
Seat 2: Kakamiro1234 ($106.80 in chips) 
Seat 4: CichiChanMarian ($102.50 in chips) 
Seat 5: Bessie0009 ($33.28 in chips) 
Seat 6: Rdalonso ($102 in chips) 
Bejondeiala: posts small blind $0.50
Kakamiro1234: posts big blind $1
*** HOLE CARDS ***
CichiChanMarian: folds 
Bessie0009: raises $2.50 to $3.50
Rdalonso: folds 
Bejondeiala: folds 
Kakamiro1234: folds 
Uncalled bet ($2.50) returned to Bessie0009
Bessie0009 collected $2.50 from pot
*** SUMMARY ***
Total pot $2.50 | Rake $0 
Seat 1: Bejondeiala (small blind) folded before Flop
Seat 2: Kakamiro1234 (big blind) folded before Flop
Seat 4: CichiChanMarian folded before Flop (didn't bet)
Seat 5: Bessie0009 collected ($2.50)
Seat 6: Rdalonso (button) folded before Flop (didn't bet)



PokerStars Hand #254254804488:  Hold'em No Limit ($0.50/$1.00 USD) - 2025/01/07 0:18:29 WET [2025/01/07 19:18:29 ET]
Table 'Menkent II' 6-max Seat #1 is the button
Seat 1: Bejondeiala ($101.90 in chips) 
Seat 2: Kakamiro1234 ($105.80 in chips) 
Seat 4: CichiChanMarian ($102.50 in chips) 
Seat 5: Bessie0009 ($34.78 in chips) 
Seat 6: Rdalonso ($102 in chips) 
Kakamiro1234: posts small blind $0.50
CichiChanMarian: posts big blind $1
*** HOLE CARDS ***
Unipoker11 joins the table at seat #3 
Bessie0009: calls $1
Rdalonso: folds 
Bejondeiala: folds 
Kakamiro1234: raises $3 to $4
CichiChanMarian: folds 
Bessie0009: calls $3
*** FLOP *** [Kh Ad 9c]
Kakamiro1234: checks 
Bessie0009: checks 
*** TURN *** [Kh Ad 9c] [4d]
Kakamiro1234: bets $2.82
Bessie0009: calls $2.82
*** RIVER *** [Kh Ad 9c 4d] [Qd]
Kakamiro1234: checks 
Bessie0009: checks 
*** SHOW DOWN ***
Kakamiro1234: shows [Tc Kc] (a pair of Kings)
Bessie0009: shows [7c As] (a pair of Aces)
Bessie0009 collected $13.91 from pot
*** SUMMARY ***
Total pot $14.64 | Rake $0.73 
Board [Kh Ad 9c 4d Qd]
Seat 1: Bejondeiala (button) folded before Flop (didn't bet)
Seat 2: Kakamiro1234 (small blind) showed [Tc Kc] and lost with a pair of Kings
Seat 4: CichiChanMarian (big blind) folded before Flop
Seat 5: Bessie0009 showed [7c As] and won ($13.91) with a pair of Aces
Seat 6: Rdalonso folded before Flop (didn't bet)



PokerStars Hand #254254813995:  Hold'em No Limit ($0.50/$1.00 USD) - 2025/01/07 0:19:12 WET [2025/01/07 19:19:12 ET]
Table 'Menkent II' 6-max Seat #2 is the button
Seat 3: Unipoker11 ($100 in chips) is sitting out
Seat 1: Bejondeiala ($101.90 in chips) 
Seat 2: Kakamiro1234 ($98.98 in chips) 
Seat 4: CichiChanMarian ($101.50 in chips) 
Seat 5: Bessie0009 ($41.87 in chips) 
Seat 6: Rdalonso ($102 in chips) 
CichiChanMarian: posts small blind $0.50
Bessie0009: posts big blind $1
*** HOLE CARDS ***
Rdalonso: folds 
Bejondeiala: raises $1.10 to $2.10
Kakamiro1234: folds 
CichiChanMarian: folds 
Bessie0009: calls $1.10
*** FLOP *** [9d Ks Jh]
Bessie0009: checks 
Bejondeiala: bets $1.56
Bessie0009: calls $1.56
*** TURN *** [9d Ks Jh] [8c]
Bessie0009: checks 
Bejondeiala: bets $5.57
Bessie0009: calls $5.57
*** RIVER *** [9d Ks Jh 8c] [4s]
Unipoker11 leaves the table
Bessie0009: checks 
Bejondeiala: checks 
*** SHOW DOWN ***
Bessie0009: shows [8h Th] (a pair of Eights)
Bejondeiala: mucks hand 
Bessie0009 collected $18.01 from pot
DEraser joins the table at seat #3 
*** SUMMARY ***
Total pot $18.96 | Rake $0.95 
Board [9d Ks Jh 8c 4s]
Seat 3: Unipoker11
Seat 1: Bejondeiala mucked
Seat 2: Kakamiro1234 (button) folded before Flop (didn't bet)
Seat 4: CichiChanMarian (small blind) folded before Flop
Seat 5: Bessie0009 (big blind) showed [8h Th] and won ($18.01) with a pair of Eights
Seat 6: Rdalonso folded before Flop (didn't bet)



PokerStars Hand #254254825802:  Hold'em No Limit ($0.50/$1.00 USD) - 2025/01/07 0:20:05 WET [2025/01/07 19:20:05 ET]
Table 'Menkent II' 6-max Seat #4 is the button
Seat 3: DEraser ($33 in chips) is sitting out
Seat 1: Bejondeiala ($100 in chips) 
Seat 2: Kakamiro1234 ($98.98 in chips) 
Seat 4: CichiChanMarian ($101 in chips) 
Seat 5: Bessie0009 ($50.65 in chips) 
Seat 6: Rdalonso ($102 in chips) 
Bessie0009: posts small blind $0.50
Rdalonso: posts big blind $1
DEraser: sits out 
*** HOLE CARDS ***
Bejondeiala: raises $1.10 to $2.10
Kakamiro1234: raises $4.10 to $6.20
CichiChanMarian: folds 
Bessie0009: folds 
Rdalonso: folds 
Bejondeiala: folds 
Uncalled bet ($4.10) returned to Kakamiro1234
Kakamiro1234 collected $5.70 from pot
*** SUMMARY ***
Total pot $5.70 | Rake $0 
Seat 3: DEraser
Seat 1: Bejondeiala folded before Flop
Seat 2: Kakamiro1234 collected ($5.70)
Seat 4: CichiChanMarian (button) folded before Flop (didn't bet)
Seat 5: Bessie0009 (small blind) folded before Flop
Seat 6: Rdalonso (big blind) folded before Flop



PokerStars Hand #254254831990:  Hold'em No Limit ($0.50/$1.00 USD) - 2025/01/07 0:20:33 WET [2025/01/07 19:20:33 ET]
Table 'Menkent II' 6-max Seat #5 is the button
Seat 3: DEraser ($33 in chips) is sitting out
Seat 1: Bejondeiala ($100 in chips) 
Seat 2: Kakamiro1234 ($102.58 in chips) 
Seat 4: CichiChanMarian ($101 in chips) 
Seat 5: Bessie0009 ($50.15 in chips) 
Seat 6: Rdalonso ($101 in chips) 
Rdalonso: posts small blind $0.50
Bejondeiala: posts big blind $1
DEraser: sits out 
*** HOLE CARDS ***
Kakamiro1234: raises $1.50 to $2.50
CichiChanMarian: folds 
Bessie0009: folds 
Rdalonso: folds 
Bejondeiala: folds 
Uncalled bet ($1.50) returned to Kakamiro1234
Kakamiro1234 collected $2.50 from pot
*** SUMMARY ***
Total pot $2.50 | Rake $0 
Seat 3: DEraser
Seat 1: Bejondeiala (big blind) folded before Flop
Seat 2: Kakamiro1234 collected ($2.50)
Seat 4: CichiChanMarian folded before Flop (didn't bet)
Seat 5: Bessie0009 (button) folded before Flop (didn't bet)
Seat 6: Rdalonso (small blind) folded before Flop



PokerStars Hand #254254835873:  Hold'em No Limit ($0.50/$1.00 USD) - 2025/01/07 0:20:51 WET [2025/01/07 19:20:51 ET]
Table 'Menkent II' 6-max Seat #6 is the button
Seat 3: DEraser ($33 in chips) is sitting out
Seat 1: Bejondeiala ($100 in chips) 
Seat 2: Kakamiro1234 ($104.08 in chips) 
Seat 4: CichiChanMarian ($101 in chips) 
Seat 5: Bessie0009 ($50.15 in chips) 
Seat 6: Rdalonso ($100.50 in chips) 
Bejondeiala: posts small blind $0.50
Kakamiro1234: posts big blind $1
DEraser: sits out 
*** HOLE CARDS ***
CichiChanMarian: folds 
Bessie0009: raises $2.50 to $3.50
Rdalonso: folds 
Bejondeiala: folds 
Kakamiro1234: folds 
Uncalled bet ($2.50) returned to Bessie0009
Bessie0009 collected $2.50 from pot
*** SUMMARY ***
Total pot $2.50 | Rake $0 
Seat 3: DEraser
Seat 1: Bejondeiala (small blind) folded before Flop
Seat 2: Kakamiro1234 (big blind) folded before Flop
Seat 4: CichiChanMarian folded before Flop (didn't bet)
Seat 5: Bessie0009 collected ($2.50)
Seat 6: Rdalonso (button) folded before Flop (didn't bet)



PokerStars Hand #254254839380:  Hold'em No Limit ($0.50/$1.00 USD) - 2025/01/07 0:21:06 WET [2025/01/07 19:21:06 ET]
Table 'Menkent II' 6-max Seat #1 is the button
Seat 1: Bejondeiala ($100 in chips) 
Seat 2: Kakamiro1234 ($103.08 in chips) 
Seat 3: DEraser ($33 in chips) 
Seat 4: CichiChanMarian ($101 in chips) 
Seat 5: Bessie0009 ($51.65 in chips) 
Seat 6: Rdalonso ($100.50 in chips) 
Kakamiro1234: posts small blind $0.50
DEraser: posts big blind $1
*** HOLE CARDS ***
CichiChanMarian: raises $1.50 to $2.50
Bessie0009: folds 
Rdalonso: folds 
Bejondeiala: folds 
Kakamiro1234: folds 
DEraser: folds 
Uncalled bet ($1.50) returned to CichiChanMarian
CichiChanMarian collected $2.50 from pot
CichiChanMarian: doesn't show hand 
*** SUMMARY ***
Total pot $2.50 | Rake $0 
Seat 1: Bejondeiala (button) folded before Flop (didn't bet)
Seat 2: Kakamiro1234 (small blind) folded before Flop
Seat 3: DEraser (big blind) folded before Flop
Seat 4: CichiChanMarian collected ($2.50)
Seat 5: Bessie0009 folded before Flop (didn't bet)
Seat 6: Rdalonso folded before Flop (didn't bet)



PokerStars Hand #254254842473:  Hold'em No Limit ($0.50/$1.00 USD) - 2025/01/07 0:21:20 WET [2025/01/07 19:21:20 ET]
Table 'Menkent II' 6-max Seat #2 is the button
Seat 1: Bejondeiala ($100 in chips) 
Seat 2: Kakamiro1234 ($102.58 in chips) 
Seat 3: DEraser ($32 in chips) 
Seat 4: CichiChanMarian ($102.50 in chips) 
Seat 5: Bessie0009 ($51.65 in chips) 
Seat 6: Rdalonso ($100.50 in chips) 
DEraser: posts small blind $0.50
CichiChanMarian: posts big blind $1
*** HOLE CARDS ***
Bessie0009: calls $1
Rdalonso: raises $4 to $5
Bejondeiala: folds 
Kakamiro1234: folds 
DEraser: folds 
CichiChanMarian: folds 
Bessie0009: calls $4
*** FLOP *** [Js As Jd]
Bessie0009: checks 
Rdalonso: bets $3.60
Bessie0009: folds 
Uncalled bet ($3.60) returned to Rdalonso
Rdalonso collected $10.92 from pot
Rdalonso: doesn't show hand 
*** SUMMARY ***
Total pot $11.50 | Rake $0.58 
Board [Js As Jd]
Seat 1: Bejondeiala folded before Flop (didn't bet)
Seat 2: Kakamiro1234 (button) folded before Flop (didn't bet)
Seat 3: DEraser (small blind) folded before Flop
Seat 4: CichiChanMarian (big blind) folded before Flop
Seat 5: Bessie0009 folded on the Flop
Seat 6: Rdalonso collected ($10.92)



PokerStars Hand #254254851215:  Hold'em No Limit ($0.50/$1.00 USD) - 2025/01/07 0:22:00 WET [2025/01/07 19:22:00 ET]
Table 'Menkent II' 6-max Seat #3 is the button
Seat 1: Bejondeiala ($100 in chips) 
Seat 2: Kakamiro1234 ($102.58 in chips) 
Seat 3: DEraser ($42.50 in chips) 
Seat 4: CichiChanMarian ($101.50 in chips) 
Seat 5: Bessie0009 ($46.65 in chips) 
Seat 6: Rdalonso ($106.42 in chips) 
CichiChanMarian: posts small blind $0.50
Bessie0009: posts big blind $1
*** HOLE CARDS ***
Rdalonso: folds 
Bejondeiala: folds 
Kakamiro1234: raises $1.50 to $2.50
DEraser: folds 
CichiChanMarian: raises $10 to $12.50
Bessie0009: folds 
Kakamiro1234: calls $10
*** FLOP *** [3s 7c Jh]
CichiChanMarian: bets $8.15
Kakamiro1234: raises $13.15 to $21.30
CichiChanMarian: folds 
Uncalled bet ($13.15) returned to Kakamiro1234
Kakamiro1234 collected $40.18 from pot
*** SUMMARY ***
Total pot $42.30 | Rake $2.12 
Board [3s 7c Jh]
Seat 1: Bejondeiala folded before Flop (didn't bet)
Seat 2: Kakamiro1234 collected ($40.18)
Seat 3: DEraser (button) folded before Flop (didn't bet)
Seat 4: CichiChanMarian (small blind) folded on the Flop
Seat 5: Bessie0009 (big blind) folded before Flop
Seat 6: Rdalonso folded before Flop (didn't bet)



PokerStars Hand #254254866820:  Hold'em No Limit ($0.50/$1.00 USD) - 2025/01/07 0:23:10 WET [2025/01/07 19:23:10 ET]
Table 'Menkent II' 6-max Seat #4 is the button
Seat 1: Bejondeiala ($100 in chips) 
Seat 2: Kakamiro1234 ($122.11 in chips) 
Seat 3: DEraser ($42.50 in chips) 
Seat 4: CichiChanMarian ($100 in chips) 
Seat 5: Bessie0009 ($45.65 in chips) 
Seat 6: Rdalonso ($106.42 in chips) 
Bessie0009: posts small blind $0.50
Rdalonso: posts big blind $1
*** HOLE CARDS ***
Bejondeiala: folds 
Kakamiro1234: folds 
DEraser: folds 
CichiChanMarian: raises $1.50 to $2.50
Bessie0009: folds 
Rdalonso: calls $1.50
*** FLOP *** [8s 3h 7d]
Rdalonso: checks 
CichiChanMarian: bets $2.61
Rdalonso: folds 
Uncalled bet ($2.61) returned to CichiChanMarian
CichiChanMarian collected $5.22 from pot
CichiChanMarian: doesn't show hand 
*** SUMMARY ***
Total pot $5.50 | Rake $0.28 
Board [8s 3h 7d]
Seat 1: Bejondeiala folded before Flop (didn't bet)
Seat 2: Kakamiro1234 folded before Flop (didn't bet)
Seat 3: DEraser folded before Flop (didn't bet)
Seat 4: CichiChanMarian (button) collected ($5.22)
Seat 5: Bessie0009 (small blind) folded before Flop
Seat 6: Rdalonso (big blind) folded on the Flop



PokerStars Hand #254254875948:  Hold'em No Limit ($0.50/$1.00 USD) - 2025/01/07 0:23:53 WET [2025/01/07 19:23:53 ET]
Table 'Menkent II' 6-max Seat #5 is the button
Seat 1: Bejondeiala ($100 in chips) is sitting out
Seat 2: Kakamiro1234 ($122.11 in chips) 
Seat 3: DEraser ($42.50 in chips) 
Seat 4: CichiChanMarian ($102.72 in chips) 
Seat 5: Bessie0009 ($45.15 in chips) 
Seat 6: Rdalonso ($103.92 in chips) 
Rdalonso: posts small blind $0.50
Bejondeiala: is sitting out 
Kakamiro1234: posts big blind $1
*** HOLE CARDS ***
DEraser: folds 
CichiChanMarian: folds 
Bessie0009: raises $2.50 to $3.50
Rdalonso: raises $5.50 to $9
Kakamiro1234: folds 
Bessie0009: calls $5.50
*** FLOP *** [Th 8d Kd]
Rdalonso: bets $5.96
Bessie0009: calls $5.96
*** TURN *** [Th 8d Kd] [Qs]
Rdalonso: checks 
Bessie0009: bets $29.37
Rdalonso: raises $29.37 to $58.74
Bessie0009: calls $0.82 and is all-in
Uncalled bet ($28.55) returned to Rdalonso
*** RIVER *** [Th 8d Kd Qs] [Jd]
*** SHOW DOWN ***
Rdalonso: shows [Qd Ad] (a flush, Ace high)
Bessie0009: shows [4c 4d] (a pair of Fours)
Rdalonso collected $88.80 from pot
*** SUMMARY ***
Total pot $91.30 | Rake $2.50 
Board [Th 8d Kd Qs Jd]
Seat 1: Bejondeiala
Seat 2: Kakamiro1234 (big blind) folded before Flop
Seat 3: DEraser folded before Flop (didn't bet)
Seat 4: CichiChanMarian folded before Flop (didn't bet)
Seat 5: Bessie0009 (button) showed [4c 4d] and lost with a pair of Fours
Seat 6: Rdalonso (small blind) showed [Qd Ad] and won ($88.80) with a flush, Ace high



PokerStars Hand #254254890236:  Hold'em No Limit ($0.50/$1.00 USD) - 2025/01/07 0:24:58 WET [2025/01/07 19:24:58 ET]
Table 'Menkent II' 6-max Seat #6 is the button
Seat 1: Bejondeiala ($100 in chips) is sitting out
Seat 5: Bessie0009 ($0 in chips) is sitting out
Seat 2: Kakamiro1234 ($121.11 in chips) 
Seat 3: DEraser ($42.50 in chips) 
Seat 4: CichiChanMarian ($102.72 in chips) 
Seat 6: Rdalonso ($147.57 in chips) 
Kakamiro1234: posts small blind $0.50
DEraser: posts big blind $1
*** HOLE CARDS ***
CichiChanMarian: raises $1.50 to $2.50
Rdalonso: folds 
Kakamiro1234: raises $9.50 to $12
DEraser: folds 
Bessie0009 leaves the table
CichiChanMarian: folds 
Uncalled bet ($9.50) returned to Kakamiro1234
Kakamiro1234 collected $6 from pot
*** SUMMARY ***
Total pot $6 | Rake $0 
Seat 1: Bejondeiala
Seat 5: Bessie0009
Seat 2: Kakamiro1234 (small blind) collected ($6)
Seat 3: DEraser (big blind) folded before Flop
Seat 4: CichiChanMarian folded before Flop
Seat 6: Rdalonso (button) folded before Flop (didn't bet)



PokerStars Hand #254254900162:  Hold'em No Limit ($0.50/$1.00 USD) - 2025/01/07 0:25:44 WET [2025/01/07 19:25:44 ET]
Table 'Menkent II' 6-max Seat #3 is the button
Seat 1: Bejondeiala ($100 in chips) is sitting out
Seat 4: CichiChanMarian ($100.22 in chips) is sitting out
Seat 6: Rdalonso ($147.57 in chips) is sitting out
Seat 2: Kakamiro1234 ($124.61 in chips) 
Seat 3: DEraser ($41.50 in chips) 
DEraser: posts small blind $0.50
CichiChanMarian: is sitting out 
Rdalonso: is sitting out 
Kakamiro1234: posts big blind $1
*** HOLE CARDS ***
DEraser: raises $1.50 to $2.50
Rdalonso leaves the table
Kakamiro1234: folds 
Uncalled bet ($1.50) returned to DEraser
DEraser collected $2 from pot
DEraser: doesn't show hand 
*** SUMMARY ***
Total pot $2 | Rake $0 
Seat 1: Bejondeiala
Seat 4: CichiChanMarian
Seat 6: Rdalonso
Seat 2: Kakamiro1234 (big blind) folded before Flop
Seat 3: DEraser (button) (small blind) collected ($2)



