PokerStars Hand #254241117025:  Hold'em No Limit ($0.50/$1.00 USD) - 2025/01/07 5:06:25 WET [2025/01/07 0:06:25 ET]
Table 'Trusanda' 6-max Seat #5 is the button
Seat 3: MaRKiToScoK ($100 in chips) is sitting out
Seat 6: Burlica2013 ($100 in chips) is sitting out
Seat 1: DonTony84 ($93.57 in chips) 
Seat 2: reeqar ($100 in chips) 
Seat 4: Kreayshawn ($104.52 in chips) 
Seat 5: G.HANSEN333 ($105.42 in chips) 
DonTony84: posts small blind $0.50
reeqar: posts big blind $1
MaRKiToScoK: sits out 
*** HOLE CARDS ***
Kreayshawn: folds 
G.HANSEN333: folds 
DonTony84: calls $0.50
reeqar: checks 
*** FLOP *** [Js Ah 2d]
DonTony84: checks 
reeqar: checks 
*** TURN *** [Js Ah 2d] [5c]
DonTony84: checks 
reeqar: checks 
*** RIVER *** [Js Ah 2d 5c] [Jc]
DonTony84: checks 
reeqar: checks 
*** SHOW DOWN ***
DonTony84: shows [4h 9c] (a pair of Jacks)
reeqar: shows [2h Ks] (two pair, Jacks and Deuces)
reeqar collected $1.90 from pot
*** SUMMARY ***
Total pot $2 | Rake $0.10 
Board [Js Ah 2d 5c Jc]
Seat 3: MaRKiToScoK
Seat 6: Burlica2013
Seat 1: DonTony84 (small blind) showed [4h 9c] and lost with a pair of Jacks
Seat 2: reeqar (big blind) showed [2h Ks] and won ($1.90) with two pair, Jacks and Deuces
Seat 4: Kreayshawn folded before Flop (didn't bet)
Seat 5: G.HANSEN333 (button) folded before Flop (didn't bet)



PokerStars Hand #254241120874:  Hold'em No Limit ($0.50/$1.00 USD) - 2025/01/07 5:07:09 WET [2025/01/07 0:07:09 ET]
Table 'Trusanda' 6-max Seat #1 is the button
Seat 6: Burlica2013 ($100 in chips) is sitting out
Seat 1: DonTony84 ($92.57 in chips) 
Seat 2: reeqar ($100.90 in chips) 
Seat 3: MaRKiToScoK ($100 in chips) 
Seat 4: Kreayshawn ($104.52 in chips) 
Seat 5: G.HANSEN333 ($105.42 in chips) 
reeqar: posts small blind $0.50
MaRKiToScoK: posts big blind $1
Burlica2013: sits out 
*** HOLE CARDS ***
Kreayshawn: folds 
G.HANSEN333: folds 
DonTony84: calls $1
reeqar: calls $0.50
MaRKiToScoK: raises $6.50 to $7.50
DonTony84: calls $6.50
reeqar: folds 
*** FLOP *** [4c 9c As]
MaRKiToScoK: checks 
DonTony84: checks 
*** TURN *** [4c 9c As] [4s]
MaRKiToScoK: checks 
DonTony84: checks 
*** RIVER *** [4c 9c As 4s] [Ad]
MaRKiToScoK: checks 
DonTony84: bets $7.60
MaRKiToScoK: calls $7.60
*** SHOW DOWN ***
DonTony84: shows [Td 5c] (two pair, Aces and Fours)
MaRKiToScoK: shows [Kd 6d] (two pair, Aces and Fours - King kicker)
MaRKiToScoK collected $29.64 from pot
*** SUMMARY ***
Total pot $31.20 | Rake $1.56 
Board [4c 9c As 4s Ad]
Seat 6: Burlica2013
Seat 1: DonTony84 (button) showed [Td 5c] and lost with two pair, Aces and Fours
Seat 2: reeqar (small blind) folded before Flop
Seat 3: MaRKiToScoK (big blind) showed [Kd 6d] and won ($29.64) with two pair, Aces and Fours
Seat 4: Kreayshawn folded before Flop (didn't bet)
Seat 5: G.HANSEN333 folded before Flop (didn't bet)



PokerStars Hand #254241126778:  Hold'em No Limit ($0.50/$1.00 USD) - 2025/01/07 5:08:15 WET [2025/01/07 0:08:15 ET]
Table 'Trusanda' 6-max Seat #2 is the button
Seat 6: Burlica2013 ($100 in chips) is sitting out
Seat 1: DonTony84 ($77.47 in chips) 
Seat 2: reeqar ($100 in chips) 
Seat 3: MaRKiToScoK ($114.54 in chips) 
Seat 4: Kreayshawn ($104.52 in chips) 
Seat 5: G.HANSEN333 ($105.42 in chips) 
MaRKiToScoK: posts small blind $0.50
Kreayshawn: posts big blind $1
Burlica2013: sits out 
*** HOLE CARDS ***
G.HANSEN333: folds 
DonTony84: calls $1
reeqar: folds 
MaRKiToScoK: folds 
Kreayshawn: checks 
*** FLOP *** [3d As Tc]
Kreayshawn: checks 
DonTony84: checks 
*** TURN *** [3d As Tc] [4d]
Kreayshawn: checks 
DonTony84: checks 
*** RIVER *** [3d As Tc 4d] [4s]
Kreayshawn: checks 
DonTony84: checks 
*** SHOW DOWN ***
Kreayshawn: shows [8d 5s] (a pair of Fours)
DonTony84: shows [9c 5d] (a pair of Fours - Ace+Ten+Nine kicker)
DonTony84 collected $2.35 from pot
*** SUMMARY ***
Total pot $2.50 | Rake $0.15 
Board [3d As Tc 4d 4s]
Seat 6: Burlica2013
Seat 1: DonTony84 showed [9c 5d] and won ($2.35) with a pair of Fours
Seat 2: reeqar (button) folded before Flop (didn't bet)
Seat 3: MaRKiToScoK (small blind) folded before Flop
Seat 4: Kreayshawn (big blind) showed [8d 5s] and lost with a pair of Fours
Seat 5: G.HANSEN333 folded before Flop (didn't bet)



PokerStars Hand #254241131672:  Hold'em No Limit ($0.50/$1.00 USD) - 2025/01/07 5:09:11 WET [2025/01/07 0:09:11 ET]
Table 'Trusanda' 6-max Seat #3 is the button
Seat 6: Burlica2013 ($100 in chips) is sitting out
Seat 1: DonTony84 ($78.82 in chips) 
Seat 2: reeqar ($100 in chips) 
Seat 3: MaRKiToScoK ($114.04 in chips) 
Seat 4: Kreayshawn ($103.52 in chips) 
Seat 5: G.HANSEN333 ($105.42 in chips) 
Kreayshawn: posts small blind $0.50
G.HANSEN333: posts big blind $1
Burlica2013: sits out 
*** HOLE CARDS ***
DonTony84: raises $1 to $2
reeqar: folds 
MaRKiToScoK: folds 
Kreayshawn: folds 
G.HANSEN333: folds 
Uncalled bet ($1) returned to DonTony84
DonTony84 collected $2.50 from pot
*** SUMMARY ***
Total pot $2.50 | Rake $0 
Seat 6: Burlica2013
Seat 1: DonTony84 collected ($2.50)
Seat 2: reeqar folded before Flop (didn't bet)
Seat 3: MaRKiToScoK (button) folded before Flop (didn't bet)
Seat 4: Kreayshawn (small blind) folded before Flop
Seat 5: G.HANSEN333 (big blind) folded before Flop



PokerStars Hand #254241133654:  Hold'em No Limit ($0.50/$1.00 USD) - 2025/01/07 5:09:34 WET [2025/01/07 0:09:34 ET]
Table 'Trusanda' 6-max Seat #4 is the button
Seat 1: DonTony84 ($80.32 in chips) 
Seat 2: reeqar ($100 in chips) 
Seat 3: MaRKiToScoK ($114.04 in chips) 
Seat 4: Kreayshawn ($103.02 in chips) 
Seat 5: G.HANSEN333 ($104.42 in chips) 
Seat 6: Burlica2013 ($100 in chips) 
G.HANSEN333: posts small blind $0.50
Burlica2013: posts big blind $1
*** HOLE CARDS ***
DonTony84: calls $1
reeqar: folds 
MaRKiToScoK: folds 
Kreayshawn: folds 
G.HANSEN333: folds 
Burlica2013: raises $2 to $3
DonTony84: calls $2
*** FLOP *** [6d 6c Ts]
Burlica2013: bets $2.04
DonTony84: calls $2.04
*** TURN *** [6d 6c Ts] [9d]
Burlica2013: checks 
DonTony84: checks 
*** RIVER *** [6d 6c Ts 9d] [9s]
Burlica2013: bets $7.54
DonTony84: calls $7.54
*** SHOW DOWN ***
Burlica2013: shows [Td Jc] (two pair, Tens and Nines)
DonTony84: mucks hand 
Burlica2013 collected $24.38 from pot
*** SUMMARY ***
Total pot $25.66 | Rake $1.28 
Board [6d 6c Ts 9d 9s]
Seat 1: DonTony84 mucked
Seat 2: reeqar folded before Flop (didn't bet)
Seat 3: MaRKiToScoK folded before Flop (didn't bet)
Seat 4: Kreayshawn (button) folded before Flop (didn't bet)
Seat 5: G.HANSEN333 (small blind) folded before Flop
Seat 6: Burlica2013 (big blind) showed [Td Jc] and won ($24.38) with two pair, Tens and Nines



PokerStars Hand #254241136915:  Hold'em No Limit ($0.50/$1.00 USD) - 2025/01/07 5:10:13 WET [2025/01/07 0:10:13 ET]
Table 'Trusanda' 6-max Seat #5 is the button
Seat 1: DonTony84 ($67.74 in chips) 
Seat 2: reeqar ($100 in chips) 
Seat 3: MaRKiToScoK ($114.04 in chips) 
Seat 4: Kreayshawn ($103.02 in chips) 
Seat 5: G.HANSEN333 ($103.92 in chips) 
Seat 6: Burlica2013 ($111.80 in chips) 
Burlica2013: posts small blind $0.50
DonTony84: posts big blind $1
*** HOLE CARDS ***
reeqar: folds 
MaRKiToScoK: folds 
Kreayshawn: folds 
G.HANSEN333: folds 
Burlica2013: folds 
Uncalled bet ($0.50) returned to DonTony84
DonTony84 collected $1 from pot
*** SUMMARY ***
Total pot $1 | Rake $0 
Seat 1: DonTony84 (big blind) collected ($1)
Seat 2: reeqar folded before Flop (didn't bet)
Seat 3: MaRKiToScoK folded before Flop (didn't bet)
Seat 4: Kreayshawn folded before Flop (didn't bet)
Seat 5: G.HANSEN333 (button) folded before Flop (didn't bet)
Seat 6: Burlica2013 (small blind) folded before Flop



PokerStars Hand #254241138835:  Hold'em No Limit ($0.50/$1.00 USD) - 2025/01/07 5:10:35 WET [2025/01/07 0:10:35 ET]
Table 'Trusanda' 6-max Seat #6 is the button
Seat 1: DonTony84 ($68.24 in chips) 
Seat 2: reeqar ($100 in chips) 
Seat 3: MaRKiToScoK ($114.04 in chips) 
Seat 4: Kreayshawn ($103.02 in chips) 
Seat 5: G.HANSEN333 ($103.92 in chips) 
Seat 6: Burlica2013 ($111.30 in chips) 
DonTony84: posts small blind $0.50
reeqar: posts big blind $1
*** HOLE CARDS ***
MaRKiToScoK: folds 
Kreayshawn: folds 
G.HANSEN333: folds 
Burlica2013: raises $1.45 to $2.45
DonTony84: calls $1.95
reeqar: raises $10.55 to $13
Burlica2013: folds 
DonTony84: calls $10.55
*** FLOP *** [5s Th 8s]
DonTony84: checks 
reeqar: bets $6.76
DonTony84: folds 
Uncalled bet ($6.76) returned to reeqar
reeqar collected $27.03 from pot
reeqar: doesn't show hand 
*** SUMMARY ***
Total pot $28.45 | Rake $1.42 
Board [5s Th 8s]
Seat 1: DonTony84 (small blind) folded on the Flop
Seat 2: reeqar (big blind) collected ($27.03)
Seat 3: MaRKiToScoK folded before Flop (didn't bet)
Seat 4: Kreayshawn folded before Flop (didn't bet)
Seat 5: G.HANSEN333 folded before Flop (didn't bet)
Seat 6: Burlica2013 (button) folded before Flop



PokerStars Hand #254241142742:  Hold'em No Limit ($0.50/$1.00 USD) - 2025/01/07 5:11:21 WET [2025/01/07 0:11:21 ET]
Table 'Trusanda' 6-max Seat #1 is the button
Seat 1: DonTony84 ($55.24 in chips) 
Seat 2: reeqar ($114.03 in chips) 
Seat 3: MaRKiToScoK ($114.04 in chips) 
Seat 4: Kreayshawn ($103.02 in chips) 
Seat 5: G.HANSEN333 ($103.92 in chips) 
Seat 6: Burlica2013 ($108.85 in chips) 
reeqar: posts small blind $0.50
MaRKiToScoK: posts big blind $1
*** HOLE CARDS ***
Kreayshawn: folds 
G.HANSEN333: folds 
Burlica2013: raises $1.25 to $2.25
DonTony84: calls $2.25
reeqar: folds 
MaRKiToScoK: folds 
*** FLOP *** [3s Kc Jc]
Burlica2013: checks 
DonTony84: bets $5.70
Burlica2013: folds 
Uncalled bet ($5.70) returned to DonTony84
DonTony84 collected $5.62 from pot
*** SUMMARY ***
Total pot $6 | Rake $0.38 
Board [3s Kc Jc]
Seat 1: DonTony84 (button) collected ($5.62)
Seat 2: reeqar (small blind) folded before Flop
Seat 3: MaRKiToScoK (big blind) folded before Flop
Seat 4: Kreayshawn folded before Flop (didn't bet)
Seat 5: G.HANSEN333 folded before Flop (didn't bet)
Seat 6: Burlica2013 folded on the Flop



PokerStars Hand #254241145585:  Hold'em No Limit ($0.50/$1.00 USD) - 2025/01/07 5:11:54 WET [2025/01/07 0:11:54 ET]
Table 'Trusanda' 6-max Seat #2 is the button
Seat 1: DonTony84 ($58.61 in chips) 
Seat 2: reeqar ($113.53 in chips) 
Seat 3: MaRKiToScoK ($113.04 in chips) 
Seat 4: Kreayshawn ($103.02 in chips) 
Seat 5: G.HANSEN333 ($103.92 in chips) 
Seat 6: Burlica2013 ($106.60 in chips) 
MaRKiToScoK: posts small blind $0.50
Kreayshawn: posts big blind $1
*** HOLE CARDS ***
G.HANSEN333: folds 
Burlica2013: folds 
DonTony84: calls $1
reeqar: folds 
MaRKiToScoK: folds 
Kreayshawn: checks 
*** FLOP *** [Ks Qc 9c]
Kreayshawn: checks 
DonTony84: checks 
*** TURN *** [Ks Qc 9c] [3c]
Kreayshawn: checks 
DonTony84: checks 
*** RIVER *** [Ks Qc 9c 3c] [Ts]
Kreayshawn: checks 
DonTony84: checks 
*** SHOW DOWN ***
Kreayshawn: shows [Th 9h] (two pair, Tens and Nines)
DonTony84: mucks hand 
Kreayshawn collected $2.38 from pot
*** SUMMARY ***
Total pot $2.50 | Rake $0.12 
Board [Ks Qc 9c 3c Ts]
Seat 1: DonTony84 mucked
Seat 2: reeqar (button) folded before Flop (didn't bet)
Seat 3: MaRKiToScoK (small blind) folded before Flop
Seat 4: Kreayshawn (big blind) showed [Th 9h] and won ($2.38) with two pair, Tens and Nines
Seat 5: G.HANSEN333 folded before Flop (didn't bet)
Seat 6: Burlica2013 folded before Flop (didn't bet)



PokerStars Hand #254241151238:  Hold'em No Limit ($0.50/$1.00 USD) - 2025/01/07 5:13:00 WET [2025/01/07 0:13:00 ET]
Table 'Trusanda' 6-max Seat #3 is the button
Seat 1: DonTony84 ($57.61 in chips) 
Seat 2: reeqar ($113.53 in chips) 
Seat 3: MaRKiToScoK ($112.54 in chips) 
Seat 4: Kreayshawn ($104.40 in chips) 
Seat 5: G.HANSEN333 ($103.92 in chips) 
Seat 6: Burlica2013 ($106.60 in chips) 
Kreayshawn: posts small blind $0.50
G.HANSEN333: posts big blind $1
*** HOLE CARDS ***
Burlica2013: raises $1.20 to $2.20
DonTony84: calls $2.20
reeqar: raises $7.80 to $10
MaRKiToScoK: folds 
Kreayshawn: folds 
G.HANSEN333: folds 
Burlica2013: raises $13 to $23
DonTony84: folds 
reeqar: folds 
Uncalled bet ($13) returned to Burlica2013
Burlica2013 collected $23.70 from pot
Burlica2013: doesn't show hand 
*** SUMMARY ***
Total pot $23.70 | Rake $0 
Seat 1: DonTony84 folded before Flop
Seat 2: reeqar folded before Flop
Seat 3: MaRKiToScoK (button) folded before Flop (didn't bet)
Seat 4: Kreayshawn (small blind) folded before Flop
Seat 5: G.HANSEN333 (big blind) folded before Flop
Seat 6: Burlica2013 collected ($23.70)



PokerStars Hand #254241164293:  Hold'em No Limit ($0.50/$1.00 USD) - 2025/01/07 5:15:36 WET [2025/01/07 0:15:36 ET]
Table 'Trusanda' 6-max Seat #6 is the button
Seat 1: DonTony84 ($32.73 in chips) 
Seat 2: reeqar ($103.53 in chips) 
Seat 3: MaRKiToScoK ($108.84 in chips) 
Seat 4: Kreayshawn ($101.40 in chips) 
Seat 5: G.HANSEN333 ($102.42 in chips) 
Seat 6: Burlica2013 ($146.83 in chips) 
DonTony84: posts small blind $0.50
reeqar: posts big blind $1
*** HOLE CARDS ***
MaRKiToScoK: folds 
Kreayshawn: folds 
G.HANSEN333: folds 
Burlica2013: raises $1.45 to $2.45
DonTony84: calls $1.95
reeqar: raises $11.55 to $14
Burlica2013: calls $11.55
DonTony84: calls $11.55
*** FLOP *** [5c 5s 8h]
DonTony84: checks 
reeqar: checks 
Burlica2013: bets $19
DonTony84: calls $18.73 and is all-in
reeqar: folds 
Uncalled bet ($0.27) returned to Burlica2013
*** TURN *** [5c 5s 8h] [Ts]
*** RIVER *** [5c 5s 8h Ts] [7s]
*** SHOW DOWN ***
DonTony84: shows [Ks 7c] (two pair, Sevens and Fives)
Burlica2013: shows [Tc Th] (a full house, Tens full of Fives)
Burlica2013 collected $76.96 from pot
DonTony84 cashed out the hand for $12.12 | Cash Out Fee $0.25
*** SUMMARY ***
Total pot $79.46 | Rake $2.50 
Board [5c 5s 8h Ts 7s]
Seat 1: DonTony84 (small blind) showed [Ks 7c] and lost with two pair, Sevens and Fives (cashed out).
Seat 2: reeqar (big blind) folded on the Flop
Seat 3: MaRKiToScoK folded before Flop (didn't bet)
Seat 4: Kreayshawn folded before Flop (didn't bet)
Seat 5: G.HANSEN333 folded before Flop (didn't bet)
Seat 6: Burlica2013 (button) showed [Tc Th] and won ($76.96) with a full house, Tens full of Fives



PokerStars Hand #254241171947:  Hold'em No Limit ($0.50/$1.00 USD) - 2025/01/07 5:17:10 WET [2025/01/07 0:17:10 ET]
Table 'Trusanda' 6-max Seat #1 is the button
Seat 1: DonTony84 ($12.12 in chips) 
Seat 2: reeqar ($100 in chips) 
Seat 3: MaRKiToScoK ($108.84 in chips) 
Seat 4: Kreayshawn ($101.40 in chips) 
Seat 5: G.HANSEN333 ($102.42 in chips) 
Seat 6: Burlica2013 ($191.06 in chips) 
reeqar: posts small blind $0.50
MaRKiToScoK: posts big blind $1
*** HOLE CARDS ***
Kreayshawn: folds 
G.HANSEN333: folds 
Burlica2013: raises $1.25 to $2.25
DonTony84: calls $2.25
reeqar: folds 
MaRKiToScoK: raises $11.25 to $13.50
Burlica2013: folds 
DonTony84: calls $9.87 and is all-in
Uncalled bet ($1.38) returned to MaRKiToScoK
*** FLOP *** [4h 7h 5s]
*** TURN *** [4h 7h 5s] [4c]
*** RIVER *** [4h 7h 5s 4c] [As]
*** SHOW DOWN ***
MaRKiToScoK: shows [Kd Td] (a pair of Fours)
DonTony84: shows [Qs 5h] (two pair, Fives and Fours)
DonTony84 collected $25.30 from pot
*** SUMMARY ***
Total pot $26.99 | Rake $1.69 
Board [4h 7h 5s 4c As]
Seat 1: DonTony84 (button) showed [Qs 5h] and won ($25.30) with two pair, Fives and Fours
Seat 2: reeqar (small blind) folded before Flop
Seat 3: MaRKiToScoK (big blind) showed [Kd Td] and lost with a pair of Fours
Seat 4: Kreayshawn folded before Flop (didn't bet)
Seat 5: G.HANSEN333 folded before Flop (didn't bet)
Seat 6: Burlica2013 folded before Flop



PokerStars Hand #254241175984:  Hold'em No Limit ($0.50/$1.00 USD) - 2025/01/07 5:18:00 WET [2025/01/07 0:18:00 ET]
Table 'Trusanda' 6-max Seat #2 is the button
Seat 1: DonTony84 ($25.30 in chips) 
Seat 2: reeqar ($100 in chips) 
Seat 3: MaRKiToScoK ($100 in chips) 
Seat 4: Kreayshawn ($101.40 in chips) 
Seat 5: G.HANSEN333 ($102.42 in chips) 
Seat 6: Burlica2013 ($188.81 in chips) 
MaRKiToScoK: posts small blind $0.50
Kreayshawn: posts big blind $1
*** HOLE CARDS ***
G.HANSEN333: folds 
Burlica2013: folds 
DonTony84: calls $1
reeqar: raises $1.50 to $2.50
MaRKiToScoK: calls $2
Kreayshawn: calls $1.50
DonTony84: calls $1.50
*** FLOP *** [Js Qh 8h]
MaRKiToScoK: checks 
Kreayshawn: checks 
DonTony84: checks 
reeqar: checks 
*** TURN *** [Js Qh 8h] [9c]
MaRKiToScoK: checks 
Kreayshawn: checks 
DonTony84: checks 
reeqar: bets $7.13
MaRKiToScoK: calls $7.13
Kreayshawn: folds 
DonTony84: folds 
*** RIVER *** [Js Qh 8h 9c] [9s]
MaRKiToScoK: checks 
reeqar: checks 
*** SHOW DOWN ***
MaRKiToScoK: shows [9h 9d] (four of a kind, Nines)
reeqar: mucks hand 
MaRKiToScoK collected $23.05 from pot
*** SUMMARY ***
Total pot $24.26 | Rake $1.21 
Board [Js Qh 8h 9c 9s]
Seat 1: DonTony84 folded on the Turn
Seat 2: reeqar (button) mucked
Seat 3: MaRKiToScoK (small blind) showed [9h 9d] and won ($23.05) with four of a kind, Nines
Seat 4: Kreayshawn (big blind) folded on the Turn
Seat 5: G.HANSEN333 folded before Flop (didn't bet)
Seat 6: Burlica2013 folded before Flop (didn't bet)



PokerStars Hand #254241182786:  Hold'em No Limit ($0.50/$1.00 USD) - 2025/01/07 5:19:22 WET [2025/01/07 0:19:22 ET]
Table 'Trusanda' 6-max Seat #3 is the button
Seat 1: DonTony84 ($22.80 in chips) 
Seat 2: reeqar ($100 in chips) 
Seat 3: MaRKiToScoK ($113.42 in chips) 
Seat 4: Kreayshawn ($100 in chips) 
Seat 5: G.HANSEN333 ($102.42 in chips) 
Seat 6: Burlica2013 ($188.81 in chips) 
Kreayshawn: posts small blind $0.50
G.HANSEN333: posts big blind $1
*** HOLE CARDS ***
Burlica2013: folds 
DonTony84: calls $1
reeqar: folds 
MaRKiToScoK: folds 
Kreayshawn: folds 
G.HANSEN333: checks 
*** FLOP *** [9d As 6s]
G.HANSEN333: checks 
DonTony84: bets $2.38
G.HANSEN333: folds 
Uncalled bet ($2.38) returned to DonTony84
DonTony84 collected $2.35 from pot
*** SUMMARY ***
Total pot $2.50 | Rake $0.15 
Board [9d As 6s]
Seat 1: DonTony84 collected ($2.35)
Seat 2: reeqar folded before Flop (didn't bet)
Seat 3: MaRKiToScoK (button) folded before Flop (didn't bet)
Seat 4: Kreayshawn (small blind) folded before Flop
Seat 5: G.HANSEN333 (big blind) folded on the Flop
Seat 6: Burlica2013 folded before Flop (didn't bet)



PokerStars Hand #254241185806:  Hold'em No Limit ($0.50/$1.00 USD) - 2025/01/07 5:19:59 WET [2025/01/07 0:19:59 ET]
Table 'Trusanda' 6-max Seat #4 is the button
Seat 1: DonTony84 ($24.15 in chips) 
Seat 2: reeqar ($100 in chips) 
Seat 3: MaRKiToScoK ($113.42 in chips) 
Seat 4: Kreayshawn ($100 in chips) 
Seat 5: G.HANSEN333 ($101.42 in chips) 
Seat 6: Burlica2013 ($188.81 in chips) 
G.HANSEN333: posts small blind $0.50
Burlica2013: posts big blind $1
*** HOLE CARDS ***
DonTony84: calls $1
reeqar: folds 
MaRKiToScoK: folds 
Kreayshawn: folds 
G.HANSEN333: raises $4.50 to $5.50
Burlica2013: folds 
DonTony84: raises $4.50 to $10
G.HANSEN333: raises $31 to $41
DonTony84: calls $14.15 and is all-in
Uncalled bet ($16.85) returned to G.HANSEN333
*** FLOP *** [Kd 9h 8c]
*** TURN *** [Kd 9h 8c] [8h]
*** RIVER *** [Kd 9h 8c 8h] [7d]
*** SHOW DOWN ***
G.HANSEN333: shows [Qh Qs] (two pair, Queens and Eights)
DonTony84: shows [Ah Ac] (two pair, Aces and Eights)
DonTony84 collected $46.22 from pot
*** SUMMARY ***
Total pot $49.30 | Rake $3.08 
Board [Kd 9h 8c 8h 7d]
Seat 1: DonTony84 showed [Ah Ac] and won ($46.22) with two pair, Aces and Eights
Seat 2: reeqar folded before Flop (didn't bet)
Seat 3: MaRKiToScoK folded before Flop (didn't bet)
Seat 4: Kreayshawn (button) folded before Flop (didn't bet)
Seat 5: G.HANSEN333 (small blind) showed [Qh Qs] and lost with two pair, Queens and Eights
Seat 6: Burlica2013 (big blind) folded before Flop



PokerStars Hand #254241190692:  Hold'em No Limit ($0.50/$1.00 USD) - 2025/01/07 5:20:58 WET [2025/01/07 0:20:58 ET]
Table 'Trusanda' 6-max Seat #5 is the button
Seat 1: DonTony84 ($46.22 in chips) 
Seat 2: reeqar ($100 in chips) 
Seat 3: MaRKiToScoK ($113.42 in chips) 
Seat 4: Kreayshawn ($100 in chips) 
Seat 5: G.HANSEN333 ($100 in chips) 
Seat 6: Burlica2013 ($187.81 in chips) 
Burlica2013: posts small blind $0.50
DonTony84: posts big blind $1
*** HOLE CARDS ***
reeqar: folds 
MaRKiToScoK: raises $2 to $3
Kreayshawn: folds 
G.HANSEN333: raises $6 to $9
Burlica2013: folds 
DonTony84: calls $8
MaRKiToScoK: calls $6
*** FLOP *** [Qd 9c 3c]
DonTony84: bets $26.12
MaRKiToScoK: folds 
G.HANSEN333: folds 
Uncalled bet ($26.12) returned to DonTony84
DonTony84 collected $25.78 from pot
*** SUMMARY ***
Total pot $27.50 | Rake $1.72 
Board [Qd 9c 3c]
Seat 1: DonTony84 (big blind) collected ($25.78)
Seat 2: reeqar folded before Flop (didn't bet)
Seat 3: MaRKiToScoK folded on the Flop
Seat 4: Kreayshawn folded before Flop (didn't bet)
Seat 5: G.HANSEN333 (button) folded on the Flop
Seat 6: Burlica2013 (small blind) folded before Flop



PokerStars Hand #254241193037:  Hold'em No Limit ($0.50/$1.00 USD) - 2025/01/07 5:21:25 WET [2025/01/07 0:21:25 ET]
Table 'Trusanda' 6-max Seat #6 is the button
Seat 1: DonTony84 ($63 in chips) 
Seat 2: reeqar ($100 in chips) 
Seat 3: MaRKiToScoK ($104.42 in chips) 
Seat 4: Kreayshawn ($100 in chips) 
Seat 5: G.HANSEN333 ($100 in chips) 
Seat 6: Burlica2013 ($187.31 in chips) 
DonTony84: posts small blind $0.50
reeqar: posts big blind $1
*** HOLE CARDS ***
MaRKiToScoK: folds 
Kreayshawn: folds 
G.HANSEN333: folds 
Burlica2013: raises $1.45 to $2.45
DonTony84: calls $1.95
reeqar: raises $11.55 to $14
Burlica2013: calls $11.55
DonTony84: calls $11.55
*** FLOP *** [Jd Td 4d]
DonTony84: checks 
reeqar: checks 
Burlica2013: checks 
*** TURN *** [Jd Td 4d] [4s]
DonTony84: checks 
reeqar: checks 
Burlica2013: bets $9.97
DonTony84: folds 
reeqar: folds 
Uncalled bet ($9.97) returned to Burlica2013
Burlica2013 collected $39.90 from pot
Burlica2013: doesn't show hand 
*** SUMMARY ***
Total pot $42 | Rake $2.10 
Board [Jd Td 4d 4s]
Seat 1: DonTony84 (small blind) folded on the Turn
Seat 2: reeqar (big blind) folded on the Turn
Seat 3: MaRKiToScoK folded before Flop (didn't bet)
Seat 4: Kreayshawn folded before Flop (didn't bet)
Seat 5: G.HANSEN333 folded before Flop (didn't bet)
Seat 6: Burlica2013 (button) collected ($39.90)



PokerStars Hand #254241199379:  Hold'em No Limit ($0.50/$1.00 USD) - 2025/01/07 5:22:42 WET [2025/01/07 0:22:42 ET]
Table 'Trusanda' 6-max Seat #1 is the button
Seat 1: DonTony84 ($56.73 in chips) 
Seat 2: reeqar ($100 in chips) 
Seat 3: MaRKiToScoK ($104.42 in chips) 
Seat 4: Kreayshawn ($100 in chips) 
Seat 5: G.HANSEN333 ($100 in chips) 
Seat 6: Burlica2013 ($213.21 in chips) 
reeqar: posts small blind $0.50
MaRKiToScoK: posts big blind $1
*** HOLE CARDS ***
Kreayshawn: folds 
G.HANSEN333: folds 
Burlica2013: raises $1.25 to $2.25
DonTony84: calls $2.25
reeqar: raises $12.75 to $15
MaRKiToScoK: folds 
Burlica2013: folds 
DonTony84: calls $12.75
*** FLOP *** [4d Kc 7h]
reeqar: bets $10.42
DonTony84: folds 
Uncalled bet ($10.42) returned to reeqar
reeqar collected $31.59 from pot
reeqar: doesn't show hand 
*** SUMMARY ***
Total pot $33.25 | Rake $1.66 
Board [4d Kc 7h]
Seat 1: DonTony84 (button) folded on the Flop
Seat 2: reeqar (small blind) collected ($31.59)
Seat 3: MaRKiToScoK (big blind) folded before Flop
Seat 4: Kreayshawn folded before Flop (didn't bet)
Seat 5: G.HANSEN333 folded before Flop (didn't bet)
Seat 6: Burlica2013 folded before Flop



PokerStars Hand #254241202352:  Hold'em No Limit ($0.50/$1.00 USD) - 2025/01/07 5:23:16 WET [2025/01/07 0:23:16 ET]
Table 'Trusanda' 6-max Seat #2 is the button
Seat 6: Burlica2013 ($210.96 in chips) is sitting out
Seat 1: DonTony84 ($41.73 in chips) 
Seat 2: reeqar ($116.59 in chips) 
Seat 3: MaRKiToScoK ($103.42 in chips) 
Seat 4: Kreayshawn ($100 in chips) 
Seat 5: G.HANSEN333 ($100 in chips) 
MaRKiToScoK: posts small blind $0.50
Kreayshawn: posts big blind $1
*** HOLE CARDS ***
G.HANSEN333: folds 
DonTony84: calls $1
reeqar: raises $3 to $4
MaRKiToScoK: folds 
Kreayshawn: folds 
DonTony84: calls $3
*** FLOP *** [2h Jd 6h]
DonTony84: checks 
reeqar: bets $5.95
DonTony84: folds 
Uncalled bet ($5.95) returned to reeqar
reeqar collected $9.02 from pot
reeqar: doesn't show hand 
*** SUMMARY ***
Total pot $9.50 | Rake $0.48 
Board [2h Jd 6h]
Seat 6: Burlica2013
Seat 1: DonTony84 folded on the Flop
Seat 2: reeqar (button) collected ($9.02)
Seat 3: MaRKiToScoK (small blind) folded before Flop
Seat 4: Kreayshawn (big blind) folded before Flop
Seat 5: G.HANSEN333 folded before Flop (didn't bet)



PokerStars Hand #254241205863:  Hold'em No Limit ($0.50/$1.00 USD) - 2025/01/07 5:23:58 WET [2025/01/07 0:23:58 ET]
Table 'Trusanda' 6-max Seat #3 is the button
Seat 6: Burlica2013 ($210.96 in chips) is sitting out
Seat 1: DonTony84 ($37.73 in chips) 
Seat 2: reeqar ($121.61 in chips) 
Seat 3: MaRKiToScoK ($102.92 in chips) 
Seat 4: Kreayshawn ($100 in chips) 
Seat 5: G.HANSEN333 ($100 in chips) 
Kreayshawn: posts small blind $0.50
G.HANSEN333: posts big blind $1
*** HOLE CARDS ***
DonTony84: calls $1
reeqar: raises $4 to $5
MaRKiToScoK: folds 
Kreayshawn: folds 
G.HANSEN333: folds 
DonTony84: calls $4
*** FLOP *** [As 4h Js]
DonTony84: bets $10.92
reeqar: calls $10.92
*** TURN *** [As 4h Js] [Ts]
DonTony84: bets $21.81 and is all-in
reeqar: calls $21.81
*** RIVER *** [As 4h Js Ts] [Qd]
*** SHOW DOWN ***
DonTony84: shows [Ad 6s] (a pair of Aces)
reeqar: shows [Ah Qc] (two pair, Aces and Queens)
reeqar collected $74.46 from pot
DonTony84 cashed out the hand for $19.90 | Cash Out Fee $0.41
*** SUMMARY ***
Total pot $76.96 | Rake $2.50 
Board [As 4h Js Ts Qd]
Seat 6: Burlica2013
Seat 1: DonTony84 showed [Ad 6s] and lost with a pair of Aces (cashed out).
Seat 2: reeqar showed [Ah Qc] and won ($74.46) with two pair, Aces and Queens
Seat 3: MaRKiToScoK (button) folded before Flop (didn't bet)
Seat 4: Kreayshawn (small blind) folded before Flop
Seat 5: G.HANSEN333 (big blind) folded before Flop



PokerStars Hand #254241210727:  Hold'em No Limit ($0.50/$1.00 USD) - 2025/01/07 5:24:53 WET [2025/01/07 0:24:53 ET]
Table 'Trusanda' 6-max Seat #4 is the button
Seat 6: Burlica2013 ($210.96 in chips) is sitting out
Seat 1: DonTony84 ($19.90 in chips) 
Seat 2: reeqar ($158.34 in chips) 
Seat 3: MaRKiToScoK ($102.92 in chips) 
Seat 4: Kreayshawn ($100 in chips) 
Seat 5: G.HANSEN333 ($100 in chips) 
G.HANSEN333: posts small blind $0.50
DonTony84: posts big blind $1
*** HOLE CARDS ***
reeqar: raises $1 to $2
MaRKiToScoK: folds 
Kreayshawn: folds 
G.HANSEN333: folds 
DonTony84: calls $1
*** FLOP *** [8s 8h Qc]
DonTony84: checks 
reeqar: bets $1
DonTony84: folds 
Uncalled bet ($1) returned to reeqar
reeqar collected $4.28 from pot
reeqar: doesn't show hand 
*** SUMMARY ***
Total pot $4.50 | Rake $0.22 
Board [8s 8h Qc]
Seat 6: Burlica2013
Seat 1: DonTony84 (big blind) folded on the Flop
Seat 2: reeqar collected ($4.28)
Seat 3: MaRKiToScoK folded before Flop (didn't bet)
Seat 4: Kreayshawn (button) folded before Flop (didn't bet)
Seat 5: G.HANSEN333 (small blind) folded before Flop



PokerStars Hand #254241213160:  Hold'em No Limit ($0.50/$1.00 USD) - 2025/01/07 5:25:22 WET [2025/01/07 0:25:22 ET]
Table 'Trusanda' 6-max Seat #5 is the button
Seat 6: Burlica2013 ($210.96 in chips) is sitting out
Seat 1: DonTony84 ($17.90 in chips) 
Seat 2: reeqar ($160.62 in chips) 
Seat 3: MaRKiToScoK ($102.92 in chips) 
Seat 4: Kreayshawn ($100 in chips) 
Seat 5: G.HANSEN333 ($100 in chips) 
DonTony84: posts small blind $0.50
reeqar: posts big blind $1
*** HOLE CARDS ***
MaRKiToScoK: folds 
Kreayshawn: folds 
G.HANSEN333: folds 
DonTony84: calls $0.50
reeqar: checks 
*** FLOP *** [Qc 6c Jh]
DonTony84: checks 
reeqar: bets $1
DonTony84: folds 
Uncalled bet ($1) returned to reeqar
reeqar collected $1.90 from pot
reeqar: doesn't show hand 
*** SUMMARY ***
Total pot $2 | Rake $0.10 
Board [Qc 6c Jh]
Seat 6: Burlica2013
Seat 1: DonTony84 (small blind) folded on the Flop
Seat 2: reeqar (big blind) collected ($1.90)
Seat 3: MaRKiToScoK folded before Flop (didn't bet)
Seat 4: Kreayshawn folded before Flop (didn't bet)
Seat 5: G.HANSEN333 (button) folded before Flop (didn't bet)



PokerStars Hand #254241215320:  Hold'em No Limit ($0.50/$1.00 USD) - 2025/01/07 5:25:48 WET [2025/01/07 0:25:48 ET]
Table 'Trusanda' 6-max Seat #1 is the button
Seat 6: Burlica2013 ($210.96 in chips) is sitting out
Seat 1: DonTony84 ($16.90 in chips) 
Seat 2: reeqar ($161.52 in chips) 
Seat 3: MaRKiToScoK ($102.92 in chips) 
Seat 4: Kreayshawn ($100 in chips) 
Seat 5: G.HANSEN333 ($100 in chips) 
reeqar: posts small blind $0.50
MaRKiToScoK: posts big blind $1
Burlica2013: sits out 
*** HOLE CARDS ***
Kreayshawn: folds 
G.HANSEN333: folds 
DonTony84: calls $1
reeqar: folds 
MaRKiToScoK: raises $19 to $20
DonTony84: folds 
Uncalled bet ($19) returned to MaRKiToScoK
MaRKiToScoK collected $2.50 from pot
*** SUMMARY ***
Total pot $2.50 | Rake $0 
Seat 6: Burlica2013
Seat 1: DonTony84 (button) folded before Flop
Seat 2: reeqar (small blind) folded before Flop
Seat 3: MaRKiToScoK (big blind) collected ($2.50)
Seat 4: Kreayshawn folded before Flop (didn't bet)
Seat 5: G.HANSEN333 folded before Flop (didn't bet)



PokerStars Hand #254241217360:  Hold'em No Limit ($0.50/$1.00 USD) - 2025/01/07 5:26:11 WET [2025/01/07 0:26:11 ET]
Table 'Trusanda' 6-max Seat #2 is the button
Seat 6: Burlica2013 ($210.96 in chips) is sitting out
Seat 1: DonTony84 ($15.90 in chips) 
Seat 2: reeqar ($161.02 in chips) 
Seat 3: MaRKiToScoK ($104.42 in chips) 
Seat 4: Kreayshawn ($100 in chips) 
Seat 5: G.HANSEN333 ($100 in chips) 
MaRKiToScoK: posts small blind $0.50
Kreayshawn: posts big blind $1
Burlica2013: sits out 
*** HOLE CARDS ***
G.HANSEN333: folds 
DonTony84: calls $1
reeqar: raises $6 to $7
MaRKiToScoK: folds 
Kreayshawn: folds 
DonTony84: calls $6
*** FLOP *** [2c 5c 3d]
DonTony84: bets $8.90 and is all-in
reeqar: calls $8.90
*** TURN *** [2c 5c 3d] [Ah]
*** RIVER *** [2c 5c 3d Ah] [Jh]
*** SHOW DOWN ***
DonTony84: shows [6h 6s] (a pair of Sixes)
reeqar: shows [Qh As] (a pair of Aces)
reeqar collected $31.64 from pot
*** SUMMARY ***
Total pot $33.30 | Rake $1.66 
Board [2c 5c 3d Ah Jh]
Seat 6: Burlica2013
Seat 1: DonTony84 showed [6h 6s] and lost with a pair of Sixes
Seat 2: reeqar (button) showed [Qh As] and won ($31.64) with a pair of Aces
Seat 3: MaRKiToScoK (small blind) folded before Flop
Seat 4: Kreayshawn (big blind) folded before Flop
Seat 5: G.HANSEN333 folded before Flop (didn't bet)



PokerStars Hand #254241220398:  Hold'em No Limit ($0.50/$1.00 USD) - 2025/01/07 5:26:47 WET [2025/01/07 0:26:47 ET]
Table 'Trusanda' 6-max Seat #3 is the button
Seat 1: DonTony84 ($0 in chips) is sitting out
Seat 6: Burlica2013 ($210.96 in chips) is sitting out
Seat 2: reeqar ($176.76 in chips) 
Seat 3: MaRKiToScoK ($103.92 in chips) 
Seat 4: Kreayshawn ($100 in chips) 
Seat 5: G.HANSEN333 ($100 in chips) 
Kreayshawn: posts small blind $0.50
G.HANSEN333: posts big blind $1
Burlica2013: sits out 
*** HOLE CARDS ***
reeqar: folds 
MaRKiToScoK: raises $1.50 to $2.50
Kreayshawn: folds 
G.HANSEN333: folds 
Uncalled bet ($1.50) returned to MaRKiToScoK
MaRKiToScoK collected $2.50 from pot
*** SUMMARY ***
Total pot $2.50 | Rake $0 
Seat 1: DonTony84
Seat 6: Burlica2013
Seat 2: reeqar folded before Flop (didn't bet)
Seat 3: MaRKiToScoK (button) collected ($2.50)
Seat 4: Kreayshawn (small blind) folded before Flop
Seat 5: G.HANSEN333 (big blind) folded before Flop



PokerStars Hand #254241221480:  Hold'em No Limit ($0.50/$1.00 USD) - 2025/01/07 5:27:00 WET [2025/01/07 0:27:00 ET]
Table 'Trusanda' 6-max Seat #4 is the button
Seat 1: DonTony84 ($0 in chips) is sitting out
Seat 2: reeqar ($176.76 in chips) 
Seat 3: MaRKiToScoK ($105.42 in chips) 
Seat 4: Kreayshawn ($100 in chips) 
Seat 5: G.HANSEN333 ($100 in chips) 
Seat 6: Burlica2013 ($210.96 in chips) 
G.HANSEN333: posts small blind $0.50
Burlica2013: posts big blind $1
*** HOLE CARDS ***
reeqar: folds 
MaRKiToScoK: raises $1.20 to $2.20
Kreayshawn: folds 
G.HANSEN333: folds 
Burlica2013: calls $1.20
*** FLOP *** [8c Kd Kh]
Burlica2013: checks 
MaRKiToScoK: bets $1.40
Burlica2013: folds 
Uncalled bet ($1.40) returned to MaRKiToScoK
MaRKiToScoK collected $4.66 from pot
*** SUMMARY ***
Total pot $4.90 | Rake $0.24 
Board [8c Kd Kh]
Seat 1: DonTony84
Seat 2: reeqar folded before Flop (didn't bet)
Seat 3: MaRKiToScoK collected ($4.66)
Seat 4: Kreayshawn (button) folded before Flop (didn't bet)
Seat 5: G.HANSEN333 (small blind) folded before Flop
Seat 6: Burlica2013 (big blind) folded on the Flop



PokerStars Hand #254241223901:  Hold'em No Limit ($0.50/$1.00 USD) - 2025/01/07 5:27:29 WET [2025/01/07 0:27:29 ET]
Table 'Trusanda' 6-max Seat #5 is the button
Seat 1: DonTony84 ($0 in chips) is sitting out
Seat 2: reeqar ($176.76 in chips) 
Seat 3: MaRKiToScoK ($107.88 in chips) 
Seat 4: Kreayshawn ($100 in chips) 
Seat 5: G.HANSEN333 ($100 in chips) 
Seat 6: Burlica2013 ($208.76 in chips) 
Burlica2013: posts small blind $0.50
reeqar: posts big blind $1
*** HOLE CARDS ***
MaRKiToScoK: folds 
Kreayshawn: folds 
G.HANSEN333: raises $1.50 to $2.50
Burlica2013: folds 
reeqar: folds 
Uncalled bet ($1.50) returned to G.HANSEN333
G.HANSEN333 collected $2.50 from pot
G.HANSEN333: doesn't show hand 
DonTony84 is disconnected 
*** SUMMARY ***
Total pot $2.50 | Rake $0 
Seat 1: DonTony84
Seat 2: reeqar (big blind) folded before Flop
Seat 3: MaRKiToScoK folded before Flop (didn't bet)
Seat 4: Kreayshawn folded before Flop (didn't bet)
Seat 5: G.HANSEN333 (button) collected ($2.50)
Seat 6: Burlica2013 (small blind) folded before Flop



PokerStars Hand #254241225957:  Hold'em No Limit ($0.50/$1.00 USD) - 2025/01/07 5:27:54 WET [2025/01/07 0:27:54 ET]
Table 'Trusanda' 6-max Seat #2 is the button
Seat 1: DonTony84 ($0 in chips) is sitting out
Seat 6: Burlica2013 ($208.26 in chips) is sitting out
Seat 2: reeqar ($175.76 in chips) 
Seat 3: MaRKiToScoK ($107.88 in chips) 
Seat 4: Kreayshawn ($100 in chips) 
Seat 5: G.HANSEN333 ($101.50 in chips) 
MaRKiToScoK: posts small blind $0.50
Kreayshawn: posts big blind $1
*** HOLE CARDS ***
G.HANSEN333: folds 
reeqar: folds 
MaRKiToScoK: folds 
Uncalled bet ($0.50) returned to Kreayshawn
Kreayshawn collected $1 from pot
*** SUMMARY ***
Total pot $1 | Rake $0 
Seat 1: DonTony84
Seat 6: Burlica2013
Seat 2: reeqar (button) folded before Flop (didn't bet)
Seat 3: MaRKiToScoK (small blind) folded before Flop
Seat 4: Kreayshawn (big blind) collected ($1)
Seat 5: G.HANSEN333 folded before Flop (didn't bet)



PokerStars Hand #254241227143:  Hold'em No Limit ($0.50/$1.00 USD) - 2025/01/07 5:28:09 WET [2025/01/07 0:28:09 ET]
Table 'Trusanda' 6-max Seat #3 is the button
Seat 1: DonTony84 ($0 in chips) is sitting out
Seat 4: Kreayshawn ($100.50 in chips) is sitting out
Seat 2: reeqar ($175.76 in chips) 
Seat 3: MaRKiToScoK ($107.38 in chips) 
Seat 5: G.HANSEN333 ($101.50 in chips) 
Seat 6: Burlica2013 ($208.26 in chips) 
G.HANSEN333: posts small blind $0.50
Burlica2013: posts big blind $1
*** HOLE CARDS ***
reeqar: folds 
MaRKiToScoK: raises $1.50 to $2.50
G.HANSEN333: folds 
Kreayshawn leaves the table
Burlica2013: folds 
Uncalled bet ($1.50) returned to MaRKiToScoK
MaRKiToScoK collected $2.50 from pot
*** SUMMARY ***
Total pot $2.50 | Rake $0 
Seat 1: DonTony84
Seat 4: Kreayshawn
Seat 2: reeqar folded before Flop (didn't bet)
Seat 3: MaRKiToScoK (button) collected ($2.50)
Seat 5: G.HANSEN333 (small blind) folded before Flop
Seat 6: Burlica2013 (big blind) folded before Flop



PokerStars Hand #254241228055:  Hold'em No Limit ($0.50/$1.00 USD) - 2025/01/07 5:28:20 WET [2025/01/07 0:28:20 ET]
Table 'Trusanda' 6-max Seat #6 is the button
Seat 1: DonTony84 ($0 in chips) is sitting out
Seat 2: reeqar ($175.76 in chips) is sitting out
Seat 3: MaRKiToScoK ($108.88 in chips) is sitting out
Seat 5: G.HANSEN333 ($101 in chips) 
Seat 6: Burlica2013 ($207.26 in chips) 
Burlica2013: posts small blind $0.50
reeqar: is sitting out 
MaRKiToScoK: is sitting out 
G.HANSEN333: posts big blind $1
*** HOLE CARDS ***
reeqar leaves the table
Burlica2013: raises $2 to $3
MaRKiToScoK leaves the table
G.HANSEN333: folds 
Uncalled bet ($2) returned to Burlica2013
Burlica2013 collected $2 from pot
Burlica2013: doesn't show hand 
*** SUMMARY ***
Total pot $2 | Rake $0 
Seat 1: DonTony84
Seat 2: reeqar
Seat 3: MaRKiToScoK
Seat 5: G.HANSEN333 (big blind) folded before Flop
Seat 6: Burlica2013 (button) (small blind) collected ($2)



