PokerStars Hand #254243600942:  Hold'em No Limit ($0.50/$1.00 USD) - 2025/01/07 12:38:03 WET [2025/01/07 7:38:03 ET]
Table 'Gyldenia II' 6-max Seat #2 is the button
Seat 1: akbloger ($100 in chips) 
Seat 2: zikos xr ($96.04 in chips) 
Seat 3: steelNike ($39 in chips) 
Seat 4: b2k-Snick ($103.39 in chips) 
Seat 5: Rysiff ($100 in chips) 
Seat 6: erwinluc ($80.01 in chips) 
steelNike: posts small blind $0.50
b2k-Snick: posts big blind $1
*** HOLE CARDS ***
Rysiff: folds 
erwinluc: raises $1 to $2
akbloger: folds 
zikos xr: calls $2
steelNike: raises $7 to $9
b2k-Snick: folds 
erwinluc: calls $7
zikos xr: folds 
*** FLOP *** [3s Th 7d]
steelNike: bets $6.58
erwinluc: calls $6.58
*** TURN *** [3s Th 7d] [5h]
steelNike: bets $9
erwinluc: folds 
Uncalled bet ($9) returned to steelNike
steelNike collected $32.45 from pot
*** SUMMARY ***
Total pot $34.16 | Rake $1.71 
Board [3s Th 7d 5h]
Seat 1: akbloger folded before Flop (didn't bet)
Seat 2: zikos xr (button) folded before Flop
Seat 3: steelNike (small blind) collected ($32.45)
Seat 4: b2k-Snick (big blind) folded before Flop
Seat 5: Rysiff folded before Flop (didn't bet)
Seat 6: erwinluc folded on the Turn



PokerStars Hand #254243610251:  Hold'em No Limit ($0.50/$1.00 USD) - 2025/01/07 12:39:08 WET [2025/01/07 7:39:08 ET]
Table 'Gyldenia II' 6-max Seat #3 is the button
Seat 1: akbloger ($100 in chips) 
Seat 2: zikos xr ($94.04 in chips) 
Seat 3: steelNike ($55.87 in chips) 
Seat 4: b2k-Snick ($102.39 in chips) 
Seat 5: Rysiff ($100 in chips) 
Seat 6: erwinluc ($64.43 in chips) 
b2k-Snick: posts small blind $0.50
Rysiff: posts big blind $1
*** HOLE CARDS ***
erwinluc: raises $1.50 to $2.50
akbloger: folds 
zikos xr: folds 
steelNike: folds 
b2k-Snick: folds 
Rysiff: folds 
Uncalled bet ($1.50) returned to erwinluc
erwinluc collected $2.50 from pot
erwinluc: doesn't show hand 
*** SUMMARY ***
Total pot $2.50 | Rake $0 
Seat 1: akbloger folded before Flop (didn't bet)
Seat 2: zikos xr folded before Flop (didn't bet)
Seat 3: steelNike (button) folded before Flop (didn't bet)
Seat 4: b2k-Snick (small blind) folded before Flop
Seat 5: Rysiff (big blind) folded before Flop
Seat 6: erwinluc collected ($2.50)



PokerStars Hand #254243612826:  Hold'em No Limit ($0.50/$1.00 USD) - 2025/01/07 12:39:25 WET [2025/01/07 7:39:25 ET]
Table 'Gyldenia II' 6-max Seat #4 is the button
Seat 1: akbloger ($100 in chips) 
Seat 2: zikos xr ($94.04 in chips) 
Seat 3: steelNike ($55.87 in chips) 
Seat 4: b2k-Snick ($101.89 in chips) 
Seat 5: Rysiff ($100 in chips) 
Seat 6: erwinluc ($65.93 in chips) 
Rysiff: posts small blind $0.50
erwinluc: posts big blind $1
*** HOLE CARDS ***
akbloger: raises $1.50 to $2.50
zikos xr: folds 
steelNike: folds 
b2k-Snick: folds 
Rysiff: folds 
erwinluc: calls $1.50
*** FLOP *** [Qh Qc 9c]
erwinluc: bets $3.48
akbloger: folds 
Uncalled bet ($3.48) returned to erwinluc
erwinluc collected $5.22 from pot
erwinluc: doesn't show hand 
*** SUMMARY ***
Total pot $5.50 | Rake $0.28 
Board [Qh Qc 9c]
Seat 1: akbloger folded on the Flop
Seat 2: zikos xr folded before Flop (didn't bet)
Seat 3: steelNike folded before Flop (didn't bet)
Seat 4: b2k-Snick (button) folded before Flop (didn't bet)
Seat 5: Rysiff (small blind) folded before Flop
Seat 6: erwinluc (big blind) collected ($5.22)



PokerStars Hand #254243619181:  Hold'em No Limit ($0.50/$1.00 USD) - 2025/01/07 12:40:08 WET [2025/01/07 7:40:08 ET]
Table 'Gyldenia II' 6-max Seat #5 is the button
Seat 1: akbloger ($100 in chips) 
Seat 2: zikos xr ($94.04 in chips) 
Seat 3: steelNike ($55.87 in chips) 
Seat 4: b2k-Snick ($101.89 in chips) 
Seat 5: Rysiff ($100 in chips) 
Seat 6: erwinluc ($68.65 in chips) 
erwinluc: posts small blind $0.50
akbloger: posts big blind $1
*** HOLE CARDS ***
zikos xr: folds 
steelNike: folds 
b2k-Snick: folds 
Rysiff: raises $1.50 to $2.50
erwinluc: calls $2
akbloger: folds 
*** FLOP *** [3d 5c 4c]
erwinluc: checks 
Rysiff: checks 
*** TURN *** [3d 5c 4c] [7s]
erwinluc: bets $2.85
Rysiff: folds 
Uncalled bet ($2.85) returned to erwinluc
erwinluc collected $5.70 from pot
erwinluc: doesn't show hand 
*** SUMMARY ***
Total pot $6 | Rake $0.30 
Board [3d 5c 4c 7s]
Seat 1: akbloger (big blind) folded before Flop
Seat 2: zikos xr folded before Flop (didn't bet)
Seat 3: steelNike folded before Flop (didn't bet)
Seat 4: b2k-Snick folded before Flop (didn't bet)
Seat 5: Rysiff (button) folded on the Turn
Seat 6: erwinluc (small blind) collected ($5.70)



PokerStars Hand #254243625842:  Hold'em No Limit ($0.50/$1.00 USD) - 2025/01/07 12:40:53 WET [2025/01/07 7:40:53 ET]
Table 'Gyldenia II' 6-max Seat #6 is the button
Seat 1: akbloger ($100 in chips) 
Seat 2: zikos xr ($94.04 in chips) 
Seat 3: steelNike ($55.87 in chips) 
Seat 4: b2k-Snick ($101.89 in chips) 
Seat 5: Rysiff ($100 in chips) 
Seat 6: erwinluc ($71.85 in chips) 
akbloger: posts small blind $0.50
zikos xr: posts big blind $1
*** HOLE CARDS ***
steelNike: folds 
b2k-Snick: folds 
Rysiff: folds 
erwinluc: folds 
akbloger: folds 
Uncalled bet ($0.50) returned to zikos xr
zikos xr collected $1 from pot
*** SUMMARY ***
Total pot $1 | Rake $0 
Seat 1: akbloger (small blind) folded before Flop
Seat 2: zikos xr (big blind) collected ($1)
Seat 3: steelNike folded before Flop (didn't bet)
Seat 4: b2k-Snick folded before Flop (didn't bet)
Seat 5: Rysiff folded before Flop (didn't bet)
Seat 6: erwinluc (button) folded before Flop (didn't bet)



PokerStars Hand #254243628955:  Hold'em No Limit ($0.50/$1.00 USD) - 2025/01/07 12:41:13 WET [2025/01/07 7:41:13 ET]
Table 'Gyldenia II' 6-max Seat #1 is the button
Seat 3: steelNike ($55.87 in chips) is sitting out
Seat 1: akbloger ($100 in chips) 
Seat 2: zikos xr ($94.54 in chips) 
Seat 4: b2k-Snick ($101.89 in chips) 
Seat 5: Rysiff ($100 in chips) 
Seat 6: erwinluc ($71.85 in chips) 
zikos xr: posts small blind $0.50
steelNike: is sitting out 
b2k-Snick: posts big blind $1
*** HOLE CARDS ***
Rysiff: folds 
Rysiff leaves the table
erwinluc: raises $1 to $2
akbloger: folds 
kniferok joins the table at seat #5 
zikos xr: folds 
b2k-Snick: folds 
Uncalled bet ($1) returned to erwinluc
erwinluc collected $2.50 from pot
erwinluc: doesn't show hand 
*** SUMMARY ***
Total pot $2.50 | Rake $0 
Seat 3: steelNike
Seat 1: akbloger (button) folded before Flop (didn't bet)
Seat 2: zikos xr (small blind) folded before Flop
Seat 4: b2k-Snick (big blind) folded before Flop
Seat 5: Rysiff folded before Flop (didn't bet)
Seat 6: erwinluc collected ($2.50)



PokerStars Hand #254243633224:  Hold'em No Limit ($0.50/$1.00 USD) - 2025/01/07 12:41:41 WET [2025/01/07 7:41:41 ET]
Table 'Gyldenia II' 6-max Seat #2 is the button
Seat 3: steelNike ($55.87 in chips) is sitting out
Seat 1: akbloger ($100 in chips) 
Seat 2: zikos xr ($94.04 in chips) 
Seat 4: b2k-Snick ($100.89 in chips) 
Seat 5: kniferok ($100 in chips) 
Seat 6: erwinluc ($73.35 in chips) 
b2k-Snick: posts small blind $0.50
kniferok: posts big blind $1
*** HOLE CARDS ***
erwinluc: folds 
akbloger: folds 
zikos xr: calls $1
b2k-Snick: folds 
kniferok: checks 
*** FLOP *** [7h Ks Th]
steelNike leaves the table
coeeeelho joins the table at seat #3 
kniferok: checks 
zikos xr: bets $2.38
kniferok: folds 
Uncalled bet ($2.38) returned to zikos xr
zikos xr collected $2.38 from pot
*** SUMMARY ***
Total pot $2.50 | Rake $0.12 
Board [7h Ks Th]
Seat 3: steelNike
Seat 1: akbloger folded before Flop (didn't bet)
Seat 2: zikos xr (button) collected ($2.38)
Seat 4: b2k-Snick (small blind) folded before Flop
Seat 5: kniferok (big blind) folded on the Flop
Seat 6: erwinluc folded before Flop (didn't bet)



PokerStars Hand #254243637823:  Hold'em No Limit ($0.50/$1.00 USD) - 2025/01/07 12:42:12 WET [2025/01/07 7:42:12 ET]
Table 'Gyldenia II' 6-max Seat #4 is the button
Seat 3: coeeeelho ($100 in chips) is sitting out
Seat 1: akbloger ($100 in chips) 
Seat 2: zikos xr ($95.42 in chips) 
Seat 4: b2k-Snick ($100.39 in chips) 
Seat 5: kniferok ($100 in chips) 
Seat 6: erwinluc ($73.35 in chips) 
kniferok: posts small blind $0.50
erwinluc: posts big blind $1
coeeeelho: sits out 
*** HOLE CARDS ***
akbloger: folds 
zikos xr: folds 
b2k-Snick: raises $1.50 to $2.50
kniferok: folds 
erwinluc: calls $1.50
*** FLOP *** [6s 6c Jc]
erwinluc: checks 
b2k-Snick: checks 
*** TURN *** [6s 6c Jc] [3h]
erwinluc: bets $2.61
b2k-Snick: calls $2.61
*** RIVER *** [6s 6c Jc 3h] [9s]
erwinluc: checks 
b2k-Snick: checks 
*** SHOW DOWN ***
erwinluc: shows [8c Qc] (a pair of Sixes)
b2k-Snick: shows [7d 7h] (two pair, Sevens and Sixes)
b2k-Snick collected $10.18 from pot
*** SUMMARY ***
Total pot $10.72 | Rake $0.54 
Board [6s 6c Jc 3h 9s]
Seat 3: coeeeelho
Seat 1: akbloger folded before Flop (didn't bet)
Seat 2: zikos xr folded before Flop (didn't bet)
Seat 4: b2k-Snick (button) showed [7d 7h] and won ($10.18) with two pair, Sevens and Sixes
Seat 5: kniferok (small blind) folded before Flop
Seat 6: erwinluc (big blind) showed [8c Qc] and lost with a pair of Sixes



PokerStars Hand #254243645690:  Hold'em No Limit ($0.50/$1.00 USD) - 2025/01/07 12:43:04 WET [2025/01/07 7:43:04 ET]
Table 'Gyldenia II' 6-max Seat #5 is the button
Seat 3: coeeeelho ($100 in chips) is sitting out
Seat 1: akbloger ($100 in chips) 
Seat 2: zikos xr ($95.42 in chips) 
Seat 4: b2k-Snick ($105.46 in chips) 
Seat 5: kniferok ($100 in chips) 
Seat 6: erwinluc ($68.24 in chips) 
erwinluc: posts small blind $0.50
akbloger: posts big blind $1
coeeeelho: sits out 
*** HOLE CARDS ***
zikos xr: folds 
b2k-Snick: raises $1.50 to $2.50
kniferok: raises $5 to $7.50
erwinluc: calls $7
akbloger: raises $16.50 to $24
b2k-Snick: folds 
kniferok: folds 
erwinluc: raises $44.24 to $68.24 and is all-in
akbloger: calls $44.24
*** FLOP *** [5d 2c 3s]
*** TURN *** [5d 2c 3s] [Th]
*** RIVER *** [5d 2c 3s Th] [3h]
*** SHOW DOWN ***
erwinluc: shows [Qs Jc] (a pair of Threes)
akbloger: shows [Ad As] (two pair, Aces and Threes)
akbloger collected $143.98 from pot
*** SUMMARY ***
Total pot $146.48 | Rake $2.50 
Board [5d 2c 3s Th 3h]
Seat 3: coeeeelho
Seat 1: akbloger (big blind) showed [Ad As] and won ($143.98) with two pair, Aces and Threes
Seat 2: zikos xr folded before Flop (didn't bet)
Seat 4: b2k-Snick folded before Flop
Seat 5: kniferok (button) folded before Flop
Seat 6: erwinluc (small blind) showed [Qs Jc] and lost with a pair of Threes



PokerStars Hand #254243654710:  Hold'em No Limit ($0.50/$1.00 USD) - 2025/01/07 12:44:03 WET [2025/01/07 7:44:03 ET]
Table 'Gyldenia II' 6-max Seat #1 is the button
Seat 1: akbloger ($175.74 in chips) 
Seat 2: zikos xr ($95.42 in chips) 
Seat 3: coeeeelho ($100 in chips) 
Seat 4: b2k-Snick ($102.96 in chips) 
Seat 5: kniferok ($100 in chips) 
zikos xr: posts small blind $0.50
coeeeelho: posts big blind $1
*** HOLE CARDS ***
b2k-Snick: folds 
kniferok: folds 
akbloger: folds 
zikos xr: folds 
Uncalled bet ($0.50) returned to coeeeelho
coeeeelho collected $1 from pot
coeeeelho: doesn't show hand 
*** SUMMARY ***
Total pot $1 | Rake $0 
Seat 1: akbloger (button) folded before Flop (didn't bet)
Seat 2: zikos xr (small blind) folded before Flop
Seat 3: coeeeelho (big blind) collected ($1)
Seat 4: b2k-Snick folded before Flop (didn't bet)
Seat 5: kniferok folded before Flop (didn't bet)



PokerStars Hand #254243656756:  Hold'em No Limit ($0.50/$1.00 USD) - 2025/01/07 12:44:16 WET [2025/01/07 7:44:16 ET]
Table 'Gyldenia II' 6-max Seat #2 is the button
Seat 1: akbloger ($175.74 in chips) 
Seat 2: zikos xr ($94.92 in chips) 
Seat 3: coeeeelho ($100.50 in chips) 
Seat 4: b2k-Snick ($102.96 in chips) 
Seat 5: kniferok ($100 in chips) 
Corsair444 joins the table at seat #6 
coeeeelho: posts small blind $0.50
b2k-Snick: posts big blind $1
*** HOLE CARDS ***
kniferok: raises $1.50 to $2.50
akbloger: folds 
zikos xr: calls $2.50
coeeeelho: folds 
b2k-Snick: folds 
*** FLOP *** [9d Ad Js]
kniferok: checks 
zikos xr: checks 
*** TURN *** [9d Ad Js] [7c]
kniferok: bets $3.59
zikos xr: raises $5.59 to $9.18
kniferok: calls $5.59
*** RIVER *** [9d Ad Js 7c] [8s]
kniferok: bets $17.31
zikos xr: folds 
Uncalled bet ($17.31) returned to kniferok
kniferok collected $23.62 from pot
kniferok: doesn't show hand 
*** SUMMARY ***
Total pot $24.86 | Rake $1.24 
Board [9d Ad Js 7c 8s]
Seat 1: akbloger folded before Flop (didn't bet)
Seat 2: zikos xr (button) folded on the River
Seat 3: coeeeelho (small blind) folded before Flop
Seat 4: b2k-Snick (big blind) folded before Flop
Seat 5: kniferok collected ($23.62)



PokerStars Hand #254243670124:  Hold'em No Limit ($0.50/$1.00 USD) - 2025/01/07 12:45:42 WET [2025/01/07 7:45:42 ET]
Table 'Gyldenia II' 6-max Seat #3 is the button
Seat 6: Corsair444 ($100 in chips) is sitting out
Seat 1: akbloger ($175.74 in chips) 
Seat 2: zikos xr ($83.24 in chips) 
Seat 3: coeeeelho ($100 in chips) 
Seat 4: b2k-Snick ($101.96 in chips) 
Seat 5: kniferok ($111.94 in chips) 
b2k-Snick: posts small blind $0.50
kniferok: posts big blind $1
Corsair444: sits out 
*** HOLE CARDS ***
akbloger: raises $1.50 to $2.50
zikos xr: calls $2.50
coeeeelho: folds 
b2k-Snick: folds 
kniferok: folds 
*** FLOP *** [6d 3d Kc]
akbloger: bets $2.04
zikos xr: raises $4.04 to $6.08
akbloger: folds 
Uncalled bet ($4.04) returned to zikos xr
zikos xr collected $10.05 from pot
*** SUMMARY ***
Total pot $10.58 | Rake $0.53 
Board [6d 3d Kc]
Seat 6: Corsair444
Seat 1: akbloger folded on the Flop
Seat 2: zikos xr collected ($10.05)
Seat 3: coeeeelho (button) folded before Flop (didn't bet)
Seat 4: b2k-Snick (small blind) folded before Flop
Seat 5: kniferok (big blind) folded before Flop



PokerStars Hand #254243678131:  Hold'em No Limit ($0.50/$1.00 USD) - 2025/01/07 12:46:34 WET [2025/01/07 7:46:34 ET]
Table 'Gyldenia II' 6-max Seat #4 is the button
Seat 1: akbloger ($171.20 in chips) 
Seat 2: zikos xr ($88.75 in chips) 
Seat 3: coeeeelho ($100 in chips) 
Seat 4: b2k-Snick ($101.46 in chips) 
Seat 5: kniferok ($110.94 in chips) 
Seat 6: Corsair444 ($100 in chips) 
kniferok: posts small blind $0.50
Corsair444: posts big blind $1
*** HOLE CARDS ***
akbloger: folds 
zikos xr: folds 
coeeeelho: folds 
b2k-Snick: raises $1.50 to $2.50
kniferok: folds 
Corsair444: folds 
Uncalled bet ($1.50) returned to b2k-Snick
b2k-Snick collected $2.50 from pot
b2k-Snick: doesn't show hand 
*** SUMMARY ***
Total pot $2.50 | Rake $0 
Seat 1: akbloger folded before Flop (didn't bet)
Seat 2: zikos xr folded before Flop (didn't bet)
Seat 3: coeeeelho folded before Flop (didn't bet)
Seat 4: b2k-Snick (button) collected ($2.50)
Seat 5: kniferok (small blind) folded before Flop
Seat 6: Corsair444 (big blind) folded before Flop



PokerStars Hand #254243681301:  Hold'em No Limit ($0.50/$1.00 USD) - 2025/01/07 12:46:54 WET [2025/01/07 7:46:54 ET]
Table 'Gyldenia II' 6-max Seat #5 is the button
Seat 1: akbloger ($171.20 in chips) 
Seat 2: zikos xr ($88.75 in chips) 
Seat 3: coeeeelho ($100 in chips) 
Seat 4: b2k-Snick ($102.96 in chips) 
Seat 5: kniferok ($110.44 in chips) 
Seat 6: Corsair444 ($99 in chips) 
Corsair444: posts small blind $0.50
akbloger: posts big blind $1
*** HOLE CARDS ***
zikos xr: folds 
coeeeelho: raises $1.20 to $2.20
b2k-Snick: folds 
kniferok: folds 
Corsair444: folds 
akbloger: calls $1.20
*** FLOP *** [9c 5s Js]
akbloger: checks 
coeeeelho: bets $3.12
akbloger: folds 
Uncalled bet ($3.12) returned to coeeeelho
coeeeelho collected $4.66 from pot
coeeeelho: doesn't show hand 
*** SUMMARY ***
Total pot $4.90 | Rake $0.24 
Board [9c 5s Js]
Seat 1: akbloger (big blind) folded on the Flop
Seat 2: zikos xr folded before Flop (didn't bet)
Seat 3: coeeeelho collected ($4.66)
Seat 4: b2k-Snick folded before Flop (didn't bet)
Seat 5: kniferok (button) folded before Flop (didn't bet)
Seat 6: Corsair444 (small blind) folded before Flop



PokerStars Hand #254243688435:  Hold'em No Limit ($0.50/$1.00 USD) - 2025/01/07 12:47:39 WET [2025/01/07 7:47:39 ET]
Table 'Gyldenia II' 6-max Seat #6 is the button
Seat 1: akbloger ($169 in chips) 
Seat 2: zikos xr ($88.75 in chips) 
Seat 3: coeeeelho ($102.46 in chips) 
Seat 4: b2k-Snick ($102.96 in chips) 
Seat 5: kniferok ($110.44 in chips) 
Seat 6: Corsair444 ($98.50 in chips) 
akbloger: posts small blind $0.50
zikos xr: posts big blind $1
*** HOLE CARDS ***
coeeeelho: raises $1.10 to $2.10
b2k-Snick: folds 
kniferok: folds 
Corsair444: folds 
akbloger: folds 
zikos xr: calls $1.10
*** FLOP *** [3h Jh 7s]
zikos xr: checks 
coeeeelho: bets $2.23
zikos xr: calls $2.23
*** TURN *** [3h Jh 7s] [9s]
zikos xr: checks 
coeeeelho: bets $15.30
zikos xr: calls $15.30
*** RIVER *** [3h Jh 7s 9s] [8d]
zikos xr: bets $18.89
coeeeelho: calls $18.89
*** SHOW DOWN ***
zikos xr: shows [Jc 8c] (two pair, Jacks and Eights)
coeeeelho: mucks hand 
zikos xr collected $75.04 from pot
*** SUMMARY ***
Total pot $77.54 | Rake $2.50 
Board [3h Jh 7s 9s 8d]
Seat 1: akbloger (small blind) folded before Flop
Seat 2: zikos xr (big blind) showed [Jc 8c] and won ($75.04) with two pair, Jacks and Eights
Seat 3: coeeeelho mucked
Seat 4: b2k-Snick folded before Flop (didn't bet)
Seat 5: kniferok folded before Flop (didn't bet)
Seat 6: Corsair444 (button) folded before Flop (didn't bet)



PokerStars Hand #254243696601:  Hold'em No Limit ($0.50/$1.00 USD) - 2025/01/07 12:48:32 WET [2025/01/07 7:48:32 ET]
Table 'Gyldenia II' 6-max Seat #1 is the button
Seat 1: akbloger ($168.50 in chips) 
Seat 2: zikos xr ($125.27 in chips) 
Seat 3: coeeeelho ($100 in chips) 
Seat 4: b2k-Snick ($102.96 in chips) 
Seat 5: kniferok ($110.44 in chips) 
Seat 6: Corsair444 ($98.50 in chips) 
zikos xr: posts small blind $0.50
coeeeelho: posts big blind $1
*** HOLE CARDS ***
b2k-Snick: folds 
kniferok: folds 
Corsair444: calls $1
akbloger: folds 
zikos xr: calls $0.50
coeeeelho: raises $4 to $5
Corsair444: calls $4
zikos xr: folds 
*** FLOP *** [9s Jd Qh]
coeeeelho: checks 
Corsair444: checks 
*** TURN *** [9s Jd Qh] [3d]
coeeeelho: bets $7.84
Corsair444: folds 
Uncalled bet ($7.84) returned to coeeeelho
coeeeelho collected $10.45 from pot
coeeeelho: doesn't show hand 
*** SUMMARY ***
Total pot $11 | Rake $0.55 
Board [9s Jd Qh 3d]
Seat 1: akbloger (button) folded before Flop (didn't bet)
Seat 2: zikos xr (small blind) folded before Flop
Seat 3: coeeeelho (big blind) collected ($10.45)
Seat 4: b2k-Snick folded before Flop (didn't bet)
Seat 5: kniferok folded before Flop (didn't bet)
Seat 6: Corsair444 folded on the Turn



PokerStars Hand #254243705862:  Hold'em No Limit ($0.50/$1.00 USD) - 2025/01/07 12:49:31 WET [2025/01/07 7:49:31 ET]
Table 'Gyldenia II' 6-max Seat #2 is the button
Seat 1: akbloger ($168.50 in chips) 
Seat 2: zikos xr ($124.27 in chips) 
Seat 3: coeeeelho ($105.45 in chips) 
Seat 4: b2k-Snick ($102.96 in chips) 
Seat 5: kniferok ($110.44 in chips) 
Seat 6: Corsair444 ($93.50 in chips) 
coeeeelho: posts small blind $0.50
b2k-Snick: posts big blind $1
*** HOLE CARDS ***
kniferok: raises $1.50 to $2.50
Corsair444: folds 
akbloger: folds 
zikos xr: folds 
coeeeelho: folds 
b2k-Snick: calls $1.50
*** FLOP *** [Qs 3d Th]
b2k-Snick: checks 
kniferok: checks 
*** TURN *** [Qs 3d Th] [6c]
b2k-Snick: checks 
kniferok: bets $1.72
b2k-Snick: folds 
Uncalled bet ($1.72) returned to kniferok
kniferok collected $5.22 from pot
kniferok: doesn't show hand 
*** SUMMARY ***
Total pot $5.50 | Rake $0.28 
Board [Qs 3d Th 6c]
Seat 1: akbloger folded before Flop (didn't bet)
Seat 2: zikos xr (button) folded before Flop (didn't bet)
Seat 3: coeeeelho (small blind) folded before Flop
Seat 4: b2k-Snick (big blind) folded on the Turn
Seat 5: kniferok collected ($5.22)
Seat 6: Corsair444 folded before Flop (didn't bet)



PokerStars Hand #254243713209:  Hold'em No Limit ($0.50/$1.00 USD) - 2025/01/07 12:50:18 WET [2025/01/07 7:50:18 ET]
Table 'Gyldenia II' 6-max Seat #3 is the button
Seat 1: akbloger ($168.50 in chips) 
Seat 2: zikos xr ($124.27 in chips) 
Seat 3: coeeeelho ($104.95 in chips) 
Seat 4: b2k-Snick ($100.46 in chips) 
Seat 5: kniferok ($113.16 in chips) 
Seat 6: Corsair444 ($93.50 in chips) 
b2k-Snick: posts small blind $0.50
kniferok: posts big blind $1
*** HOLE CARDS ***
Corsair444: folds 
akbloger: folds 
zikos xr: raises $1 to $2
coeeeelho: folds 
b2k-Snick: folds 
kniferok: calls $1
*** FLOP *** [6s Qh Qc]
kniferok: checks 
zikos xr: bets $2.14
kniferok: raises $5.14 to $7.28
zikos xr: raises $13.14 to $20.42
kniferok: folds 
Uncalled bet ($13.14) returned to zikos xr
zikos xr collected $18.11 from pot
*** SUMMARY ***
Total pot $19.06 | Rake $0.95 
Board [6s Qh Qc]
Seat 1: akbloger folded before Flop (didn't bet)
Seat 2: zikos xr collected ($18.11)
Seat 3: coeeeelho (button) folded before Flop (didn't bet)
Seat 4: b2k-Snick (small blind) folded before Flop
Seat 5: kniferok (big blind) folded on the Flop
Seat 6: Corsair444 folded before Flop (didn't bet)



PokerStars Hand #254243720795:  Hold'em No Limit ($0.50/$1.00 USD) - 2025/01/07 12:51:06 WET [2025/01/07 7:51:06 ET]
Table 'Gyldenia II' 6-max Seat #4 is the button
Seat 1: akbloger ($168.50 in chips) 
Seat 2: zikos xr ($133.10 in chips) 
Seat 3: coeeeelho ($104.95 in chips) 
Seat 4: b2k-Snick ($100 in chips) 
Seat 5: kniferok ($103.88 in chips) 
Seat 6: Corsair444 ($93.50 in chips) 
kniferok: posts small blind $0.50
Corsair444: posts big blind $1
*** HOLE CARDS ***
akbloger: folds 
zikos xr: folds 
akbloger leaves the table
MrAdris9 joins the table at seat #1 
coeeeelho: folds 
b2k-Snick: raises $1.50 to $2.50
kniferok: folds 
Corsair444: raises $1.50 to $4
b2k-Snick: calls $1.50
*** FLOP *** [Tc 4d Jc]
Corsair444: bets $4.04
b2k-Snick: calls $4.04
*** TURN *** [Tc 4d Jc] [3d]
Corsair444: bets $7.88
b2k-Snick: calls $7.88
*** RIVER *** [Tc 4d Jc 3d] [4c]
Corsair444: checks 
b2k-Snick: checks 
*** SHOW DOWN ***
Corsair444: shows [Ac Ts] (two pair, Tens and Fours)
b2k-Snick: shows [Js Kd] (two pair, Jacks and Fours)
b2k-Snick collected $30.72 from pot
*** SUMMARY ***
Total pot $32.34 | Rake $1.62 
Board [Tc 4d Jc 3d 4c]
Seat 1: akbloger folded before Flop (didn't bet)
Seat 2: zikos xr folded before Flop (didn't bet)
Seat 3: coeeeelho folded before Flop (didn't bet)
Seat 4: b2k-Snick (button) showed [Js Kd] and won ($30.72) with two pair, Jacks and Fours
Seat 5: kniferok (small blind) folded before Flop
Seat 6: Corsair444 (big blind) showed [Ac Ts] and lost with two pair, Tens and Fours



PokerStars Hand #254243732282:  Hold'em No Limit ($0.50/$1.00 USD) - 2025/01/07 12:52:18 WET [2025/01/07 7:52:18 ET]
Table 'Gyldenia II' 6-max Seat #5 is the button
Seat 1: MrAdris9 ($100 in chips) 
Seat 2: zikos xr ($133.10 in chips) 
Seat 3: coeeeelho ($104.95 in chips) 
Seat 4: b2k-Snick ($114.80 in chips) 
Seat 5: kniferok ($103.38 in chips) 
Seat 6: Corsair444 ($77.58 in chips) 
Corsair444: posts small blind $0.50
MrAdris9: posts big blind $1
*** HOLE CARDS ***
zikos xr: folds 
coeeeelho: raises $1.10 to $2.10
b2k-Snick: folds 
kniferok: folds 
Corsair444: folds 
MrAdris9: folds 
Uncalled bet ($1.10) returned to coeeeelho
coeeeelho collected $2.50 from pot
coeeeelho: doesn't show hand 
*** SUMMARY ***
Total pot $2.50 | Rake $0 
Seat 1: MrAdris9 (big blind) folded before Flop
Seat 2: zikos xr folded before Flop (didn't bet)
Seat 3: coeeeelho collected ($2.50)
Seat 4: b2k-Snick folded before Flop (didn't bet)
Seat 5: kniferok (button) folded before Flop (didn't bet)
Seat 6: Corsair444 (small blind) folded before Flop



PokerStars Hand #254243735501:  Hold'em No Limit ($0.50/$1.00 USD) - 2025/01/07 12:52:39 WET [2025/01/07 7:52:39 ET]
Table 'Gyldenia II' 6-max Seat #6 is the button
Seat 1: MrAdris9 ($100 in chips) 
Seat 2: zikos xr ($133.10 in chips) 
Seat 3: coeeeelho ($106.45 in chips) 
Seat 4: b2k-Snick ($114.80 in chips) 
Seat 5: kniferok ($103.38 in chips) 
Seat 6: Corsair444 ($77.08 in chips) 
MrAdris9: posts small blind $0.50
zikos xr: posts big blind $1
*** HOLE CARDS ***
coeeeelho: folds 
b2k-Snick: folds 
kniferok: folds 
Corsair444: raises $1 to $2
MrAdris9: folds 
zikos xr: folds 
Uncalled bet ($1) returned to Corsair444
Corsair444 collected $2.50 from pot
Corsair444: doesn't show hand 
*** SUMMARY ***
Total pot $2.50 | Rake $0 
Seat 1: MrAdris9 (small blind) folded before Flop
Seat 2: zikos xr (big blind) folded before Flop
Seat 3: coeeeelho folded before Flop (didn't bet)
Seat 4: b2k-Snick folded before Flop (didn't bet)
Seat 5: kniferok folded before Flop (didn't bet)
Seat 6: Corsair444 (button) collected ($2.50)



PokerStars Hand #254243738645:  Hold'em No Limit ($0.50/$1.00 USD) - 2025/01/07 12:52:59 WET [2025/01/07 7:52:59 ET]
Table 'Gyldenia II' 6-max Seat #1 is the button
Seat 1: MrAdris9 ($100 in chips) 
Seat 2: zikos xr ($132.10 in chips) 
Seat 3: coeeeelho ($106.45 in chips) 
Seat 4: b2k-Snick ($114.80 in chips) 
Seat 5: kniferok ($103.38 in chips) 
Seat 6: Corsair444 ($78.58 in chips) 
zikos xr: posts small blind $0.50
coeeeelho: posts big blind $1
*** HOLE CARDS ***
b2k-Snick: folds 
kniferok: folds 
Corsair444: raises $1 to $2
MrAdris9: raises $7 to $9
zikos xr: folds 
coeeeelho: folds 
Corsair444: calls $7
*** FLOP *** [Ks 3h 5d]
Corsair444: checks 
MrAdris9: bets $6.11
Corsair444: folds 
Uncalled bet ($6.11) returned to MrAdris9
MrAdris9 collected $18.52 from pot
MrAdris9: doesn't show hand 
*** SUMMARY ***
Total pot $19.50 | Rake $0.98 
Board [Ks 3h 5d]
Seat 1: MrAdris9 (button) collected ($18.52)
Seat 2: zikos xr (small blind) folded before Flop
Seat 3: coeeeelho (big blind) folded before Flop
Seat 4: b2k-Snick folded before Flop (didn't bet)
Seat 5: kniferok folded before Flop (didn't bet)
Seat 6: Corsair444 folded on the Flop



PokerStars Hand #254243746029:  Hold'em No Limit ($0.50/$1.00 USD) - 2025/01/07 12:53:45 WET [2025/01/07 7:53:45 ET]
Table 'Gyldenia II' 6-max Seat #2 is the button
Seat 1: MrAdris9 ($109.52 in chips) 
Seat 2: zikos xr ($131.60 in chips) 
Seat 3: coeeeelho ($105.45 in chips) 
Seat 4: b2k-Snick ($114.80 in chips) 
Seat 5: kniferok ($103.38 in chips) 
Seat 6: Corsair444 ($69.58 in chips) 
coeeeelho: posts small blind $0.50
b2k-Snick: posts big blind $1
*** HOLE CARDS ***
kniferok: folds 
Corsair444: folds 
MrAdris9: raises $1.20 to $2.20
zikos xr: folds 
coeeeelho: folds 
b2k-Snick: folds 
Uncalled bet ($1.20) returned to MrAdris9
MrAdris9 collected $2.50 from pot
MrAdris9: doesn't show hand 
*** SUMMARY ***
Total pot $2.50 | Rake $0 
Seat 1: MrAdris9 collected ($2.50)
Seat 2: zikos xr (button) folded before Flop (didn't bet)
Seat 3: coeeeelho (small blind) folded before Flop
Seat 4: b2k-Snick (big blind) folded before Flop
Seat 5: kniferok folded before Flop (didn't bet)
Seat 6: Corsair444 folded before Flop (didn't bet)



PokerStars Hand #254243749985:  Hold'em No Limit ($0.50/$1.00 USD) - 2025/01/07 12:54:11 WET [2025/01/07 7:54:11 ET]
Table 'Gyldenia II' 6-max Seat #3 is the button
Seat 1: MrAdris9 ($111.02 in chips) 
Seat 2: zikos xr ($131.60 in chips) 
Seat 3: coeeeelho ($104.95 in chips) 
Seat 4: b2k-Snick ($113.80 in chips) 
Seat 5: kniferok ($103.38 in chips) 
Seat 6: Corsair444 ($69.58 in chips) 
b2k-Snick: posts small blind $0.50
kniferok: posts big blind $1
*** HOLE CARDS ***
Corsair444: raises $1 to $2
MrAdris9: folds 
zikos xr: calls $2
coeeeelho: raises $7 to $9
b2k-Snick: folds 
kniferok: folds 
Corsair444: folds 
zikos xr: folds 
Uncalled bet ($7) returned to coeeeelho
coeeeelho collected $7.50 from pot
coeeeelho: doesn't show hand 
*** SUMMARY ***
Total pot $7.50 | Rake $0 
Seat 1: MrAdris9 folded before Flop (didn't bet)
Seat 2: zikos xr folded before Flop
Seat 3: coeeeelho (button) collected ($7.50)
Seat 4: b2k-Snick (small blind) folded before Flop
Seat 5: kniferok (big blind) folded before Flop
Seat 6: Corsair444 folded before Flop



PokerStars Hand #254243754627:  Hold'em No Limit ($0.50/$1.00 USD) - 2025/01/07 12:54:40 WET [2025/01/07 7:54:40 ET]
Table 'Gyldenia II' 6-max Seat #4 is the button
Seat 1: MrAdris9 ($111.02 in chips) 
Seat 2: zikos xr ($129.60 in chips) 
Seat 3: coeeeelho ($110.45 in chips) 
Seat 4: b2k-Snick ($113.30 in chips) 
Seat 5: kniferok ($102.38 in chips) 
Seat 6: Corsair444 ($67.58 in chips) 
kniferok: posts small blind $0.50
Corsair444: posts big blind $1
*** HOLE CARDS ***
MrAdris9: folds 
zikos xr: folds 
coeeeelho: folds 
b2k-Snick: raises $1.50 to $2.50
kniferok: folds 
Corsair444: raises $1.50 to $4
b2k-Snick: calls $1.50
*** FLOP *** [Ks 4s Td]
Corsair444: bets $4.04
b2k-Snick: calls $4.04
*** TURN *** [Ks 4s Td] [7h]
Corsair444: bets $7.88
b2k-Snick: calls $7.88
*** RIVER *** [Ks 4s Td 7h] [Js]
Corsair444: checks 
b2k-Snick: checks 
*** SHOW DOWN ***
Corsair444: shows [3h 3s] (a pair of Threes)
b2k-Snick: shows [Ts Qd] (a pair of Tens)
b2k-Snick collected $30.72 from pot
*** SUMMARY ***
Total pot $32.34 | Rake $1.62 
Board [Ks 4s Td 7h Js]
Seat 1: MrAdris9 folded before Flop (didn't bet)
Seat 2: zikos xr folded before Flop (didn't bet)
Seat 3: coeeeelho folded before Flop (didn't bet)
Seat 4: b2k-Snick (button) showed [Ts Qd] and won ($30.72) with a pair of Tens
Seat 5: kniferok (small blind) folded before Flop
Seat 6: Corsair444 (big blind) showed [3h 3s] and lost with a pair of Threes



PokerStars Hand #254243765773:  Hold'em No Limit ($0.50/$1.00 USD) - 2025/01/07 12:56:01 WET [2025/01/07 7:56:01 ET]
Table 'Gyldenia II' 6-max Seat #5 is the button
Seat 1: MrAdris9 ($111.02 in chips) 
Seat 2: zikos xr ($129.60 in chips) 
Seat 3: coeeeelho ($110.45 in chips) 
Seat 4: b2k-Snick ($128.10 in chips) 
Seat 5: kniferok ($101.88 in chips) 
Seat 6: Corsair444 ($51.66 in chips) 
Corsair444: posts small blind $0.50
MrAdris9: posts big blind $1
*** HOLE CARDS ***
zikos xr: folds 
coeeeelho: folds 
b2k-Snick: folds 
kniferok: folds 
Corsair444: raises $1 to $2
MrAdris9: calls $1
*** FLOP *** [Ah Jd 4d]
Corsair444: bets $1.90
MrAdris9: calls $1.90
*** TURN *** [Ah Jd 4d] [9c]
Corsair444: bets $6
MrAdris9: folds 
Uncalled bet ($6) returned to Corsair444
Corsair444 collected $7.41 from pot
Corsair444: doesn't show hand 
*** SUMMARY ***
Total pot $7.80 | Rake $0.39 
Board [Ah Jd 4d 9c]
Seat 1: MrAdris9 (big blind) folded on the Turn
Seat 2: zikos xr folded before Flop (didn't bet)
Seat 3: coeeeelho folded before Flop (didn't bet)
Seat 4: b2k-Snick folded before Flop (didn't bet)
Seat 5: kniferok (button) folded before Flop (didn't bet)
Seat 6: Corsair444 (small blind) collected ($7.41)



PokerStars Hand #254243772422:  Hold'em No Limit ($0.50/$1.00 USD) - 2025/01/07 12:56:54 WET [2025/01/07 7:56:54 ET]
Table 'Gyldenia II' 6-max Seat #6 is the button
Seat 1: MrAdris9 ($107.12 in chips) 
Seat 2: zikos xr ($129.60 in chips) 
Seat 3: coeeeelho ($110.45 in chips) 
Seat 4: b2k-Snick ($128.10 in chips) 
Seat 5: kniferok ($101.88 in chips) 
Seat 6: Corsair444 ($55.17 in chips) 
MrAdris9: posts small blind $0.50
zikos xr: posts big blind $1
*** HOLE CARDS ***
coeeeelho: folds 
b2k-Snick: folds 
kniferok: folds 
Corsair444: raises $1 to $2
MrAdris9: folds 
zikos xr: folds 
Uncalled bet ($1) returned to Corsair444
Corsair444 collected $2.50 from pot
Corsair444: doesn't show hand 
*** SUMMARY ***
Total pot $2.50 | Rake $0 
Seat 1: MrAdris9 (small blind) folded before Flop
Seat 2: zikos xr (big blind) folded before Flop
Seat 3: coeeeelho folded before Flop (didn't bet)
Seat 4: b2k-Snick folded before Flop (didn't bet)
Seat 5: kniferok folded before Flop (didn't bet)
Seat 6: Corsair444 (button) collected ($2.50)



PokerStars Hand #254243775115:  Hold'em No Limit ($0.50/$1.00 USD) - 2025/01/07 12:57:15 WET [2025/01/07 7:57:15 ET]
Table 'Gyldenia II' 6-max Seat #1 is the button
Seat 1: MrAdris9 ($106.62 in chips) 
Seat 2: zikos xr ($128.60 in chips) 
Seat 3: coeeeelho ($110.45 in chips) 
Seat 4: b2k-Snick ($128.10 in chips) 
Seat 5: kniferok ($101.88 in chips) 
Seat 6: Corsair444 ($56.67 in chips) 
zikos xr: posts small blind $0.50
coeeeelho: posts big blind $1
*** HOLE CARDS ***
b2k-Snick: folds 
kniferok: raises $1 to $2
Corsair444: folds 
MrAdris9: folds 
zikos xr: folds 
coeeeelho: folds 
Uncalled bet ($1) returned to kniferok
kniferok collected $2.50 from pot
kniferok: doesn't show hand 
*** SUMMARY ***
Total pot $2.50 | Rake $0 
Seat 1: MrAdris9 (button) folded before Flop (didn't bet)
Seat 2: zikos xr (small blind) folded before Flop
Seat 3: coeeeelho (big blind) folded before Flop
Seat 4: b2k-Snick folded before Flop (didn't bet)
Seat 5: kniferok collected ($2.50)
Seat 6: Corsair444 folded before Flop (didn't bet)



PokerStars Hand #254243778355:  Hold'em No Limit ($0.50/$1.00 USD) - 2025/01/07 12:57:41 WET [2025/01/07 7:57:41 ET]
Table 'Gyldenia II' 6-max Seat #2 is the button
Seat 1: MrAdris9 ($106.62 in chips) 
Seat 2: zikos xr ($128.10 in chips) 
Seat 3: coeeeelho ($109.45 in chips) 
Seat 4: b2k-Snick ($128.10 in chips) 
Seat 5: kniferok ($103.38 in chips) 
Seat 6: Corsair444 ($56.67 in chips) 
coeeeelho: posts small blind $0.50
b2k-Snick: posts big blind $1
*** HOLE CARDS ***
kniferok: folds 
Corsair444: folds 
MrAdris9: folds 
zikos xr: folds 
coeeeelho: raises $2 to $3
b2k-Snick: folds 
Uncalled bet ($2) returned to coeeeelho
coeeeelho collected $2 from pot
coeeeelho: doesn't show hand 
*** SUMMARY ***
Total pot $2 | Rake $0 
Seat 1: MrAdris9 folded before Flop (didn't bet)
Seat 2: zikos xr (button) folded before Flop (didn't bet)
Seat 3: coeeeelho (small blind) collected ($2)
Seat 4: b2k-Snick (big blind) folded before Flop
Seat 5: kniferok folded before Flop (didn't bet)
Seat 6: Corsair444 folded before Flop (didn't bet)



PokerStars Hand #254243526937:  Hold'em No Limit ($0.50/$1.00 USD) - 2025/01/07 12:29:34 WET [2025/01/07 7:29:34 ET]
Table 'Gyldenia II' 6-max Seat #4 is the button
Seat 2: zikos xr ($80.13 in chips) 
Seat 4: b2k-Snick ($103.60 in chips) 
b2k-Snick: posts small blind $0.50
zikos xr: posts big blind $1
*** HOLE CARDS ***
b2k-Snick: raises $1.50 to $2.50
zikos xr: folds 
Uncalled bet ($1.50) returned to b2k-Snick
b2k-Snick collected $2 from pot
b2k-Snick: doesn't show hand 
*** SUMMARY ***
Total pot $2 | Rake $0 
Seat 2: zikos xr (big blind) folded before Flop
Seat 4: b2k-Snick (button) (small blind) collected ($2)



PokerStars Hand #254243528422:  Hold'em No Limit ($0.50/$1.00 USD) - 2025/01/07 12:29:44 WET [2025/01/07 7:29:44 ET]
Table 'Gyldenia II' 6-max Seat #2 is the button
Seat 2: zikos xr ($79.13 in chips) 
Seat 4: b2k-Snick ($104.60 in chips) 
zikos xr: posts small blind $0.50
b2k-Snick: posts big blind $1
*** HOLE CARDS ***
zikos xr: folds 
Uncalled bet ($0.50) returned to b2k-Snick
b2k-Snick collected $1 from pot
b2k-Snick: doesn't show hand 
*** SUMMARY ***
Total pot $1 | Rake $0 
Seat 2: zikos xr (button) (small blind) folded before Flop
Seat 4: b2k-Snick (big blind) collected ($1)



PokerStars Hand #254243529538:  Hold'em No Limit ($0.50/$1.00 USD) - 2025/01/07 12:29:52 WET [2025/01/07 7:29:52 ET]
Table 'Gyldenia II' 6-max Seat #4 is the button
Seat 2: zikos xr ($78.63 in chips) 
Seat 4: b2k-Snick ($105.10 in chips) 
b2k-Snick: posts small blind $0.50
zikos xr: posts big blind $1
*** HOLE CARDS ***
b2k-Snick: raises $1.50 to $2.50
zikos xr: calls $1.50
*** FLOP *** [4h 4c 6d]
zikos xr: checks 
b2k-Snick: checks 
*** TURN *** [4h 4c 6d] [3d]
zikos xr: checks 
b2k-Snick: checks 
*** RIVER *** [4h 4c 6d 3d] [Qs]
zikos xr: checks 
b2k-Snick: bets $3
zikos xr: calls $3
*** SHOW DOWN ***
b2k-Snick: shows [Qc Jc] (two pair, Queens and Fours)
zikos xr: mucks hand 
b2k-Snick collected $10.45 from pot
*** SUMMARY ***
Total pot $11 | Rake $0.55 
Board [4h 4c 6d 3d Qs]
Seat 2: zikos xr (big blind) mucked
Seat 4: b2k-Snick (button) (small blind) showed [Qc Jc] and won ($10.45) with two pair, Queens and Fours



PokerStars Hand #254243534928:  Hold'em No Limit ($0.50/$1.00 USD) - 2025/01/07 12:30:30 WET [2025/01/07 7:30:30 ET]
Table 'Gyldenia II' 6-max Seat #2 is the button
Seat 2: zikos xr ($73.13 in chips) 
Seat 4: b2k-Snick ($110.05 in chips) 
zikos xr: posts small blind $0.50
b2k-Snick: posts big blind $1
*** HOLE CARDS ***
zikos xr: calls $0.50
b2k-Snick: checks 
*** FLOP *** [9s 9h 4s]
b2k-Snick: checks 
zikos xr: checks 
*** TURN *** [9s 9h 4s] [Td]
b2k-Snick: checks 
zikos xr: checks 
*** RIVER *** [9s 9h 4s Td] [3s]
b2k-Snick: checks 
zikos xr: checks 
*** SHOW DOWN ***
b2k-Snick: shows [7h Kc] (a pair of Nines)
zikos xr: shows [2s Ad] (a pair of Nines - Ace kicker)
zikos xr collected $1.90 from pot
*** SUMMARY ***
Total pot $2 | Rake $0.10 
Board [9s 9h 4s Td 3s]
Seat 2: zikos xr (button) (small blind) showed [2s Ad] and won ($1.90) with a pair of Nines
Seat 4: b2k-Snick (big blind) showed [7h Kc] and lost with a pair of Nines



PokerStars Hand #254243538416:  Hold'em No Limit ($0.50/$1.00 USD) - 2025/01/07 12:30:54 WET [2025/01/07 7:30:54 ET]
Table 'Gyldenia II' 6-max Seat #4 is the button
Seat 2: zikos xr ($74.03 in chips) 
Seat 4: b2k-Snick ($109.05 in chips) 
b2k-Snick: posts small blind $0.50
zikos xr: posts big blind $1
*** HOLE CARDS ***
b2k-Snick: raises $1.50 to $2.50
zikos xr: calls $1.50
*** FLOP *** [7h 7d 8h]
zikos xr: checks 
b2k-Snick: bets $2.09
zikos xr: raises $4.47 to $6.56
b2k-Snick: folds 
Uncalled bet ($4.47) returned to zikos xr
zikos xr collected $8.72 from pot
*** SUMMARY ***
Total pot $9.18 | Rake $0.46 
Board [7h 7d 8h]
Seat 2: zikos xr (big blind) collected ($8.72)
Seat 4: b2k-Snick (button) (small blind) folded on the Flop



PokerStars Hand #254243542582:  Hold'em No Limit ($0.50/$1.00 USD) - 2025/01/07 12:31:23 WET [2025/01/07 7:31:23 ET]
Table 'Gyldenia II' 6-max Seat #2 is the button
Seat 2: zikos xr ($78.16 in chips) 
Seat 4: b2k-Snick ($104.46 in chips) 
zikos xr: posts small blind $0.50
b2k-Snick: posts big blind $1
*** HOLE CARDS ***
zikos xr: folds 
Uncalled bet ($0.50) returned to b2k-Snick
b2k-Snick collected $1 from pot
b2k-Snick: doesn't show hand 
*** SUMMARY ***
Total pot $1 | Rake $0 
Seat 2: zikos xr (button) (small blind) folded before Flop
Seat 4: b2k-Snick (big blind) collected ($1)



PokerStars Hand #254243543652:  Hold'em No Limit ($0.50/$1.00 USD) - 2025/01/07 12:31:31 WET [2025/01/07 7:31:31 ET]
Table 'Gyldenia II' 6-max Seat #4 is the button
Seat 2: zikos xr ($77.66 in chips) 
Seat 4: b2k-Snick ($104.96 in chips) 
b2k-Snick: posts small blind $0.50
zikos xr: posts big blind $1
*** HOLE CARDS ***
b2k-Snick: folds 
Uncalled bet ($0.50) returned to zikos xr
zikos xr collected $1 from pot
*** SUMMARY ***
Total pot $1 | Rake $0 
Seat 2: zikos xr (big blind) collected ($1)
Seat 4: b2k-Snick (button) (small blind) folded before Flop



PokerStars Hand #254243545702:  Hold'em No Limit ($0.50/$1.00 USD) - 2025/01/07 12:31:45 WET [2025/01/07 7:31:45 ET]
Table 'Gyldenia II' 6-max Seat #2 is the button
Seat 2: zikos xr ($78.16 in chips) 
Seat 4: b2k-Snick ($104.46 in chips) 
zikos xr: posts small blind $0.50
b2k-Snick: posts big blind $1
*** HOLE CARDS ***
zikos xr: folds 
Uncalled bet ($0.50) returned to b2k-Snick
b2k-Snick collected $1 from pot
b2k-Snick: doesn't show hand 
*** SUMMARY ***
Total pot $1 | Rake $0 
Seat 2: zikos xr (button) (small blind) folded before Flop
Seat 4: b2k-Snick (big blind) collected ($1)



PokerStars Hand #254243546685:  Hold'em No Limit ($0.50/$1.00 USD) - 2025/01/07 12:31:52 WET [2025/01/07 7:31:52 ET]
Table 'Gyldenia II' 6-max Seat #4 is the button
Seat 2: zikos xr ($77.66 in chips) 
Seat 4: b2k-Snick ($104.96 in chips) 
b2k-Snick: posts small blind $0.50
zikos xr: posts big blind $1
*** HOLE CARDS ***
b2k-Snick: raises $1.50 to $2.50
zikos xr: folds 
Uncalled bet ($1.50) returned to b2k-Snick
b2k-Snick collected $2 from pot
b2k-Snick: doesn't show hand 
*** SUMMARY ***
Total pot $2 | Rake $0 
Seat 2: zikos xr (big blind) folded before Flop
Seat 4: b2k-Snick (button) (small blind) collected ($2)



PokerStars Hand #254243548625:  Hold'em No Limit ($0.50/$1.00 USD) - 2025/01/07 12:32:05 WET [2025/01/07 7:32:05 ET]
Table 'Gyldenia II' 6-max Seat #2 is the button
Seat 2: zikos xr ($76.66 in chips) 
Seat 4: b2k-Snick ($105.96 in chips) 
zikos xr: posts small blind $0.50
b2k-Snick: posts big blind $1
*** HOLE CARDS ***
kniferok joins the table at seat #3 
zikos xr: calls $0.50
b2k-Snick: raises $4 to $5
zikos xr: calls $4
*** FLOP *** [Ah 3s 2d]
kniferok leaves the table
b2k-Snick: bets $5.23
zikos xr: folds 
Uncalled bet ($5.23) returned to b2k-Snick
b2k-Snick collected $9.50 from pot
b2k-Snick: doesn't show hand 
*** SUMMARY ***
Total pot $10 | Rake $0.50 
Board [Ah 3s 2d]
Seat 2: zikos xr (button) (small blind) folded on the Flop
Seat 4: b2k-Snick (big blind) collected ($9.50)



PokerStars Hand #254243552293:  Hold'em No Limit ($0.50/$1.00 USD) - 2025/01/07 12:32:30 WET [2025/01/07 7:32:30 ET]
Table 'Gyldenia II' 6-max Seat #4 is the button
Seat 2: zikos xr ($71.66 in chips) 
Seat 4: b2k-Snick ($110.46 in chips) 
b2k-Snick: posts small blind $0.50
zikos xr: posts big blind $1
*** HOLE CARDS ***
b2k-Snick: raises $1.50 to $2.50
zikos xr: calls $1.50
*** FLOP *** [Jc Ts 6c]
zikos xr: checks 
b2k-Snick: checks 
*** TURN *** [Jc Ts 6c] [3h]
zikos xr: checks 
b2k-Snick: bets $1.57
zikos xr: raises $3.95 to $5.52
b2k-Snick: folds 
Uncalled bet ($3.95) returned to zikos xr
zikos xr collected $7.73 from pot
*** SUMMARY ***
Total pot $8.14 | Rake $0.41 
Board [Jc Ts 6c 3h]
Seat 2: zikos xr (big blind) collected ($7.73)
Seat 4: b2k-Snick (button) (small blind) folded on the Turn



PokerStars Hand #254243556893:  Hold'em No Limit ($0.50/$1.00 USD) - 2025/01/07 12:33:03 WET [2025/01/07 7:33:03 ET]
Table 'Gyldenia II' 6-max Seat #2 is the button
Seat 2: zikos xr ($75.32 in chips) 
Seat 4: b2k-Snick ($106.39 in chips) 
zikos xr: posts small blind $0.50
b2k-Snick: posts big blind $1
*** HOLE CARDS ***
zikos xr: folds 
Uncalled bet ($0.50) returned to b2k-Snick
b2k-Snick collected $1 from pot
b2k-Snick: doesn't show hand 
*** SUMMARY ***
Total pot $1 | Rake $0 
Seat 2: zikos xr (button) (small blind) folded before Flop
Seat 4: b2k-Snick (big blind) collected ($1)



PokerStars Hand #254243557798:  Hold'em No Limit ($0.50/$1.00 USD) - 2025/01/07 12:33:09 WET [2025/01/07 7:33:09 ET]
Table 'Gyldenia II' 6-max Seat #4 is the button
Seat 2: zikos xr ($74.82 in chips) 
Seat 4: b2k-Snick ($106.89 in chips) 
b2k-Snick: posts small blind $0.50
zikos xr: posts big blind $1
*** HOLE CARDS ***
b2k-Snick: raises $1.50 to $2.50
zikos xr: raises $5 to $7.50
b2k-Snick: folds 
Uncalled bet ($5) returned to zikos xr
zikos xr collected $5 from pot
*** SUMMARY ***
Total pot $5 | Rake $0 
Seat 2: zikos xr (big blind) collected ($5)
Seat 4: b2k-Snick (button) (small blind) folded before Flop



PokerStars Hand #254243560118:  Hold'em No Limit ($0.50/$1.00 USD) - 2025/01/07 12:33:25 WET [2025/01/07 7:33:25 ET]
Table 'Gyldenia II' 6-max Seat #2 is the button
Seat 2: zikos xr ($77.32 in chips) 
Seat 4: b2k-Snick ($104.39 in chips) 
zikos xr: posts small blind $0.50
b2k-Snick: posts big blind $1
*** HOLE CARDS ***
zikos xr: folds 
Uncalled bet ($0.50) returned to b2k-Snick
b2k-Snick collected $1 from pot
b2k-Snick: doesn't show hand 
*** SUMMARY ***
Total pot $1 | Rake $0 
Seat 2: zikos xr (button) (small blind) folded before Flop
Seat 4: b2k-Snick (big blind) collected ($1)



PokerStars Hand #254243561112:  Hold'em No Limit ($0.50/$1.00 USD) - 2025/01/07 12:33:32 WET [2025/01/07 7:33:32 ET]
Table 'Gyldenia II' 6-max Seat #4 is the button
Seat 2: zikos xr ($76.82 in chips) 
Seat 4: b2k-Snick ($104.89 in chips) 
b2k-Snick: posts small blind $0.50
zikos xr: posts big blind $1
*** HOLE CARDS ***
b2k-Snick: folds 
Uncalled bet ($0.50) returned to zikos xr
zikos xr collected $1 from pot
*** SUMMARY ***
Total pot $1 | Rake $0 
Seat 2: zikos xr (big blind) collected ($1)
Seat 4: b2k-Snick (button) (small blind) folded before Flop



PokerStars Hand #254243562024:  Hold'em No Limit ($0.50/$1.00 USD) - 2025/01/07 12:33:38 WET [2025/01/07 7:33:38 ET]
Table 'Gyldenia II' 6-max Seat #2 is the button
Seat 2: zikos xr ($77.32 in chips) 
Seat 4: b2k-Snick ($104.39 in chips) 
zikos xr: posts small blind $0.50
b2k-Snick: posts big blind $1
*** HOLE CARDS ***
zikos xr: folds 
Uncalled bet ($0.50) returned to b2k-Snick
b2k-Snick collected $1 from pot
b2k-Snick: doesn't show hand 
*** SUMMARY ***
Total pot $1 | Rake $0 
Seat 2: zikos xr (button) (small blind) folded before Flop
Seat 4: b2k-Snick (big blind) collected ($1)



PokerStars Hand #254243564235:  Hold'em No Limit ($0.50/$1.00 USD) - 2025/01/07 12:33:53 WET [2025/01/07 7:33:53 ET]
Table 'Gyldenia II' 6-max Seat #4 is the button
Seat 2: zikos xr ($76.82 in chips) 
Seat 4: b2k-Snick ($104.89 in chips) 
b2k-Snick: posts small blind $0.50
zikos xr: posts big blind $1
*** HOLE CARDS ***
b2k-Snick: folds 
Uncalled bet ($0.50) returned to zikos xr
zikos xr collected $1 from pot
*** SUMMARY ***
Total pot $1 | Rake $0 
Seat 2: zikos xr (big blind) collected ($1)
Seat 4: b2k-Snick (button) (small blind) folded before Flop



PokerStars Hand #254243565100:  Hold'em No Limit ($0.50/$1.00 USD) - 2025/01/07 12:34:00 WET [2025/01/07 7:34:00 ET]
Table 'Gyldenia II' 6-max Seat #2 is the button
Seat 2: zikos xr ($77.32 in chips) 
Seat 4: b2k-Snick ($104.39 in chips) 
zikos xr: posts small blind $0.50
b2k-Snick: posts big blind $1
*** HOLE CARDS ***
zikos xr: calls $0.50
b2k-Snick: checks 
*** FLOP *** [8s Ad 5c]
b2k-Snick: checks 
zikos xr: checks 
*** TURN *** [8s Ad 5c] [Qd]
b2k-Snick: checks 
erwinluc joins the table at seat #6 
zikos xr: checks 
*** RIVER *** [8s Ad 5c Qd] [7s]
akbloger joins the table at seat #1 
b2k-Snick: checks 
steelNike joins the table at seat #3 
zikos xr: bets $1.90
Rysiff joins the table at seat #5 
b2k-Snick: folds 
Uncalled bet ($1.90) returned to zikos xr
zikos xr collected $1.90 from pot
*** SUMMARY ***
Total pot $2 | Rake $0.10 
Board [8s Ad 5c Qd 7s]
Seat 2: zikos xr (button) (small blind) collected ($1.90)
Seat 4: b2k-Snick (big blind) folded on the River



PokerStars Hand #254243569621:  Hold'em No Limit ($0.50/$1.00 USD) - 2025/01/07 12:34:31 WET [2025/01/07 7:34:31 ET]
Table 'Gyldenia II' 6-max Seat #4 is the button
Seat 1: akbloger ($100 in chips) is sitting out
Seat 5: Rysiff ($100 in chips) is sitting out
Seat 6: erwinluc ($82.21 in chips) is sitting out
Seat 2: zikos xr ($78.22 in chips) 
Seat 3: steelNike ($40 in chips) 
Seat 4: b2k-Snick ($103.39 in chips) 
zikos xr: posts small blind $0.50
steelNike: posts big blind $1
*** HOLE CARDS ***
b2k-Snick: folds 
zikos xr: folds 
Uncalled bet ($0.50) returned to steelNike
steelNike collected $1 from pot
*** SUMMARY ***
Total pot $1 | Rake $0 
Seat 1: akbloger
Seat 5: Rysiff
Seat 6: erwinluc
Seat 2: zikos xr (small blind) folded before Flop
Seat 3: steelNike (big blind) collected ($1)
Seat 4: b2k-Snick (button) folded before Flop (didn't bet)



PokerStars Hand #254243571306:  Hold'em No Limit ($0.50/$1.00 USD) - 2025/01/07 12:34:43 WET [2025/01/07 7:34:43 ET]
Table 'Gyldenia II' 6-max Seat #2 is the button
Seat 1: akbloger ($100 in chips) is sitting out
Seat 5: Rysiff ($100 in chips) is sitting out
Seat 6: erwinluc ($82.21 in chips) is sitting out
Seat 2: zikos xr ($77.72 in chips) 
Seat 3: steelNike ($40.50 in chips) 
Seat 4: b2k-Snick ($103.39 in chips) 
steelNike: posts small blind $0.50
b2k-Snick: posts big blind $1
Rysiff: sits out 
erwinluc: sits out 
akbloger: sits out 
*** HOLE CARDS ***
zikos xr: folds 
steelNike: folds 
Uncalled bet ($0.50) returned to b2k-Snick
b2k-Snick collected $1 from pot
b2k-Snick: doesn't show hand 
*** SUMMARY ***
Total pot $1 | Rake $0 
Seat 1: akbloger
Seat 5: Rysiff
Seat 6: erwinluc
Seat 2: zikos xr (button) folded before Flop (didn't bet)
Seat 3: steelNike (small blind) folded before Flop
Seat 4: b2k-Snick (big blind) collected ($1)



PokerStars Hand #254243573087:  Hold'em No Limit ($0.50/$1.00 USD) - 2025/01/07 12:34:55 WET [2025/01/07 7:34:55 ET]
Table 'Gyldenia II' 6-max Seat #3 is the button
Seat 1: akbloger ($100 in chips) is sitting out
Seat 6: erwinluc ($82.21 in chips) is sitting out
Seat 2: zikos xr ($77.72 in chips) 
Seat 3: steelNike ($40 in chips) 
Seat 4: b2k-Snick ($103.89 in chips) 
Seat 5: Rysiff ($100 in chips) 
b2k-Snick: posts small blind $0.50
Rysiff: posts big blind $1
erwinluc: sits out 
akbloger: sits out 
*** HOLE CARDS ***
zikos xr: calls $1
steelNike: folds 
b2k-Snick: folds 
Rysiff: checks 
*** FLOP *** [8c 9c 2h]
Rysiff: checks 
zikos xr: bets $2.38
Rysiff: folds 
Uncalled bet ($2.38) returned to zikos xr
zikos xr collected $2.38 from pot
*** SUMMARY ***
Total pot $2.50 | Rake $0.12 
Board [8c 9c 2h]
Seat 1: akbloger
Seat 6: erwinluc
Seat 2: zikos xr collected ($2.38)
Seat 3: steelNike (button) folded before Flop (didn't bet)
Seat 4: b2k-Snick (small blind) folded before Flop
Seat 5: Rysiff (big blind) folded on the Flop



PokerStars Hand #254243576234:  Hold'em No Limit ($0.50/$1.00 USD) - 2025/01/07 12:35:17 WET [2025/01/07 7:35:17 ET]
Table 'Gyldenia II' 6-max Seat #4 is the button
Seat 1: akbloger ($100 in chips) is sitting out
Seat 2: zikos xr ($79.10 in chips) 
Seat 3: steelNike ($40 in chips) 
Seat 4: b2k-Snick ($103.39 in chips) 
Seat 5: Rysiff ($100 in chips) 
Seat 6: erwinluc ($82.21 in chips) 
Rysiff: posts small blind $0.50
erwinluc: posts big blind $1
akbloger: sits out 
*** HOLE CARDS ***
zikos xr: calls $1
steelNike: folds 
b2k-Snick: folds 
Rysiff: calls $0.50
erwinluc: raises $3 to $4
zikos xr: calls $3
Rysiff: calls $3
*** FLOP *** [Ks Ah 4d]
Rysiff: checks 
erwinluc: bets $5.70
zikos xr: calls $5.70
Rysiff: calls $5.70
*** TURN *** [Ks Ah 4d] [7d]
Rysiff: checks 
erwinluc: checks 
zikos xr: checks 
*** RIVER *** [Ks Ah 4d 7d] [Td]
Rysiff: checks 
erwinluc: checks 
zikos xr: bets $16.64
Rysiff: folds 
erwinluc: folds 
Uncalled bet ($16.64) returned to zikos xr
zikos xr collected $27.64 from pot
*** SUMMARY ***
Total pot $29.10 | Rake $1.46 
Board [Ks Ah 4d 7d Td]
Seat 1: akbloger
Seat 2: zikos xr collected ($27.64)
Seat 3: steelNike folded before Flop (didn't bet)
Seat 4: b2k-Snick (button) folded before Flop (didn't bet)
Seat 5: Rysiff (small blind) folded on the River
Seat 6: erwinluc (big blind) folded on the River



PokerStars Hand #254243589464:  Hold'em No Limit ($0.50/$1.00 USD) - 2025/01/07 12:36:46 WET [2025/01/07 7:36:46 ET]
Table 'Gyldenia II' 6-max Seat #5 is the button
Seat 1: akbloger ($100 in chips) 
Seat 2: zikos xr ($97.04 in chips) 
Seat 3: steelNike ($40 in chips) 
Seat 4: b2k-Snick ($103.39 in chips) 
Seat 5: Rysiff ($100 in chips) 
Seat 6: erwinluc ($72.51 in chips) 
erwinluc: posts small blind $0.50
akbloger: posts big blind $1
*** HOLE CARDS ***
zikos xr: calls $1
steelNike: folds 
b2k-Snick: folds 
Rysiff: raises $3 to $4
erwinluc: raises $10 to $14
akbloger: folds 
zikos xr: folds 
Rysiff: folds 
Uncalled bet ($10) returned to erwinluc
erwinluc collected $10 from pot
erwinluc: doesn't show hand 
*** SUMMARY ***
Total pot $10 | Rake $0 
Seat 1: akbloger (big blind) folded before Flop
Seat 2: zikos xr folded before Flop
Seat 3: steelNike folded before Flop (didn't bet)
Seat 4: b2k-Snick folded before Flop (didn't bet)
Seat 5: Rysiff (button) folded before Flop
Seat 6: erwinluc (small blind) collected ($10)



PokerStars Hand #254243593333:  Hold'em No Limit ($0.50/$1.00 USD) - 2025/01/07 12:37:12 WET [2025/01/07 7:37:12 ET]
Table 'Gyldenia II' 6-max Seat #6 is the button
Seat 1: akbloger ($100 in chips) 
Seat 2: zikos xr ($96.04 in chips) 
Seat 3: steelNike ($40 in chips) 
Seat 4: b2k-Snick ($103.39 in chips) 
Seat 5: Rysiff ($100 in chips) 
Seat 6: erwinluc ($78.51 in chips) 
akbloger: posts small blind $0.50
zikos xr: posts big blind $1
*** HOLE CARDS ***
steelNike: folds 
b2k-Snick: folds 
Rysiff: folds 
erwinluc: folds 
akbloger: folds 
Uncalled bet ($0.50) returned to zikos xr
zikos xr collected $1 from pot
*** SUMMARY ***
Total pot $1 | Rake $0 
Seat 1: akbloger (small blind) folded before Flop
Seat 2: zikos xr (big blind) collected ($1)
Seat 3: steelNike folded before Flop (didn't bet)
Seat 4: b2k-Snick folded before Flop (didn't bet)
Seat 5: Rysiff folded before Flop (didn't bet)
Seat 6: erwinluc (button) folded before Flop (didn't bet)



PokerStars Hand #254243596638:  Hold'em No Limit ($0.50/$1.00 USD) - 2025/01/07 12:37:35 WET [2025/01/07 7:37:35 ET]
Table 'Gyldenia II' 6-max Seat #1 is the button
Seat 1: akbloger ($100 in chips) 
Seat 2: zikos xr ($96.54 in chips) 
Seat 3: steelNike ($40 in chips) 
Seat 4: b2k-Snick ($103.39 in chips) 
Seat 5: Rysiff ($100 in chips) 
Seat 6: erwinluc ($78.51 in chips) 
zikos xr: posts small blind $0.50
steelNike: posts big blind $1
*** HOLE CARDS ***
b2k-Snick: folds 
Rysiff: folds 
erwinluc: raises $1 to $2
akbloger: folds 
zikos xr: folds 
steelNike: folds 
Uncalled bet ($1) returned to erwinluc
erwinluc collected $2.50 from pot
erwinluc: doesn't show hand 
*** SUMMARY ***
Total pot $2.50 | Rake $0 
Seat 1: akbloger (button) folded before Flop (didn't bet)
Seat 2: zikos xr (small blind) folded before Flop
Seat 3: steelNike (big blind) folded before Flop
Seat 4: b2k-Snick folded before Flop (didn't bet)
Seat 5: Rysiff folded before Flop (didn't bet)
Seat 6: erwinluc collected ($2.50)



PokerStars Hand #254243782762:  Hold'em No Limit ($0.50/$1.00 USD) - 2025/01/07 12:58:16 WET [2025/01/07 7:58:16 ET]
Table 'Gyldenia II' 6-max Seat #3 is the button
Seat 1: MrAdris9 ($106.62 in chips) 
Seat 2: zikos xr ($128.10 in chips) 
Seat 3: coeeeelho ($110.45 in chips) 
Seat 4: b2k-Snick ($127.10 in chips) 
Seat 5: kniferok ($103.38 in chips) 
Seat 6: Corsair444 ($56.67 in chips) 
b2k-Snick: posts small blind $0.50
kniferok: posts big blind $1
*** HOLE CARDS ***
Corsair444: calls $1
MrAdris9: folds 
zikos xr: calls $1
coeeeelho: raises $3.20 to $4.20
b2k-Snick: folds 
kniferok: folds 
Corsair444: calls $3.20
zikos xr: calls $3.20
*** FLOP *** [Jd 9d 9h]
Corsair444: bets $6.70
zikos xr: calls $6.70
coeeeelho: folds 
*** TURN *** [Jd 9d 9h] [7s]
Corsair444: bets $13.06
zikos xr: calls $13.06
*** RIVER *** [Jd 9d 9h 7s] [2s]
Corsair444: bets $25.56
zikos xr: folds 
Uncalled bet ($25.56) returned to Corsair444
Corsair444 collected $51.12 from pot
Corsair444: doesn't show hand 
*** SUMMARY ***
Total pot $53.62 | Rake $2.50 
Board [Jd 9d 9h 7s 2s]
Seat 1: MrAdris9 folded before Flop (didn't bet)
Seat 2: zikos xr folded on the River
Seat 3: coeeeelho (button) folded on the Flop
Seat 4: b2k-Snick (small blind) folded before Flop
Seat 5: kniferok (big blind) folded before Flop
Seat 6: Corsair444 collected ($51.12)



PokerStars Hand #254243792684:  Hold'em No Limit ($0.50/$1.00 USD) - 2025/01/07 12:59:33 WET [2025/01/07 7:59:33 ET]
Table 'Gyldenia II' 6-max Seat #4 is the button
Seat 1: MrAdris9 ($106.62 in chips) 
Seat 2: zikos xr ($104.14 in chips) 
Seat 3: coeeeelho ($106.25 in chips) 
Seat 4: b2k-Snick ($126.60 in chips) 
Seat 5: kniferok ($102.38 in chips) 
Seat 6: Corsair444 ($83.83 in chips) 
kniferok: posts small blind $0.50
Corsair444: posts big blind $1
*** HOLE CARDS ***
MrAdris9: raises $1.20 to $2.20
zikos xr: calls $2.20
coeeeelho: raises $7.80 to $10
b2k-Snick: folds 
kniferok: folds 
Corsair444: folds 
MrAdris9: folds 
zikos xr: folds 
Uncalled bet ($7.80) returned to coeeeelho
coeeeelho collected $8.10 from pot
coeeeelho: doesn't show hand 
*** SUMMARY ***
Total pot $8.10 | Rake $0 
Seat 1: MrAdris9 folded before Flop
Seat 2: zikos xr folded before Flop
Seat 3: coeeeelho collected ($8.10)
Seat 4: b2k-Snick (button) folded before Flop (didn't bet)
Seat 5: kniferok (small blind) folded before Flop
Seat 6: Corsair444 (big blind) folded before Flop



PokerStars Hand #254243796895:  Hold'em No Limit ($0.50/$1.00 USD) - 2025/01/07 13:00:05 WET [2025/01/07 8:00:05 ET]
Table 'Gyldenia II' 6-max Seat #5 is the button
Seat 1: MrAdris9 ($104.42 in chips) 
Seat 2: zikos xr ($101.94 in chips) 
Seat 3: coeeeelho ($112.15 in chips) 
Seat 4: b2k-Snick ($126.60 in chips) 
Seat 5: kniferok ($101.88 in chips) 
Seat 6: Corsair444 ($82.83 in chips) 
Corsair444: posts small blind $0.50
MrAdris9: posts big blind $1
*** HOLE CARDS ***
zikos xr: folds 
coeeeelho: folds 
b2k-Snick: folds 
kniferok: raises $1.50 to $2.50
Corsair444: folds 
MrAdris9: folds 
Uncalled bet ($1.50) returned to kniferok
kniferok collected $2.50 from pot
kniferok: doesn't show hand 
*** SUMMARY ***
Total pot $2.50 | Rake $0 
Seat 1: MrAdris9 (big blind) folded before Flop
Seat 2: zikos xr folded before Flop (didn't bet)
Seat 3: coeeeelho folded before Flop (didn't bet)
Seat 4: b2k-Snick folded before Flop (didn't bet)
Seat 5: kniferok (button) collected ($2.50)
Seat 6: Corsair444 (small blind) folded before Flop



PokerStars Hand #254243799069:  Hold'em No Limit ($0.50/$1.00 USD) - 2025/01/07 13:00:22 WET [2025/01/07 8:00:22 ET]
Table 'Gyldenia II' 6-max Seat #6 is the button
Seat 1: MrAdris9 ($103.42 in chips) 
Seat 2: zikos xr ($101.94 in chips) 
Seat 3: coeeeelho ($112.15 in chips) 
Seat 4: b2k-Snick ($126.60 in chips) 
Seat 5: kniferok ($103.38 in chips) 
Seat 6: Corsair444 ($82.33 in chips) 
MrAdris9: posts small blind $0.50
zikos xr: posts big blind $1
*** HOLE CARDS ***
coeeeelho: folds 
b2k-Snick: folds 
kniferok: folds 
Corsair444: folds 
MrAdris9: raises $2 to $3
zikos xr: folds 
Uncalled bet ($2) returned to MrAdris9
MrAdris9 collected $2 from pot
MrAdris9: doesn't show hand 
*** SUMMARY ***
Total pot $2 | Rake $0 
Seat 1: MrAdris9 (small blind) collected ($2)
Seat 2: zikos xr (big blind) folded before Flop
Seat 3: coeeeelho folded before Flop (didn't bet)
Seat 4: b2k-Snick folded before Flop (didn't bet)
Seat 5: kniferok folded before Flop (didn't bet)
Seat 6: Corsair444 (button) folded before Flop (didn't bet)



PokerStars Hand #254243801594:  Hold'em No Limit ($0.50/$1.00 USD) - 2025/01/07 13:00:40 WET [2025/01/07 8:00:40 ET]
Table 'Gyldenia II' 6-max Seat #1 is the button
Seat 1: MrAdris9 ($104.42 in chips) 
Seat 2: zikos xr ($100.94 in chips) 
Seat 3: coeeeelho ($112.15 in chips) 
Seat 4: b2k-Snick ($126.60 in chips) 
Seat 5: kniferok ($103.38 in chips) 
Seat 6: Corsair444 ($82.33 in chips) 
zikos xr: posts small blind $0.50
coeeeelho: posts big blind $1
*** HOLE CARDS ***
b2k-Snick: folds 
kniferok: folds 
Corsair444: calls $1
MrAdris9: raises $3 to $4
zikos xr: folds 
coeeeelho: folds 
Corsair444: calls $3
*** FLOP *** [Ks 7s Qc]
Corsair444: checks 
MrAdris9: bets $2.98
Corsair444: raises $2.98 to $5.96
MrAdris9: calls $2.98
*** TURN *** [Ks 7s Qc] [9s]
Corsair444: bets $10.18
MrAdris9: calls $10.18
*** RIVER *** [Ks 7s Qc 9s] [5d]
Corsair444: bets $7
MrAdris9: raises $26.50 to $33.50
Corsair444: calls $26.50
*** SHOW DOWN ***
MrAdris9: shows [6c 8c] (a straight, Five to Nine)
Corsair444: mucks hand 
MrAdris9 collected $106.28 from pot
*** SUMMARY ***
Total pot $108.78 | Rake $2.50 
Board [Ks 7s Qc 9s 5d]
Seat 1: MrAdris9 (button) showed [6c 8c] and won ($106.28) with a straight, Five to Nine
Seat 2: zikos xr (small blind) folded before Flop
Seat 3: coeeeelho (big blind) folded before Flop
Seat 4: b2k-Snick folded before Flop (didn't bet)
Seat 5: kniferok folded before Flop (didn't bet)
Seat 6: Corsair444 mucked



PokerStars Hand #254243819275:  Hold'em No Limit ($0.50/$1.00 USD) - 2025/01/07 13:02:35 WET [2025/01/07 8:02:35 ET]
Table 'Gyldenia II' 6-max Seat #2 is the button
Seat 1: MrAdris9 ($157.06 in chips) 
Seat 2: zikos xr ($100.44 in chips) 
Seat 3: coeeeelho ($111.15 in chips) 
Seat 4: b2k-Snick ($126.60 in chips) 
Seat 5: kniferok ($103.38 in chips) 
Seat 6: Corsair444 ($28.69 in chips) 
coeeeelho: posts small blind $0.50
b2k-Snick: posts big blind $1
*** HOLE CARDS ***
kniferok: folds 
Corsair444: folds 
MrAdris9: raises $1.20 to $2.20
zikos xr: folds 
coeeeelho: folds 
b2k-Snick: folds 
Uncalled bet ($1.20) returned to MrAdris9
MrAdris9 collected $2.50 from pot
MrAdris9: doesn't show hand 
*** SUMMARY ***
Total pot $2.50 | Rake $0 
Seat 1: MrAdris9 collected ($2.50)
Seat 2: zikos xr (button) folded before Flop (didn't bet)
Seat 3: coeeeelho (small blind) folded before Flop
Seat 4: b2k-Snick (big blind) folded before Flop
Seat 5: kniferok folded before Flop (didn't bet)
Seat 6: Corsair444 folded before Flop (didn't bet)



PokerStars Hand #254243824309:  Hold'em No Limit ($0.50/$1.00 USD) - 2025/01/07 13:03:06 WET [2025/01/07 8:03:06 ET]
Table 'Gyldenia II' 6-max Seat #3 is the button
Seat 1: MrAdris9 ($158.56 in chips) 
Seat 2: zikos xr ($100.44 in chips) 
Seat 3: coeeeelho ($110.65 in chips) 
Seat 4: b2k-Snick ($125.60 in chips) 
Seat 5: kniferok ($103.38 in chips) 
Seat 6: Corsair444 ($28.69 in chips) 
b2k-Snick: posts small blind $0.50
kniferok: posts big blind $1
*** HOLE CARDS ***
Corsair444: folds 
MrAdris9: raises $1.20 to $2.20
zikos xr: calls $2.20
coeeeelho: folds 
b2k-Snick: folds 
kniferok: folds 
*** FLOP *** [6s 3s 9s]
MrAdris9: bets $1.85
zikos xr: calls $1.85
*** TURN *** [6s 3s 9s] [Ks]
MrAdris9: checks 
zikos xr: checks 
*** RIVER *** [6s 3s 9s Ks] [3h]
MrAdris9: bets $4.56
zikos xr: raises $18.24 to $22.80
MrAdris9: folds 
Uncalled bet ($18.24) returned to zikos xr
zikos xr collected $17.78 from pot
*** SUMMARY ***
Total pot $18.72 | Rake $0.94 
Board [6s 3s 9s Ks 3h]
Seat 1: MrAdris9 folded on the River
Seat 2: zikos xr collected ($17.78)
Seat 3: coeeeelho (button) folded before Flop (didn't bet)
Seat 4: b2k-Snick (small blind) folded before Flop
Seat 5: kniferok (big blind) folded before Flop
Seat 6: Corsair444 folded before Flop (didn't bet)



PokerStars Hand #254243838580:  Hold'em No Limit ($0.50/$1.00 USD) - 2025/01/07 13:04:36 WET [2025/01/07 8:04:36 ET]
Table 'Gyldenia II' 6-max Seat #4 is the button
Seat 1: MrAdris9 ($149.95 in chips) 
Seat 2: zikos xr ($109.61 in chips) 
Seat 3: coeeeelho ($110.65 in chips) 
Seat 4: b2k-Snick ($125.10 in chips) 
Seat 5: kniferok ($102.38 in chips) 
Seat 6: Corsair444 ($28.69 in chips) 
kniferok: posts small blind $0.50
Corsair444: posts big blind $1
*** HOLE CARDS ***
MrAdris9: folds 
zikos xr: calls $1
coeeeelho: folds 
b2k-Snick: folds 
kniferok: raises $10.50 to $11.50
Corsair444: folds 
zikos xr: folds 
Uncalled bet ($10.50) returned to kniferok
kniferok collected $3 from pot
kniferok: doesn't show hand 
*** SUMMARY ***
Total pot $3 | Rake $0 
Seat 1: MrAdris9 folded before Flop (didn't bet)
Seat 2: zikos xr folded before Flop
Seat 3: coeeeelho folded before Flop (didn't bet)
Seat 4: b2k-Snick (button) folded before Flop (didn't bet)
Seat 5: kniferok (small blind) collected ($3)
Seat 6: Corsair444 (big blind) folded before Flop



PokerStars Hand #254243843545:  Hold'em No Limit ($0.50/$1.00 USD) - 2025/01/07 13:05:07 WET [2025/01/07 8:05:07 ET]
Table 'Gyldenia II' 6-max Seat #5 is the button
Seat 1: MrAdris9 ($149.95 in chips) is sitting out
Seat 2: zikos xr ($108.61 in chips) 
Seat 3: coeeeelho ($110.65 in chips) 
Seat 4: b2k-Snick ($125.10 in chips) 
Seat 5: kniferok ($104.38 in chips) 
Seat 6: Corsair444 ($27.69 in chips) 
Corsair444: posts small blind $0.50
MrAdris9: is sitting out 
zikos xr: posts big blind $1
*** HOLE CARDS ***
MrAdris9 leaves the table
coeeeelho: raises $1.20 to $2.20
b2k-Snick: folds 
kniferok: folds 
Corsair444: calls $1.70
zikos xr: folds 
*** FLOP *** [8h Qc 4s]
Rdalonso joins the table at seat #1 
Corsair444: checks 
coeeeelho: bets $1.28
Corsair444: raises $8.72 to $10
coeeeelho: folds 
Uncalled bet ($8.72) returned to Corsair444
Corsair444 collected $7.56 from pot
Corsair444: doesn't show hand 
*** SUMMARY ***
Total pot $7.96 | Rake $0.40 
Board [8h Qc 4s]
Seat 1: MrAdris9
Seat 2: zikos xr (big blind) folded before Flop
Seat 3: coeeeelho folded on the Flop
Seat 4: b2k-Snick folded before Flop (didn't bet)
Seat 5: kniferok (button) folded before Flop (didn't bet)
Seat 6: Corsair444 (small blind) collected ($7.56)



PokerStars Hand #254243851446:  Hold'em No Limit ($0.50/$1.00 USD) - 2025/01/07 13:05:56 WET [2025/01/07 8:05:56 ET]
Table 'Gyldenia II' 6-max Seat #6 is the button
Seat 1: Rdalonso ($100 in chips) is sitting out
Seat 2: zikos xr ($107.61 in chips) 
Seat 3: coeeeelho ($107.17 in chips) 
Seat 4: b2k-Snick ($125.10 in chips) 
Seat 5: kniferok ($104.38 in chips) 
Seat 6: Corsair444 ($31.77 in chips) 
zikos xr: posts small blind $0.50
coeeeelho: posts big blind $1
*** HOLE CARDS ***
b2k-Snick: folds 
kniferok: raises $1.50 to $2.50
Corsair444: raises $1.50 to $4
zikos xr: calls $3.50
coeeeelho: folds 
kniferok: calls $1.50
*** FLOP *** [5h Js 6c]
zikos xr: checks 
kniferok: checks 
Corsair444: checks 
*** TURN *** [5h Js 6c] [7d]
zikos xr: checks 
kniferok: bets $3.08
Corsair444: calls $3.08
zikos xr: folds 
*** RIVER *** [5h Js 6c 7d] [6h]
kniferok: bets $25.50
Corsair444: calls $24.69 and is all-in
Uncalled bet ($0.81) returned to kniferok
*** SHOW DOWN ***
kniferok: shows [4s As] (a pair of Sixes)
Corsair444: shows [8c 8h] (two pair, Eights and Sixes)
Corsair444 collected $66.04 from pot
*** SUMMARY ***
Total pot $68.54 | Rake $2.50 
Board [5h Js 6c 7d 6h]
Seat 1: Rdalonso
Seat 2: zikos xr (small blind) folded on the Turn
Seat 3: coeeeelho (big blind) folded before Flop
Seat 4: b2k-Snick folded before Flop (didn't bet)
Seat 5: kniferok showed [4s As] and lost with a pair of Sixes
Seat 6: Corsair444 (button) showed [8c 8h] and won ($66.04) with two pair, Eights and Sixes



PokerStars Hand #254243866202:  Hold'em No Limit ($0.50/$1.00 USD) - 2025/01/07 13:07:28 WET [2025/01/07 8:07:28 ET]
Table 'Gyldenia II' 6-max Seat #2 is the button
Seat 1: Rdalonso ($100 in chips) is sitting out
Seat 2: zikos xr ($103.61 in chips) 
Seat 3: coeeeelho ($106.17 in chips) 
Seat 4: b2k-Snick ($125.10 in chips) 
Seat 5: kniferok ($100 in chips) 
Seat 6: Corsair444 ($66.04 in chips) 
coeeeelho: posts small blind $0.50
b2k-Snick: posts big blind $1
Rdalonso: sits out 
*** HOLE CARDS ***
kniferok: folds 
Corsair444: raises $1 to $2
zikos xr: calls $2
coeeeelho: folds 
b2k-Snick: calls $1
*** FLOP *** [5c 8s 9s]
b2k-Snick: checks 
Corsair444: bets $1
zikos xr: folds 
b2k-Snick: raises $3 to $4
Corsair444: calls $3
*** TURN *** [5c 8s 9s] [4c]
b2k-Snick: checks 
Corsair444: checks 
*** RIVER *** [5c 8s 9s 4c] [Qs]
b2k-Snick: checks 
Corsair444: bets $6.89
b2k-Snick: folds 
Uncalled bet ($6.89) returned to Corsair444
Corsair444 collected $13.78 from pot
Corsair444: doesn't show hand 
*** SUMMARY ***
Total pot $14.50 | Rake $0.72 
Board [5c 8s 9s 4c Qs]
Seat 1: Rdalonso
Seat 2: zikos xr (button) folded on the Flop
Seat 3: coeeeelho (small blind) folded before Flop
Seat 4: b2k-Snick (big blind) folded on the River
Seat 5: kniferok folded before Flop (didn't bet)
Seat 6: Corsair444 collected ($13.78)



PokerStars Hand #254243879215:  Hold'em No Limit ($0.50/$1.00 USD) - 2025/01/07 13:08:50 WET [2025/01/07 8:08:50 ET]
Table 'Gyldenia II' 6-max Seat #3 is the button
Seat 1: Rdalonso ($100 in chips) is sitting out
Seat 2: zikos xr ($101.61 in chips) 
Seat 3: coeeeelho ($105.67 in chips) 
Seat 4: b2k-Snick ($119.10 in chips) 
Seat 5: kniferok ($100 in chips) 
Seat 6: Corsair444 ($73.82 in chips) 
b2k-Snick: posts small blind $0.50
kniferok: posts big blind $1
Rdalonso: sits out 
*** HOLE CARDS ***
Corsair444: folds 
zikos xr: folds 
coeeeelho: folds 
b2k-Snick: folds 
Uncalled bet ($0.50) returned to kniferok
kniferok collected $1 from pot
kniferok: doesn't show hand 
*** SUMMARY ***
Total pot $1 | Rake $0 
Seat 1: Rdalonso
Seat 2: zikos xr folded before Flop (didn't bet)
Seat 3: coeeeelho (button) folded before Flop (didn't bet)
Seat 4: b2k-Snick (small blind) folded before Flop
Seat 5: kniferok (big blind) collected ($1)
Seat 6: Corsair444 folded before Flop (didn't bet)



PokerStars Hand #254243881786:  Hold'em No Limit ($0.50/$1.00 USD) - 2025/01/07 13:09:06 WET [2025/01/07 8:09:06 ET]
Table 'Gyldenia II' 6-max Seat #4 is the button
Seat 1: Rdalonso ($100 in chips) is sitting out
Seat 2: zikos xr ($101.61 in chips) 
Seat 3: coeeeelho ($105.67 in chips) 
Seat 4: b2k-Snick ($118.60 in chips) 
Seat 5: kniferok ($100.50 in chips) 
Seat 6: Corsair444 ($73.82 in chips) 
kniferok: posts small blind $0.50
Corsair444: posts big blind $1
Rdalonso: sits out 
*** HOLE CARDS ***
zikos xr: folds 
coeeeelho: raises $1.30 to $2.30
b2k-Snick: folds 
kniferok: folds 
Corsair444: raises $1.30 to $3.60
coeeeelho: calls $1.30
*** FLOP *** [Kd 7h Ad]
Corsair444: bets $3.66
coeeeelho: calls $3.66
*** TURN *** [Kd 7h Ad] [6s]
Corsair444: bets $7.14
coeeeelho: calls $7.14
*** RIVER *** [Kd 7h Ad 6s] [2h]
Corsair444: checks 
coeeeelho: bets $13.92
Corsair444: folds 
Uncalled bet ($13.92) returned to coeeeelho
coeeeelho collected $27.84 from pot
coeeeelho: doesn't show hand 
*** SUMMARY ***
Total pot $29.30 | Rake $1.46 
Board [Kd 7h Ad 6s 2h]
Seat 1: Rdalonso
Seat 2: zikos xr folded before Flop (didn't bet)
Seat 3: coeeeelho collected ($27.84)
Seat 4: b2k-Snick (button) folded before Flop (didn't bet)
Seat 5: kniferok (small blind) folded before Flop
Seat 6: Corsair444 (big blind) folded on the River



PokerStars Hand #254243893981:  Hold'em No Limit ($0.50/$1.00 USD) - 2025/01/07 13:10:23 WET [2025/01/07 8:10:23 ET]
Table 'Gyldenia II' 6-max Seat #5 is the button
Seat 1: Rdalonso ($100 in chips) 
Seat 2: zikos xr ($101.61 in chips) 
Seat 3: coeeeelho ($119.11 in chips) 
Seat 4: b2k-Snick ($118.60 in chips) 
Seat 5: kniferok ($100 in chips) 
Seat 6: Corsair444 ($59.42 in chips) 
Corsair444: posts small blind $0.50
Rdalonso: posts big blind $1
*** HOLE CARDS ***
zikos xr: folds 
coeeeelho: folds 
b2k-Snick: folds 
kniferok: folds 
Corsair444: folds 
Uncalled bet ($0.50) returned to Rdalonso
Rdalonso collected $1 from pot
Rdalonso: doesn't show hand 
*** SUMMARY ***
Total pot $1 | Rake $0 
Seat 1: Rdalonso (big blind) collected ($1)
Seat 2: zikos xr folded before Flop (didn't bet)
Seat 3: coeeeelho folded before Flop (didn't bet)
Seat 4: b2k-Snick folded before Flop (didn't bet)
Seat 5: kniferok (button) folded before Flop (didn't bet)
Seat 6: Corsair444 (small blind) folded before Flop



PokerStars Hand #254243897122:  Hold'em No Limit ($0.50/$1.00 USD) - 2025/01/07 13:10:42 WET [2025/01/07 8:10:42 ET]
Table 'Gyldenia II' 6-max Seat #6 is the button
Seat 1: Rdalonso ($100.50 in chips) 
Seat 2: zikos xr ($101.61 in chips) 
Seat 3: coeeeelho ($119.11 in chips) 
Seat 4: b2k-Snick ($118.60 in chips) 
Seat 5: kniferok ($100 in chips) 
Seat 6: Corsair444 ($58.92 in chips) 
Rdalonso: posts small blind $0.50
zikos xr: posts big blind $1
*** HOLE CARDS ***
coeeeelho: folds 
b2k-Snick: folds 
kniferok: raises $2 to $3
Corsair444: folds 
Rdalonso: folds 
zikos xr: folds 
Uncalled bet ($2) returned to kniferok
kniferok collected $2.50 from pot
kniferok: doesn't show hand 
*** SUMMARY ***
Total pot $2.50 | Rake $0 
Seat 1: Rdalonso (small blind) folded before Flop
Seat 2: zikos xr (big blind) folded before Flop
Seat 3: coeeeelho folded before Flop (didn't bet)
Seat 4: b2k-Snick folded before Flop (didn't bet)
Seat 5: kniferok collected ($2.50)
Seat 6: Corsair444 (button) folded before Flop (didn't bet)



PokerStars Hand #254243899935:  Hold'em No Limit ($0.50/$1.00 USD) - 2025/01/07 13:11:00 WET [2025/01/07 8:11:00 ET]
Table 'Gyldenia II' 6-max Seat #1 is the button
Seat 1: Rdalonso ($100 in chips) 
Seat 2: zikos xr ($100.61 in chips) 
Seat 3: coeeeelho ($119.11 in chips) 
Seat 4: b2k-Snick ($118.60 in chips) 
Seat 5: kniferok ($101.50 in chips) 
Seat 6: Corsair444 ($58.92 in chips) 
zikos xr: posts small blind $0.50
coeeeelho: posts big blind $1
*** HOLE CARDS ***
b2k-Snick: folds 
kniferok: folds 
Corsair444: calls $1
Rdalonso: folds 
zikos xr: calls $0.50
coeeeelho: raises $5 to $6
Corsair444: calls $5
zikos xr: folds 
*** FLOP *** [2c Jd Kc]
coeeeelho: bets $9
Corsair444: folds 
Uncalled bet ($9) returned to coeeeelho
coeeeelho collected $12.35 from pot
coeeeelho: doesn't show hand 
*** SUMMARY ***
Total pot $13 | Rake $0.65 
Board [2c Jd Kc]
Seat 1: Rdalonso (button) folded before Flop (didn't bet)
Seat 2: zikos xr (small blind) folded before Flop
Seat 3: coeeeelho (big blind) collected ($12.35)
Seat 4: b2k-Snick folded before Flop (didn't bet)
Seat 5: kniferok folded before Flop (didn't bet)
Seat 6: Corsair444 folded on the Flop



PokerStars Hand #254243905750:  Hold'em No Limit ($0.50/$1.00 USD) - 2025/01/07 13:11:36 WET [2025/01/07 8:11:36 ET]
Table 'Gyldenia II' 6-max Seat #2 is the button
Seat 1: Rdalonso ($100 in chips) 
Seat 2: zikos xr ($99.61 in chips) 
Seat 3: coeeeelho ($125.46 in chips) 
Seat 4: b2k-Snick ($118.60 in chips) 
Seat 5: kniferok ($101.50 in chips) 
Seat 6: Corsair444 ($52.92 in chips) 
coeeeelho: posts small blind $0.50
b2k-Snick: posts big blind $1
*** HOLE CARDS ***
kniferok: raises $1.50 to $2.50
Corsair444: folds 
Rdalonso: folds 
zikos xr: calls $2.50
coeeeelho: folds 
b2k-Snick: folds 
*** FLOP *** [9s 5c Qd]
kniferok: bets $2.04
zikos xr: calls $2.04
*** TURN *** [9s 5c Qd] [As]
kniferok: checks 
zikos xr: checks 
*** RIVER *** [9s 5c Qd As] [7s]
kniferok: checks 
zikos xr: bets $16.05
kniferok: folds 
Uncalled bet ($16.05) returned to zikos xr
zikos xr collected $10.05 from pot
*** SUMMARY ***
Total pot $10.58 | Rake $0.53 
Board [9s 5c Qd As 7s]
Seat 1: Rdalonso folded before Flop (didn't bet)
Seat 2: zikos xr (button) collected ($10.05)
Seat 3: coeeeelho (small blind) folded before Flop
Seat 4: b2k-Snick (big blind) folded before Flop
Seat 5: kniferok folded on the River
Seat 6: Corsair444 folded before Flop (didn't bet)



PokerStars Hand #254243915555:  Hold'em No Limit ($0.50/$1.00 USD) - 2025/01/07 13:12:37 WET [2025/01/07 8:12:37 ET]
Table 'Gyldenia II' 6-max Seat #3 is the button
Seat 1: Rdalonso ($100 in chips) 
Seat 2: zikos xr ($105.12 in chips) 
Seat 3: coeeeelho ($124.96 in chips) 
Seat 4: b2k-Snick ($117.60 in chips) 
Seat 5: kniferok ($100 in chips) 
Seat 6: Corsair444 ($52.92 in chips) 
b2k-Snick: posts small blind $0.50
kniferok: posts big blind $1
*** HOLE CARDS ***
Corsair444: folds 
Rdalonso: folds 
zikos xr: folds 
coeeeelho: folds 
b2k-Snick: raises $2 to $3
kniferok: folds 
Uncalled bet ($2) returned to b2k-Snick
b2k-Snick collected $2 from pot
b2k-Snick: doesn't show hand 
*** SUMMARY ***
Total pot $2 | Rake $0 
Seat 1: Rdalonso folded before Flop (didn't bet)
Seat 2: zikos xr folded before Flop (didn't bet)
Seat 3: coeeeelho (button) folded before Flop (didn't bet)
Seat 4: b2k-Snick (small blind) collected ($2)
Seat 5: kniferok (big blind) folded before Flop
Seat 6: Corsair444 folded before Flop (didn't bet)



PokerStars Hand #254243918453:  Hold'em No Limit ($0.50/$1.00 USD) - 2025/01/07 13:12:55 WET [2025/01/07 8:12:55 ET]
Table 'Gyldenia II' 6-max Seat #4 is the button
Seat 1: Rdalonso ($100 in chips) 
Seat 2: zikos xr ($105.12 in chips) 
Seat 3: coeeeelho ($124.96 in chips) 
Seat 4: b2k-Snick ($118.60 in chips) 
Seat 5: kniferok ($100 in chips) 
Seat 6: Corsair444 ($52.92 in chips) 
kniferok: posts small blind $0.50
Corsair444: posts big blind $1
*** HOLE CARDS ***
Rdalonso: folds 
zikos xr: folds 
coeeeelho: folds 
b2k-Snick: folds 
kniferok: calls $0.50
Corsair444: checks 
*** FLOP *** [6d 2c 2d]
kniferok: bets $1
Corsair444: folds 
Uncalled bet ($1) returned to kniferok
kniferok collected $1.90 from pot
kniferok: doesn't show hand 
*** SUMMARY ***
Total pot $2 | Rake $0.10 
Board [6d 2c 2d]
Seat 1: Rdalonso folded before Flop (didn't bet)
Seat 2: zikos xr folded before Flop (didn't bet)
Seat 3: coeeeelho folded before Flop (didn't bet)
Seat 4: b2k-Snick (button) folded before Flop (didn't bet)
Seat 5: kniferok (small blind) collected ($1.90)
Seat 6: Corsair444 (big blind) folded on the Flop



PokerStars Hand #254243922834:  Hold'em No Limit ($0.50/$1.00 USD) - 2025/01/07 13:13:23 WET [2025/01/07 8:13:23 ET]
Table 'Gyldenia II' 6-max Seat #5 is the button
Seat 1: Rdalonso ($100 in chips) 
Seat 2: zikos xr ($105.12 in chips) 
Seat 3: coeeeelho ($124.96 in chips) 
Seat 4: b2k-Snick ($118.60 in chips) 
Seat 5: kniferok ($100.90 in chips) 
Seat 6: Corsair444 ($51.92 in chips) 
Corsair444: posts small blind $0.50
Rdalonso: posts big blind $1
*** HOLE CARDS ***
zikos xr: folds 
coeeeelho: folds 
b2k-Snick: folds 
kniferok: raises $1.50 to $2.50
Corsair444: folds 
Rdalonso: calls $1.50
*** FLOP *** [3d 2h Ad]
Rdalonso: checks 
kniferok: checks 
*** TURN *** [3d 2h Ad] [6c]
Rdalonso: checks 
kniferok: bets $2.61
Rdalonso: folds 
Uncalled bet ($2.61) returned to kniferok
kniferok collected $5.22 from pot
kniferok: doesn't show hand 
*** SUMMARY ***
Total pot $5.50 | Rake $0.28 
Board [3d 2h Ad 6c]
Seat 1: Rdalonso (big blind) folded on the Turn
Seat 2: zikos xr folded before Flop (didn't bet)
Seat 3: coeeeelho folded before Flop (didn't bet)
Seat 4: b2k-Snick folded before Flop (didn't bet)
Seat 5: kniferok (button) collected ($5.22)
Seat 6: Corsair444 (small blind) folded before Flop



PokerStars Hand #254243932995:  Hold'em No Limit ($0.50/$1.00 USD) - 2025/01/07 13:14:26 WET [2025/01/07 8:14:26 ET]
Table 'Gyldenia II' 6-max Seat #6 is the button
Seat 1: Rdalonso ($100 in chips) 
Seat 2: zikos xr ($105.12 in chips) 
Seat 3: coeeeelho ($124.96 in chips) 
Seat 4: b2k-Snick ($118.60 in chips) 
Seat 5: kniferok ($103.62 in chips) 
Seat 6: Corsair444 ($51.42 in chips) 
Rdalonso: posts small blind $0.50
zikos xr: posts big blind $1
*** HOLE CARDS ***
coeeeelho: folds 
b2k-Snick: folds 
kniferok: raises $1.50 to $2.50
Corsair444: folds 
Rdalonso: folds 
zikos xr: folds 
Uncalled bet ($1.50) returned to kniferok
kniferok collected $2.50 from pot
kniferok: doesn't show hand 
*** SUMMARY ***
Total pot $2.50 | Rake $0 
Seat 1: Rdalonso (small blind) folded before Flop
Seat 2: zikos xr (big blind) folded before Flop
Seat 3: coeeeelho folded before Flop (didn't bet)
Seat 4: b2k-Snick folded before Flop (didn't bet)
Seat 5: kniferok collected ($2.50)
Seat 6: Corsair444 (button) folded before Flop (didn't bet)



PokerStars Hand #254243935657:  Hold'em No Limit ($0.50/$1.00 USD) - 2025/01/07 13:14:42 WET [2025/01/07 8:14:42 ET]
Table 'Gyldenia II' 6-max Seat #1 is the button
Seat 1: Rdalonso ($100 in chips) 
Seat 2: zikos xr ($104.12 in chips) 
Seat 3: coeeeelho ($124.96 in chips) 
Seat 4: b2k-Snick ($118.60 in chips) 
Seat 5: kniferok ($105.12 in chips) 
Seat 6: Corsair444 ($51.42 in chips) 
zikos xr: posts small blind $0.50
coeeeelho: posts big blind $1
*** HOLE CARDS ***
b2k-Snick: folds 
kniferok: folds 
Corsair444: folds 
Rdalonso: folds 
zikos xr: folds 
Uncalled bet ($0.50) returned to coeeeelho
coeeeelho collected $1 from pot
coeeeelho: doesn't show hand 
*** SUMMARY ***
Total pot $1 | Rake $0 
Seat 1: Rdalonso (button) folded before Flop (didn't bet)
Seat 2: zikos xr (small blind) folded before Flop
Seat 3: coeeeelho (big blind) collected ($1)
Seat 4: b2k-Snick folded before Flop (didn't bet)
Seat 5: kniferok folded before Flop (didn't bet)
Seat 6: Corsair444 folded before Flop (didn't bet)



PokerStars Hand #254243938165:  Hold'em No Limit ($0.50/$1.00 USD) - 2025/01/07 13:14:58 WET [2025/01/07 8:14:58 ET]
Table 'Gyldenia II' 6-max Seat #2 is the button
Seat 1: Rdalonso ($100 in chips) 
Seat 2: zikos xr ($103.62 in chips) 
Seat 3: coeeeelho ($125.46 in chips) 
Seat 4: b2k-Snick ($118.60 in chips) 
Seat 5: kniferok ($105.12 in chips) 
Seat 6: Corsair444 ($51.42 in chips) 
coeeeelho: posts small blind $0.50
b2k-Snick: posts big blind $1
*** HOLE CARDS ***
kniferok: raises $2 to $3
Corsair444: folds 
Rdalonso: raises $6 to $9
zikos xr: folds 
coeeeelho: folds 
b2k-Snick: folds 
kniferok: folds 
Uncalled bet ($6) returned to Rdalonso
Rdalonso collected $7.50 from pot
Rdalonso: doesn't show hand 
*** SUMMARY ***
Total pot $7.50 | Rake $0 
Seat 1: Rdalonso collected ($7.50)
Seat 2: zikos xr (button) folded before Flop (didn't bet)
Seat 3: coeeeelho (small blind) folded before Flop
Seat 4: b2k-Snick (big blind) folded before Flop
Seat 5: kniferok folded before Flop
Seat 6: Corsair444 folded before Flop (didn't bet)



PokerStars Hand #254243943666:  Hold'em No Limit ($0.50/$1.00 USD) - 2025/01/07 13:15:31 WET [2025/01/07 8:15:31 ET]
Table 'Gyldenia II' 6-max Seat #3 is the button
Seat 1: Rdalonso ($104.50 in chips) 
Seat 2: zikos xr ($103.62 in chips) 
Seat 3: coeeeelho ($124.96 in chips) 
Seat 4: b2k-Snick ($117.60 in chips) 
Seat 5: kniferok ($102.12 in chips) 
Seat 6: Corsair444 ($51.42 in chips) 
b2k-Snick: posts small blind $0.50
kniferok: posts big blind $1
*** HOLE CARDS ***
Corsair444: folds 
Rdalonso: folds 
zikos xr: calls $1
coeeeelho: folds 
b2k-Snick: calls $0.50
kniferok: checks 
*** FLOP *** [Jc Ac 9d]
b2k-Snick: checks 
kniferok: bets $1.43
zikos xr: raises $2.86 to $4.29
b2k-Snick: folds 
kniferok: folds 
Uncalled bet ($2.86) returned to zikos xr
zikos xr collected $5.57 from pot
*** SUMMARY ***
Total pot $5.86 | Rake $0.29 
Board [Jc Ac 9d]
Seat 1: Rdalonso folded before Flop (didn't bet)
Seat 2: zikos xr collected ($5.57)
Seat 3: coeeeelho (button) folded before Flop (didn't bet)
Seat 4: b2k-Snick (small blind) folded on the Flop
Seat 5: kniferok (big blind) folded on the Flop
Seat 6: Corsair444 folded before Flop (didn't bet)



PokerStars Hand #254243950299:  Hold'em No Limit ($0.50/$1.00 USD) - 2025/01/07 13:16:12 WET [2025/01/07 8:16:12 ET]
Table 'Gyldenia II' 6-max Seat #4 is the button
Seat 1: Rdalonso ($104.50 in chips) 
Seat 2: zikos xr ($106.76 in chips) 
Seat 3: coeeeelho ($124.96 in chips) 
Seat 4: b2k-Snick ($116.60 in chips) 
Seat 5: kniferok ($100 in chips) 
Seat 6: Corsair444 ($51.42 in chips) 
kniferok: posts small blind $0.50
Corsair444: posts big blind $1
*** HOLE CARDS ***
Rdalonso: folds 
zikos xr: folds 
coeeeelho: folds 
b2k-Snick: raises $1.50 to $2.50
kniferok: folds 
Corsair444: folds 
Uncalled bet ($1.50) returned to b2k-Snick
b2k-Snick collected $2.50 from pot
b2k-Snick: doesn't show hand 
*** SUMMARY ***
Total pot $2.50 | Rake $0 
Seat 1: Rdalonso folded before Flop (didn't bet)
Seat 2: zikos xr folded before Flop (didn't bet)
Seat 3: coeeeelho folded before Flop (didn't bet)
Seat 4: b2k-Snick (button) collected ($2.50)
Seat 5: kniferok (small blind) folded before Flop
Seat 6: Corsair444 (big blind) folded before Flop



PokerStars Hand #254243953167:  Hold'em No Limit ($0.50/$1.00 USD) - 2025/01/07 13:16:29 WET [2025/01/07 8:16:29 ET]
Table 'Gyldenia II' 6-max Seat #5 is the button
Seat 1: Rdalonso ($104.50 in chips) 
Seat 2: zikos xr ($106.76 in chips) 
Seat 3: coeeeelho ($124.96 in chips) 
Seat 4: b2k-Snick ($118.10 in chips) 
Seat 5: kniferok ($100 in chips) 
Seat 6: Corsair444 ($50.42 in chips) 
Corsair444: posts small blind $0.50
Rdalonso: posts big blind $1
*** HOLE CARDS ***
zikos xr: calls $1
coeeeelho: folds 
b2k-Snick: folds 
kniferok: raises $2.50 to $3.50
Corsair444: folds 
Rdalonso: folds 
zikos xr: calls $2.50
*** FLOP *** [4s 7s 8h]
zikos xr: checks 
kniferok: checks 
*** TURN *** [4s 7s 8h] [5c]
zikos xr: checks 
kniferok: bets $2.67
zikos xr: raises $6.71 to $9.38
kniferok: calls $6.71
*** RIVER *** [4s 7s 8h 5c] [Th]
zikos xr: bets $11.95
kniferok: raises $17.40 to $29.35
zikos xr: calls $17.40
*** SHOW DOWN ***
kniferok: shows [6d 6h] (a straight, Four to Eight)
zikos xr: mucks hand 
kniferok collected $83.46 from pot
*** SUMMARY ***
Total pot $85.96 | Rake $2.50 
Board [4s 7s 8h 5c Th]
Seat 1: Rdalonso (big blind) folded before Flop
Seat 2: zikos xr mucked
Seat 3: coeeeelho folded before Flop (didn't bet)
Seat 4: b2k-Snick folded before Flop (didn't bet)
Seat 5: kniferok (button) showed [6d 6h] and won ($83.46) with a straight, Four to Eight
Seat 6: Corsair444 (small blind) folded before Flop



PokerStars Hand #254243966886:  Hold'em No Limit ($0.50/$1.00 USD) - 2025/01/07 13:17:53 WET [2025/01/07 8:17:53 ET]
Table 'Gyldenia II' 6-max Seat #6 is the button
Seat 1: Rdalonso ($103.50 in chips) 
Seat 2: zikos xr ($64.53 in chips) 
Seat 3: coeeeelho ($124.96 in chips) 
Seat 4: b2k-Snick ($118.10 in chips) 
Seat 5: kniferok ($141.23 in chips) 
Seat 6: Corsair444 ($49.92 in chips) 
Rdalonso: posts small blind $0.50
zikos xr: posts big blind $1
*** HOLE CARDS ***
coeeeelho: raises $1.10 to $2.10
b2k-Snick: folds 
kniferok: folds 
Corsair444: calls $2.10
Rdalonso: folds 
zikos xr: folds 
*** FLOP *** [Kd 4c 6c]
coeeeelho: checks 
Corsair444: checks 
*** TURN *** [Kd 4c 6c] [Jc]
coeeeelho: bets $2.71
Corsair444: calls $2.71
*** RIVER *** [Kd 4c 6c Jc] [9h]
coeeeelho: bets $13.20
Corsair444: folds 
Uncalled bet ($13.20) returned to coeeeelho
coeeeelho collected $10.56 from pot
coeeeelho: doesn't show hand 
*** SUMMARY ***
Total pot $11.12 | Rake $0.56 
Board [Kd 4c 6c Jc 9h]
Seat 1: Rdalonso (small blind) folded before Flop
Seat 2: zikos xr (big blind) folded before Flop
Seat 3: coeeeelho collected ($10.56)
Seat 4: b2k-Snick folded before Flop (didn't bet)
Seat 5: kniferok folded before Flop (didn't bet)
Seat 6: Corsair444 (button) folded on the River



PokerStars Hand #254243973973:  Hold'em No Limit ($0.50/$1.00 USD) - 2025/01/07 13:18:36 WET [2025/01/07 8:18:36 ET]
Table 'Gyldenia II' 6-max Seat #1 is the button
Seat 1: Rdalonso ($103 in chips) 
Seat 2: zikos xr ($63.53 in chips) 
Seat 3: coeeeelho ($130.71 in chips) 
Seat 4: b2k-Snick ($118.10 in chips) 
Seat 5: kniferok ($141.23 in chips) 
Seat 6: Corsair444 ($45.11 in chips) 
zikos xr: posts small blind $0.50
coeeeelho: posts big blind $1
*** HOLE CARDS ***
b2k-Snick: folds 
kniferok: raises $2 to $3
Corsair444: folds 
Rdalonso: folds 
zikos xr: calls $2.50
coeeeelho: folds 
*** FLOP *** [Kd 4h 4c]
zikos xr: checks 
kniferok: checks 
*** TURN *** [Kd 4h 4c] [Tc]
zikos xr: bets $3.33
kniferok: calls $3.33
*** RIVER *** [Kd 4h 4c Tc] [9s]
zikos xr: checks 
kniferok: checks 
*** SHOW DOWN ***
zikos xr: shows [Ts Td] (a full house, Tens full of Fours)
kniferok: mucks hand 
zikos xr collected $12.98 from pot
*** SUMMARY ***
Total pot $13.66 | Rake $0.68 
Board [Kd 4h 4c Tc 9s]
Seat 1: Rdalonso (button) folded before Flop (didn't bet)
Seat 2: zikos xr (small blind) showed [Ts Td] and won ($12.98) with a full house, Tens full of Fours
Seat 3: coeeeelho (big blind) folded before Flop
Seat 4: b2k-Snick folded before Flop (didn't bet)
Seat 5: kniferok mucked
Seat 6: Corsair444 folded before Flop (didn't bet)



PokerStars Hand #254243980469:  Hold'em No Limit ($0.50/$1.00 USD) - 2025/01/07 13:19:15 WET [2025/01/07 8:19:15 ET]
Table 'Gyldenia II' 6-max Seat #2 is the button
Seat 1: Rdalonso ($103 in chips) 
Seat 2: zikos xr ($70.18 in chips) 
Seat 3: coeeeelho ($129.71 in chips) 
Seat 4: b2k-Snick ($118.10 in chips) 
Seat 5: kniferok ($134.90 in chips) 
Seat 6: Corsair444 ($45.11 in chips) 
coeeeelho: posts small blind $0.50
b2k-Snick: posts big blind $1
*** HOLE CARDS ***
kniferok: raises $1.50 to $2.50
Corsair444: folds 
Rdalonso: folds 
zikos xr: folds 
coeeeelho: folds 
b2k-Snick: folds 
Uncalled bet ($1.50) returned to kniferok
kniferok collected $2.50 from pot
kniferok: doesn't show hand 
*** SUMMARY ***
Total pot $2.50 | Rake $0 
Seat 1: Rdalonso folded before Flop (didn't bet)
Seat 2: zikos xr (button) folded before Flop (didn't bet)
Seat 3: coeeeelho (small blind) folded before Flop
Seat 4: b2k-Snick (big blind) folded before Flop
Seat 5: kniferok collected ($2.50)
Seat 6: Corsair444 folded before Flop (didn't bet)



PokerStars Hand #254243983704:  Hold'em No Limit ($0.50/$1.00 USD) - 2025/01/07 13:19:34 WET [2025/01/07 8:19:34 ET]
Table 'Gyldenia II' 6-max Seat #3 is the button
Seat 1: Rdalonso ($103 in chips) 
Seat 2: zikos xr ($70.18 in chips) 
Seat 3: coeeeelho ($129.21 in chips) 
Seat 4: b2k-Snick ($117.10 in chips) 
Seat 5: kniferok ($136.40 in chips) 
Seat 6: Corsair444 ($45.11 in chips) 
b2k-Snick: posts small blind $0.50
kniferok: posts big blind $1
*** HOLE CARDS ***
Corsair444: folds 
Rdalonso: folds 
zikos xr: calls $1
coeeeelho: folds 
b2k-Snick: folds 
kniferok: checks 
*** FLOP *** [6c Kd Td]
kniferok: checks 
zikos xr: bets $2.38
kniferok: folds 
Uncalled bet ($2.38) returned to zikos xr
zikos xr collected $2.38 from pot
*** SUMMARY ***
Total pot $2.50 | Rake $0.12 
Board [6c Kd Td]
Seat 1: Rdalonso folded before Flop (didn't bet)
Seat 2: zikos xr collected ($2.38)
Seat 3: coeeeelho (button) folded before Flop (didn't bet)
Seat 4: b2k-Snick (small blind) folded before Flop
Seat 5: kniferok (big blind) folded on the Flop
Seat 6: Corsair444 folded before Flop (didn't bet)



PokerStars Hand #254243989261:  Hold'em No Limit ($0.50/$1.00 USD) - 2025/01/07 13:20:08 WET [2025/01/07 8:20:08 ET]
Table 'Gyldenia II' 6-max Seat #4 is the button
Seat 6: Corsair444 ($45.11 in chips) is sitting out
Seat 1: Rdalonso ($103 in chips) 
Seat 2: zikos xr ($71.56 in chips) 
Seat 3: coeeeelho ($129.21 in chips) 
Seat 4: b2k-Snick ($116.60 in chips) 
Seat 5: kniferok ($135.40 in chips) 
kniferok: posts small blind $0.50
Rdalonso: posts big blind $1
*** HOLE CARDS ***
zikos xr: folds 
coeeeelho: folds 
b2k-Snick: raises $1.50 to $2.50
kniferok: folds 
Rdalonso: folds 
Uncalled bet ($1.50) returned to b2k-Snick
b2k-Snick collected $2.50 from pot
b2k-Snick: doesn't show hand 
*** SUMMARY ***
Total pot $2.50 | Rake $0 
Seat 6: Corsair444
Seat 1: Rdalonso (big blind) folded before Flop
Seat 2: zikos xr folded before Flop (didn't bet)
Seat 3: coeeeelho folded before Flop (didn't bet)
Seat 4: b2k-Snick (button) collected ($2.50)
Seat 5: kniferok (small blind) folded before Flop



PokerStars Hand #254243992482:  Hold'em No Limit ($0.50/$1.00 USD) - 2025/01/07 13:20:27 WET [2025/01/07 8:20:27 ET]
Table 'Gyldenia II' 6-max Seat #5 is the button
Seat 6: Corsair444 ($45.11 in chips) is sitting out
Seat 1: Rdalonso ($102 in chips) 
Seat 2: zikos xr ($71.56 in chips) 
Seat 3: coeeeelho ($129.21 in chips) 
Seat 4: b2k-Snick ($118.10 in chips) 
Seat 5: kniferok ($134.90 in chips) 
Rdalonso: posts small blind $0.50
zikos xr: posts big blind $1
*** HOLE CARDS ***
coeeeelho: raises $1.10 to $2.10
b2k-Snick: folds 
kniferok: folds 
Rdalonso: folds 
zikos xr: calls $1.10
*** FLOP *** [Jh 7s 5d]
zikos xr: checks 
coeeeelho: bets $2.23
zikos xr: raises $4.46 to $6.69
coeeeelho: calls $4.46
*** TURN *** [Jh 7s 5d] [Qh]
zikos xr: bets $12
coeeeelho: raises $56 to $68
zikos xr: folds 
Uncalled bet ($56) returned to coeeeelho
coeeeelho collected $39.98 from pot
coeeeelho: doesn't show hand 
*** SUMMARY ***
Total pot $42.08 | Rake $2.10 
Board [Jh 7s 5d Qh]
Seat 6: Corsair444
Seat 1: Rdalonso (small blind) folded before Flop
Seat 2: zikos xr (big blind) folded on the Turn
Seat 3: coeeeelho collected ($39.98)
Seat 4: b2k-Snick folded before Flop (didn't bet)
Seat 5: kniferok (button) folded before Flop (didn't bet)



PokerStars Hand #254244002615:  Hold'em No Limit ($0.50/$1.00 USD) - 2025/01/07 13:21:28 WET [2025/01/07 8:21:28 ET]
Table 'Gyldenia II' 6-max Seat #1 is the button
Seat 1: Rdalonso ($101.50 in chips) 
Seat 2: zikos xr ($50.77 in chips) 
Seat 3: coeeeelho ($148.40 in chips) 
Seat 4: b2k-Snick ($118.10 in chips) 
Seat 5: kniferok ($134.90 in chips) 
Seat 6: Corsair444 ($45.11 in chips) 
zikos xr: posts small blind $0.50
coeeeelho: posts big blind $1
Corsair444: posts small & big blinds $1.50
*** HOLE CARDS ***
b2k-Snick: folds 
kniferok: folds 
Corsair444: checks 
Rdalonso: folds 
zikos xr: folds 
coeeeelho: checks 
*** FLOP *** [3h 2s 3s]
coeeeelho: checks 
Corsair444: checks 
*** TURN *** [3h 2s 3s] [As]
coeeeelho: checks 
Corsair444: checks 
*** RIVER *** [3h 2s 3s As] [Jh]
coeeeelho: checks 
Corsair444: checks 
*** SHOW DOWN ***
coeeeelho: shows [2c 8h] (two pair, Threes and Deuces)
Corsair444: mucks hand 
coeeeelho collected $2.85 from pot
*** SUMMARY ***
Total pot $3 | Rake $0.15 
Board [3h 2s 3s As Jh]
Seat 1: Rdalonso (button) folded before Flop (didn't bet)
Seat 2: zikos xr (small blind) folded before Flop
Seat 3: coeeeelho (big blind) showed [2c 8h] and won ($2.85) with two pair, Threes and Deuces
Seat 4: b2k-Snick folded before Flop (didn't bet)
Seat 5: kniferok folded before Flop (didn't bet)
Seat 6: Corsair444 mucked



PokerStars Hand #254244011130:  Hold'em No Limit ($0.50/$1.00 USD) - 2025/01/07 13:22:19 WET [2025/01/07 8:22:19 ET]
Table 'Gyldenia II' 6-max Seat #2 is the button
Seat 4: b2k-Snick ($118.10 in chips) is sitting out
Seat 1: Rdalonso ($101.50 in chips) 
Seat 2: zikos xr ($50.27 in chips) 
Seat 3: coeeeelho ($150.25 in chips) 
Seat 5: kniferok ($134.90 in chips) 
Seat 6: Corsair444 ($43.61 in chips) 
coeeeelho: posts small blind $0.50
b2k-Snick: is sitting out 
kniferok: posts big blind $1
*** HOLE CARDS ***
Corsair444: folds 
Rdalonso: folds 
zikos xr: folds 
coeeeelho: raises $2 to $3
kniferok: calls $2
*** FLOP *** [7c Ks 9c]
coeeeelho: bets $1.43
kniferok: raises $5.28 to $6.71
coeeeelho: calls $5.28
*** TURN *** [7c Ks 9c] [Th]
coeeeelho: checks 
b2k-Snick leaves the table
kniferok: bets $13.73
coeeeelho: folds 
Uncalled bet ($13.73) returned to kniferok
kniferok collected $18.45 from pot
kniferok: doesn't show hand 
*** SUMMARY ***
Total pot $19.42 | Rake $0.97 
Board [7c Ks 9c Th]
Seat 4: b2k-Snick
Seat 1: Rdalonso folded before Flop (didn't bet)
Seat 2: zikos xr (button) folded before Flop (didn't bet)
Seat 3: coeeeelho (small blind) folded on the Turn
Seat 5: kniferok (big blind) collected ($18.45)
Seat 6: Corsair444 folded before Flop (didn't bet)



PokerStars Hand #254244022027:  Hold'em No Limit ($0.50/$1.00 USD) - 2025/01/07 13:23:24 WET [2025/01/07 8:23:24 ET]
Table 'Gyldenia II' 6-max Seat #3 is the button
Seat 6: Corsair444 ($43.61 in chips) is sitting out
Seat 1: Rdalonso ($101.50 in chips) 
Seat 2: zikos xr ($50.27 in chips) 
Seat 3: coeeeelho ($140.54 in chips) 
Seat 5: kniferok ($143.64 in chips) 
kniferok: posts small blind $0.50
Rdalonso: posts big blind $1
*** HOLE CARDS ***
zikos xr: calls $1
MaRKiToScoK joins the table at seat #4 
coeeeelho: folds 
kniferok: folds 
Rdalonso: checks 
*** FLOP *** [Ad Kh 9s]
Rdalonso: checks 
zikos xr: checks 
*** TURN *** [Ad Kh 9s] [Ks]
Rdalonso: checks 
zikos xr: bets $2.38
Rdalonso: folds 
Uncalled bet ($2.38) returned to zikos xr
zikos xr collected $2.38 from pot
*** SUMMARY ***
Total pot $2.50 | Rake $0.12 
Board [Ad Kh 9s Ks]
Seat 6: Corsair444
Seat 1: Rdalonso (big blind) folded on the Turn
Seat 2: zikos xr collected ($2.38)
Seat 3: coeeeelho (button) folded before Flop (didn't bet)
Seat 5: kniferok (small blind) folded before Flop



PokerStars Hand #254244028995:  Hold'em No Limit ($0.50/$1.00 USD) - 2025/01/07 13:24:06 WET [2025/01/07 8:24:06 ET]
Table 'Gyldenia II' 6-max Seat #5 is the button
Seat 4: MaRKiToScoK ($100 in chips) is sitting out
Seat 6: Corsair444 ($43.61 in chips) is sitting out
Seat 1: Rdalonso ($100.50 in chips) 
Seat 2: zikos xr ($51.65 in chips) 
Seat 3: coeeeelho ($140.54 in chips) 
Seat 5: kniferok ($143.14 in chips) 
Rdalonso: posts small blind $0.50
zikos xr: posts big blind $1
MaRKiToScoK: sits out 
*** HOLE CARDS ***
coeeeelho: folds 
kniferok: raises $2 to $3
Rdalonso: folds 
zikos xr: folds 
Uncalled bet ($2) returned to kniferok
kniferok collected $2.50 from pot
kniferok: doesn't show hand 
*** SUMMARY ***
Total pot $2.50 | Rake $0 
Seat 4: MaRKiToScoK
Seat 6: Corsair444
Seat 1: Rdalonso (small blind) folded before Flop
Seat 2: zikos xr (big blind) folded before Flop
Seat 3: coeeeelho folded before Flop (didn't bet)
Seat 5: kniferok (button) collected ($2.50)



PokerStars Hand #254244031578:  Hold'em No Limit ($0.50/$1.00 USD) - 2025/01/07 13:24:21 WET [2025/01/07 8:24:21 ET]
Table 'Gyldenia II' 6-max Seat #1 is the button
Seat 4: MaRKiToScoK ($100 in chips) is sitting out
Seat 6: Corsair444 ($43.61 in chips) is sitting out
Seat 1: Rdalonso ($100 in chips) 
Seat 2: zikos xr ($50.65 in chips) 
Seat 3: coeeeelho ($140.54 in chips) 
Seat 5: kniferok ($144.64 in chips) 
zikos xr: posts small blind $0.50
coeeeelho: posts big blind $1
MaRKiToScoK: sits out 
*** HOLE CARDS ***
kniferok: folds 
Rdalonso: raises $1.50 to $2.50
zikos xr: folds 
coeeeelho: raises $9.50 to $12
Rdalonso: calls $9.50
*** FLOP *** [Qh Ks 4c]
coeeeelho: bets $7.76
Rdalonso: calls $7.76
*** TURN *** [Qh Ks 4c] [8d]
coeeeelho: bets $24
Rdalonso: folds 
Uncalled bet ($24) returned to coeeeelho
coeeeelho collected $39.02 from pot
coeeeelho: doesn't show hand 
*** SUMMARY ***
Total pot $40.02 | Rake $1 
Board [Qh Ks 4c 8d]
Seat 4: MaRKiToScoK
Seat 6: Corsair444
Seat 1: Rdalonso (button) folded on the Turn
Seat 2: zikos xr (small blind) folded before Flop
Seat 3: coeeeelho (big blind) collected ($39.02)
Seat 5: kniferok folded before Flop (didn't bet)



PokerStars Hand #254244041416:  Hold'em No Limit ($0.50/$1.00 USD) - 2025/01/07 13:25:20 WET [2025/01/07 8:25:20 ET]
Table 'Gyldenia II' 6-max Seat #2 is the button
Seat 1: Rdalonso ($100 in chips) 
Seat 2: zikos xr ($50.15 in chips) 
Seat 3: coeeeelho ($159.80 in chips) 
Seat 4: MaRKiToScoK ($100 in chips) 
Seat 5: kniferok ($144.64 in chips) 
Seat 6: Corsair444 ($43.61 in chips) 
coeeeelho: posts small blind $0.50
MaRKiToScoK: posts big blind $1
Corsair444: posts small & big blinds $1.50
*** HOLE CARDS ***
kniferok: folds 
Corsair444: checks 
Rdalonso: folds 
zikos xr: calls $1
coeeeelho: calls $0.50
MaRKiToScoK: checks 
*** FLOP *** [Th 4c 3h]
coeeeelho: checks 
MaRKiToScoK: checks 
Corsair444: checks 
zikos xr: bets $3.28
coeeeelho: folds 
MaRKiToScoK: folds 
Corsair444: raises $3.28 to $6.56
zikos xr: raises $8.28 to $14.84
Corsair444: folds 
Uncalled bet ($8.28) returned to zikos xr
zikos xr collected $16.74 from pot
*** SUMMARY ***
Total pot $17.62 | Rake $0.88 
Board [Th 4c 3h]
Seat 1: Rdalonso folded before Flop (didn't bet)
Seat 2: zikos xr (button) collected ($16.74)
Seat 3: coeeeelho (small blind) folded on the Flop
Seat 4: MaRKiToScoK (big blind) folded on the Flop
Seat 5: kniferok folded before Flop (didn't bet)
Seat 6: Corsair444 folded on the Flop



PokerStars Hand #254244055791:  Hold'em No Limit ($0.50/$1.00 USD) - 2025/01/07 13:26:47 WET [2025/01/07 8:26:47 ET]
Table 'Gyldenia II' 6-max Seat #3 is the button
Seat 1: Rdalonso ($100 in chips) 
Seat 2: zikos xr ($59.33 in chips) 
Seat 3: coeeeelho ($158.80 in chips) 
Seat 4: MaRKiToScoK ($100 in chips) 
Seat 5: kniferok ($144.64 in chips) 
Seat 6: Corsair444 ($35.55 in chips) 
MaRKiToScoK: posts small blind $0.50
kniferok: posts big blind $1
*** HOLE CARDS ***
Corsair444: calls $1
Rdalonso: folds 
zikos xr: folds 
coeeeelho: raises $2.50 to $3.50
MaRKiToScoK: folds 
kniferok: folds 
Corsair444: calls $2.50
*** FLOP *** [7d Jd 3c]
Corsair444: bets $4.04
coeeeelho: folds 
Uncalled bet ($4.04) returned to Corsair444
Corsair444 collected $8.08 from pot
Corsair444: doesn't show hand 
*** SUMMARY ***
Total pot $8.50 | Rake $0.42 
Board [7d Jd 3c]
Seat 1: Rdalonso folded before Flop (didn't bet)
Seat 2: zikos xr folded before Flop (didn't bet)
Seat 3: coeeeelho (button) folded on the Flop
Seat 4: MaRKiToScoK (small blind) folded before Flop
Seat 5: kniferok (big blind) folded before Flop
Seat 6: Corsair444 collected ($8.08)



PokerStars Hand #254244063781:  Hold'em No Limit ($0.50/$1.00 USD) - 2025/01/07 13:27:35 WET [2025/01/07 8:27:35 ET]
Table 'Gyldenia II' 6-max Seat #4 is the button
Seat 1: Rdalonso ($100 in chips) 
Seat 2: zikos xr ($59.33 in chips) 
Seat 3: coeeeelho ($155.30 in chips) 
Seat 4: MaRKiToScoK ($100 in chips) 
Seat 5: kniferok ($143.64 in chips) 
Seat 6: Corsair444 ($40.13 in chips) 
kniferok: posts small blind $0.50
Corsair444: posts big blind $1
*** HOLE CARDS ***
Rdalonso: folds 
zikos xr: folds 
coeeeelho: folds 
MaRKiToScoK: raises $1.50 to $2.50
kniferok: folds 
Corsair444: folds 
Uncalled bet ($1.50) returned to MaRKiToScoK
MaRKiToScoK collected $2.50 from pot
*** SUMMARY ***
Total pot $2.50 | Rake $0 
Seat 1: Rdalonso folded before Flop (didn't bet)
Seat 2: zikos xr folded before Flop (didn't bet)
Seat 3: coeeeelho folded before Flop (didn't bet)
Seat 4: MaRKiToScoK (button) collected ($2.50)
Seat 5: kniferok (small blind) folded before Flop
Seat 6: Corsair444 (big blind) folded before Flop



PokerStars Hand #254244070301:  Hold'em No Limit ($0.50/$1.00 USD) - 2025/01/07 13:28:15 WET [2025/01/07 8:28:15 ET]
Table 'Gyldenia II' 6-max Seat #5 is the button
Seat 1: Rdalonso ($100 in chips) 
Seat 2: zikos xr ($59.33 in chips) 
Seat 3: coeeeelho ($155.30 in chips) 
Seat 4: MaRKiToScoK ($101.50 in chips) 
Seat 5: kniferok ($143.14 in chips) 
Seat 6: Corsair444 ($39.13 in chips) 
Corsair444: posts small blind $0.50
Rdalonso: posts big blind $1
*** HOLE CARDS ***
zikos xr: calls $1
coeeeelho: folds 
MaRKiToScoK: folds 
kniferok: folds 
Corsair444: raises $1 to $2
Rdalonso: raises $7 to $9
zikos xr: folds 
Corsair444: calls $7
*** FLOP *** [7d 6h 4c]
Corsair444: checks 
Rdalonso: bets $5.96
Corsair444: calls $5.96
*** TURN *** [7d 6h 4c] [As]
Corsair444: checks 
Rdalonso: checks 
*** RIVER *** [7d 6h 4c As] [3h]
Corsair444: checks 
Rdalonso: bets $29.37
Corsair444: calls $24.17 and is all-in
Uncalled bet ($5.20) returned to Rdalonso
*** SHOW DOWN ***
Rdalonso: shows [Qs Qh] (a pair of Queens)
Corsair444: shows [Jh Js] (a pair of Jacks)
Rdalonso collected $76.76 from pot
*** SUMMARY ***
Total pot $79.26 | Rake $2.50 
Board [7d 6h 4c As 3h]
Seat 1: Rdalonso (big blind) showed [Qs Qh] and won ($76.76) with a pair of Queens
Seat 2: zikos xr folded before Flop
Seat 3: coeeeelho folded before Flop (didn't bet)
Seat 4: MaRKiToScoK folded before Flop (didn't bet)
Seat 5: kniferok (button) folded before Flop (didn't bet)
Seat 6: Corsair444 (small blind) showed [Jh Js] and lost with a pair of Jacks



PokerStars Hand #254244087775:  Hold'em No Limit ($0.50/$1.00 USD) - 2025/01/07 13:29:59 WET [2025/01/07 8:29:59 ET]
Table 'Gyldenia II' 6-max Seat #1 is the button
Seat 6: Corsair444 ($0 in chips) is sitting out
Seat 1: Rdalonso ($137.63 in chips) 
Seat 2: zikos xr ($58.33 in chips) 
Seat 3: coeeeelho ($155.30 in chips) 
Seat 4: MaRKiToScoK ($101.50 in chips) 
Seat 5: kniferok ($143.14 in chips) 
zikos xr: posts small blind $0.50
coeeeelho: posts big blind $1
*** HOLE CARDS ***
MaRKiToScoK: folds 
kniferok: raises $1.50 to $2.50
Rdalonso: folds 
zikos xr: folds 
coeeeelho: folds 
Uncalled bet ($1.50) returned to kniferok
kniferok collected $2.50 from pot
kniferok: doesn't show hand 
*** SUMMARY ***
Total pot $2.50 | Rake $0 
Seat 6: Corsair444
Seat 1: Rdalonso (button) folded before Flop (didn't bet)
Seat 2: zikos xr (small blind) folded before Flop
Seat 3: coeeeelho (big blind) folded before Flop
Seat 4: MaRKiToScoK folded before Flop (didn't bet)
Seat 5: kniferok collected ($2.50)



PokerStars Hand #254244089804:  Hold'em No Limit ($0.50/$1.00 USD) - 2025/01/07 13:30:11 WET [2025/01/07 8:30:11 ET]
Table 'Gyldenia II' 6-max Seat #2 is the button
Seat 6: Corsair444 ($0 in chips) is sitting out
Seat 1: Rdalonso ($137.63 in chips) 
Seat 2: zikos xr ($57.83 in chips) 
Seat 3: coeeeelho ($154.30 in chips) 
Seat 4: MaRKiToScoK ($101.50 in chips) 
Seat 5: kniferok ($144.64 in chips) 
coeeeelho: posts small blind $0.50
MaRKiToScoK: posts big blind $1
*** HOLE CARDS ***
kniferok: folds 
Rdalonso: folds 
zikos xr: folds 
coeeeelho: raises $2 to $3
MaRKiToScoK: calls $2
*** FLOP *** [Qh 4h Js]
Corsair444 leaves the table
coeeeelho: bets $1.43
MaRKiToScoK: raises $4.65 to $6.08
Pon4uk.ua joins the table at seat #6 
coeeeelho: calls $4.65
*** TURN *** [Qh 4h Js] [Kh]
coeeeelho: checks 
MaRKiToScoK: bets $5.69
coeeeelho: folds 
Uncalled bet ($5.69) returned to MaRKiToScoK
MaRKiToScoK collected $17.25 from pot
*** SUMMARY ***
Total pot $18.16 | Rake $0.91 
Board [Qh 4h Js Kh]
Seat 6: Corsair444
Seat 1: Rdalonso folded before Flop (didn't bet)
Seat 2: zikos xr (button) folded before Flop (didn't bet)
Seat 3: coeeeelho (small blind) folded on the Turn
Seat 4: MaRKiToScoK (big blind) collected ($17.25)
Seat 5: kniferok folded before Flop (didn't bet)



PokerStars Hand #254244095123:  Hold'em No Limit ($0.50/$1.00 USD) - 2025/01/07 13:30:43 WET [2025/01/07 8:30:43 ET]
Table 'Gyldenia II' 6-max Seat #3 is the button
Seat 6: Pon4uk.ua ($100 in chips) is sitting out
Seat 1: Rdalonso ($137.63 in chips) 
Seat 2: zikos xr ($57.83 in chips) 
Seat 3: coeeeelho ($145.22 in chips) 
Seat 4: MaRKiToScoK ($109.67 in chips) 
Seat 5: kniferok ($144.64 in chips) 
MaRKiToScoK: posts small blind $0.50
kniferok: posts big blind $1
Pon4uk.ua: sits out 
*** HOLE CARDS ***
Rdalonso: raises $1.50 to $2.50
zikos xr: folds 
coeeeelho: folds 
MaRKiToScoK: folds 
kniferok: folds 
Uncalled bet ($1.50) returned to Rdalonso
Rdalonso collected $2.50 from pot
Rdalonso: doesn't show hand 
*** SUMMARY ***
Total pot $2.50 | Rake $0 
Seat 6: Pon4uk.ua
Seat 1: Rdalonso collected ($2.50)
Seat 2: zikos xr folded before Flop (didn't bet)
Seat 3: coeeeelho (button) folded before Flop (didn't bet)
Seat 4: MaRKiToScoK (small blind) folded before Flop
Seat 5: kniferok (big blind) folded before Flop



PokerStars Hand #254244099606:  Hold'em No Limit ($0.50/$1.00 USD) - 2025/01/07 13:31:10 WET [2025/01/07 8:31:10 ET]
Table 'Gyldenia II' 6-max Seat #4 is the button
Seat 1: Rdalonso ($139.13 in chips) 
Seat 2: zikos xr ($57.83 in chips) 
Seat 3: coeeeelho ($145.22 in chips) 
Seat 4: MaRKiToScoK ($109.17 in chips) 
Seat 5: kniferok ($143.64 in chips) 
Seat 6: Pon4uk.ua ($100 in chips) 
kniferok: posts small blind $0.50
Pon4uk.ua: posts big blind $1
*** HOLE CARDS ***
Rdalonso: folds 
zikos xr: calls $1
coeeeelho: folds 
MaRKiToScoK: raises $2.50 to $3.50
kniferok: folds 
Pon4uk.ua: folds 
zikos xr: calls $2.50
*** FLOP *** [As 5d 4c]
zikos xr: checks 
MaRKiToScoK: checks 
*** TURN *** [As 5d 4c] [2h]
zikos xr: checks 
MaRKiToScoK: checks 
*** RIVER *** [As 5d 4c 2h] [3h]
zikos xr: bets $54.33 and is all-in
MaRKiToScoK: calls $54.33
*** SHOW DOWN ***
zikos xr: shows [Tc Jh] (a straight, Ace to Five)
MaRKiToScoK: shows [6h Ad] (a straight, Deuce to Six)
MaRKiToScoK collected $114.66 from pot
*** SUMMARY ***
Total pot $117.16 | Rake $2.50 
Board [As 5d 4c 2h 3h]
Seat 1: Rdalonso folded before Flop (didn't bet)
Seat 2: zikos xr showed [Tc Jh] and lost with a straight, Ace to Five
Seat 3: coeeeelho folded before Flop (didn't bet)
Seat 4: MaRKiToScoK (button) showed [6h Ad] and won ($114.66) with a straight, Deuce to Six
Seat 5: kniferok (small blind) folded before Flop
Seat 6: Pon4uk.ua (big blind) folded before Flop



PokerStars Hand #254244112635:  Hold'em No Limit ($0.50/$1.00 USD) - 2025/01/07 13:32:27 WET [2025/01/07 8:32:27 ET]
Table 'Gyldenia II' 6-max Seat #5 is the button
Seat 2: zikos xr ($0 in chips) is sitting out
Seat 1: Rdalonso ($139.13 in chips) 
Seat 3: coeeeelho ($145.22 in chips) 
Seat 4: MaRKiToScoK ($166 in chips) 
Seat 5: kniferok ($143.14 in chips) 
Seat 6: Pon4uk.ua ($100 in chips) 
Pon4uk.ua: posts small blind $0.50
Rdalonso: posts big blind $1
*** HOLE CARDS ***
zikos xr leaves the table
coeeeelho: folds 
MaRKiToScoK: folds 
kniferok: folds 
Pon4uk.ua: raises $1.75 to $2.75
Rdalonso: raises $7.25 to $10
Pon4uk.ua: folds 
Uncalled bet ($7.25) returned to Rdalonso
Rdalonso collected $5.50 from pot
Rdalonso: doesn't show hand 
*** SUMMARY ***
Total pot $5.50 | Rake $0 
Seat 2: zikos xr
Seat 1: Rdalonso (big blind) collected ($5.50)
Seat 3: coeeeelho folded before Flop (didn't bet)
Seat 4: MaRKiToScoK folded before Flop (didn't bet)
Seat 5: kniferok (button) folded before Flop (didn't bet)
Seat 6: Pon4uk.ua (small blind) folded before Flop



PokerStars Hand #254244121680:  Hold'em No Limit ($0.50/$1.00 USD) - 2025/01/07 13:33:19 WET [2025/01/07 8:33:19 ET]
Table 'Gyldenia II' 6-max Seat #6 is the button
Seat 1: Rdalonso ($141.88 in chips) 
Seat 3: coeeeelho ($145.22 in chips) 
Seat 4: MaRKiToScoK ($166 in chips) 
Seat 5: kniferok ($143.14 in chips) 
Seat 6: Pon4uk.ua ($100 in chips) 
Rdalonso: posts small blind $0.50
coeeeelho: posts big blind $1
*** HOLE CARDS ***
PutsTom joins the table at seat #2 
MaRKiToScoK: folds 
kniferok: folds 
Pon4uk.ua: raises $1.50 to $2.50
Rdalonso: folds 
coeeeelho: calls $1.50
*** FLOP *** [8c 3d 8s]
coeeeelho: checks 
Pon4uk.ua: bets $1.72
coeeeelho: calls $1.72
*** TURN *** [8c 3d 8s] [Ah]
coeeeelho: checks 
Pon4uk.ua: checks 
*** RIVER *** [8c 3d 8s Ah] [3c]
coeeeelho: bets $2.80
Pon4uk.ua: folds 
Uncalled bet ($2.80) returned to coeeeelho
coeeeelho collected $8.49 from pot
coeeeelho: doesn't show hand 
*** SUMMARY ***
Total pot $8.94 | Rake $0.45 
Board [8c 3d 8s Ah 3c]
Seat 1: Rdalonso (small blind) folded before Flop
Seat 3: coeeeelho (big blind) collected ($8.49)
Seat 4: MaRKiToScoK folded before Flop (didn't bet)
Seat 5: kniferok folded before Flop (didn't bet)
Seat 6: Pon4uk.ua (button) folded on the River



PokerStars Hand #254244132701:  Hold'em No Limit ($0.50/$1.00 USD) - 2025/01/07 13:34:23 WET [2025/01/07 8:34:23 ET]
Table 'Gyldenia II' 6-max Seat #1 is the button
Seat 2: PutsTom ($44.24 in chips) is sitting out
Seat 1: Rdalonso ($141.38 in chips) 
Seat 3: coeeeelho ($149.49 in chips) 
Seat 4: MaRKiToScoK ($166 in chips) 
Seat 5: kniferok ($143.14 in chips) 
Seat 6: Pon4uk.ua ($100 in chips) 
coeeeelho: posts small blind $0.50
MaRKiToScoK: posts big blind $1
*** HOLE CARDS ***
kniferok: raises $1.50 to $2.50
Pon4uk.ua: folds 
Rdalonso: folds 
coeeeelho: folds 
MaRKiToScoK: folds 
Uncalled bet ($1.50) returned to kniferok
kniferok collected $2.50 from pot
kniferok: doesn't show hand 
*** SUMMARY ***
Total pot $2.50 | Rake $0 
Seat 2: PutsTom
Seat 1: Rdalonso (button) folded before Flop (didn't bet)
Seat 3: coeeeelho (small blind) folded before Flop
Seat 4: MaRKiToScoK (big blind) folded before Flop
Seat 5: kniferok collected ($2.50)
Seat 6: Pon4uk.ua folded before Flop (didn't bet)



PokerStars Hand #254244137500:  Hold'em No Limit ($0.50/$1.00 USD) - 2025/01/07 13:34:51 WET [2025/01/07 8:34:51 ET]
Table 'Gyldenia II' 6-max Seat #3 is the button
Seat 2: PutsTom ($44.24 in chips) is sitting out
Seat 1: Rdalonso ($141.38 in chips) 
Seat 3: coeeeelho ($148.99 in chips) 
Seat 4: MaRKiToScoK ($165 in chips) 
Seat 5: kniferok ($144.64 in chips) 
Seat 6: Pon4uk.ua ($100 in chips) 
MaRKiToScoK: posts small blind $0.50
kniferok: posts big blind $1
PutsTom: sits out 
*** HOLE CARDS ***
Pon4uk.ua: folds 
Rdalonso: raises $1.50 to $2.50
coeeeelho: folds 
MaRKiToScoK: folds 
kniferok: calls $1.50
*** FLOP *** [4s 9s 3c]
kniferok: checks 
Rdalonso: bets $2.61
kniferok: folds 
Uncalled bet ($2.61) returned to Rdalonso
Rdalonso collected $5.22 from pot
Rdalonso: doesn't show hand 
*** SUMMARY ***
Total pot $5.50 | Rake $0.28 
Board [4s 9s 3c]
Seat 2: PutsTom
Seat 1: Rdalonso collected ($5.22)
Seat 3: coeeeelho (button) folded before Flop (didn't bet)
Seat 4: MaRKiToScoK (small blind) folded before Flop
Seat 5: kniferok (big blind) folded on the Flop
Seat 6: Pon4uk.ua folded before Flop (didn't bet)



PokerStars Hand #254244146134:  Hold'em No Limit ($0.50/$1.00 USD) - 2025/01/07 13:35:41 WET [2025/01/07 8:35:41 ET]
Table 'Gyldenia II' 6-max Seat #4 is the button
Seat 2: PutsTom ($44.24 in chips) is sitting out
Seat 1: Rdalonso ($144.10 in chips) 
Seat 3: coeeeelho ($148.99 in chips) 
Seat 4: MaRKiToScoK ($164.50 in chips) 
Seat 5: kniferok ($142.14 in chips) 
Seat 6: Pon4uk.ua ($100 in chips) 
kniferok: posts small blind $0.50
Pon4uk.ua: posts big blind $1
PutsTom: sits out 
*** HOLE CARDS ***
Rdalonso: folds 
coeeeelho: folds 
MaRKiToScoK: raises $1.50 to $2.50
kniferok: folds 
Pon4uk.ua: raises $8.50 to $11
MaRKiToScoK: folds 
Uncalled bet ($8.50) returned to Pon4uk.ua
Pon4uk.ua collected $5.50 from pot
Pon4uk.ua: doesn't show hand 
*** SUMMARY ***
Total pot $5.50 | Rake $0 
Seat 2: PutsTom
Seat 1: Rdalonso folded before Flop (didn't bet)
Seat 3: coeeeelho folded before Flop (didn't bet)
Seat 4: MaRKiToScoK (button) folded before Flop
Seat 5: kniferok (small blind) folded before Flop
Seat 6: Pon4uk.ua (big blind) collected ($5.50)



PokerStars Hand #254244149972:  Hold'em No Limit ($0.50/$1.00 USD) - 2025/01/07 13:36:03 WET [2025/01/07 8:36:03 ET]
Table 'Gyldenia II' 6-max Seat #5 is the button
Seat 2: PutsTom ($44.24 in chips) is sitting out
Seat 1: Rdalonso ($144.10 in chips) 
Seat 3: coeeeelho ($148.99 in chips) 
Seat 4: MaRKiToScoK ($162 in chips) 
Seat 5: kniferok ($141.64 in chips) 
Seat 6: Pon4uk.ua ($103 in chips) 
Pon4uk.ua: posts small blind $0.50
Rdalonso: posts big blind $1
PutsTom: sits out 
*** HOLE CARDS ***
coeeeelho: folds 
MaRKiToScoK: raises $1.20 to $2.20
kniferok: folds 
Pon4uk.ua: raises $8.30 to $10.50
Rdalonso: folds 
MaRKiToScoK: calls $8.30
*** FLOP *** [4c Tc 6c]
Pon4uk.ua: bets $5.90
MaRKiToScoK: calls $5.90
*** TURN *** [4c Tc 6c] [Qh]
Pon4uk.ua: bets $24.08
MaRKiToScoK: folds 
Uncalled bet ($24.08) returned to Pon4uk.ua
Pon4uk.ua collected $32.11 from pot
Pon4uk.ua: doesn't show hand 
*** SUMMARY ***
Total pot $33.80 | Rake $1.69 
Board [4c Tc 6c Qh]
Seat 2: PutsTom
Seat 1: Rdalonso (big blind) folded before Flop
Seat 3: coeeeelho folded before Flop (didn't bet)
Seat 4: MaRKiToScoK folded on the Turn
Seat 5: kniferok (button) folded before Flop (didn't bet)
Seat 6: Pon4uk.ua (small blind) collected ($32.11)



PokerStars Hand #254244161524:  Hold'em No Limit ($0.50/$1.00 USD) - 2025/01/07 13:37:09 WET [2025/01/07 8:37:09 ET]
Table 'Gyldenia II' 6-max Seat #6 is the button
Seat 1: Rdalonso ($143.10 in chips) 
Seat 2: PutsTom ($44.24 in chips) 
Seat 3: coeeeelho ($148.99 in chips) 
Seat 4: MaRKiToScoK ($145.60 in chips) 
Seat 5: kniferok ($141.64 in chips) 
Seat 6: Pon4uk.ua ($118.71 in chips) 
Rdalonso: posts small blind $0.50
PutsTom: posts big blind $1
*** HOLE CARDS ***
coeeeelho: folds 
MaRKiToScoK: raises $1.10 to $2.10
kniferok: raises $5.70 to $7.80
Pon4uk.ua: folds 
Rdalonso: folds 
PutsTom: folds 
MaRKiToScoK: calls $5.70
*** FLOP *** [Kc Ad 4d]
MaRKiToScoK: checks 
kniferok: bets $5.62
MaRKiToScoK: folds 
Uncalled bet ($5.62) returned to kniferok
kniferok collected $16.24 from pot
kniferok: doesn't show hand 
*** SUMMARY ***
Total pot $17.10 | Rake $0.86 
Board [Kc Ad 4d]
Seat 1: Rdalonso (small blind) folded before Flop
Seat 2: PutsTom (big blind) folded before Flop
Seat 3: coeeeelho folded before Flop (didn't bet)
Seat 4: MaRKiToScoK folded on the Flop
Seat 5: kniferok collected ($16.24)
Seat 6: Pon4uk.ua (button) folded before Flop (didn't bet)



PokerStars Hand #254244174456:  Hold'em No Limit ($0.50/$1.00 USD) - 2025/01/07 13:38:21 WET [2025/01/07 8:38:21 ET]
Table 'Gyldenia II' 6-max Seat #1 is the button
Seat 1: Rdalonso ($142.60 in chips) 
Seat 2: PutsTom ($43.24 in chips) 
Seat 3: coeeeelho ($148.99 in chips) 
Seat 4: MaRKiToScoK ($137.80 in chips) 
Seat 5: kniferok ($150.08 in chips) 
Seat 6: Pon4uk.ua ($118.71 in chips) 
PutsTom: posts small blind $0.50
coeeeelho: posts big blind $1
*** HOLE CARDS ***
MaRKiToScoK: folds 
kniferok: folds 
Pon4uk.ua: folds 
Rdalonso: raises $1.50 to $2.50
PutsTom: folds 
coeeeelho: folds 
Uncalled bet ($1.50) returned to Rdalonso
Rdalonso collected $2.50 from pot
Rdalonso: doesn't show hand 
*** SUMMARY ***
Total pot $2.50 | Rake $0 
Seat 1: Rdalonso (button) collected ($2.50)
Seat 2: PutsTom (small blind) folded before Flop
Seat 3: coeeeelho (big blind) folded before Flop
Seat 4: MaRKiToScoK folded before Flop (didn't bet)
Seat 5: kniferok folded before Flop (didn't bet)
Seat 6: Pon4uk.ua folded before Flop (didn't bet)



PokerStars Hand #254244177070:  Hold'em No Limit ($0.50/$1.00 USD) - 2025/01/07 13:38:36 WET [2025/01/07 8:38:36 ET]
Table 'Gyldenia II' 6-max Seat #2 is the button
Seat 1: Rdalonso ($144.10 in chips) 
Seat 2: PutsTom ($42.74 in chips) 
Seat 3: coeeeelho ($147.99 in chips) 
Seat 4: MaRKiToScoK ($137.80 in chips) 
Seat 5: kniferok ($150.08 in chips) 
Seat 6: Pon4uk.ua ($118.71 in chips) 
coeeeelho: posts small blind $0.50
MaRKiToScoK: posts big blind $1
*** HOLE CARDS ***
kniferok: folds 
Pon4uk.ua: folds 
Rdalonso: folds 
PutsTom: folds 
coeeeelho: raises $2 to $3
MaRKiToScoK: folds 
Uncalled bet ($2) returned to coeeeelho
coeeeelho collected $2 from pot
coeeeelho: doesn't show hand 
*** SUMMARY ***
Total pot $2 | Rake $0 
Seat 1: Rdalonso folded before Flop (didn't bet)
Seat 2: PutsTom (button) folded before Flop (didn't bet)
Seat 3: coeeeelho (small blind) collected ($2)
Seat 4: MaRKiToScoK (big blind) folded before Flop
Seat 5: kniferok folded before Flop (didn't bet)
Seat 6: Pon4uk.ua folded before Flop (didn't bet)



PokerStars Hand #254244181330:  Hold'em No Limit ($0.50/$1.00 USD) - 2025/01/07 13:39:00 WET [2025/01/07 8:39:00 ET]
Table 'Gyldenia II' 6-max Seat #3 is the button
Seat 5: kniferok ($150.08 in chips) is sitting out
Seat 1: Rdalonso ($144.10 in chips) 
Seat 2: PutsTom ($42.74 in chips) 
Seat 3: coeeeelho ($148.99 in chips) 
Seat 4: MaRKiToScoK ($136.80 in chips) 
Seat 6: Pon4uk.ua ($118.71 in chips) 
MaRKiToScoK: posts small blind $0.50
kniferok: is sitting out 
Pon4uk.ua: posts big blind $1
*** HOLE CARDS ***
Rdalonso: folds 
kniferok leaves the table
PutsTom: raises $1 to $2
coeeeelho: folds 
MaRKiToScoK: folds 
Pon4uk.ua: calls $1
*** FLOP *** [Qd 9h 3s]
Pon4uk.ua: checks 
PutsTom: bets $2
Pon4uk.ua: folds 
Uncalled bet ($2) returned to PutsTom
PutsTom collected $4.28 from pot
PutsTom: doesn't show hand 
*** SUMMARY ***
Total pot $4.50 | Rake $0.22 
Board [Qd 9h 3s]
Seat 5: kniferok
Seat 1: Rdalonso folded before Flop (didn't bet)
Seat 2: PutsTom collected ($4.28)
Seat 3: coeeeelho (button) folded before Flop (didn't bet)
Seat 4: MaRKiToScoK (small blind) folded before Flop
Seat 6: Pon4uk.ua (big blind) folded on the Flop



PokerStars Hand #254244188061:  Hold'em No Limit ($0.50/$1.00 USD) - 2025/01/07 13:39:37 WET [2025/01/07 8:39:37 ET]
Table 'Gyldenia II' 6-max Seat #4 is the button
Seat 1: Rdalonso ($144.10 in chips) 
Seat 2: PutsTom ($45.02 in chips) 
Seat 3: coeeeelho ($148.99 in chips) 
Seat 4: MaRKiToScoK ($136.30 in chips) 
Seat 6: Pon4uk.ua ($116.71 in chips) 
Pon4uk.ua: posts small blind $0.50
Rdalonso: posts big blind $1
*** HOLE CARDS ***
PutsTom: folds 
coeeeelho: folds 
MaRKiToScoK: folds 
Pon4uk.ua: raises $1.75 to $2.75
Rdalonso: calls $1.75
*** FLOP *** [Ks Js 6h]
xcinaz joins the table at seat #5 
Pon4uk.ua: checks 
Rdalonso: checks 
*** TURN *** [Ks Js 6h] [8d]
Pon4uk.ua: bets $2.61
Rdalonso: raises $10.44 to $13.05
Pon4uk.ua: folds 
Uncalled bet ($10.44) returned to Rdalonso
Rdalonso collected $10.18 from pot
Rdalonso: doesn't show hand 
*** SUMMARY ***
Total pot $10.72 | Rake $0.54 
Board [Ks Js 6h 8d]
Seat 1: Rdalonso (big blind) collected ($10.18)
Seat 2: PutsTom folded before Flop (didn't bet)
Seat 3: coeeeelho folded before Flop (didn't bet)
Seat 4: MaRKiToScoK (button) folded before Flop (didn't bet)
Seat 6: Pon4uk.ua (small blind) folded on the Turn



PokerStars Hand #254244196067:  Hold'em No Limit ($0.50/$1.00 USD) - 2025/01/07 13:40:22 WET [2025/01/07 8:40:22 ET]
Table 'Gyldenia II' 6-max Seat #6 is the button
Seat 5: xcinaz ($100 in chips) is sitting out
Seat 1: Rdalonso ($148.92 in chips) 
Seat 2: PutsTom ($45.02 in chips) 
Seat 3: coeeeelho ($148.99 in chips) 
Seat 4: MaRKiToScoK ($136.30 in chips) 
Seat 6: Pon4uk.ua ($111.35 in chips) 
Rdalonso: posts small blind $0.50
PutsTom: posts big blind $1
xcinaz: sits out 
*** HOLE CARDS ***
coeeeelho: folds 
MaRKiToScoK: raises $1.20 to $2.20
Pon4uk.ua: folds 
Rdalonso: folds 
PutsTom: calls $1.20
*** FLOP *** [8s Kh 3s]
PutsTom: checks 
MaRKiToScoK: bets $1.40
PutsTom: calls $1.40
*** TURN *** [8s Kh 3s] [4h]
PutsTom: checks 
MaRKiToScoK: bets $7
PutsTom: folds 
Uncalled bet ($7) returned to MaRKiToScoK
MaRKiToScoK collected $7.32 from pot
*** SUMMARY ***
Total pot $7.70 | Rake $0.38 
Board [8s Kh 3s 4h]
Seat 5: xcinaz
Seat 1: Rdalonso (small blind) folded before Flop
Seat 2: PutsTom (big blind) folded on the Turn
Seat 3: coeeeelho folded before Flop (didn't bet)
Seat 4: MaRKiToScoK collected ($7.32)
Seat 6: Pon4uk.ua (button) folded before Flop (didn't bet)



PokerStars Hand #254244203615:  Hold'em No Limit ($0.50/$1.00 USD) - 2025/01/07 13:41:04 WET [2025/01/07 8:41:04 ET]
Table 'Gyldenia II' 6-max Seat #1 is the button
Seat 5: xcinaz ($100 in chips) is sitting out
Seat 1: Rdalonso ($148.42 in chips) 
Seat 2: PutsTom ($41.42 in chips) 
Seat 3: coeeeelho ($148.99 in chips) 
Seat 4: MaRKiToScoK ($140.02 in chips) 
Seat 6: Pon4uk.ua ($111.35 in chips) 
PutsTom: posts small blind $0.50
coeeeelho: posts big blind $1
xcinaz: sits out 
*** HOLE CARDS ***
MaRKiToScoK: raises $1.10 to $2.10
Pon4uk.ua: folds 
Rdalonso: raises $5.40 to $7.50
PutsTom: folds 
coeeeelho: folds 
MaRKiToScoK: calls $5.40
*** FLOP *** [6s Jh Ah]
MaRKiToScoK: checks 
Rdalonso: checks 
*** TURN *** [6s Jh Ah] [2h]
MaRKiToScoK: checks 
Rdalonso: bets $7.84
MaRKiToScoK: folds 
Uncalled bet ($7.84) returned to Rdalonso
Rdalonso collected $15.68 from pot
Rdalonso: doesn't show hand 
*** SUMMARY ***
Total pot $16.50 | Rake $0.82 
Board [6s Jh Ah 2h]
Seat 5: xcinaz
Seat 1: Rdalonso (button) collected ($15.68)
Seat 2: PutsTom (small blind) folded before Flop
Seat 3: coeeeelho (big blind) folded before Flop
Seat 4: MaRKiToScoK folded on the Turn
Seat 6: Pon4uk.ua folded before Flop (didn't bet)



PokerStars Hand #254244213634:  Hold'em No Limit ($0.50/$1.00 USD) - 2025/01/07 13:41:59 WET [2025/01/07 8:41:59 ET]
Table 'Gyldenia II' 6-max Seat #2 is the button
Seat 5: xcinaz ($100 in chips) is sitting out
Seat 1: Rdalonso ($156.60 in chips) 
Seat 2: PutsTom ($40.92 in chips) 
Seat 3: coeeeelho ($147.99 in chips) 
Seat 4: MaRKiToScoK ($132.52 in chips) 
Seat 6: Pon4uk.ua ($111.35 in chips) 
coeeeelho: posts small blind $0.50
MaRKiToScoK: posts big blind $1
xcinaz: sits out 
*** HOLE CARDS ***
Pon4uk.ua: folds 
Rdalonso: folds 
PutsTom: folds 
coeeeelho: raises $2 to $3
MaRKiToScoK: calls $2
*** FLOP *** [Qc 5c Qd]
coeeeelho: bets $1.43
MaRKiToScoK: raises $4.65 to $6.08
coeeeelho: folds 
Uncalled bet ($4.65) returned to MaRKiToScoK
MaRKiToScoK collected $8.42 from pot
*** SUMMARY ***
Total pot $8.86 | Rake $0.44 
Board [Qc 5c Qd]
Seat 5: xcinaz
Seat 1: Rdalonso folded before Flop (didn't bet)
Seat 2: PutsTom (button) folded before Flop (didn't bet)
Seat 3: coeeeelho (small blind) folded on the Flop
Seat 4: MaRKiToScoK (big blind) collected ($8.42)
Seat 6: Pon4uk.ua folded before Flop (didn't bet)



PokerStars Hand #254244219622:  Hold'em No Limit ($0.50/$1.00 USD) - 2025/01/07 13:42:32 WET [2025/01/07 8:42:32 ET]
Table 'Gyldenia II' 6-max Seat #3 is the button
Seat 1: Rdalonso ($156.60 in chips) 
Seat 2: PutsTom ($40.92 in chips) 
Seat 3: coeeeelho ($143.56 in chips) 
Seat 4: MaRKiToScoK ($136.51 in chips) 
Seat 5: xcinaz ($100 in chips) 
Seat 6: Pon4uk.ua ($111.35 in chips) 
MaRKiToScoK: posts small blind $0.50
xcinaz: posts big blind $1
*** HOLE CARDS ***
Pon4uk.ua: folds 
Rdalonso: folds 
PutsTom: raises $1 to $2
coeeeelho: folds 
MaRKiToScoK: folds 
xcinaz: folds 
Uncalled bet ($1) returned to PutsTom
PutsTom collected $2.50 from pot
PutsTom: doesn't show hand 
*** SUMMARY ***
Total pot $2.50 | Rake $0 
Seat 1: Rdalonso folded before Flop (didn't bet)
Seat 2: PutsTom collected ($2.50)
Seat 3: coeeeelho (button) folded before Flop (didn't bet)
Seat 4: MaRKiToScoK (small blind) folded before Flop
Seat 5: xcinaz (big blind) folded before Flop
Seat 6: Pon4uk.ua folded before Flop (didn't bet)



PokerStars Hand #254244222445:  Hold'em No Limit ($0.50/$1.00 USD) - 2025/01/07 13:42:48 WET [2025/01/07 8:42:48 ET]
Table 'Gyldenia II' 6-max Seat #4 is the button
Seat 6: Pon4uk.ua ($111.35 in chips) is sitting out
Seat 1: Rdalonso ($156.60 in chips) 
Seat 2: PutsTom ($42.42 in chips) 
Seat 3: coeeeelho ($143.56 in chips) 
Seat 4: MaRKiToScoK ($136.01 in chips) 
Seat 5: xcinaz ($100 in chips) 
xcinaz: posts small blind $0.50
Pon4uk.ua: is sitting out 
Rdalonso: posts big blind $1
*** HOLE CARDS ***
PutsTom: folds 
coeeeelho: folds 
MaRKiToScoK: raises $1.50 to $2.50
Pon4uk.ua leaves the table
xcinaz: raises $9 to $11.50
Rdalonso: folds 
KOSEC510 joins the table at seat #6 
MaRKiToScoK: folds 
Uncalled bet ($9) returned to xcinaz
xcinaz collected $6 from pot
xcinaz: doesn't show hand 
*** SUMMARY ***
Total pot $6 | Rake $0 
Seat 6: Pon4uk.ua
Seat 1: Rdalonso (big blind) folded before Flop
Seat 2: PutsTom folded before Flop (didn't bet)
Seat 3: coeeeelho folded before Flop (didn't bet)
Seat 4: MaRKiToScoK (button) folded before Flop
Seat 5: xcinaz (small blind) collected ($6)



PokerStars Hand #254244229071:  Hold'em No Limit ($0.50/$1.00 USD) - 2025/01/07 13:43:26 WET [2025/01/07 8:43:26 ET]
Table 'Gyldenia II' 6-max Seat #5 is the button
Seat 6: KOSEC510 ($100 in chips) is sitting out
Seat 1: Rdalonso ($155.60 in chips) 
Seat 2: PutsTom ($42.42 in chips) 
Seat 3: coeeeelho ($143.56 in chips) 
Seat 4: MaRKiToScoK ($133.51 in chips) 
Seat 5: xcinaz ($103.50 in chips) 
Rdalonso: posts small blind $0.50
PutsTom: posts big blind $1
*** HOLE CARDS ***
coeeeelho: folds 
MaRKiToScoK: folds 
xcinaz: folds 
Rdalonso: folds 
Uncalled bet ($0.50) returned to PutsTom
PutsTom collected $1 from pot
PutsTom: doesn't show hand 
*** SUMMARY ***
Total pot $1 | Rake $0 
Seat 6: KOSEC510
Seat 1: Rdalonso (small blind) folded before Flop
Seat 2: PutsTom (big blind) collected ($1)
Seat 3: coeeeelho folded before Flop (didn't bet)
Seat 4: MaRKiToScoK folded before Flop (didn't bet)
Seat 5: xcinaz (button) folded before Flop (didn't bet)



PokerStars Hand #254244233389:  Hold'em No Limit ($0.50/$1.00 USD) - 2025/01/07 13:43:49 WET [2025/01/07 8:43:49 ET]
Table 'Gyldenia II' 6-max Seat #1 is the button
Seat 6: KOSEC510 ($100 in chips) is sitting out
Seat 1: Rdalonso ($155.10 in chips) 
Seat 2: PutsTom ($42.92 in chips) 
Seat 3: coeeeelho ($143.56 in chips) 
Seat 4: MaRKiToScoK ($133.51 in chips) 
Seat 5: xcinaz ($103.50 in chips) 
PutsTom: posts small blind $0.50
coeeeelho: posts big blind $1
KOSEC510: sits out 
*** HOLE CARDS ***
MaRKiToScoK: folds 
xcinaz: folds 
Rdalonso: folds 
PutsTom: raises $1 to $2
coeeeelho: raises $7 to $9
PutsTom: calls $7
*** FLOP *** [7d 3c 8c]
PutsTom: checks 
coeeeelho: bets $8.55
PutsTom: raises $17.10 to $25.65
coeeeelho: raises $64.13 to $89.78
PutsTom: calls $8.27 and is all-in
Uncalled bet ($55.86) returned to coeeeelho
*** TURN *** [7d 3c 8c] [2s]
*** RIVER *** [7d 3c 8c 2s] [Ah]
*** SHOW DOWN ***
PutsTom: shows [8h 8s] (three of a kind, Eights)
coeeeelho: shows [Kc Jc] (high card Ace)
PutsTom collected $83.34 from pot
*** SUMMARY ***
Total pot $85.84 | Rake $2.50 
Board [7d 3c 8c 2s Ah]
Seat 6: KOSEC510
Seat 1: Rdalonso (button) folded before Flop (didn't bet)
Seat 2: PutsTom (small blind) showed [8h 8s] and won ($83.34) with three of a kind, Eights
Seat 3: coeeeelho (big blind) showed [Kc Jc] and lost with high card Ace
Seat 4: MaRKiToScoK folded before Flop (didn't bet)
Seat 5: xcinaz folded before Flop (didn't bet)



PokerStars Hand #254244743404:  Hold'em No Limit ($0.50/$1.00 USD) - 2025/01/07 13:44:44 WET [2025/01/07 8:44:44 ET]
Table 'Gyldenia II' 6-max Seat #2 is the button
Seat 6: KOSEC510 ($100 in chips) is sitting out
Seat 1: Rdalonso ($155.10 in chips) 
Seat 2: PutsTom ($83.34 in chips) 
Seat 3: coeeeelho ($100.64 in chips) 
Seat 4: MaRKiToScoK ($133.51 in chips) 
Seat 5: xcinaz ($103.50 in chips) 
coeeeelho: posts small blind $0.50
MaRKiToScoK: posts big blind $1
KOSEC510: sits out 
*** HOLE CARDS ***
xcinaz: folds 
Rdalonso: folds 
PutsTom: raises $1 to $2
coeeeelho: folds 
MaRKiToScoK: folds 
Uncalled bet ($1) returned to PutsTom
PutsTom collected $2.50 from pot
PutsTom: doesn't show hand 
*** SUMMARY ***
Total pot $2.50 | Rake $0 
Seat 6: KOSEC510
Seat 1: Rdalonso folded before Flop (didn't bet)
Seat 2: PutsTom (button) collected ($2.50)
Seat 3: coeeeelho (small blind) folded before Flop
Seat 4: MaRKiToScoK (big blind) folded before Flop
Seat 5: xcinaz folded before Flop (didn't bet)



PokerStars Hand #254244745989:  Hold'em No Limit ($0.50/$1.00 USD) - 2025/01/07 13:44:58 WET [2025/01/07 8:44:58 ET]
Table 'Gyldenia II' 6-max Seat #3 is the button
Seat 6: KOSEC510 ($100 in chips) is sitting out
Seat 1: Rdalonso ($155.10 in chips) 
Seat 2: PutsTom ($84.84 in chips) 
Seat 3: coeeeelho ($100.14 in chips) 
Seat 4: MaRKiToScoK ($132.51 in chips) 
Seat 5: xcinaz ($103.50 in chips) 
MaRKiToScoK: posts small blind $0.50
xcinaz: posts big blind $1
KOSEC510: sits out 
*** HOLE CARDS ***
Rdalonso: folds 
PutsTom: folds 
coeeeelho: folds 
MaRKiToScoK: folds 
Uncalled bet ($0.50) returned to xcinaz
xcinaz collected $1 from pot
xcinaz: doesn't show hand 
*** SUMMARY ***
Total pot $1 | Rake $0 
Seat 6: KOSEC510
Seat 1: Rdalonso folded before Flop (didn't bet)
Seat 2: PutsTom folded before Flop (didn't bet)
Seat 3: coeeeelho (button) folded before Flop (didn't bet)
Seat 4: MaRKiToScoK (small blind) folded before Flop
Seat 5: xcinaz (big blind) collected ($1)



PokerStars Hand #254244748956:  Hold'em No Limit ($0.50/$1.00 USD) - 2025/01/07 13:45:15 WET [2025/01/07 8:45:15 ET]
Table 'Gyldenia II' 6-max Seat #4 is the button
Seat 1: Rdalonso ($155.10 in chips) 
Seat 2: PutsTom ($84.84 in chips) 
Seat 3: coeeeelho ($100.14 in chips) 
Seat 4: MaRKiToScoK ($132.01 in chips) 
Seat 5: xcinaz ($104 in chips) 
Seat 6: KOSEC510 ($100 in chips) 
xcinaz: posts small blind $0.50
KOSEC510: posts big blind $1
*** HOLE CARDS ***
Rdalonso: folds 
PutsTom: folds 
coeeeelho: raises $1.20 to $2.20
MaRKiToScoK: folds 
xcinaz: folds 
KOSEC510: raises $8.80 to $11
coeeeelho: folds 
Uncalled bet ($8.80) returned to KOSEC510
KOSEC510 collected $4.90 from pot
KOSEC510: doesn't show hand 
*** SUMMARY ***
Total pot $4.90 | Rake $0 
Seat 1: Rdalonso folded before Flop (didn't bet)
Seat 2: PutsTom folded before Flop (didn't bet)
Seat 3: coeeeelho folded before Flop
Seat 4: MaRKiToScoK (button) folded before Flop (didn't bet)
Seat 5: xcinaz (small blind) folded before Flop
Seat 6: KOSEC510 (big blind) collected ($4.90)



PokerStars Hand #254244754416:  Hold'em No Limit ($0.50/$1.00 USD) - 2025/01/07 13:45:45 WET [2025/01/07 8:45:45 ET]
Table 'Gyldenia II' 6-max Seat #5 is the button
Seat 1: Rdalonso ($155.10 in chips) 
Seat 2: PutsTom ($84.84 in chips) 
Seat 3: coeeeelho ($100 in chips) 
Seat 4: MaRKiToScoK ($132.01 in chips) 
Seat 5: xcinaz ($103.50 in chips) 
Seat 6: KOSEC510 ($102.70 in chips) 
KOSEC510: posts small blind $0.50
Rdalonso: posts big blind $1
*** HOLE CARDS ***
PutsTom: folds 
coeeeelho: folds 
MaRKiToScoK: folds 
xcinaz: raises $1.50 to $2.50
KOSEC510: folds 
Rdalonso: calls $1.50
*** FLOP *** [6d Qc 2c]
Rdalonso: checks 
xcinaz: bets $1.31
Rdalonso: raises $3.92 to $5.23
xcinaz: calls $3.92
*** TURN *** [6d Qc 2c] [Td]
Rdalonso: bets $15.16
xcinaz: folds 
Uncalled bet ($15.16) returned to Rdalonso
Rdalonso collected $15.16 from pot
Rdalonso: doesn't show hand 
*** SUMMARY ***
Total pot $15.96 | Rake $0.80 
Board [6d Qc 2c Td]
Seat 1: Rdalonso (big blind) collected ($15.16)
Seat 2: PutsTom folded before Flop (didn't bet)
Seat 3: coeeeelho folded before Flop (didn't bet)
Seat 4: MaRKiToScoK folded before Flop (didn't bet)
Seat 5: xcinaz (button) folded on the Turn
Seat 6: KOSEC510 (small blind) folded before Flop



PokerStars Hand #254244767678:  Hold'em No Limit ($0.50/$1.00 USD) - 2025/01/07 13:46:59 WET [2025/01/07 8:46:59 ET]
Table 'Gyldenia II' 6-max Seat #6 is the button
Seat 1: Rdalonso ($162.53 in chips) 
Seat 2: PutsTom ($84.84 in chips) 
Seat 3: coeeeelho ($100 in chips) 
Seat 4: MaRKiToScoK ($132.01 in chips) 
Seat 5: xcinaz ($100 in chips) 
Seat 6: KOSEC510 ($102.20 in chips) 
Rdalonso: posts small blind $0.50
PutsTom: posts big blind $1
*** HOLE CARDS ***
coeeeelho: folds 
MaRKiToScoK: folds 
xcinaz: folds 
KOSEC510: raises $1.40 to $2.40
Rdalonso: folds 
PutsTom: folds 
Uncalled bet ($1.40) returned to KOSEC510
KOSEC510 collected $2.50 from pot
KOSEC510: doesn't show hand 
*** SUMMARY ***
Total pot $2.50 | Rake $0 
Seat 1: Rdalonso (small blind) folded before Flop
Seat 2: PutsTom (big blind) folded before Flop
Seat 3: coeeeelho folded before Flop (didn't bet)
Seat 4: MaRKiToScoK folded before Flop (didn't bet)
Seat 5: xcinaz folded before Flop (didn't bet)
Seat 6: KOSEC510 (button) collected ($2.50)



PokerStars Hand #254244771083:  Hold'em No Limit ($0.50/$1.00 USD) - 2025/01/07 13:47:18 WET [2025/01/07 8:47:18 ET]
Table 'Gyldenia II' 6-max Seat #1 is the button
Seat 1: Rdalonso ($162.03 in chips) 
Seat 2: PutsTom ($83.84 in chips) 
Seat 3: coeeeelho ($100 in chips) 
Seat 4: MaRKiToScoK ($132.01 in chips) 
Seat 5: xcinaz ($100 in chips) 
Seat 6: KOSEC510 ($103.70 in chips) 
PutsTom: posts small blind $0.50
coeeeelho: posts big blind $1
*** HOLE CARDS ***
MaRKiToScoK: folds 
xcinaz: folds 
KOSEC510: folds 
Rdalonso: raises $1.50 to $2.50
PutsTom: folds 
coeeeelho: folds 
Uncalled bet ($1.50) returned to Rdalonso
Rdalonso collected $2.50 from pot
Rdalonso: doesn't show hand 
*** SUMMARY ***
Total pot $2.50 | Rake $0 
Seat 1: Rdalonso (button) collected ($2.50)
Seat 2: PutsTom (small blind) folded before Flop
Seat 3: coeeeelho (big blind) folded before Flop
Seat 4: MaRKiToScoK folded before Flop (didn't bet)
Seat 5: xcinaz folded before Flop (didn't bet)
Seat 6: KOSEC510 folded before Flop (didn't bet)



PokerStars Hand #254244773197:  Hold'em No Limit ($0.50/$1.00 USD) - 2025/01/07 13:47:30 WET [2025/01/07 8:47:30 ET]
Table 'Gyldenia II' 6-max Seat #2 is the button
Seat 1: Rdalonso ($163.53 in chips) 
Seat 2: PutsTom ($83.34 in chips) 
Seat 3: coeeeelho ($100 in chips) 
Seat 4: MaRKiToScoK ($132.01 in chips) 
Seat 5: xcinaz ($100 in chips) 
Seat 6: KOSEC510 ($103.70 in chips) 
coeeeelho: posts small blind $0.50
MaRKiToScoK: posts big blind $1
*** HOLE CARDS ***
xcinaz: folds 
KOSEC510: folds 
Rdalonso: folds 
PutsTom: folds 
coeeeelho: raises $2 to $3
MaRKiToScoK: calls $2
*** FLOP *** [Ts 4c 3c]
coeeeelho: bets $1.43
MaRKiToScoK: folds 
Uncalled bet ($1.43) returned to coeeeelho
coeeeelho collected $5.70 from pot
coeeeelho: doesn't show hand 
*** SUMMARY ***
Total pot $6 | Rake $0.30 
Board [Ts 4c 3c]
Seat 1: Rdalonso folded before Flop (didn't bet)
Seat 2: PutsTom (button) folded before Flop (didn't bet)
Seat 3: coeeeelho (small blind) collected ($5.70)
Seat 4: MaRKiToScoK (big blind) folded on the Flop
Seat 5: xcinaz folded before Flop (didn't bet)
Seat 6: KOSEC510 folded before Flop (didn't bet)



PokerStars Hand #254244780468:  Hold'em No Limit ($0.50/$1.00 USD) - 2025/01/07 13:48:10 WET [2025/01/07 8:48:10 ET]
Table 'Gyldenia II' 6-max Seat #3 is the button
Seat 1: Rdalonso ($163.53 in chips) 
Seat 2: PutsTom ($83.34 in chips) 
Seat 3: coeeeelho ($102.70 in chips) 
Seat 4: MaRKiToScoK ($129.01 in chips) 
Seat 5: xcinaz ($100 in chips) 
Seat 6: KOSEC510 ($103.70 in chips) 
MaRKiToScoK: posts small blind $0.50
xcinaz: posts big blind $1
*** HOLE CARDS ***
KOSEC510: folds 
Rdalonso: folds 
PutsTom: raises $1 to $2
coeeeelho: raises $5.50 to $7.50
MaRKiToScoK: folds 
xcinaz: folds 
PutsTom: calls $5.50
*** FLOP *** [7c Kh Ah]
PutsTom: checks 
coeeeelho: bets $3
PutsTom: calls $3
*** TURN *** [7c Kh Ah] [4d]
PutsTom: checks 
coeeeelho: checks 
*** RIVER *** [7c Kh Ah 4d] [Th]
PutsTom: checks 
coeeeelho: checks 
*** SHOW DOWN ***
PutsTom: shows [Jh Ac] (a pair of Aces)
coeeeelho: mucks hand 
PutsTom collected $21.38 from pot
*** SUMMARY ***
Total pot $22.50 | Rake $1.12 
Board [7c Kh Ah 4d Th]
Seat 1: Rdalonso folded before Flop (didn't bet)
Seat 2: PutsTom showed [Jh Ac] and won ($21.38) with a pair of Aces
Seat 3: coeeeelho (button) mucked
Seat 4: MaRKiToScoK (small blind) folded before Flop
Seat 5: xcinaz (big blind) folded before Flop
Seat 6: KOSEC510 folded before Flop (didn't bet)



PokerStars Hand #254244787043:  Hold'em No Limit ($0.50/$1.00 USD) - 2025/01/07 13:48:47 WET [2025/01/07 8:48:47 ET]
Table 'Gyldenia II' 6-max Seat #4 is the button
Seat 1: Rdalonso ($163.53 in chips) 
Seat 2: PutsTom ($94.22 in chips) 
Seat 3: coeeeelho ($100 in chips) 
Seat 4: MaRKiToScoK ($128.51 in chips) 
Seat 5: xcinaz ($100 in chips) 
Seat 6: KOSEC510 ($103.70 in chips) 
xcinaz: posts small blind $0.50
KOSEC510: posts big blind $1
*** HOLE CARDS ***
Rdalonso: folds 
PutsTom: raises $1 to $2
coeeeelho: folds 
MaRKiToScoK: raises $4.20 to $6.20
xcinaz: folds 
KOSEC510: folds 
PutsTom: calls $4.20
*** FLOP *** [Kc Kd 2h]
PutsTom: checks 
MaRKiToScoK: checks 
*** TURN *** [Kc Kd 2h] [4d]
PutsTom: checks 
MaRKiToScoK: checks 
*** RIVER *** [Kc Kd 2h 4d] [As]
PutsTom: checks 
MaRKiToScoK: checks 
*** SHOW DOWN ***
PutsTom: shows [Qh Ac] (two pair, Aces and Kings)
MaRKiToScoK: mucks hand 
PutsTom collected $13.20 from pot
*** SUMMARY ***
Total pot $13.90 | Rake $0.70 
Board [Kc Kd 2h 4d As]
Seat 1: Rdalonso folded before Flop (didn't bet)
Seat 2: PutsTom showed [Qh Ac] and won ($13.20) with two pair, Aces and Kings
Seat 3: coeeeelho folded before Flop (didn't bet)
Seat 4: MaRKiToScoK (button) mucked
Seat 5: xcinaz (small blind) folded before Flop
Seat 6: KOSEC510 (big blind) folded before Flop



PokerStars Hand #254244793984:  Hold'em No Limit ($0.50/$1.00 USD) - 2025/01/07 13:49:26 WET [2025/01/07 8:49:26 ET]
Table 'Gyldenia II' 6-max Seat #5 is the button
Seat 1: Rdalonso ($163.53 in chips) 
Seat 2: PutsTom ($101.22 in chips) 
Seat 3: coeeeelho ($100 in chips) 
Seat 4: MaRKiToScoK ($122.31 in chips) 
Seat 5: xcinaz ($100 in chips) 
Seat 6: KOSEC510 ($102.70 in chips) 
KOSEC510: posts small blind $0.50
Rdalonso: posts big blind $1
*** HOLE CARDS ***
PutsTom: folds 
coeeeelho: folds 
MaRKiToScoK: folds 
xcinaz: folds 
KOSEC510: raises $1.90 to $2.90
Rdalonso: calls $1.90
*** FLOP *** [2s 9s 5d]
KOSEC510: bets $1.38
Rdalonso: calls $1.38
*** TURN *** [2s 9s 5d] [Ks]
KOSEC510: bets $6.10
Rdalonso: calls $6.10
*** RIVER *** [2s 9s 5d Ks] [8d]
KOSEC510: bets $23.66
Rdalonso: calls $23.66
*** SHOW DOWN ***
KOSEC510: shows [Js Ts] (a flush, King high)
Rdalonso: mucks hand 
KOSEC510 collected $65.58 from pot
*** SUMMARY ***
Total pot $68.08 | Rake $2.50 
Board [2s 9s 5d Ks 8d]
Seat 1: Rdalonso (big blind) mucked
Seat 2: PutsTom folded before Flop (didn't bet)
Seat 3: coeeeelho folded before Flop (didn't bet)
Seat 4: MaRKiToScoK folded before Flop (didn't bet)
Seat 5: xcinaz (button) folded before Flop (didn't bet)
Seat 6: KOSEC510 (small blind) showed [Js Ts] and won ($65.58) with a flush, King high



PokerStars Hand #254244809954:  Hold'em No Limit ($0.50/$1.00 USD) - 2025/01/07 13:50:55 WET [2025/01/07 8:50:55 ET]
Table 'Gyldenia II' 6-max Seat #6 is the button
Seat 1: Rdalonso ($129.49 in chips) 
Seat 2: PutsTom ($101.22 in chips) 
Seat 3: coeeeelho ($100 in chips) 
Seat 4: MaRKiToScoK ($122.31 in chips) 
Seat 5: xcinaz ($100 in chips) 
Seat 6: KOSEC510 ($134.24 in chips) 
Rdalonso: posts small blind $0.50
PutsTom: posts big blind $1
*** HOLE CARDS ***
coeeeelho: folds 
coeeeelho leaves the table
joaquin612 joins the table at seat #3 
MaRKiToScoK: folds 
xcinaz: raises $1.20 to $2.20
KOSEC510: folds 
Rdalonso: folds 
PutsTom: calls $1.20
*** FLOP *** [Jh 3h 7d]
PutsTom: checks 
xcinaz: bets $1.17
PutsTom: calls $1.17
*** TURN *** [Jh 3h 7d] [Td]
PutsTom: checks 
xcinaz: bets $9.29
PutsTom: folds 
Uncalled bet ($9.29) returned to xcinaz
xcinaz collected $6.88 from pot
xcinaz: doesn't show hand 
*** SUMMARY ***
Total pot $7.24 | Rake $0.36 
Board [Jh 3h 7d Td]
Seat 1: Rdalonso (small blind) folded before Flop
Seat 2: PutsTom (big blind) folded on the Turn
Seat 3: coeeeelho folded before Flop (didn't bet)
Seat 4: MaRKiToScoK folded before Flop (didn't bet)
Seat 5: xcinaz collected ($6.88)
Seat 6: KOSEC510 (button) folded before Flop (didn't bet)



PokerStars Hand #254244820529:  Hold'em No Limit ($0.50/$1.00 USD) - 2025/01/07 13:51:54 WET [2025/01/07 8:51:54 ET]
Table 'Gyldenia II' 6-max Seat #1 is the button
Seat 1: Rdalonso ($128.99 in chips) 
Seat 2: PutsTom ($97.85 in chips) 
Seat 3: joaquin612 ($100 in chips) 
Seat 4: MaRKiToScoK ($122.31 in chips) 
Seat 5: xcinaz ($103.51 in chips) 
Seat 6: KOSEC510 ($134.24 in chips) 
PutsTom: posts small blind $0.50
joaquin612: posts big blind $1
*** HOLE CARDS ***
MaRKiToScoK: folds 
xcinaz: folds 
KOSEC510: raises $1.20 to $2.20
Rdalonso: folds 
PutsTom: calls $1.70
joaquin612: folds 
*** FLOP *** [3h 7s 2h]
PutsTom: checks 
KOSEC510: bets $3.85
PutsTom: folds 
Uncalled bet ($3.85) returned to KOSEC510
KOSEC510 collected $5.13 from pot
KOSEC510: doesn't show hand 
*** SUMMARY ***
Total pot $5.40 | Rake $0.27 
Board [3h 7s 2h]
Seat 1: Rdalonso (button) folded before Flop (didn't bet)
Seat 2: PutsTom (small blind) folded on the Flop
Seat 3: joaquin612 (big blind) folded before Flop
Seat 4: MaRKiToScoK folded before Flop (didn't bet)
Seat 5: xcinaz folded before Flop (didn't bet)
Seat 6: KOSEC510 collected ($5.13)



PokerStars Hand #254244825703:  Hold'em No Limit ($0.50/$1.00 USD) - 2025/01/07 13:52:23 WET [2025/01/07 8:52:23 ET]
Table 'Gyldenia II' 6-max Seat #2 is the button
Seat 1: Rdalonso ($128.99 in chips) 
Seat 2: PutsTom ($95.65 in chips) 
Seat 3: joaquin612 ($100 in chips) 
Seat 4: MaRKiToScoK ($122.31 in chips) 
Seat 5: xcinaz ($103.51 in chips) 
Seat 6: KOSEC510 ($137.17 in chips) 
joaquin612: posts small blind $0.50
MaRKiToScoK: posts big blind $1
*** HOLE CARDS ***
xcinaz: folds 
KOSEC510: folds 
Rdalonso: raises $1.50 to $2.50
PutsTom: calls $2.50
joaquin612: folds 
MaRKiToScoK: raises $12 to $14.50
Rdalonso: folds 
PutsTom: calls $12
*** FLOP *** [Ks Js 7s]
MaRKiToScoK: bets $3.04
PutsTom: calls $3.04
*** TURN *** [Ks Js 7s] [4d]
MaRKiToScoK: checks 
PutsTom: bets $10
MaRKiToScoK: folds 
Uncalled bet ($10) returned to PutsTom
PutsTom collected $36.18 from pot
PutsTom: doesn't show hand 
*** SUMMARY ***
Total pot $38.08 | Rake $1.90 
Board [Ks Js 7s 4d]
Seat 1: Rdalonso folded before Flop
Seat 2: PutsTom (button) collected ($36.18)
Seat 3: joaquin612 (small blind) folded before Flop
Seat 4: MaRKiToScoK (big blind) folded on the Turn
Seat 5: xcinaz folded before Flop (didn't bet)
Seat 6: KOSEC510 folded before Flop (didn't bet)



PokerStars Hand #254244835989:  Hold'em No Limit ($0.50/$1.00 USD) - 2025/01/07 13:53:21 WET [2025/01/07 8:53:21 ET]
Table 'Gyldenia II' 6-max Seat #3 is the button
Seat 1: Rdalonso ($126.49 in chips) 
Seat 2: PutsTom ($114.29 in chips) 
Seat 3: joaquin612 ($100 in chips) 
Seat 4: MaRKiToScoK ($104.77 in chips) 
Seat 5: xcinaz ($103.51 in chips) 
Seat 6: KOSEC510 ($137.17 in chips) 
MaRKiToScoK: posts small blind $0.50
xcinaz: posts big blind $1
*** HOLE CARDS ***
KOSEC510: folds 
Rdalonso: folds 
PutsTom: folds 
joaquin612: raises $1.50 to $2.50
MaRKiToScoK: folds 
xcinaz: folds 
Uncalled bet ($1.50) returned to joaquin612
joaquin612 collected $2.50 from pot
joaquin612: doesn't show hand 
*** SUMMARY ***
Total pot $2.50 | Rake $0 
Seat 1: Rdalonso folded before Flop (didn't bet)
Seat 2: PutsTom folded before Flop (didn't bet)
Seat 3: joaquin612 (button) collected ($2.50)
Seat 4: MaRKiToScoK (small blind) folded before Flop
Seat 5: xcinaz (big blind) folded before Flop
Seat 6: KOSEC510 folded before Flop (didn't bet)



PokerStars Hand #254244837970:  Hold'em No Limit ($0.50/$1.00 USD) - 2025/01/07 13:53:32 WET [2025/01/07 8:53:32 ET]
Table 'Gyldenia II' 6-max Seat #4 is the button
Seat 6: KOSEC510 ($137.17 in chips) is sitting out
Seat 1: Rdalonso ($126.49 in chips) 
Seat 2: PutsTom ($114.29 in chips) 
Seat 3: joaquin612 ($101.50 in chips) 
Seat 4: MaRKiToScoK ($104.27 in chips) 
Seat 5: xcinaz ($102.51 in chips) 
xcinaz: posts small blind $0.50
KOSEC510: is sitting out 
Rdalonso: posts big blind $1
*** HOLE CARDS ***
PutsTom: folds 
joaquin612: raises $1.50 to $2.50
MaRKiToScoK: folds 
xcinaz: folds 
Rdalonso: folds 
Uncalled bet ($1.50) returned to joaquin612
joaquin612 collected $2.50 from pot
joaquin612: doesn't show hand 
*** SUMMARY ***
Total pot $2.50 | Rake $0 
Seat 6: KOSEC510
Seat 1: Rdalonso (big blind) folded before Flop
Seat 2: PutsTom folded before Flop (didn't bet)
Seat 3: joaquin612 collected ($2.50)
Seat 4: MaRKiToScoK (button) folded before Flop (didn't bet)
Seat 5: xcinaz (small blind) folded before Flop



PokerStars Hand #254244840669:  Hold'em No Limit ($0.50/$1.00 USD) - 2025/01/07 13:53:48 WET [2025/01/07 8:53:48 ET]
Table 'Gyldenia II' 6-max Seat #5 is the button
Seat 6: KOSEC510 ($137.17 in chips) is sitting out
Seat 1: Rdalonso ($125.49 in chips) 
Seat 2: PutsTom ($114.29 in chips) 
Seat 3: joaquin612 ($103 in chips) 
Seat 4: MaRKiToScoK ($104.27 in chips) 
Seat 5: xcinaz ($102.01 in chips) 
Rdalonso: posts small blind $0.50
PutsTom: posts big blind $1
*** HOLE CARDS ***
joaquin612: raises $1.50 to $2.50
MaRKiToScoK: folds 
xcinaz: folds 
Rdalonso: folds 
PutsTom: calls $1.50
*** FLOP *** [7h 4s 6h]
PutsTom: checks 
joaquin612: checks 
*** TURN *** [7h 4s 6h] [3c]
PutsTom: checks 
joaquin612: checks 
*** RIVER *** [7h 4s 6h 3c] [4d]
PutsTom: checks 
joaquin612: bets $20.50
PutsTom: folds 
Uncalled bet ($20.50) returned to joaquin612
joaquin612 collected $5.22 from pot
joaquin612: doesn't show hand 
*** SUMMARY ***
Total pot $5.50 | Rake $0.28 
Board [7h 4s 6h 3c 4d]
Seat 6: KOSEC510
Seat 1: Rdalonso (small blind) folded before Flop
Seat 2: PutsTom (big blind) folded on the River
Seat 3: joaquin612 collected ($5.22)
Seat 4: MaRKiToScoK folded before Flop (didn't bet)
Seat 5: xcinaz (button) folded before Flop (didn't bet)



PokerStars Hand #254244848600:  Hold'em No Limit ($0.50/$1.00 USD) - 2025/01/07 13:54:32 WET [2025/01/07 8:54:32 ET]
Table 'Gyldenia II' 6-max Seat #1 is the button
Seat 6: KOSEC510 ($137.17 in chips) is sitting out
Seat 1: Rdalonso ($124.99 in chips) 
Seat 2: PutsTom ($111.79 in chips) 
Seat 3: joaquin612 ($105.72 in chips) 
Seat 4: MaRKiToScoK ($104.27 in chips) 
Seat 5: xcinaz ($102.01 in chips) 
PutsTom: posts small blind $0.50
joaquin612: posts big blind $1
KOSEC510: sits out 
*** HOLE CARDS ***
MaRKiToScoK: raises $1.10 to $2.10
xcinaz: folds 
Rdalonso: folds 
PutsTom: folds 
joaquin612: folds 
Uncalled bet ($1.10) returned to MaRKiToScoK
MaRKiToScoK collected $2.50 from pot
*** SUMMARY ***
Total pot $2.50 | Rake $0 
Seat 6: KOSEC510
Seat 1: Rdalonso (button) folded before Flop (didn't bet)
Seat 2: PutsTom (small blind) folded before Flop
Seat 3: joaquin612 (big blind) folded before Flop
Seat 4: MaRKiToScoK collected ($2.50)
Seat 5: xcinaz folded before Flop (didn't bet)



PokerStars Hand #254244851294:  Hold'em No Limit ($0.50/$1.00 USD) - 2025/01/07 13:54:47 WET [2025/01/07 8:54:47 ET]
Table 'Gyldenia II' 6-max Seat #2 is the button
Seat 6: KOSEC510 ($137.17 in chips) is sitting out
Seat 1: Rdalonso ($124.99 in chips) 
Seat 2: PutsTom ($111.29 in chips) 
Seat 3: joaquin612 ($104.72 in chips) 
Seat 4: MaRKiToScoK ($105.77 in chips) 
Seat 5: xcinaz ($102.01 in chips) 
joaquin612: posts small blind $0.50
MaRKiToScoK: posts big blind $1
KOSEC510: sits out 
*** HOLE CARDS ***
xcinaz: folds 
Rdalonso: folds 
PutsTom: folds 
joaquin612: folds 
Uncalled bet ($0.50) returned to MaRKiToScoK
MaRKiToScoK collected $1 from pot
*** SUMMARY ***
Total pot $1 | Rake $0 
Seat 6: KOSEC510
Seat 1: Rdalonso folded before Flop (didn't bet)
Seat 2: PutsTom (button) folded before Flop (didn't bet)
Seat 3: joaquin612 (small blind) folded before Flop
Seat 4: MaRKiToScoK (big blind) collected ($1)
Seat 5: xcinaz folded before Flop (didn't bet)



PokerStars Hand #254244853085:  Hold'em No Limit ($0.50/$1.00 USD) - 2025/01/07 13:54:57 WET [2025/01/07 8:54:57 ET]
Table 'Gyldenia II' 6-max Seat #3 is the button
Seat 6: KOSEC510 ($137.17 in chips) is sitting out
Seat 1: Rdalonso ($124.99 in chips) 
Seat 2: PutsTom ($111.29 in chips) 
Seat 3: joaquin612 ($104.22 in chips) 
Seat 4: MaRKiToScoK ($106.27 in chips) 
Seat 5: xcinaz ($102.01 in chips) 
MaRKiToScoK: posts small blind $0.50
xcinaz: posts big blind $1
KOSEC510: sits out 
*** HOLE CARDS ***
Rdalonso: folds 
PutsTom: raises $1 to $2
KOSEC510 leaves the table
joaquin612: folds 
whitecillar3 joins the table at seat #6 
MaRKiToScoK: raises $8 to $10
xcinaz: folds 
PutsTom: calls $8
*** FLOP *** [4d 6c 2s]
MaRKiToScoK: bets $11.97
PutsTom: calls $11.97
*** TURN *** [4d 6c 2s] [2h]
MaRKiToScoK: bets $21.35
PutsTom: calls $21.35
*** RIVER *** [4d 6c 2s 2h] [Ts]
MaRKiToScoK: checks 
PutsTom: checks 
*** SHOW DOWN ***
MaRKiToScoK: shows [Jd Qd] (a pair of Deuces)
PutsTom: shows [7s 7c] (two pair, Sevens and Deuces)
PutsTom collected $85.14 from pot
*** SUMMARY ***
Total pot $87.64 | Rake $2.50 
Board [4d 6c 2s 2h Ts]
Seat 6: KOSEC510
Seat 1: Rdalonso folded before Flop (didn't bet)
Seat 2: PutsTom showed [7s 7c] and won ($85.14) with two pair, Sevens and Deuces
Seat 3: joaquin612 (button) folded before Flop (didn't bet)
Seat 4: MaRKiToScoK (small blind) showed [Jd Qd] and lost with a pair of Deuces
Seat 5: xcinaz (big blind) folded before Flop



PokerStars Hand #254244860753:  Hold'em No Limit ($0.50/$1.00 USD) - 2025/01/07 13:55:46 WET [2025/01/07 8:55:46 ET]
Table 'Gyldenia II' 6-max Seat #4 is the button
Seat 1: Rdalonso ($124.99 in chips) 
Seat 2: PutsTom ($153.11 in chips) 
Seat 3: joaquin612 ($104.22 in chips) 
Seat 4: MaRKiToScoK ($100 in chips) 
Seat 5: xcinaz ($101.01 in chips) 
Seat 6: whitecillar3 ($100 in chips) 
xcinaz: posts small blind $0.50
whitecillar3: posts big blind $1
*** HOLE CARDS ***
Rdalonso: folds 
PutsTom: folds 
joaquin612: folds 
MaRKiToScoK: raises $1.50 to $2.50
xcinaz: folds 
whitecillar3: folds 
Uncalled bet ($1.50) returned to MaRKiToScoK
MaRKiToScoK collected $2.50 from pot
*** SUMMARY ***
Total pot $2.50 | Rake $0 
Seat 1: Rdalonso folded before Flop (didn't bet)
Seat 2: PutsTom folded before Flop (didn't bet)
Seat 3: joaquin612 folded before Flop (didn't bet)
Seat 4: MaRKiToScoK (button) collected ($2.50)
Seat 5: xcinaz (small blind) folded before Flop
Seat 6: whitecillar3 (big blind) folded before Flop



PokerStars Hand #254244863018:  Hold'em No Limit ($0.50/$1.00 USD) - 2025/01/07 13:56:01 WET [2025/01/07 8:56:01 ET]
Table 'Gyldenia II' 6-max Seat #5 is the button
Seat 1: Rdalonso ($124.99 in chips) 
Seat 2: PutsTom ($153.11 in chips) 
Seat 3: joaquin612 ($104.22 in chips) 
Seat 4: MaRKiToScoK ($101.50 in chips) 
Seat 5: xcinaz ($100.51 in chips) 
Seat 6: whitecillar3 ($99 in chips) 
whitecillar3: posts small blind $0.50
Rdalonso: posts big blind $1
*** HOLE CARDS ***
PutsTom: folds 
joaquin612: folds 
MaRKiToScoK: folds 
xcinaz: raises $1.50 to $2.50
whitecillar3: folds 
joaquin612 leaves the table
Rdalonso: calls $1.50
*** FLOP *** [Ac 3c Jc]
Rdalonso: checks 
xcinaz: checks 
*** TURN *** [Ac 3c Jc] [7c]
Rdalonso: checks 
xcinaz: checks 
*** RIVER *** [Ac 3c Jc 7c] [6h]
XattexStomil joins the table at seat #3 
Rdalonso: bets $6.63
xcinaz: folds 
Uncalled bet ($6.63) returned to Rdalonso
Rdalonso collected $5.22 from pot
Rdalonso: doesn't show hand 
*** SUMMARY ***
Total pot $5.50 | Rake $0.28 
Board [Ac 3c Jc 7c 6h]
Seat 1: Rdalonso (big blind) collected ($5.22)
Seat 2: PutsTom folded before Flop (didn't bet)
Seat 3: joaquin612 folded before Flop (didn't bet)
Seat 4: MaRKiToScoK folded before Flop (didn't bet)
Seat 5: xcinaz (button) folded on the River
Seat 6: whitecillar3 (small blind) folded before Flop



PokerStars Hand #254244872620:  Hold'em No Limit ($0.50/$1.00 USD) - 2025/01/07 13:57:08 WET [2025/01/07 8:57:08 ET]
Table 'Gyldenia II' 6-max Seat #6 is the button
Seat 3: XattexStomil ($100 in chips) is sitting out
Seat 1: Rdalonso ($127.71 in chips) 
Seat 2: PutsTom ($153.11 in chips) 
Seat 4: MaRKiToScoK ($101.50 in chips) 
Seat 5: xcinaz ($100 in chips) 
Seat 6: whitecillar3 ($98.50 in chips) 
Rdalonso: posts small blind $0.50
PutsTom: posts big blind $1
XattexStomil: sits out 
*** HOLE CARDS ***
MaRKiToScoK: folds 
xcinaz: folds 
whitecillar3: raises $1.50 to $2.50
Rdalonso: folds 
PutsTom: calls $1.50
*** FLOP *** [Jh 2d Ac]
PutsTom: checks 
whitecillar3: bets $1.62
PutsTom: calls $1.62
*** TURN *** [Jh 2d Ac] [Kc]
PutsTom: checks 
whitecillar3: bets $6.31
PutsTom: calls $6.31
*** RIVER *** [Jh 2d Ac Kc] [5s]
PutsTom: checks 
whitecillar3: checks 
*** SHOW DOWN ***
PutsTom: shows [Ah Ts] (a pair of Aces)
whitecillar3: mucks hand 
PutsTom collected $20.29 from pot
*** SUMMARY ***
Total pot $21.36 | Rake $1.07 
Board [Jh 2d Ac Kc 5s]
Seat 3: XattexStomil
Seat 1: Rdalonso (small blind) folded before Flop
Seat 2: PutsTom (big blind) showed [Ah Ts] and won ($20.29) with a pair of Aces
Seat 4: MaRKiToScoK folded before Flop (didn't bet)
Seat 5: xcinaz folded before Flop (didn't bet)
Seat 6: whitecillar3 (button) mucked



PokerStars Hand #254244879003:  Hold'em No Limit ($0.50/$1.00 USD) - 2025/01/07 13:57:53 WET [2025/01/07 8:57:53 ET]
Table 'Gyldenia II' 6-max Seat #1 is the button
Seat 1: Rdalonso ($127.21 in chips) 
Seat 2: PutsTom ($162.97 in chips) 
Seat 3: XattexStomil ($100 in chips) 
Seat 4: MaRKiToScoK ($101.50 in chips) 
Seat 5: xcinaz ($100 in chips) 
Seat 6: whitecillar3 ($100 in chips) 
PutsTom: posts small blind $0.50
XattexStomil: posts big blind $1
*** HOLE CARDS ***
MaRKiToScoK: folds 
xcinaz: raises $1 to $2
whitecillar3: folds 
Rdalonso: folds 
PutsTom: folds 
XattexStomil: folds 
Uncalled bet ($1) returned to xcinaz
xcinaz collected $2.50 from pot
xcinaz: doesn't show hand 
*** SUMMARY ***
Total pot $2.50 | Rake $0 
Seat 1: Rdalonso (button) folded before Flop (didn't bet)
Seat 2: PutsTom (small blind) folded before Flop
Seat 3: XattexStomil (big blind) folded before Flop
Seat 4: MaRKiToScoK folded before Flop (didn't bet)
Seat 5: xcinaz collected ($2.50)
Seat 6: whitecillar3 folded before Flop (didn't bet)



PokerStars Hand #254244881980:  Hold'em No Limit ($0.50/$1.00 USD) - 2025/01/07 13:58:13 WET [2025/01/07 8:58:13 ET]
Table 'Gyldenia II' 6-max Seat #2 is the button
Seat 1: Rdalonso ($127.21 in chips) 
Seat 2: PutsTom ($162.47 in chips) 
Seat 3: XattexStomil ($100 in chips) 
Seat 4: MaRKiToScoK ($101.50 in chips) 
Seat 5: xcinaz ($101.50 in chips) 
Seat 6: whitecillar3 ($100 in chips) 
XattexStomil: posts small blind $0.50
MaRKiToScoK: posts big blind $1
*** HOLE CARDS ***
xcinaz: raises $1 to $2
whitecillar3: folds 
Rdalonso: folds 
PutsTom: folds 
XattexStomil: folds 
MaRKiToScoK: folds 
Uncalled bet ($1) returned to xcinaz
xcinaz collected $2.50 from pot
xcinaz: doesn't show hand 
*** SUMMARY ***
Total pot $2.50 | Rake $0 
Seat 1: Rdalonso folded before Flop (didn't bet)
Seat 2: PutsTom (button) folded before Flop (didn't bet)
Seat 3: XattexStomil (small blind) folded before Flop
Seat 4: MaRKiToScoK (big blind) folded before Flop
Seat 5: xcinaz collected ($2.50)
Seat 6: whitecillar3 folded before Flop (didn't bet)



PokerStars Hand #254244883716:  Hold'em No Limit ($0.50/$1.00 USD) - 2025/01/07 13:58:26 WET [2025/01/07 8:58:26 ET]
Table 'Gyldenia II' 6-max Seat #3 is the button
Seat 1: Rdalonso ($127.21 in chips) 
Seat 2: PutsTom ($162.47 in chips) 
Seat 3: XattexStomil ($100 in chips) 
Seat 4: MaRKiToScoK ($100.50 in chips) 
Seat 5: xcinaz ($103 in chips) 
Seat 6: whitecillar3 ($100 in chips) 
MaRKiToScoK: posts small blind $0.50
xcinaz: posts big blind $1
*** HOLE CARDS ***
whitecillar3: folds 
Rdalonso: folds 
PutsTom: folds 
XattexStomil: folds 
MaRKiToScoK: raises $1.70 to $2.70
xcinaz: folds 
Uncalled bet ($1.70) returned to MaRKiToScoK
MaRKiToScoK collected $2 from pot
*** SUMMARY ***
Total pot $2 | Rake $0 
Seat 1: Rdalonso folded before Flop (didn't bet)
Seat 2: PutsTom folded before Flop (didn't bet)
Seat 3: XattexStomil (button) folded before Flop (didn't bet)
Seat 4: MaRKiToScoK (small blind) collected ($2)
Seat 5: xcinaz (big blind) folded before Flop
Seat 6: whitecillar3 folded before Flop (didn't bet)



PokerStars Hand #254244886298:  Hold'em No Limit ($0.50/$1.00 USD) - 2025/01/07 13:58:44 WET [2025/01/07 8:58:44 ET]
Table 'Gyldenia II' 6-max Seat #4 is the button
Seat 1: Rdalonso ($127.21 in chips) 
Seat 2: PutsTom ($162.47 in chips) 
Seat 3: XattexStomil ($100 in chips) 
Seat 4: MaRKiToScoK ($101.50 in chips) 
Seat 5: xcinaz ($102 in chips) 
Seat 6: whitecillar3 ($100 in chips) 
xcinaz: posts small blind $0.50
whitecillar3: posts big blind $1
*** HOLE CARDS ***
Rdalonso: folds 
PutsTom: folds 
XattexStomil: folds 
MaRKiToScoK: raises $1.50 to $2.50
xcinaz: folds 
whitecillar3: folds 
Uncalled bet ($1.50) returned to MaRKiToScoK
MaRKiToScoK collected $2.50 from pot
*** SUMMARY ***
Total pot $2.50 | Rake $0 
Seat 1: Rdalonso folded before Flop (didn't bet)
Seat 2: PutsTom folded before Flop (didn't bet)
Seat 3: XattexStomil folded before Flop (didn't bet)
Seat 4: MaRKiToScoK (button) collected ($2.50)
Seat 5: xcinaz (small blind) folded before Flop
Seat 6: whitecillar3 (big blind) folded before Flop



PokerStars Hand #254244955305:  Hold'em No Limit ($0.50/$1.00 USD) - 2025/01/07 14:05:36 WET [2025/01/07 9:05:36 ET]
Table 'Gyldenia II' 6-max Seat #1 is the button
Seat 4: MaRKiToScoK ($161.60 in chips) is sitting out
Seat 1: GuigaMan ($104.11 in chips) 
Seat 3: XattexStomil ($100 in chips) 
Seat 5: xcinaz ($101.50 in chips) 
Seat 6: whitecillar3 ($99.50 in chips) 
XattexStomil: posts small blind $0.50
MaRKiToScoK: is sitting out 
xcinaz: posts big blind $1
*** HOLE CARDS ***
whitecillar3: folds 
GuigaMan: folds 
XattexStomil: folds 
Uncalled bet ($0.50) returned to xcinaz
xcinaz collected $1 from pot
xcinaz: doesn't show hand 
*** SUMMARY ***
Total pot $1 | Rake $0 
Seat 4: MaRKiToScoK
Seat 1: GuigaMan (button) folded before Flop (didn't bet)
Seat 3: XattexStomil (small blind) folded before Flop
Seat 5: xcinaz (big blind) collected ($1)
Seat 6: whitecillar3 folded before Flop (didn't bet)



PokerStars Hand #254244957226:  Hold'em No Limit ($0.50/$1.00 USD) - 2025/01/07 14:05:46 WET [2025/01/07 9:05:46 ET]
Table 'Gyldenia II' 6-max Seat #3 is the button
Seat 4: MaRKiToScoK ($161.60 in chips) is sitting out
Seat 1: GuigaMan ($104.11 in chips) 
Seat 3: XattexStomil ($100 in chips) 
Seat 5: xcinaz ($102 in chips) 
Seat 6: whitecillar3 ($99.50 in chips) 
xcinaz: posts small blind $0.50
whitecillar3: posts big blind $1
*** HOLE CARDS ***
MaRKiToScoK leaves the table
GuigaMan: raises $1.10 to $2.10
XattexStomil: folds 
xcinaz: folds 
whitecillar3: folds 
Uncalled bet ($1.10) returned to GuigaMan
GuigaMan collected $2.50 from pot
GuigaMan: doesn't show hand 
*** SUMMARY ***
Total pot $2.50 | Rake $0 
Seat 4: MaRKiToScoK
Seat 1: GuigaMan collected ($2.50)
Seat 3: XattexStomil (button) folded before Flop (didn't bet)
Seat 5: xcinaz (small blind) folded before Flop
Seat 6: whitecillar3 (big blind) folded before Flop



PokerStars Hand #254244960686:  Hold'em No Limit ($0.50/$1.00 USD) - 2025/01/07 14:06:05 WET [2025/01/07 9:06:05 ET]
Table 'Gyldenia II' 6-max Seat #5 is the button
Seat 1: GuigaMan ($105.61 in chips) 
Seat 3: XattexStomil ($100 in chips) 
Seat 5: xcinaz ($101.50 in chips) 
Seat 6: whitecillar3 ($98.50 in chips) 
whitecillar3: posts small blind $0.50
GuigaMan: posts big blind $1
*** HOLE CARDS ***
XattexStomil: folds 
xcinaz: folds 
whitecillar3: raises $2 to $3
GuigaMan: calls $2
*** FLOP *** [Qs Qc 7s]
whitecillar3: bets $1.77
GuigaMan: folds 
Uncalled bet ($1.77) returned to whitecillar3
whitecillar3 collected $5.70 from pot
*** SUMMARY ***
Total pot $6 | Rake $0.30 
Board [Qs Qc 7s]
Seat 1: GuigaMan (big blind) folded on the Flop
Seat 3: XattexStomil folded before Flop (didn't bet)
Seat 5: xcinaz (button) folded before Flop (didn't bet)
Seat 6: whitecillar3 (small blind) collected ($5.70)



PokerStars Hand #254244964625:  Hold'em No Limit ($0.50/$1.00 USD) - 2025/01/07 14:06:27 WET [2025/01/07 9:06:27 ET]
Table 'Gyldenia II' 6-max Seat #6 is the button
Seat 1: GuigaMan ($102.61 in chips) 
Seat 3: XattexStomil ($100 in chips) 
Seat 5: xcinaz ($101.50 in chips) 
Seat 6: whitecillar3 ($101.20 in chips) 
GuigaMan: posts small blind $0.50
XattexStomil: posts big blind $1
*** HOLE CARDS ***
xcinaz: folds 
whitecillar3: raises $1.50 to $2.50
GuigaMan: folds 
XattexStomil: folds 
Uncalled bet ($1.50) returned to whitecillar3
whitecillar3 collected $2.50 from pot
*** SUMMARY ***
Total pot $2.50 | Rake $0 
Seat 1: GuigaMan (small blind) folded before Flop
Seat 3: XattexStomil (big blind) folded before Flop
Seat 5: xcinaz folded before Flop (didn't bet)
Seat 6: whitecillar3 (button) collected ($2.50)



PokerStars Hand #254244968015:  Hold'em No Limit ($0.50/$1.00 USD) - 2025/01/07 14:06:46 WET [2025/01/07 9:06:46 ET]
Table 'Gyldenia II' 6-max Seat #1 is the button
Seat 5: xcinaz ($101.50 in chips) is sitting out
Seat 1: GuigaMan ($102.11 in chips) 
Seat 3: XattexStomil ($100 in chips) 
Seat 6: whitecillar3 ($102.70 in chips) 
XattexStomil: posts small blind $0.50
xcinaz: is sitting out 
whitecillar3: posts big blind $1
*** HOLE CARDS ***
GuigaMan: folds 
xcinaz leaves the table
XattexStomil: calls $0.50
whitecillar3: raises $3 to $4
XattexStomil: calls $3
*** FLOP *** [5s Jd 7c]
XattexStomil: checks 
whitecillar3: bets $3.95
XattexStomil: folds 
Uncalled bet ($3.95) returned to whitecillar3
whitecillar3 collected $7.60 from pot
*** SUMMARY ***
Total pot $8 | Rake $0.40 
Board [5s Jd 7c]
Seat 5: xcinaz
Seat 1: GuigaMan (button) folded before Flop (didn't bet)
Seat 3: XattexStomil (small blind) folded on the Flop
Seat 6: whitecillar3 (big blind) collected ($7.60)



PokerStars Hand #254244975439:  Hold'em No Limit ($0.50/$1.00 USD) - 2025/01/07 14:07:27 WET [2025/01/07 9:07:27 ET]
Table 'Gyldenia II' 6-max Seat #3 is the button
Seat 1: GuigaMan ($102.11 in chips) 
Seat 3: XattexStomil ($100 in chips) 
Seat 6: whitecillar3 ($106.30 in chips) 
whitecillar3: posts small blind $0.50
GuigaMan: posts big blind $1
*** HOLE CARDS ***
XattexStomil: folds 
whitecillar3: raises $2 to $3
GuigaMan: folds 
Uncalled bet ($2) returned to whitecillar3
whitecillar3 collected $2 from pot
*** SUMMARY ***
Total pot $2 | Rake $0 
Seat 1: GuigaMan (big blind) folded before Flop
Seat 3: XattexStomil (button) folded before Flop (didn't bet)
Seat 6: whitecillar3 (small blind) collected ($2)



PokerStars Hand #254244977322:  Hold'em No Limit ($0.50/$1.00 USD) - 2025/01/07 14:07:38 WET [2025/01/07 9:07:38 ET]
Table 'Gyldenia II' 6-max Seat #1 is the button
Seat 3: XattexStomil ($100 in chips) is sitting out
Seat 1: GuigaMan ($101.11 in chips) 
Seat 6: whitecillar3 ($107.30 in chips) 
GuigaMan: posts small blind $0.50
XattexStomil: is sitting out 
whitecillar3: posts big blind $1
*** HOLE CARDS ***
GuigaMan: raises $1.10 to $2.10
whitecillar3: calls $1.10
*** FLOP *** [Js Jd Qd]
whitecillar3: checks 
GuigaMan: bets $1.20
whitecillar3: folds 
Uncalled bet ($1.20) returned to GuigaMan
GuigaMan collected $3.99 from pot
GuigaMan: doesn't show hand 
*** SUMMARY ***
Total pot $4.20 | Rake $0.21 
Board [Js Jd Qd]
Seat 3: XattexStomil
Seat 1: GuigaMan (button) (small blind) collected ($3.99)
Seat 6: whitecillar3 (big blind) folded on the Flop



