PokerStars Hand #254243003106:  Hold'em No Limit ($0.50/$1.00 USD) - 2025/01/07 11:22:47 WET [2025/01/07 6:22:47 ET]
Table 'Dunant' 6-max Seat #4 is the button
Seat 1: BelSv ($118.04 in chips) 
Seat 2: PokerMatt666 ($79.01 in chips) 
Seat 3: Gfoer ($100 in chips) 
Seat 4: kuhclemO ($101 in chips) 
Seat 5: Gluck35 ($100 in chips) 
Seat 6: kniferok ($100 in chips) 
Gluck35: posts small blind $0.50
kniferok: posts big blind $1
*** HOLE CARDS ***
BelSv: folds 
PokerMatt666: calls $1
Gfoer: folds 
kuhclemO: raises $3 to $4
Gluck35: folds 
kniferok: folds 
PokerMatt666: calls $3
*** FLOP *** [8d Tc Ad]
PokerMatt666: checks 
kuhclemO: bets $2.26
PokerMatt666: calls $2.26
*** TURN *** [8d Tc Ad] [9c]
PokerMatt666: bets $13.32
kuhclemO: folds 
Uncalled bet ($13.32) returned to PokerMatt666
PokerMatt666 collected $13.32 from pot
*** SUMMARY ***
Total pot $14.02 | Rake $0.70 
Board [8d Tc Ad 9c]
Seat 1: BelSv folded before Flop (didn't bet)
Seat 2: PokerMatt666 collected ($13.32)
Seat 3: Gfoer folded before Flop (didn't bet)
Seat 4: kuhclemO (button) folded on the Turn
Seat 5: Gluck35 (small blind) folded before Flop
Seat 6: kniferok (big blind) folded before Flop



PokerStars Hand #254243008453:  Hold'em No Limit ($0.50/$1.00 USD) - 2025/01/07 11:23:31 WET [2025/01/07 6:23:31 ET]
Table 'Dunant' 6-max Seat #5 is the button
Seat 1: BelSv ($118.04 in chips) 
Seat 2: PokerMatt666 ($86.07 in chips) 
Seat 3: Gfoer ($100 in chips) 
Seat 4: kuhclemO ($100 in chips) 
Seat 5: Gluck35 ($100 in chips) 
Seat 6: kniferok ($100 in chips) 
kniferok: posts small blind $0.50
BelSv: posts big blind $1
*** HOLE CARDS ***
PokerMatt666: folds 
Gfoer: folds 
kuhclemO: folds 
Gluck35: raises $1.25 to $2.25
kniferok: folds 
BelSv: folds 
Uncalled bet ($1.25) returned to Gluck35
Gluck35 collected $2.50 from pot
Gluck35: doesn't show hand 
*** SUMMARY ***
Total pot $2.50 | Rake $0 
Seat 1: BelSv (big blind) folded before Flop
Seat 2: PokerMatt666 folded before Flop (didn't bet)
Seat 3: Gfoer folded before Flop (didn't bet)
Seat 4: kuhclemO folded before Flop (didn't bet)
Seat 5: Gluck35 (button) collected ($2.50)
Seat 6: kniferok (small blind) folded before Flop



PokerStars Hand #254243010458:  Hold'em No Limit ($0.50/$1.00 USD) - 2025/01/07 11:23:47 WET [2025/01/07 6:23:47 ET]
Table 'Dunant' 6-max Seat #6 is the button
Seat 1: BelSv ($117.04 in chips) 
Seat 2: PokerMatt666 ($86.07 in chips) 
Seat 3: Gfoer ($100 in chips) 
Seat 4: kuhclemO ($100 in chips) 
Seat 5: Gluck35 ($101.50 in chips) 
Seat 6: kniferok ($100 in chips) 
BelSv: posts small blind $0.50
PokerMatt666: posts big blind $1
*** HOLE CARDS ***
Gfoer: raises $1.20 to $2.20
kuhclemO: folds 
Gluck35: folds 
kniferok: folds 
BelSv: folds 
PokerMatt666: folds 
Uncalled bet ($1.20) returned to Gfoer
Gfoer collected $2.50 from pot
Gfoer: doesn't show hand 
*** SUMMARY ***
Total pot $2.50 | Rake $0 
Seat 1: BelSv (small blind) folded before Flop
Seat 2: PokerMatt666 (big blind) folded before Flop
Seat 3: Gfoer collected ($2.50)
Seat 4: kuhclemO folded before Flop (didn't bet)
Seat 5: Gluck35 folded before Flop (didn't bet)
Seat 6: kniferok (button) folded before Flop (didn't bet)



PokerStars Hand #254243012172:  Hold'em No Limit ($0.50/$1.00 USD) - 2025/01/07 11:24:01 WET [2025/01/07 6:24:01 ET]
Table 'Dunant' 6-max Seat #1 is the button
Seat 1: BelSv ($116.54 in chips) 
Seat 2: PokerMatt666 ($85.07 in chips) 
Seat 3: Gfoer ($101.50 in chips) 
Seat 4: kuhclemO ($100 in chips) 
Seat 5: Gluck35 ($101.50 in chips) 
Seat 6: kniferok ($100 in chips) 
PokerMatt666: posts small blind $0.50
Gfoer: posts big blind $1
*** HOLE CARDS ***
kuhclemO: folds 
Gluck35: folds 
kniferok: raises $1.50 to $2.50
BelSv: folds 
PokerMatt666: calls $2
Gfoer: folds 
*** FLOP *** [8d Ac 3c]
PokerMatt666: checks 
kniferok: bets $3.85
PokerMatt666: calls $3.85
*** TURN *** [8d Ac 3c] [Kd]
PokerMatt666: bets $13.02
kniferok: calls $13.02
*** RIVER *** [8d Ac 3c Kd] [Jh]
PokerMatt666: bets $65.70 and is all-in
kniferok: folds 
Uncalled bet ($65.70) returned to PokerMatt666
PokerMatt666 collected $37.75 from pot
*** SUMMARY ***
Total pot $39.74 | Rake $1.99 
Board [8d Ac 3c Kd Jh]
Seat 1: BelSv (button) folded before Flop (didn't bet)
Seat 2: PokerMatt666 (small blind) collected ($37.75)
Seat 3: Gfoer (big blind) folded before Flop
Seat 4: kuhclemO folded before Flop (didn't bet)
Seat 5: Gluck35 folded before Flop (didn't bet)
Seat 6: kniferok folded on the River



PokerStars Hand #254243019670:  Hold'em No Limit ($0.50/$1.00 USD) - 2025/01/07 11:25:03 WET [2025/01/07 6:25:03 ET]
Table 'Dunant' 6-max Seat #2 is the button
Seat 1: BelSv ($116.54 in chips) 
Seat 2: PokerMatt666 ($103.45 in chips) 
Seat 3: Gfoer ($100.50 in chips) 
Seat 4: kuhclemO ($100 in chips) 
Seat 5: Gluck35 ($101.50 in chips) 
Seat 6: kniferok ($100 in chips) 
Gfoer: posts small blind $0.50
kuhclemO: posts big blind $1
*** HOLE CARDS ***
Gluck35: folds 
kniferok: folds 
BelSv: folds 
PokerMatt666: calls $1
Gfoer: folds 
kuhclemO: checks 
*** FLOP *** [5d 8h 3d]
kuhclemO: bets $1
PokerMatt666: calls $1
*** TURN *** [5d 8h 3d] [2s]
kuhclemO: bets $7
PokerMatt666: calls $7
*** RIVER *** [5d 8h 3d 2s] [8d]
kuhclemO: checks 
PokerMatt666: checks 
*** SHOW DOWN ***
kuhclemO: shows [2d 2c] (a full house, Deuces full of Eights)
PokerMatt666: mucks hand 
kuhclemO collected $17.58 from pot
*** SUMMARY ***
Total pot $18.50 | Rake $0.92 
Board [5d 8h 3d 2s 8d]
Seat 1: BelSv folded before Flop (didn't bet)
Seat 2: PokerMatt666 (button) mucked
Seat 3: Gfoer (small blind) folded before Flop
Seat 4: kuhclemO (big blind) showed [2d 2c] and won ($17.58) with a full house, Deuces full of Eights
Seat 5: Gluck35 folded before Flop (didn't bet)
Seat 6: kniferok folded before Flop (didn't bet)



PokerStars Hand #254243024568:  Hold'em No Limit ($0.50/$1.00 USD) - 2025/01/07 11:25:42 WET [2025/01/07 6:25:42 ET]
Table 'Dunant' 6-max Seat #3 is the button
Seat 1: BelSv ($116.54 in chips) 
Seat 2: PokerMatt666 ($94.45 in chips) 
Seat 3: Gfoer ($100 in chips) 
Seat 4: kuhclemO ($108.58 in chips) 
Seat 5: Gluck35 ($101.50 in chips) 
Seat 6: kniferok ($100 in chips) 
kuhclemO: posts small blind $0.50
Gluck35: posts big blind $1
*** HOLE CARDS ***
kniferok: folds 
BelSv: raises $1.25 to $2.25
PokerMatt666: calls $2.25
Gfoer: folds 
kuhclemO: folds 
Gluck35: calls $1.25
*** FLOP *** [Ts Qh 4h]
Gluck35: checks 
BelSv: bets $5.17
PokerMatt666: folds 
Gluck35: calls $5.17
*** TURN *** [Ts Qh 4h] [4c]
Gluck35: checks 
BelSv: bets $12.53
Gluck35: folds 
Uncalled bet ($12.53) returned to BelSv
BelSv collected $16.71 from pot
BelSv: doesn't show hand 
*** SUMMARY ***
Total pot $17.59 | Rake $0.88 
Board [Ts Qh 4h 4c]
Seat 1: BelSv collected ($16.71)
Seat 2: PokerMatt666 folded on the Flop
Seat 3: Gfoer (button) folded before Flop (didn't bet)
Seat 4: kuhclemO (small blind) folded before Flop
Seat 5: Gluck35 (big blind) folded on the Turn
Seat 6: kniferok folded before Flop (didn't bet)



PokerStars Hand #254243032602:  Hold'em No Limit ($0.50/$1.00 USD) - 2025/01/07 11:26:46 WET [2025/01/07 6:26:46 ET]
Table 'Dunant' 6-max Seat #4 is the button
Seat 1: BelSv ($125.83 in chips) 
Seat 2: PokerMatt666 ($92.20 in chips) 
Seat 3: Gfoer ($100 in chips) 
Seat 4: kuhclemO ($108.08 in chips) 
Seat 5: Gluck35 ($100 in chips) 
Seat 6: kniferok ($100 in chips) 
Gluck35: posts small blind $0.50
kniferok: posts big blind $1
*** HOLE CARDS ***
BelSv: folds 
PokerMatt666: folds 
Gfoer: raises $1.20 to $2.20
kuhclemO: folds 
Gluck35: folds 
kniferok: folds 
Uncalled bet ($1.20) returned to Gfoer
Gfoer collected $2.50 from pot
Gfoer: doesn't show hand 
*** SUMMARY ***
Total pot $2.50 | Rake $0 
Seat 1: BelSv folded before Flop (didn't bet)
Seat 2: PokerMatt666 folded before Flop (didn't bet)
Seat 3: Gfoer collected ($2.50)
Seat 4: kuhclemO (button) folded before Flop (didn't bet)
Seat 5: Gluck35 (small blind) folded before Flop
Seat 6: kniferok (big blind) folded before Flop



PokerStars Hand #254243036149:  Hold'em No Limit ($0.50/$1.00 USD) - 2025/01/07 11:27:15 WET [2025/01/07 6:27:15 ET]
Table 'Dunant' 6-max Seat #5 is the button
Seat 1: BelSv ($125.83 in chips) 
Seat 2: PokerMatt666 ($92.20 in chips) 
Seat 3: Gfoer ($101.50 in chips) 
Seat 4: kuhclemO ($108.08 in chips) 
Seat 5: Gluck35 ($100 in chips) 
Seat 6: kniferok ($100 in chips) 
kniferok: posts small blind $0.50
BelSv: posts big blind $1
*** HOLE CARDS ***
PokerMatt666: calls $1
Gfoer: raises $3.50 to $4.50
kuhclemO: folds 
Gluck35: folds 
kniferok: folds 
BelSv: folds 
PokerMatt666: calls $3.50
*** FLOP *** [Qd 3d Ks]
PokerMatt666: checks 
Gfoer: bets $7.49
PokerMatt666: folds 
Uncalled bet ($7.49) returned to Gfoer
Gfoer collected $9.98 from pot
Gfoer: doesn't show hand 
*** SUMMARY ***
Total pot $10.50 | Rake $0.52 
Board [Qd 3d Ks]
Seat 1: BelSv (big blind) folded before Flop
Seat 2: PokerMatt666 folded on the Flop
Seat 3: Gfoer collected ($9.98)
Seat 4: kuhclemO folded before Flop (didn't bet)
Seat 5: Gluck35 (button) folded before Flop (didn't bet)
Seat 6: kniferok (small blind) folded before Flop



PokerStars Hand #254243041737:  Hold'em No Limit ($0.50/$1.00 USD) - 2025/01/07 11:28:00 WET [2025/01/07 6:28:00 ET]
Table 'Dunant' 6-max Seat #6 is the button
Seat 1: BelSv ($124.83 in chips) 
Seat 2: PokerMatt666 ($87.70 in chips) 
Seat 3: Gfoer ($106.98 in chips) 
Seat 4: kuhclemO ($108.08 in chips) 
Seat 5: Gluck35 ($100 in chips) 
Seat 6: kniferok ($100 in chips) 
BelSv: posts small blind $0.50
PokerMatt666: posts big blind $1
*** HOLE CARDS ***
Gfoer: folds 
kuhclemO: folds 
Gluck35: folds 
kniferok: raises $1.50 to $2.50
BelSv: folds 
PokerMatt666: calls $1.50
*** FLOP *** [3s Ah 8c]
PokerMatt666: checks 
kniferok: bets $3.61
PokerMatt666: calls $3.61
*** TURN *** [3s Ah 8c] [7d]
PokerMatt666: checks 
kniferok: checks 
*** RIVER *** [3s Ah 8c 7d] [Td]
PokerMatt666: checks 
kniferok: checks 
*** SHOW DOWN ***
PokerMatt666: shows [4h 4d] (a pair of Fours)
kniferok: shows [7c Js] (a pair of Sevens)
kniferok collected $12.08 from pot
*** SUMMARY ***
Total pot $12.72 | Rake $0.64 
Board [3s Ah 8c 7d Td]
Seat 1: BelSv (small blind) folded before Flop
Seat 2: PokerMatt666 (big blind) showed [4h 4d] and lost with a pair of Fours
Seat 3: Gfoer folded before Flop (didn't bet)
Seat 4: kuhclemO folded before Flop (didn't bet)
Seat 5: Gluck35 folded before Flop (didn't bet)
Seat 6: kniferok (button) showed [7c Js] and won ($12.08) with a pair of Sevens



PokerStars Hand #254243046135:  Hold'em No Limit ($0.50/$1.00 USD) - 2025/01/07 11:28:35 WET [2025/01/07 6:28:35 ET]
Table 'Dunant' 6-max Seat #1 is the button
Seat 1: BelSv ($124.33 in chips) 
Seat 2: PokerMatt666 ($81.59 in chips) 
Seat 3: Gfoer ($106.98 in chips) 
Seat 4: kuhclemO ($108.08 in chips) 
Seat 5: Gluck35 ($100 in chips) 
Seat 6: kniferok ($105.97 in chips) 
PokerMatt666: posts small blind $0.50
Gfoer: posts big blind $1
*** HOLE CARDS ***
kuhclemO: folds 
Gluck35: folds 
kniferok: folds 
BelSv: raises $1.50 to $2.50
PokerMatt666: calls $2
Gfoer: folds 
*** FLOP *** [6c 7h 9s]
PokerMatt666: bets $2.85
BelSv: calls $2.85
*** TURN *** [6c 7h 9s] [Jd]
PokerMatt666: bets $11.12
BelSv: calls $11.12
*** RIVER *** [6c 7h 9s Jd] [3d]
PokerMatt666: checks 
BelSv: checks 
*** SHOW DOWN ***
PokerMatt666: shows [Ah Ac] (a pair of Aces)
BelSv: mucks hand 
PokerMatt666 collected $32.24 from pot
*** SUMMARY ***
Total pot $33.94 | Rake $1.70 
Board [6c 7h 9s Jd 3d]
Seat 1: BelSv (button) mucked
Seat 2: PokerMatt666 (small blind) showed [Ah Ac] and won ($32.24) with a pair of Aces
Seat 3: Gfoer (big blind) folded before Flop
Seat 4: kuhclemO folded before Flop (didn't bet)
Seat 5: Gluck35 folded before Flop (didn't bet)
Seat 6: kniferok folded before Flop (didn't bet)



PokerStars Hand #254243052655:  Hold'em No Limit ($0.50/$1.00 USD) - 2025/01/07 11:29:28 WET [2025/01/07 6:29:28 ET]
Table 'Dunant' 6-max Seat #2 is the button
Seat 1: BelSv ($107.86 in chips) 
Seat 2: PokerMatt666 ($97.36 in chips) 
Seat 3: Gfoer ($105.98 in chips) 
Seat 4: kuhclemO ($108.08 in chips) 
Seat 5: Gluck35 ($100 in chips) 
Seat 6: kniferok ($105.97 in chips) 
Gfoer: posts small blind $0.50
kuhclemO: posts big blind $1
*** HOLE CARDS ***
Gluck35: raises $1.25 to $2.25
kniferok: folds 
BelSv: folds 
PokerMatt666: calls $2.25
Gfoer: folds 
kuhclemO: folds 
*** FLOP *** [2s 6s 8h]
Gluck35: checks 
PokerMatt666: checks 
*** TURN *** [2s 6s 8h] [9c]
Gluck35: bets $3.50
PokerMatt666: calls $3.50
*** RIVER *** [2s 6s 8h 9c] [Jd]
Gluck35: bets $7
PokerMatt666: calls $7
*** SHOW DOWN ***
Gluck35: shows [Tc Jc] (a pair of Jacks)
PokerMatt666: shows [6d Jh] (two pair, Jacks and Sixes)
PokerMatt666 collected $25.65 from pot
*** SUMMARY ***
Total pot $27 | Rake $1.35 
Board [2s 6s 8h 9c Jd]
Seat 1: BelSv folded before Flop (didn't bet)
Seat 2: PokerMatt666 (button) showed [6d Jh] and won ($25.65) with two pair, Jacks and Sixes
Seat 3: Gfoer (small blind) folded before Flop
Seat 4: kuhclemO (big blind) folded before Flop
Seat 5: Gluck35 showed [Tc Jc] and lost with a pair of Jacks
Seat 6: kniferok folded before Flop (didn't bet)



PokerStars Hand #254243060947:  Hold'em No Limit ($0.50/$1.00 USD) - 2025/01/07 11:30:33 WET [2025/01/07 6:30:33 ET]
Table 'Dunant' 6-max Seat #3 is the button
Seat 1: BelSv ($107.86 in chips) 
Seat 2: PokerMatt666 ($110.26 in chips) 
Seat 3: Gfoer ($105.48 in chips) 
Seat 4: kuhclemO ($107.08 in chips) 
Seat 5: Gluck35 ($100 in chips) 
Seat 6: kniferok ($105.97 in chips) 
kuhclemO: posts small blind $0.50
Gluck35: posts big blind $1
*** HOLE CARDS ***
kniferok: folds 
BelSv: folds 
PokerMatt666: calls $1
Gfoer: folds 
kuhclemO: calls $0.50
Gluck35: checks 
*** FLOP *** [6d 3h 6c]
kuhclemO: checks 
Gluck35: checks 
PokerMatt666: checks 
*** TURN *** [6d 3h 6c] [6s]
kuhclemO: checks 
Gluck35: checks 
PokerMatt666: checks 
*** RIVER *** [6d 3h 6c 6s] [Js]
kuhclemO: checks 
Gluck35: checks 
PokerMatt666: checks 
*** SHOW DOWN ***
kuhclemO: shows [8d Qc] (three of a kind, Sixes)
Gluck35: mucks hand 
PokerMatt666: shows [Ts Jh] (a full house, Sixes full of Jacks)
PokerMatt666 collected $2.85 from pot
*** SUMMARY ***
Total pot $3 | Rake $0.15 
Board [6d 3h 6c 6s Js]
Seat 1: BelSv folded before Flop (didn't bet)
Seat 2: PokerMatt666 showed [Ts Jh] and won ($2.85) with a full house, Sixes full of Jacks
Seat 3: Gfoer (button) folded before Flop (didn't bet)
Seat 4: kuhclemO (small blind) showed [8d Qc] and lost with three of a kind, Sixes
Seat 5: Gluck35 (big blind) mucked
Seat 6: kniferok folded before Flop (didn't bet)



PokerStars Hand #254243067858:  Hold'em No Limit ($0.50/$1.00 USD) - 2025/01/07 11:31:28 WET [2025/01/07 6:31:28 ET]
Table 'Dunant' 6-max Seat #4 is the button
Seat 1: BelSv ($107.86 in chips) 
Seat 2: PokerMatt666 ($112.11 in chips) 
Seat 3: Gfoer ($105.48 in chips) 
Seat 4: kuhclemO ($106.08 in chips) 
Seat 5: Gluck35 ($100 in chips) 
Seat 6: kniferok ($105.97 in chips) 
Gluck35: posts small blind $0.50
kniferok: posts big blind $1
*** HOLE CARDS ***
BelSv: folds 
PokerMatt666: calls $1
Gfoer: folds 
kuhclemO: raises $3 to $4
Gluck35: folds 
kniferok: folds 
PokerMatt666: calls $3
*** FLOP *** [Js 5h Jd]
PokerMatt666: checks 
kuhclemO: bets $2.26
PokerMatt666: raises $2.26 to $4.52
kuhclemO: calls $2.26
*** TURN *** [Js 5h Jd] [Ks]
PokerMatt666: checks 
kuhclemO: checks 
*** RIVER *** [Js 5h Jd Ks] [9h]
PokerMatt666: checks 
kuhclemO: checks 
*** SHOW DOWN ***
PokerMatt666: shows [Jc 2h] (three of a kind, Jacks)
kuhclemO: mucks hand 
PokerMatt666 collected $17.61 from pot
*** SUMMARY ***
Total pot $18.54 | Rake $0.93 
Board [Js 5h Jd Ks 9h]
Seat 1: BelSv folded before Flop (didn't bet)
Seat 2: PokerMatt666 showed [Jc 2h] and won ($17.61) with three of a kind, Jacks
Seat 3: Gfoer folded before Flop (didn't bet)
Seat 4: kuhclemO (button) mucked
Seat 5: Gluck35 (small blind) folded before Flop
Seat 6: kniferok (big blind) folded before Flop



PokerStars Hand #254243076676:  Hold'em No Limit ($0.50/$1.00 USD) - 2025/01/07 11:32:38 WET [2025/01/07 6:32:38 ET]
Table 'Dunant' 6-max Seat #5 is the button
Seat 1: BelSv ($107.86 in chips) 
Seat 2: PokerMatt666 ($121.20 in chips) 
Seat 3: Gfoer ($105.48 in chips) 
Seat 4: kuhclemO ($100 in chips) 
Seat 5: Gluck35 ($100 in chips) 
Seat 6: kniferok ($104.97 in chips) 
kniferok: posts small blind $0.50
BelSv: posts big blind $1
*** HOLE CARDS ***
PokerMatt666: calls $1
Gfoer: folds 
kuhclemO: folds 
Gluck35: raises $3 to $4
kniferok: folds 
BelSv: folds 
PokerMatt666: calls $3
*** FLOP *** [Ks 4s Kh]
PokerMatt666: checks 
Gluck35: bets $3
PokerMatt666: calls $3
*** TURN *** [Ks 4s Kh] [6h]
PokerMatt666: checks 
Gluck35: bets $10
PokerMatt666: folds 
Uncalled bet ($10) returned to Gluck35
Gluck35 collected $14.72 from pot
Gluck35: doesn't show hand 
*** SUMMARY ***
Total pot $15.50 | Rake $0.78 
Board [Ks 4s Kh 6h]
Seat 1: BelSv (big blind) folded before Flop
Seat 2: PokerMatt666 folded on the Turn
Seat 3: Gfoer folded before Flop (didn't bet)
Seat 4: kuhclemO folded before Flop (didn't bet)
Seat 5: Gluck35 (button) collected ($14.72)
Seat 6: kniferok (small blind) folded before Flop



PokerStars Hand #254243086890:  Hold'em No Limit ($0.50/$1.00 USD) - 2025/01/07 11:33:56 WET [2025/01/07 6:33:56 ET]
Table 'Dunant' 6-max Seat #6 is the button
Seat 1: BelSv ($106.86 in chips) 
Seat 2: PokerMatt666 ($114.20 in chips) 
Seat 3: Gfoer ($105.48 in chips) 
Seat 4: kuhclemO ($100 in chips) 
Seat 5: Gluck35 ($107.72 in chips) 
Seat 6: kniferok ($104.47 in chips) 
BelSv: posts small blind $0.50
PokerMatt666: posts big blind $1
*** HOLE CARDS ***
Gfoer: folds 
kuhclemO: folds 
Gluck35: folds 
kniferok: raises $1.50 to $2.50
BelSv: folds 
PokerMatt666: folds 
Uncalled bet ($1.50) returned to kniferok
kniferok collected $2.50 from pot
kniferok: doesn't show hand 
*** SUMMARY ***
Total pot $2.50 | Rake $0 
Seat 1: BelSv (small blind) folded before Flop
Seat 2: PokerMatt666 (big blind) folded before Flop
Seat 3: Gfoer folded before Flop (didn't bet)
Seat 4: kuhclemO folded before Flop (didn't bet)
Seat 5: Gluck35 folded before Flop (didn't bet)
Seat 6: kniferok (button) collected ($2.50)



PokerStars Hand #254243092174:  Hold'em No Limit ($0.50/$1.00 USD) - 2025/01/07 11:34:36 WET [2025/01/07 6:34:36 ET]
Table 'Dunant' 6-max Seat #1 is the button
Seat 1: BelSv ($106.36 in chips) 
Seat 2: PokerMatt666 ($113.20 in chips) 
Seat 3: Gfoer ($105.48 in chips) 
Seat 4: kuhclemO ($100 in chips) 
Seat 5: Gluck35 ($107.72 in chips) 
Seat 6: kniferok ($105.97 in chips) 
PokerMatt666: posts small blind $0.50
Gfoer: posts big blind $1
*** HOLE CARDS ***
kuhclemO: folds 
Gluck35: raises $1.25 to $2.25
kniferok: folds 
BelSv: folds 
PokerMatt666 is disconnected 
PokerMatt666 is connected 
PokerMatt666 has timed out
PokerMatt666: folds 
PokerMatt666 is disconnected 
Gfoer: raises $10.25 to $12.50
Gluck35: folds 
Uncalled bet ($10.25) returned to Gfoer
Gfoer collected $5 from pot
Gfoer: doesn't show hand 
*** SUMMARY ***
Total pot $5 | Rake $0 
Seat 1: BelSv (button) folded before Flop (didn't bet)
Seat 2: PokerMatt666 (small blind) folded before Flop
Seat 3: Gfoer (big blind) collected ($5)
Seat 4: kuhclemO folded before Flop (didn't bet)
Seat 5: Gluck35 folded before Flop
Seat 6: kniferok folded before Flop (didn't bet)



PokerStars Hand #254243100405:  Hold'em No Limit ($0.50/$1.00 USD) - 2025/01/07 11:35:37 WET [2025/01/07 6:35:37 ET]
Table 'Dunant' 6-max Seat #3 is the button
Seat 2: PokerMatt666 ($112.70 in chips) is sitting out
Seat 1: BelSv ($106.36 in chips) 
Seat 3: Gfoer ($108.23 in chips) 
Seat 4: kuhclemO ($100 in chips) 
Seat 5: Gluck35 ($105.47 in chips) 
Seat 6: kniferok ($105.97 in chips) 
kuhclemO: posts small blind $0.50
Gluck35: posts big blind $1
*** HOLE CARDS ***
kniferok: raises $1.50 to $2.50
BelSv: folds 
Gfoer: folds 
kuhclemO: folds 
Gluck35: raises $9.10 to $11.60
kniferok: calls $9.10
*** FLOP *** [6c 2c 7s]
Gluck35: checks 
kniferok: checks 
*** TURN *** [6c 2c 7s] [9h]
Gluck35: checks 
kniferok: bets $8.76
Gluck35: folds 
Uncalled bet ($8.76) returned to kniferok
kniferok collected $22.52 from pot
kniferok: doesn't show hand 
*** SUMMARY ***
Total pot $23.70 | Rake $1.18 
Board [6c 2c 7s 9h]
Seat 2: PokerMatt666
Seat 1: BelSv folded before Flop (didn't bet)
Seat 3: Gfoer (button) folded before Flop (didn't bet)
Seat 4: kuhclemO (small blind) folded before Flop
Seat 5: Gluck35 (big blind) folded on the Turn
Seat 6: kniferok collected ($22.52)



PokerStars Hand #254243111445:  Hold'em No Limit ($0.50/$1.00 USD) - 2025/01/07 11:37:01 WET [2025/01/07 6:37:01 ET]
Table 'Dunant' 6-max Seat #4 is the button
Seat 1: BelSv ($106.36 in chips) 
Seat 2: PokerMatt666 ($112.70 in chips) 
Seat 3: Gfoer ($108.23 in chips) 
Seat 4: kuhclemO ($100 in chips) 
Seat 5: Gluck35 ($100 in chips) 
Seat 6: kniferok ($116.89 in chips) 
Gluck35: posts small blind $0.50
kniferok: posts big blind $1
*** HOLE CARDS ***
BelSv: folds 
PokerMatt666: calls $1
Gfoer: folds 
kuhclemO: folds 
Gluck35: folds 
kniferok: checks 
*** FLOP *** [3s 9d 3c]
kniferok: checks 
PokerMatt666: checks 
*** TURN *** [3s 9d 3c] [7d]
kniferok: checks 
PokerMatt666: checks 
*** RIVER *** [3s 9d 3c 7d] [Tc]
kniferok: checks 
PokerMatt666: checks 
*** SHOW DOWN ***
kniferok: shows [Qh 6c] (a pair of Threes)
PokerMatt666: shows [4h Ah] (a pair of Threes - Ace kicker)
PokerMatt666 collected $2.38 from pot
*** SUMMARY ***
Total pot $2.50 | Rake $0.12 
Board [3s 9d 3c 7d Tc]
Seat 1: BelSv folded before Flop (didn't bet)
Seat 2: PokerMatt666 showed [4h Ah] and won ($2.38) with a pair of Threes
Seat 3: Gfoer folded before Flop (didn't bet)
Seat 4: kuhclemO (button) folded before Flop (didn't bet)
Seat 5: Gluck35 (small blind) folded before Flop
Seat 6: kniferok (big blind) showed [Qh 6c] and lost with a pair of Threes



PokerStars Hand #254243116318:  Hold'em No Limit ($0.50/$1.00 USD) - 2025/01/07 11:37:37 WET [2025/01/07 6:37:37 ET]
Table 'Dunant' 6-max Seat #5 is the button
Seat 1: BelSv ($106.36 in chips) 
Seat 2: PokerMatt666 ($114.08 in chips) 
Seat 3: Gfoer ($108.23 in chips) 
Seat 4: kuhclemO ($100 in chips) 
Seat 5: Gluck35 ($100 in chips) 
Seat 6: kniferok ($115.89 in chips) 
kniferok: posts small blind $0.50
BelSv: posts big blind $1
*** HOLE CARDS ***
PokerMatt666: folds 
Gfoer: folds 
kuhclemO: folds 
Gluck35: raises $1.25 to $2.25
kniferok: folds 
BelSv: folds 
Uncalled bet ($1.25) returned to Gluck35
Gluck35 collected $2.50 from pot
Gluck35: doesn't show hand 
*** SUMMARY ***
Total pot $2.50 | Rake $0 
Seat 1: BelSv (big blind) folded before Flop
Seat 2: PokerMatt666 folded before Flop (didn't bet)
Seat 3: Gfoer folded before Flop (didn't bet)
Seat 4: kuhclemO folded before Flop (didn't bet)
Seat 5: Gluck35 (button) collected ($2.50)
Seat 6: kniferok (small blind) folded before Flop



PokerStars Hand #254243119151:  Hold'em No Limit ($0.50/$1.00 USD) - 2025/01/07 11:37:59 WET [2025/01/07 6:37:59 ET]
Table 'Dunant' 6-max Seat #6 is the button
Seat 1: BelSv ($105.36 in chips) 
Seat 2: PokerMatt666 ($114.08 in chips) 
Seat 3: Gfoer ($108.23 in chips) 
Seat 4: kuhclemO ($100 in chips) 
Seat 5: Gluck35 ($101.50 in chips) 
Seat 6: kniferok ($115.39 in chips) 
BelSv: posts small blind $0.50
PokerMatt666: posts big blind $1
*** HOLE CARDS ***
Gfoer: folds 
kuhclemO: folds 
Gluck35: folds 
kniferok: raises $1.50 to $2.50
BelSv: folds 
PokerMatt666: calls $1.50
*** FLOP *** [3d Js 9h]
PokerMatt666: checks 
kniferok: checks 
*** TURN *** [3d Js 9h] [Kd]
PokerMatt666: checks 
kniferok: bets $3.11
PokerMatt666: calls $3.11
*** RIVER *** [3d Js 9h Kd] [As]
PokerMatt666: checks 
kniferok: bets $13.63
PokerMatt666: calls $13.63
*** SHOW DOWN ***
kniferok: shows [Qs 7s] (high card Ace)
PokerMatt666: shows [Jc Th] (a pair of Jacks)
PokerMatt666 collected $37.03 from pot
*** SUMMARY ***
Total pot $38.98 | Rake $1.95 
Board [3d Js 9h Kd As]
Seat 1: BelSv (small blind) folded before Flop
Seat 2: PokerMatt666 (big blind) showed [Jc Th] and won ($37.03) with a pair of Jacks
Seat 3: Gfoer folded before Flop (didn't bet)
Seat 4: kuhclemO folded before Flop (didn't bet)
Seat 5: Gluck35 folded before Flop (didn't bet)
Seat 6: kniferok (button) showed [Qs 7s] and lost with high card Ace



PokerStars Hand #254243128514:  Hold'em No Limit ($0.50/$1.00 USD) - 2025/01/07 11:39:08 WET [2025/01/07 6:39:08 ET]
Table 'Dunant' 6-max Seat #1 is the button
Seat 1: BelSv ($104.86 in chips) 
Seat 2: PokerMatt666 ($131.87 in chips) 
Seat 3: Gfoer ($108.23 in chips) 
Seat 4: kuhclemO ($100 in chips) 
Seat 5: Gluck35 ($101.50 in chips) 
Seat 6: kniferok ($100 in chips) 
PokerMatt666: posts small blind $0.50
Gfoer: posts big blind $1
*** HOLE CARDS ***
kuhclemO: folds 
Gluck35: folds 
kniferok: folds 
BelSv: raises $1.50 to $2.50
PokerMatt666: calls $2
Gfoer: folds 
*** FLOP *** [Qd As 7d]
PokerMatt666: checks 
BelSv: checks 
*** TURN *** [Qd As 7d] [6h]
PokerMatt666: checks 
BelSv: checks 
*** RIVER *** [Qd As 7d 6h] [Jh]
PokerMatt666: checks 
BelSv: checks 
*** SHOW DOWN ***
PokerMatt666: shows [7s 8h] (a pair of Sevens)
BelSv: shows [9s 9h] (a pair of Nines)
BelSv collected $5.70 from pot
*** SUMMARY ***
Total pot $6 | Rake $0.30 
Board [Qd As 7d 6h Jh]
Seat 1: BelSv (button) showed [9s 9h] and won ($5.70) with a pair of Nines
Seat 2: PokerMatt666 (small blind) showed [7s 8h] and lost with a pair of Sevens
Seat 3: Gfoer (big blind) folded before Flop
Seat 4: kuhclemO folded before Flop (didn't bet)
Seat 5: Gluck35 folded before Flop (didn't bet)
Seat 6: kniferok folded before Flop (didn't bet)



PokerStars Hand #254243133162:  Hold'em No Limit ($0.50/$1.00 USD) - 2025/01/07 11:39:43 WET [2025/01/07 6:39:43 ET]
Table 'Dunant' 6-max Seat #2 is the button
Seat 1: BelSv ($108.06 in chips) 
Seat 2: PokerMatt666 ($129.37 in chips) 
Seat 3: Gfoer ($107.23 in chips) 
Seat 4: kuhclemO ($100 in chips) 
Seat 5: Gluck35 ($101.50 in chips) 
Seat 6: kniferok ($100 in chips) 
Gfoer: posts small blind $0.50
kuhclemO: posts big blind $1
*** HOLE CARDS ***
Gluck35: folds 
kniferok: folds 
BelSv: folds 
PokerMatt666: calls $1
Gfoer: folds 
kuhclemO: checks 
*** FLOP *** [8h 9c 2d]
kuhclemO: checks 
PokerMatt666: checks 
*** TURN *** [8h 9c 2d] [Kh]
kuhclemO: checks 
PokerMatt666: checks 
*** RIVER *** [8h 9c 2d Kh] [Qc]
kuhclemO: checks 
PokerMatt666: checks 
*** SHOW DOWN ***
kuhclemO: shows [Td 6s] (high card King)
PokerMatt666: shows [6h Js] (high card King - Queen+Jack kicker)
PokerMatt666 collected $2.38 from pot
*** SUMMARY ***
Total pot $2.50 | Rake $0.12 
Board [8h 9c 2d Kh Qc]
Seat 1: BelSv folded before Flop (didn't bet)
Seat 2: PokerMatt666 (button) showed [6h Js] and won ($2.38) with high card King
Seat 3: Gfoer (small blind) folded before Flop
Seat 4: kuhclemO (big blind) showed [Td 6s] and lost with high card King
Seat 5: Gluck35 folded before Flop (didn't bet)
Seat 6: kniferok folded before Flop (didn't bet)



PokerStars Hand #254243137534:  Hold'em No Limit ($0.50/$1.00 USD) - 2025/01/07 11:40:15 WET [2025/01/07 6:40:15 ET]
Table 'Dunant' 6-max Seat #3 is the button
Seat 1: BelSv ($108.06 in chips) 
Seat 2: PokerMatt666 ($130.75 in chips) 
Seat 3: Gfoer ($106.73 in chips) 
Seat 4: kuhclemO ($100 in chips) 
Seat 5: Gluck35 ($101.50 in chips) 
Seat 6: kniferok ($100 in chips) 
kuhclemO: posts small blind $0.50
Gluck35: posts big blind $1
*** HOLE CARDS ***
kniferok: folds 
BelSv: raises $1.25 to $2.25
PokerMatt666: calls $2.25
Gfoer: folds 
kuhclemO: folds 
Gluck35: calls $1.25
*** FLOP *** [8c 2d Th]
Gluck35: checks 
BelSv: checks 
PokerMatt666: checks 
*** TURN *** [8c 2d Th] [Tc]
Gluck35: bets $4.59
BelSv: folds 
PokerMatt666: calls $4.59
*** RIVER *** [8c 2d Th Tc] [Js]
Gluck35: bets $30
PokerMatt666: calls $30
*** SHOW DOWN ***
Gluck35: shows [Jh Ts] (a full house, Tens full of Jacks)
PokerMatt666: mucks hand 
Gluck35 collected $73.93 from pot
*** SUMMARY ***
Total pot $76.43 | Rake $2.50 
Board [8c 2d Th Tc Js]
Seat 1: BelSv folded on the Turn
Seat 2: PokerMatt666 mucked
Seat 3: Gfoer (button) folded before Flop (didn't bet)
Seat 4: kuhclemO (small blind) folded before Flop
Seat 5: Gluck35 (big blind) showed [Jh Ts] and won ($73.93) with a full house, Tens full of Jacks
Seat 6: kniferok folded before Flop (didn't bet)



PokerStars Hand #254243147325:  Hold'em No Limit ($0.50/$1.00 USD) - 2025/01/07 11:41:28 WET [2025/01/07 6:41:28 ET]
Table 'Dunant' 6-max Seat #4 is the button
Seat 1: BelSv ($105.81 in chips) 
Seat 2: PokerMatt666 ($93.91 in chips) 
Seat 3: Gfoer ($106.73 in chips) 
Seat 4: kuhclemO ($100 in chips) 
Seat 5: Gluck35 ($138.59 in chips) 
Seat 6: kniferok ($100 in chips) 
Gluck35: posts small blind $0.50
kniferok: posts big blind $1
*** HOLE CARDS ***
BelSv: folds 
PokerMatt666: calls $1
Gfoer: folds 
kuhclemO: folds 
Gluck35: folds 
kniferok: checks 
*** FLOP *** [Th 7s 5c]
kniferok: checks 
PokerMatt666: checks 
*** TURN *** [Th 7s 5c] [5h]
kniferok: bets $1.19
PokerMatt666: folds 
Uncalled bet ($1.19) returned to kniferok
kniferok collected $2.38 from pot
kniferok: doesn't show hand 
*** SUMMARY ***
Total pot $2.50 | Rake $0.12 
Board [Th 7s 5c 5h]
Seat 1: BelSv folded before Flop (didn't bet)
Seat 2: PokerMatt666 folded on the Turn
Seat 3: Gfoer folded before Flop (didn't bet)
Seat 4: kuhclemO (button) folded before Flop (didn't bet)
Seat 5: Gluck35 (small blind) folded before Flop
Seat 6: kniferok (big blind) collected ($2.38)



PokerStars Hand #254243152945:  Hold'em No Limit ($0.50/$1.00 USD) - 2025/01/07 11:42:11 WET [2025/01/07 6:42:11 ET]
Table 'Dunant' 6-max Seat #5 is the button
Seat 1: BelSv ($105.81 in chips) 
Seat 2: PokerMatt666 ($92.91 in chips) 
Seat 3: Gfoer ($106.73 in chips) 
Seat 4: kuhclemO ($100 in chips) 
Seat 5: Gluck35 ($138.09 in chips) 
Seat 6: kniferok ($101.38 in chips) 
kniferok: posts small blind $0.50
BelSv: posts big blind $1
*** HOLE CARDS ***
PokerMatt666: calls $1
Gfoer: raises $3.50 to $4.50
kuhclemO: folds 
Gluck35: folds 
kniferok: folds 
BelSv: folds 
PokerMatt666: calls $3.50
*** FLOP *** [Js 6h 5h]
PokerMatt666: checks 
Gfoer: bets $7.49
PokerMatt666: folds 
Uncalled bet ($7.49) returned to Gfoer
Gfoer collected $9.98 from pot
Gfoer: doesn't show hand 
*** SUMMARY ***
Total pot $10.50 | Rake $0.52 
Board [Js 6h 5h]
Seat 1: BelSv (big blind) folded before Flop
Seat 2: PokerMatt666 folded on the Flop
Seat 3: Gfoer collected ($9.98)
Seat 4: kuhclemO folded before Flop (didn't bet)
Seat 5: Gluck35 (button) folded before Flop (didn't bet)
Seat 6: kniferok (small blind) folded before Flop



PokerStars Hand #254243159452:  Hold'em No Limit ($0.50/$1.00 USD) - 2025/01/07 11:43:00 WET [2025/01/07 6:43:00 ET]
Table 'Dunant' 6-max Seat #6 is the button
Seat 1: BelSv ($104.81 in chips) 
Seat 2: PokerMatt666 ($88.41 in chips) 
Seat 3: Gfoer ($112.21 in chips) 
Seat 4: kuhclemO ($100 in chips) 
Seat 5: Gluck35 ($138.09 in chips) 
Seat 6: kniferok ($100.88 in chips) 
BelSv: posts small blind $0.50
PokerMatt666: posts big blind $1
*** HOLE CARDS ***
Gfoer: folds 
kuhclemO: folds 
Gluck35: folds 
kniferok: folds 
BelSv: raises $2 to $3
PokerMatt666: calls $2
*** FLOP *** [5d 4d 9s]
BelSv: checks 
PokerMatt666: checks 
*** TURN *** [5d 4d 9s] [Kd]
BelSv: checks 
PokerMatt666: bets $5.70
BelSv: calls $5.70
*** RIVER *** [5d 4d 9s Kd] [As]
BelSv: checks 
PokerMatt666: checks 
*** SHOW DOWN ***
BelSv: shows [Qd Ah] (a pair of Aces)
PokerMatt666: mucks hand 
BelSv collected $16.53 from pot
*** SUMMARY ***
Total pot $17.40 | Rake $0.87 
Board [5d 4d 9s Kd As]
Seat 1: BelSv (small blind) showed [Qd Ah] and won ($16.53) with a pair of Aces
Seat 2: PokerMatt666 (big blind) mucked
Seat 3: Gfoer folded before Flop (didn't bet)
Seat 4: kuhclemO folded before Flop (didn't bet)
Seat 5: Gluck35 folded before Flop (didn't bet)
Seat 6: kniferok (button) folded before Flop (didn't bet)



PokerStars Hand #254243164286:  Hold'em No Limit ($0.50/$1.00 USD) - 2025/01/07 11:43:36 WET [2025/01/07 6:43:36 ET]
Table 'Dunant' 6-max Seat #1 is the button
Seat 1: BelSv ($112.64 in chips) 
Seat 2: PokerMatt666 ($79.71 in chips) 
Seat 3: Gfoer ($112.21 in chips) 
Seat 4: kuhclemO ($100 in chips) 
Seat 5: Gluck35 ($138.09 in chips) 
Seat 6: kniferok ($100.88 in chips) 
PokerMatt666: posts small blind $0.50
Gfoer: posts big blind $1
*** HOLE CARDS ***
kuhclemO: folds 
Gluck35: folds 
kniferok: folds 
BelSv: folds 
PokerMatt666: calls $0.50
Gfoer: raises $3.50 to $4.50
PokerMatt666: calls $3.50
*** FLOP *** [Kd 9h 4h]
PokerMatt666: checks 
Gfoer: bets $2.85
PokerMatt666: raises $2.85 to $5.70
Gfoer: calls $2.85
*** TURN *** [Kd 9h 4h] [4d]
PokerMatt666: bets $69.51 and is all-in
Gfoer: folds 
Uncalled bet ($69.51) returned to PokerMatt666
PokerMatt666 collected $19.38 from pot
*** SUMMARY ***
Total pot $20.40 | Rake $1.02 
Board [Kd 9h 4h 4d]
Seat 1: BelSv (button) folded before Flop (didn't bet)
Seat 2: PokerMatt666 (small blind) collected ($19.38)
Seat 3: Gfoer (big blind) folded on the Turn
Seat 4: kuhclemO folded before Flop (didn't bet)
Seat 5: Gluck35 folded before Flop (didn't bet)
Seat 6: kniferok folded before Flop (didn't bet)



PokerStars Hand #254243171159:  Hold'em No Limit ($0.50/$1.00 USD) - 2025/01/07 11:44:28 WET [2025/01/07 6:44:28 ET]
Table 'Dunant' 6-max Seat #2 is the button
Seat 1: BelSv ($112.64 in chips) 
Seat 2: PokerMatt666 ($88.89 in chips) 
Seat 3: Gfoer ($102.01 in chips) 
Seat 4: kuhclemO ($100 in chips) 
Seat 5: Gluck35 ($138.09 in chips) 
Seat 6: kniferok ($100.88 in chips) 
Gfoer: posts small blind $0.50
kuhclemO: posts big blind $1
*** HOLE CARDS ***
Gluck35: folds 
kniferok: folds 
BelSv: folds 
PokerMatt666: calls $1
Gfoer: folds 
kuhclemO: checks 
*** FLOP *** [Ah 5h 7c]
kuhclemO: checks 
PokerMatt666: checks 
*** TURN *** [Ah 5h 7c] [9d]
kuhclemO: bets $1.79
PokerMatt666: calls $1.79
*** RIVER *** [Ah 5h 7c 9d] [2d]
kuhclemO: bets $3.50
PokerMatt666: calls $3.50
*** SHOW DOWN ***
kuhclemO: shows [6c Th] (high card Ace)
PokerMatt666: shows [3s Ac] (a pair of Aces)
PokerMatt666 collected $12.43 from pot
*** SUMMARY ***
Total pot $13.08 | Rake $0.65 
Board [Ah 5h 7c 9d 2d]
Seat 1: BelSv folded before Flop (didn't bet)
Seat 2: PokerMatt666 (button) showed [3s Ac] and won ($12.43) with a pair of Aces
Seat 3: Gfoer (small blind) folded before Flop
Seat 4: kuhclemO (big blind) showed [6c Th] and lost with high card Ace
Seat 5: Gluck35 folded before Flop (didn't bet)
Seat 6: kniferok folded before Flop (didn't bet)



PokerStars Hand #254243175995:  Hold'em No Limit ($0.50/$1.00 USD) - 2025/01/07 11:45:05 WET [2025/01/07 6:45:05 ET]
Table 'Dunant' 6-max Seat #3 is the button
Seat 5: Gluck35 ($138.09 in chips) is sitting out
Seat 1: BelSv ($112.64 in chips) 
Seat 2: PokerMatt666 ($95.03 in chips) 
Seat 3: Gfoer ($101.51 in chips) 
Seat 4: kuhclemO ($100 in chips) 
Seat 6: kniferok ($100.88 in chips) 
kuhclemO: posts small blind $0.50
Gluck35: is sitting out 
kniferok: posts big blind $1
*** HOLE CARDS ***
BelSv: folds 
PokerMatt666: folds 
Gfoer: folds 
Gluck35 leaves the table
kuhclemO: raises $2 to $3
kniferok: calls $2
*** FLOP *** [5h Jh 7h]
kuhclemO: checks 
zizizib joins the table at seat #5 
kniferok: bets $1.88
kuhclemO: folds 
Uncalled bet ($1.88) returned to kniferok
kniferok collected $5.70 from pot
kniferok: doesn't show hand 
*** SUMMARY ***
Total pot $6 | Rake $0.30 
Board [5h Jh 7h]
Seat 5: Gluck35
Seat 1: BelSv folded before Flop (didn't bet)
Seat 2: PokerMatt666 folded before Flop (didn't bet)
Seat 3: Gfoer (button) folded before Flop (didn't bet)
Seat 4: kuhclemO (small blind) folded on the Flop
Seat 6: kniferok (big blind) collected ($5.70)



PokerStars Hand #254243179743:  Hold'em No Limit ($0.50/$1.00 USD) - 2025/01/07 11:45:34 WET [2025/01/07 6:45:34 ET]
Table 'Dunant' 6-max Seat #4 is the button
Seat 1: BelSv ($112.64 in chips) is sitting out
Seat 5: zizizib ($100 in chips) is sitting out
Seat 2: PokerMatt666 ($95.03 in chips) 
Seat 3: Gfoer ($101.51 in chips) 
Seat 4: kuhclemO ($100 in chips) 
Seat 6: kniferok ($103.58 in chips) 
kniferok: posts small blind $0.50
BelSv: is sitting out 
PokerMatt666: posts big blind $1
*** HOLE CARDS ***
Gfoer: folds 
kuhclemO: raises $2 to $3
kniferok: folds 
PokerMatt666: calls $2
*** FLOP *** [2d Jc 5h]
PokerMatt666: checks 
kuhclemO: bets $1.55
PokerMatt666: calls $1.55
*** TURN *** [2d Jc 5h] [2c]
PokerMatt666: checks 
kuhclemO: bets $3.01
PokerMatt666: raises $15.14 to $18.15
kuhclemO: folds 
Uncalled bet ($15.14) returned to PokerMatt666
PokerMatt666 collected $14.84 from pot
*** SUMMARY ***
Total pot $15.62 | Rake $0.78 
Board [2d Jc 5h 2c]
Seat 1: BelSv
Seat 5: zizizib
Seat 2: PokerMatt666 (big blind) collected ($14.84)
Seat 3: Gfoer folded before Flop (didn't bet)
Seat 4: kuhclemO (button) folded on the Turn
Seat 6: kniferok (small blind) folded before Flop



PokerStars Hand #254243185648:  Hold'em No Limit ($0.50/$1.00 USD) - 2025/01/07 11:46:18 WET [2025/01/07 6:46:18 ET]
Table 'Dunant' 6-max Seat #6 is the button
Seat 1: BelSv ($112.64 in chips) is sitting out
Seat 5: zizizib ($100 in chips) is sitting out
Seat 2: PokerMatt666 ($102.31 in chips) 
Seat 3: Gfoer ($101.51 in chips) 
Seat 4: kuhclemO ($100 in chips) 
Seat 6: kniferok ($103.08 in chips) 
PokerMatt666: posts small blind $0.50
Gfoer: posts big blind $1
zizizib: sits out 
*** HOLE CARDS ***
kuhclemO: folds 
kniferok: folds 
PokerMatt666: calls $0.50
Gfoer: checks 
*** FLOP *** [8h Tc 4c]
PokerMatt666: checks 
Gfoer: bets $1.43
PokerMatt666: calls $1.43
*** TURN *** [8h Tc 4c] [3s]
PokerMatt666: checks 
Gfoer: bets $3.47
PokerMatt666: calls $3.47
*** RIVER *** [8h Tc 4c 3s] [4d]
PokerMatt666: checks 
Gfoer: checks 
*** SHOW DOWN ***
PokerMatt666: shows [Ac Qh] (a pair of Fours)
Gfoer: shows [6c Th] (two pair, Tens and Fours)
Gfoer collected $11.21 from pot
*** SUMMARY ***
Total pot $11.80 | Rake $0.59 
Board [8h Tc 4c 3s 4d]
Seat 1: BelSv
Seat 5: zizizib
Seat 2: PokerMatt666 (small blind) showed [Ac Qh] and lost with a pair of Fours
Seat 3: Gfoer (big blind) showed [6c Th] and won ($11.21) with two pair, Tens and Fours
Seat 4: kuhclemO folded before Flop (didn't bet)
Seat 6: kniferok (button) folded before Flop (didn't bet)



PokerStars Hand #254243192393:  Hold'em No Limit ($0.50/$1.00 USD) - 2025/01/07 11:47:08 WET [2025/01/07 6:47:08 ET]
Table 'Dunant' 6-max Seat #2 is the button
Seat 1: BelSv ($112.64 in chips) is sitting out
Seat 5: zizizib ($100 in chips) is sitting out
Seat 2: PokerMatt666 ($96.41 in chips) 
Seat 3: Gfoer ($106.82 in chips) 
Seat 4: kuhclemO ($100 in chips) 
Seat 6: kniferok ($103.08 in chips) 
Gfoer: posts small blind $0.50
kuhclemO: posts big blind $1
zizizib: sits out 
*** HOLE CARDS ***
kniferok: raises $1.50 to $2.50
PokerMatt666: calls $2.50
Gfoer: calls $2
kuhclemO: folds 
*** FLOP *** [5c Ts Qc]
Gfoer: checks 
kniferok: checks 
PokerMatt666: checks 
*** TURN *** [5c Ts Qc] [5h]
Gfoer: checks 
kniferok: bets $2.67
PokerMatt666: raises $2.67 to $5.34
Gfoer: folds 
kniferok: calls $2.67
*** RIVER *** [5c Ts Qc 5h] [7h]
kniferok: checks 
PokerMatt666: checks 
*** SHOW DOWN ***
kniferok: shows [Jc Th] (two pair, Tens and Fives)
PokerMatt666: mucks hand 
kniferok collected $18.22 from pot
*** SUMMARY ***
Total pot $19.18 | Rake $0.96 
Board [5c Ts Qc 5h 7h]
Seat 1: BelSv
Seat 5: zizizib
Seat 2: PokerMatt666 (button) mucked
Seat 3: Gfoer (small blind) folded on the Turn
Seat 4: kuhclemO (big blind) folded before Flop
Seat 6: kniferok showed [Jc Th] and won ($18.22) with two pair, Tens and Fives



PokerStars Hand #254243201277:  Hold'em No Limit ($0.50/$1.00 USD) - 2025/01/07 11:48:16 WET [2025/01/07 6:48:16 ET]
Table 'Dunant' 6-max Seat #3 is the button
Seat 1: BelSv ($112.64 in chips) is sitting out
Seat 2: PokerMatt666 ($88.57 in chips) 
Seat 3: Gfoer ($104.32 in chips) 
Seat 4: kuhclemO ($100 in chips) 
Seat 5: zizizib ($100 in chips) 
Seat 6: kniferok ($113.46 in chips) 
kuhclemO: posts small blind $0.50
zizizib: posts big blind $1
BelSv: sits out 
*** HOLE CARDS ***
kniferok: folds 
PokerMatt666: calls $1
Gfoer: folds 
kuhclemO: folds 
zizizib: checks 
*** FLOP *** [9d 3d 3s]
zizizib: checks 
PokerMatt666: checks 
*** TURN *** [9d 3d 3s] [Jc]
zizizib: checks 
PokerMatt666: bets $2.38
zizizib: calls $2.38
*** RIVER *** [9d 3d 3s Jc] [5s]
zizizib: checks 
PokerMatt666: bets $6.90
zizizib: folds 
Uncalled bet ($6.90) returned to PokerMatt666
PokerMatt666 collected $6.90 from pot
*** SUMMARY ***
Total pot $7.26 | Rake $0.36 
Board [9d 3d 3s Jc 5s]
Seat 1: BelSv
Seat 2: PokerMatt666 collected ($6.90)
Seat 3: Gfoer (button) folded before Flop (didn't bet)
Seat 4: kuhclemO (small blind) folded before Flop
Seat 5: zizizib (big blind) folded on the River
Seat 6: kniferok folded before Flop (didn't bet)



PokerStars Hand #254243208803:  Hold'em No Limit ($0.50/$1.00 USD) - 2025/01/07 11:49:12 WET [2025/01/07 6:49:12 ET]
Table 'Dunant' 6-max Seat #4 is the button
Seat 1: BelSv ($112.64 in chips) is sitting out
Seat 2: PokerMatt666 ($92.09 in chips) 
Seat 3: Gfoer ($104.32 in chips) 
Seat 4: kuhclemO ($100 in chips) 
Seat 5: zizizib ($100 in chips) 
Seat 6: kniferok ($113.46 in chips) 
zizizib: posts small blind $0.50
kniferok: posts big blind $1
BelSv: sits out 
*** HOLE CARDS ***
PokerMatt666: calls $1
Gfoer: folds 
kuhclemO: raises $4 to $5
zizizib: folds 
kniferok: folds 
PokerMatt666: folds 
Uncalled bet ($4) returned to kuhclemO
kuhclemO collected $3.50 from pot
kuhclemO: doesn't show hand 
*** SUMMARY ***
Total pot $3.50 | Rake $0 
Seat 1: BelSv
Seat 2: PokerMatt666 folded before Flop
Seat 3: Gfoer folded before Flop (didn't bet)
Seat 4: kuhclemO (button) collected ($3.50)
Seat 5: zizizib (small blind) folded before Flop
Seat 6: kniferok (big blind) folded before Flop



PokerStars Hand #254243211324:  Hold'em No Limit ($0.50/$1.00 USD) - 2025/01/07 11:49:31 WET [2025/01/07 6:49:31 ET]
Table 'Dunant' 6-max Seat #5 is the button
Seat 1: BelSv ($112.64 in chips) 
Seat 2: PokerMatt666 ($91.09 in chips) 
Seat 3: Gfoer ($104.32 in chips) 
Seat 4: kuhclemO ($102.50 in chips) 
Seat 5: zizizib ($100 in chips) 
Seat 6: kniferok ($112.46 in chips) 
kniferok: posts small blind $0.50
BelSv: posts big blind $1
*** HOLE CARDS ***
PokerMatt666: folds 
Gfoer: folds 
kuhclemO: raises $1.25 to $2.25
zizizib: folds 
kniferok: folds 
BelSv: folds 
Uncalled bet ($1.25) returned to kuhclemO
kuhclemO collected $2.50 from pot
kuhclemO: doesn't show hand 
*** SUMMARY ***
Total pot $2.50 | Rake $0 
Seat 1: BelSv (big blind) folded before Flop
Seat 2: PokerMatt666 folded before Flop (didn't bet)
Seat 3: Gfoer folded before Flop (didn't bet)
Seat 4: kuhclemO collected ($2.50)
Seat 5: zizizib (button) folded before Flop (didn't bet)
Seat 6: kniferok (small blind) folded before Flop



PokerStars Hand #254243213465:  Hold'em No Limit ($0.50/$1.00 USD) - 2025/01/07 11:49:47 WET [2025/01/07 6:49:47 ET]
Table 'Dunant' 6-max Seat #6 is the button
Seat 1: BelSv ($111.64 in chips) 
Seat 2: PokerMatt666 ($91.09 in chips) 
Seat 3: Gfoer ($104.32 in chips) 
Seat 4: kuhclemO ($104 in chips) 
Seat 5: zizizib ($100 in chips) 
Seat 6: kniferok ($111.96 in chips) 
BelSv: posts small blind $0.50
PokerMatt666: posts big blind $1
*** HOLE CARDS ***
Gfoer: folds 
kuhclemO: raises $3 to $4
zizizib: folds 
kniferok: folds 
BelSv: folds 
PokerMatt666: calls $3
*** FLOP *** [4s As 8c]
PokerMatt666: checks 
kuhclemO: bets $2.02
PokerMatt666: calls $2.02
*** TURN *** [4s As 8c] [Td]
PokerMatt666: bets $2.96
kuhclemO: calls $2.96
*** RIVER *** [4s As 8c Td] [2c]
PokerMatt666: checks 
kuhclemO: checks 
*** SHOW DOWN ***
PokerMatt666: shows [6h Qh] (high card Ace)
kuhclemO: shows [Th 9h] (a pair of Tens)
kuhclemO collected $17.54 from pot
*** SUMMARY ***
Total pot $18.46 | Rake $0.92 
Board [4s As 8c Td 2c]
Seat 1: BelSv (small blind) folded before Flop
Seat 2: PokerMatt666 (big blind) showed [6h Qh] and lost with high card Ace
Seat 3: Gfoer folded before Flop (didn't bet)
Seat 4: kuhclemO showed [Th 9h] and won ($17.54) with a pair of Tens
Seat 5: zizizib folded before Flop (didn't bet)
Seat 6: kniferok (button) folded before Flop (didn't bet)



PokerStars Hand #254243219979:  Hold'em No Limit ($0.50/$1.00 USD) - 2025/01/07 11:50:36 WET [2025/01/07 6:50:36 ET]
Table 'Dunant' 6-max Seat #1 is the button
Seat 1: BelSv ($111.14 in chips) 
Seat 2: PokerMatt666 ($82.11 in chips) 
Seat 3: Gfoer ($104.32 in chips) 
Seat 4: kuhclemO ($112.56 in chips) 
Seat 5: zizizib ($100 in chips) 
Seat 6: kniferok ($111.96 in chips) 
PokerMatt666: posts small blind $0.50
Gfoer: posts big blind $1
*** HOLE CARDS ***
kuhclemO: raises $3 to $4
zizizib: folds 
kniferok: folds 
BelSv: folds 
PokerMatt666: folds 
Gfoer: folds 
Uncalled bet ($3) returned to kuhclemO
kuhclemO collected $2.50 from pot
kuhclemO: doesn't show hand 
*** SUMMARY ***
Total pot $2.50 | Rake $0 
Seat 1: BelSv (button) folded before Flop (didn't bet)
Seat 2: PokerMatt666 (small blind) folded before Flop
Seat 3: Gfoer (big blind) folded before Flop
Seat 4: kuhclemO collected ($2.50)
Seat 5: zizizib folded before Flop (didn't bet)
Seat 6: kniferok folded before Flop (didn't bet)



PokerStars Hand #254243222770:  Hold'em No Limit ($0.50/$1.00 USD) - 2025/01/07 11:50:58 WET [2025/01/07 6:50:58 ET]
Table 'Dunant' 6-max Seat #2 is the button
Seat 1: BelSv ($111.14 in chips) 
Seat 2: PokerMatt666 ($81.61 in chips) 
Seat 3: Gfoer ($103.32 in chips) 
Seat 4: kuhclemO ($114.06 in chips) 
Seat 5: zizizib ($100 in chips) 
Seat 6: kniferok ($111.96 in chips) 
Gfoer: posts small blind $0.50
kuhclemO: posts big blind $1
*** HOLE CARDS ***
zizizib: folds 
kniferok: folds 
BelSv: raises $1.25 to $2.25
PokerMatt666: calls $2.25
Gfoer: folds 
kuhclemO: calls $1.25
*** FLOP *** [3h 2s Ah]
kuhclemO: checks 
BelSv: bets $3.45
PokerMatt666: calls $3.45
kuhclemO: folds 
*** TURN *** [3h 2s Ah] [9d]
BelSv: bets $20.16
PokerMatt666: raises $55.75 to $75.91 and is all-in
BelSv: calls $55.75
*** RIVER *** [3h 2s Ah 9d] [9c]
*** SHOW DOWN ***
BelSv: shows [As Ks] (two pair, Aces and Nines)
PokerMatt666: shows [6h 2h] (two pair, Nines and Deuces)
BelSv collected $163.47 from pot
*** SUMMARY ***
Total pot $165.97 | Rake $2.50 
Board [3h 2s Ah 9d 9c]
Seat 1: BelSv showed [As Ks] and won ($163.47) with two pair, Aces and Nines
Seat 2: PokerMatt666 (button) showed [6h 2h] and lost with two pair, Nines and Deuces
Seat 3: Gfoer (small blind) folded before Flop
Seat 4: kuhclemO (big blind) folded on the Flop
Seat 5: zizizib folded before Flop (didn't bet)
Seat 6: kniferok folded before Flop (didn't bet)



PokerStars Hand #254243229051:  Hold'em No Limit ($0.50/$1.00 USD) - 2025/01/07 11:51:45 WET [2025/01/07 6:51:45 ET]
Table 'Dunant' 6-max Seat #3 is the button
Seat 2: PokerMatt666 ($0 in chips) is sitting out
Seat 1: BelSv ($193 in chips) 
Seat 3: Gfoer ($102.82 in chips) 
Seat 4: kuhclemO ($111.81 in chips) 
Seat 5: zizizib ($100 in chips) 
Seat 6: kniferok ($111.96 in chips) 
kuhclemO: posts small blind $0.50
zizizib: posts big blind $1
*** HOLE CARDS ***
kniferok: folds 
BelSv: folds 
Gfoer: folds 
kuhclemO: folds 
Uncalled bet ($0.50) returned to zizizib
zizizib collected $1 from pot
zizizib: doesn't show hand 
*** SUMMARY ***
Total pot $1 | Rake $0 
Seat 2: PokerMatt666
Seat 1: BelSv folded before Flop (didn't bet)
Seat 3: Gfoer (button) folded before Flop (didn't bet)
Seat 4: kuhclemO (small blind) folded before Flop
Seat 5: zizizib (big blind) collected ($1)
Seat 6: kniferok folded before Flop (didn't bet)



PokerStars Hand #254243230753:  Hold'em No Limit ($0.50/$1.00 USD) - 2025/01/07 11:51:58 WET [2025/01/07 6:51:58 ET]
Table 'Dunant' 6-max Seat #4 is the button
Seat 2: PokerMatt666 ($0 in chips) is sitting out
Seat 6: kniferok ($111.96 in chips) is sitting out
Seat 1: BelSv ($193 in chips) 
Seat 3: Gfoer ($102.82 in chips) 
Seat 4: kuhclemO ($111.31 in chips) 
Seat 5: zizizib ($100.50 in chips) 
zizizib: posts small blind $0.50
BelSv: posts big blind $1
*** HOLE CARDS ***
Gfoer: folds 
kuhclemO: folds 
zizizib: folds 
Uncalled bet ($0.50) returned to BelSv
BelSv collected $1 from pot
BelSv: doesn't show hand 
*** SUMMARY ***
Total pot $1 | Rake $0 
Seat 2: PokerMatt666
Seat 6: kniferok
Seat 1: BelSv (big blind) collected ($1)
Seat 3: Gfoer folded before Flop (didn't bet)
Seat 4: kuhclemO (button) folded before Flop (didn't bet)
Seat 5: zizizib (small blind) folded before Flop



PokerStars Hand #254243232270:  Hold'em No Limit ($0.50/$1.00 USD) - 2025/01/07 11:52:10 WET [2025/01/07 6:52:10 ET]
Table 'Dunant' 6-max Seat #5 is the button
Seat 2: PokerMatt666 ($0 in chips) is sitting out
Seat 3: Gfoer ($102.82 in chips) is sitting out
Seat 6: kniferok ($111.96 in chips) is sitting out
Seat 1: BelSv ($193.50 in chips) 
Seat 4: kuhclemO ($111.31 in chips) 
Seat 5: zizizib ($100 in chips) 
BelSv: posts small blind $0.50
Gfoer: is sitting out 
kuhclemO: posts big blind $1
*** HOLE CARDS ***
zizizib: folds 
BelSv: raises $2 to $3
kuhclemO: folds 
Uncalled bet ($2) returned to BelSv
BelSv collected $2 from pot
BelSv: doesn't show hand 
*** SUMMARY ***
Total pot $2 | Rake $0 
Seat 2: PokerMatt666
Seat 3: Gfoer
Seat 6: kniferok
Seat 1: BelSv (small blind) collected ($2)
Seat 4: kuhclemO (big blind) folded before Flop
Seat 5: zizizib (button) folded before Flop (didn't bet)



PokerStars Hand #254243233996:  Hold'em No Limit ($0.50/$1.00 USD) - 2025/01/07 11:52:23 WET [2025/01/07 6:52:23 ET]
Table 'Dunant' 6-max Seat #1 is the button
Seat 2: PokerMatt666 ($0 in chips) is sitting out
Seat 3: Gfoer ($102.82 in chips) is sitting out
Seat 6: kniferok ($111.96 in chips) is sitting out
Seat 1: BelSv ($194.50 in chips) 
Seat 4: kuhclemO ($110.31 in chips) 
Seat 5: zizizib ($100 in chips) 
kuhclemO: posts small blind $0.50
zizizib: posts big blind $1
*** HOLE CARDS ***
BelSv: raises $1.50 to $2.50
kuhclemO: folds 
zizizib: folds 
Uncalled bet ($1.50) returned to BelSv
BelSv collected $2.50 from pot
BelSv: doesn't show hand 
*** SUMMARY ***
Total pot $2.50 | Rake $0 
Seat 2: PokerMatt666
Seat 3: Gfoer
Seat 6: kniferok
Seat 1: BelSv (button) collected ($2.50)
Seat 4: kuhclemO (small blind) folded before Flop
Seat 5: zizizib (big blind) folded before Flop



PokerStars Hand #254243235290:  Hold'em No Limit ($0.50/$1.00 USD) - 2025/01/07 11:52:33 WET [2025/01/07 6:52:33 ET]
Table 'Dunant' 6-max Seat #5 is the button
Seat 1: BelSv ($196 in chips) is sitting out
Seat 2: PokerMatt666 ($0 in chips) is sitting out
Seat 3: Gfoer ($102.82 in chips) is sitting out
Seat 6: kniferok ($111.96 in chips) is sitting out
Seat 4: kuhclemO ($109.81 in chips) 
Seat 5: zizizib ($100 in chips) 
zizizib: posts small blind $0.50
BelSv: is sitting out 
kuhclemO: posts big blind $1
*** HOLE CARDS ***
zizizib: raises $1.50 to $2.50
kuhclemO: calls $1.50
*** FLOP *** [3c 2d Jh]
kuhclemO: checks 
zizizib: bets $1.57
kuhclemO: calls $1.57
*** TURN *** [3c 2d Jh] [Qd]
kuhclemO: checks 
BelSv leaves the table
zizizib: bets $9.66
kuhclemO: folds 
Uncalled bet ($9.66) returned to zizizib
zizizib collected $7.73 from pot
zizizib: doesn't show hand 
*** SUMMARY ***
Total pot $8.14 | Rake $0.41 
Board [3c 2d Jh Qd]
Seat 1: BelSv
Seat 2: PokerMatt666
Seat 3: Gfoer
Seat 6: kniferok
Seat 4: kuhclemO (big blind) folded on the Turn
Seat 5: zizizib (button) (small blind) collected ($7.73)



PokerStars Hand #254243240643:  Hold'em No Limit ($0.50/$1.00 USD) - 2025/01/07 11:53:14 WET [2025/01/07 6:53:14 ET]
Table 'Dunant' 6-max Seat #4 is the button
Seat 2: PokerMatt666 ($0 in chips) is sitting out
Seat 3: Gfoer ($102.82 in chips) is sitting out
Seat 6: kniferok ($111.96 in chips) is sitting out
Seat 4: kuhclemO ($105.74 in chips) 
Seat 5: zizizib ($103.66 in chips) 
kuhclemO: posts small blind $0.50
zizizib: posts big blind $1
*** HOLE CARDS ***
kuhclemO: folds 
Uncalled bet ($0.50) returned to zizizib
zizizib collected $1 from pot
zizizib: doesn't show hand 
*** SUMMARY ***
Total pot $1 | Rake $0 
Seat 2: PokerMatt666
Seat 3: Gfoer
Seat 6: kniferok
Seat 4: kuhclemO (button) (small blind) folded before Flop
Seat 5: zizizib (big blind) collected ($1)



PokerStars Hand #254243241473:  Hold'em No Limit ($0.50/$1.00 USD) - 2025/01/07 11:53:20 WET [2025/01/07 6:53:20 ET]
Table 'Dunant' 6-max Seat #5 is the button
Seat 2: PokerMatt666 ($0 in chips) is sitting out
Seat 3: Gfoer ($102.82 in chips) is sitting out
Seat 6: kniferok ($111.96 in chips) is sitting out
Seat 4: kuhclemO ($105.24 in chips) 
Seat 5: zizizib ($104.16 in chips) 
zizizib: posts small blind $0.50
kuhclemO: posts big blind $1
*** HOLE CARDS ***
zizizib: folds 
Uncalled bet ($0.50) returned to kuhclemO
kuhclemO collected $1 from pot
kuhclemO: doesn't show hand 
*** SUMMARY ***
Total pot $1 | Rake $0 
Seat 2: PokerMatt666
Seat 3: Gfoer
Seat 6: kniferok
Seat 4: kuhclemO (big blind) collected ($1)
Seat 5: zizizib (button) (small blind) folded before Flop



PokerStars Hand #254243243068:  Hold'em No Limit ($0.50/$1.00 USD) - 2025/01/07 11:53:32 WET [2025/01/07 6:53:32 ET]
Table 'Dunant' 6-max Seat #4 is the button
Seat 2: PokerMatt666 ($0 in chips) is sitting out
Seat 3: Gfoer ($102.82 in chips) is sitting out
Seat 6: kniferok ($111.96 in chips) is sitting out
Seat 4: kuhclemO ($105.74 in chips) 
Seat 5: zizizib ($103.66 in chips) 
kuhclemO: posts small blind $0.50
zizizib: posts big blind $1
*** HOLE CARDS ***
kuhclemO: folds 
Uncalled bet ($0.50) returned to zizizib
zizizib collected $1 from pot
zizizib: doesn't show hand 
Gfoer leaves the table
*** SUMMARY ***
Total pot $1 | Rake $0 
Seat 2: PokerMatt666
Seat 3: Gfoer
Seat 6: kniferok
Seat 4: kuhclemO (button) (small blind) folded before Flop
Seat 5: zizizib (big blind) collected ($1)



PokerStars Hand #254243243963:  Hold'em No Limit ($0.50/$1.00 USD) - 2025/01/07 11:53:38 WET [2025/01/07 6:53:38 ET]
Table 'Dunant' 6-max Seat #5 is the button
Seat 2: PokerMatt666 ($0 in chips) is sitting out
Seat 6: kniferok ($111.96 in chips) is sitting out
Seat 4: kuhclemO ($105.24 in chips) 
Seat 5: zizizib ($104.16 in chips) 
zizizib: posts small blind $0.50
kuhclemO: posts big blind $1
*** HOLE CARDS ***
zizizib: raises $1.50 to $2.50
fedevalle joins the table at seat #1 
kuhclemO: raises $7.50 to $10
zizizib: folds 
Uncalled bet ($7.50) returned to kuhclemO
fedevalle is disconnected 
kuhclemO collected $5 from pot
PokerMatt666 leaves the table
kniferok leaves the table
kuhclemO: doesn't show hand 
Burlica2013 joins the table at seat #3 
*** SUMMARY ***
Total pot $5 | Rake $0 
Seat 2: PokerMatt666
Seat 6: kniferok
Seat 4: kuhclemO (big blind) collected ($5)
Seat 5: zizizib (button) (small blind) folded before Flop



PokerStars Hand #254243245658:  Hold'em No Limit ($0.50/$1.00 USD) - 2025/01/07 11:53:51 WET [2025/01/07 6:53:51 ET]
Table 'Dunant' 6-max Seat #4 is the button
Seat 3: Burlica2013 ($100 in chips) is sitting out
Seat 1: fedevalle ($40 in chips) 
Seat 4: kuhclemO ($107.74 in chips) 
Seat 5: zizizib ($101.66 in chips) 
zizizib: posts small blind $0.50
fedevalle: posts big blind $1
Burlica2013: sits out 
*** HOLE CARDS ***
kuhclemO: folds 
zizizib: folds 
Uncalled bet ($0.50) returned to fedevalle
fedevalle collected $1 from pot
*** SUMMARY ***
Total pot $1 | Rake $0 
Seat 3: Burlica2013
Seat 1: fedevalle (big blind) collected ($1)
Seat 4: kuhclemO (button) folded before Flop (didn't bet)
Seat 5: zizizib (small blind) folded before Flop



PokerStars Hand #254243247242:  Hold'em No Limit ($0.50/$1.00 USD) - 2025/01/07 11:54:03 WET [2025/01/07 6:54:03 ET]
Table 'Dunant' 6-max Seat #5 is the button
Seat 1: fedevalle ($40.50 in chips) 
Seat 3: Burlica2013 ($100 in chips) 
Seat 4: kuhclemO ($107.74 in chips) 
Seat 5: zizizib ($101.16 in chips) 
fedevalle: posts small blind $0.50
Burlica2013: posts big blind $1
*** HOLE CARDS ***
kuhclemO: raises $1.50 to $2.50
zizizib: folds 
fedevalle: folds 
Burlica2013: folds 
Uncalled bet ($1.50) returned to kuhclemO
kuhclemO collected $2.50 from pot
kuhclemO: doesn't show hand 
*** SUMMARY ***
Total pot $2.50 | Rake $0 
Seat 1: fedevalle (small blind) folded before Flop
Seat 3: Burlica2013 (big blind) folded before Flop
Seat 4: kuhclemO collected ($2.50)
Seat 5: zizizib (button) folded before Flop (didn't bet)



PokerStars Hand #254243250233:  Hold'em No Limit ($0.50/$1.00 USD) - 2025/01/07 11:54:26 WET [2025/01/07 6:54:26 ET]
Table 'Dunant' 6-max Seat #1 is the button
Seat 1: fedevalle ($40 in chips) 
Seat 3: Burlica2013 ($100 in chips) 
Seat 4: kuhclemO ($109.24 in chips) 
Seat 5: zizizib ($101.16 in chips) 
Burlica2013: posts small blind $0.50
kuhclemO: posts big blind $1
*** HOLE CARDS ***
zizizib: folds 
fedevalle: folds 
Burlica2013: folds 
Uncalled bet ($0.50) returned to kuhclemO
kuhclemO collected $1 from pot
kuhclemO: doesn't show hand 
MaRKiToScoK joins the table at seat #2 
*** SUMMARY ***
Total pot $1 | Rake $0 
Seat 1: fedevalle (button) folded before Flop (didn't bet)
Seat 3: Burlica2013 (small blind) folded before Flop
Seat 4: kuhclemO (big blind) collected ($1)
Seat 5: zizizib folded before Flop (didn't bet)



PokerStars Hand #254243252077:  Hold'em No Limit ($0.50/$1.00 USD) - 2025/01/07 11:54:39 WET [2025/01/07 6:54:39 ET]
Table 'Dunant' 6-max Seat #3 is the button
Seat 2: MaRKiToScoK ($100 in chips) is sitting out
Seat 5: zizizib ($101.16 in chips) is sitting out
Seat 1: fedevalle ($40 in chips) 
Seat 3: Burlica2013 ($100 in chips) 
Seat 4: kuhclemO ($109.74 in chips) 
kuhclemO: posts small blind $0.50
zizizib: is sitting out 
fedevalle: posts big blind $1
MaRKiToScoK: sits out 
*** HOLE CARDS ***
Burlica2013: folds 
zizizib leaves the table
kuhclemO: raises $1.50 to $2.50
fedevalle: folds 
Uncalled bet ($1.50) returned to kuhclemO
kuhclemO collected $2 from pot
kuhclemO: doesn't show hand 
*** SUMMARY ***
Total pot $2 | Rake $0 
Seat 2: MaRKiToScoK
Seat 5: zizizib
Seat 1: fedevalle (big blind) folded before Flop
Seat 3: Burlica2013 (button) folded before Flop (didn't bet)
Seat 4: kuhclemO (small blind) collected ($2)



PokerStars Hand #254243253575:  Hold'em No Limit ($0.50/$1.00 USD) - 2025/01/07 11:54:51 WET [2025/01/07 6:54:51 ET]
Table 'Dunant' 6-max Seat #4 is the button
Seat 1: fedevalle ($39 in chips) 
Seat 2: MaRKiToScoK ($100 in chips) 
Seat 3: Burlica2013 ($100 in chips) 
Seat 4: kuhclemO ($110.74 in chips) 
fedevalle: posts small blind $0.50
MaRKiToScoK: posts big blind $1
*** HOLE CARDS ***
Burlica2013: raises $1.25 to $2.25
kuhclemO: calls $2.25
fedevalle: folds 
MaRKiToScoK: folds 
*** FLOP *** [8s 5d 4d]
Burlica2013: checks 
kuhclemO: bets $1.88
Burlica2013: folds 
Uncalled bet ($1.88) returned to kuhclemO
kuhclemO collected $5.70 from pot
kuhclemO: doesn't show hand 
*** SUMMARY ***
Total pot $6 | Rake $0.30 
Board [8s 5d 4d]
Seat 1: fedevalle (small blind) folded before Flop
Seat 2: MaRKiToScoK (big blind) folded before Flop
Seat 3: Burlica2013 folded on the Flop
Seat 4: kuhclemO (button) collected ($5.70)



PokerStars Hand #254243259696:  Hold'em No Limit ($0.50/$1.00 USD) - 2025/01/07 11:55:42 WET [2025/01/07 6:55:42 ET]
Table 'Dunant' 6-max Seat #1 is the button
Seat 1: fedevalle ($38.50 in chips) 
Seat 2: MaRKiToScoK ($100 in chips) 
Seat 3: Burlica2013 ($100 in chips) 
Seat 4: kuhclemO ($114.19 in chips) 
MaRKiToScoK: posts small blind $0.50
Burlica2013: posts big blind $1
*** HOLE CARDS ***
kuhclemO: folds 
fedevalle: folds 
kuhclemO leaves the table
MaRKiToScoK: raises $1.70 to $2.70
Burlica2013: raises $6.30 to $9
MaRKiToScoK: raises $12 to $21
Burlica2013: calls $12
*** FLOP *** [6h 3s 5s]
MaRKiToScoK: checks 
Burlica2013: bets $13.53
MaRKiToScoK: folds 
Uncalled bet ($13.53) returned to Burlica2013
Burlica2013 collected $41 from pot
Burlica2013: doesn't show hand 
*** SUMMARY ***
Total pot $42 | Rake $1 
Board [6h 3s 5s]
Seat 1: fedevalle (button) folded before Flop (didn't bet)
Seat 2: MaRKiToScoK (small blind) folded on the Flop
Seat 3: Burlica2013 (big blind) collected ($41)
Seat 4: kuhclemO folded before Flop (didn't bet)



PokerStars Hand #254243264904:  Hold'em No Limit ($0.50/$1.00 USD) - 2025/01/07 11:56:28 WET [2025/01/07 6:56:28 ET]
Table 'Dunant' 6-max Seat #2 is the button
Seat 1: fedevalle ($38.50 in chips) 
Seat 2: MaRKiToScoK ($100 in chips) 
Seat 3: Burlica2013 ($120 in chips) 
Burlica2013: posts small blind $0.50
fedevalle: posts big blind $1
*** HOLE CARDS ***
MaRKiToScoK: raises $1.50 to $2.50
Burlica2013: folds 
fedevalle: folds 
Uncalled bet ($1.50) returned to MaRKiToScoK
MaRKiToScoK collected $2.50 from pot
*** SUMMARY ***
Total pot $2.50 | Rake $0 
Seat 1: fedevalle (big blind) folded before Flop
Seat 2: MaRKiToScoK (button) collected ($2.50)
Seat 3: Burlica2013 (small blind) folded before Flop



PokerStars Hand #254243266573:  Hold'em No Limit ($0.50/$1.00 USD) - 2025/01/07 11:56:43 WET [2025/01/07 6:56:43 ET]
Table 'Dunant' 6-max Seat #3 is the button
Seat 1: fedevalle ($37.50 in chips) 
Seat 2: MaRKiToScoK ($101.50 in chips) 
Seat 3: Burlica2013 ($119.50 in chips) 
fedevalle: posts small blind $0.50
MaRKiToScoK: posts big blind $1
*** HOLE CARDS ***
Burlica2013: raises $1.45 to $2.45
fedevalle: folds 
MaRKiToScoK: folds 
Uncalled bet ($1.45) returned to Burlica2013
Burlica2013 collected $2.50 from pot
Burlica2013: doesn't show hand 
*** SUMMARY ***
Total pot $2.50 | Rake $0 
Seat 1: fedevalle (small blind) folded before Flop
Seat 2: MaRKiToScoK (big blind) folded before Flop
Seat 3: Burlica2013 (button) collected ($2.50)



PokerStars Hand #254243268454:  Hold'em No Limit ($0.50/$1.00 USD) - 2025/01/07 11:57:00 WET [2025/01/07 6:57:00 ET]
Table 'Dunant' 6-max Seat #2 is the button
Seat 1: fedevalle ($37 in chips) 
Seat 2: MaRKiToScoK ($100.50 in chips) 
MaRKiToScoK: posts small blind $0.50
fedevalle: posts big blind $1
*** HOLE CARDS ***
MaRKiToScoK: raises $1.70 to $2.70
fedevalle: folds 
Uncalled bet ($1.70) returned to MaRKiToScoK
MaRKiToScoK collected $2 from pot
*** SUMMARY ***
Total pot $2 | Rake $0 
Seat 1: fedevalle (big blind) folded before Flop
Seat 2: MaRKiToScoK (button) (small blind) collected ($2)



PokerStars Hand #254243270750:  Hold'em No Limit ($0.50/$1.00 USD) - 2025/01/07 11:57:21 WET [2025/01/07 6:57:21 ET]
Table 'Dunant' 6-max Seat #1 is the button
Seat 1: fedevalle ($36 in chips) 
Seat 2: MaRKiToScoK ($101.50 in chips) 
fedevalle: posts small blind $0.50
MaRKiToScoK: posts big blind $1
*** HOLE CARDS ***
fedevalle: folds 
Uncalled bet ($0.50) returned to MaRKiToScoK
MaRKiToScoK collected $1 from pot
*** SUMMARY ***
Total pot $1 | Rake $0 
Seat 1: fedevalle (button) (small blind) folded before Flop
Seat 2: MaRKiToScoK (big blind) collected ($1)



PokerStars Hand #254243271875:  Hold'em No Limit ($0.50/$1.00 USD) - 2025/01/07 11:57:30 WET [2025/01/07 6:57:30 ET]
Table 'Dunant' 6-max Seat #2 is the button
Seat 1: fedevalle ($35.50 in chips) 
Seat 2: MaRKiToScoK ($102 in chips) 
MaRKiToScoK: posts small blind $0.50
fedevalle: posts big blind $1
*** HOLE CARDS ***
MaRKiToScoK: raises $1.70 to $2.70
fedevalle: folds 
Uncalled bet ($1.70) returned to MaRKiToScoK
MaRKiToScoK collected $2 from pot
*** SUMMARY ***
Total pot $2 | Rake $0 
Seat 1: fedevalle (big blind) folded before Flop
Seat 2: MaRKiToScoK (button) (small blind) collected ($2)



PokerStars Hand #254243273512:  Hold'em No Limit ($0.50/$1.00 USD) - 2025/01/07 11:57:46 WET [2025/01/07 6:57:46 ET]
Table 'Dunant' 6-max Seat #1 is the button
Seat 1: fedevalle ($34.50 in chips) 
Seat 2: MaRKiToScoK ($103 in chips) 
fedevalle: posts small blind $0.50
MaRKiToScoK: posts big blind $1
*** HOLE CARDS ***
fedevalle: folds 
Uncalled bet ($0.50) returned to MaRKiToScoK
MaRKiToScoK collected $1 from pot
*** SUMMARY ***
Total pot $1 | Rake $0 
Seat 1: fedevalle (button) (small blind) folded before Flop
Seat 2: MaRKiToScoK (big blind) collected ($1)



PokerStars Hand #254243274675:  Hold'em No Limit ($0.50/$1.00 USD) - 2025/01/07 11:57:56 WET [2025/01/07 6:57:56 ET]
Table 'Dunant' 6-max Seat #2 is the button
Seat 1: fedevalle ($34 in chips) 
Seat 2: MaRKiToScoK ($103.50 in chips) 
MaRKiToScoK: posts small blind $0.50
fedevalle: posts big blind $1
*** HOLE CARDS ***
MaRKiToScoK: calls $0.50
fedevalle: checks 
*** FLOP *** [2s Qs 7c]
fedevalle: checks 
MaRKiToScoK: checks 
*** TURN *** [2s Qs 7c] [5s]
fedevalle: bets $1
MaRKiToScoK: calls $1
*** RIVER *** [2s Qs 7c 5s] [9h]
fedevalle: checks 
MaRKiToScoK: checks 
*** SHOW DOWN ***
fedevalle: shows [2h 8c] (a pair of Deuces)
MaRKiToScoK: mucks hand 
fedevalle collected $3.80 from pot
*** SUMMARY ***
Total pot $4 | Rake $0.20 
Board [2s Qs 7c 5s 9h]
Seat 1: fedevalle (big blind) showed [2h 8c] and won ($3.80) with a pair of Deuces
Seat 2: MaRKiToScoK (button) (small blind) mucked



