PokerStars Hand #254245680359:  Hold'em No Limit ($0.50/$1.00 USD) - 2025/01/07 15:11:21 WET [2025/01/07 10:11:21 ET]
Table 'Octavia II' 6-max Seat #1 is the button
Seat 1: YeeesMan ($100 in chips) 
Seat 2: cjpearson198 ($10 in chips) 
Seat 3: EasyGamerrr ($100 in chips) 
cjpearson198: posts small blind $0.50
EasyGamerrr: posts big blind $1
*** HOLE CARDS ***
YeeesMan: folds 
cjpearson198: calls $0.50
EasyGamerrr: checks 
*** FLOP *** [4s Th 7d]
cjpearson198: bets $1
EasyGamerrr: calls $1
*** TURN *** [4s Th 7d] [6d]
cjpearson198: bets $1.90
EasyGamerrr: calls $1.90
*** RIVER *** [4s Th 7d 6d] [4d]
cjpearson198: bets $6.10 and is all-in
EasyGamerrr: folds 
Uncalled bet ($6.10) returned to cjpearson198
cjpearson198 collected $7.41 from pot
cjpearson198: doesn't show hand 
*** SUMMARY ***
Total pot $7.80 | Rake $0.39 
Board [4s Th 7d 6d 4d]
Seat 1: YeeesMan (button) folded before Flop (didn't bet)
Seat 2: cjpearson198 (small blind) collected ($7.41)
Seat 3: EasyGamerrr (big blind) folded on the River



PokerStars Hand #254245688066:  Hold'em No Limit ($0.50/$1.00 USD) - 2025/01/07 15:11:59 WET [2025/01/07 10:11:59 ET]
Table 'Octavia II' 6-max Seat #2 is the button
Seat 1: YeeesMan ($100 in chips) 
Seat 2: cjpearson198 ($13.51 in chips) 
Seat 3: EasyGamerrr ($100 in chips) 
EasyGamerrr: posts small blind $0.50
YeeesMan: posts big blind $1
*** HOLE CARDS ***
cjpearson198: folds 
cjpearson198 leaves the table
EasyGamerrr: raises $2 to $3
YeeesMan: raises $6 to $9
EasyGamerrr: calls $6
*** FLOP *** [2h 7c Ad]
EasyGamerrr: checks 
YeeesMan: checks 
*** TURN *** [2h 7c Ad] [Tc]
dirtyd19991 joins the table at seat #2 
dirtyd19991 is disconnected 
whlzor joins the table at seat #4 
EasyGamerrr: bets $19.66
InteRRio joins the table at seat #5 
MaRKiToScoK joins the table at seat #6 
YeeesMan: folds 
Uncalled bet ($19.66) returned to EasyGamerrr
EasyGamerrr collected $17.10 from pot
EasyGamerrr: doesn't show hand 
*** SUMMARY ***
Total pot $18 | Rake $0.90 
Board [2h 7c Ad Tc]
Seat 1: YeeesMan (big blind) folded on the Turn
Seat 2: cjpearson198 (button) folded before Flop (didn't bet)
Seat 3: EasyGamerrr (small blind) collected ($17.10)



PokerStars Hand #254245701658:  Hold'em No Limit ($0.50/$1.00 USD) - 2025/01/07 15:13:07 WET [2025/01/07 10:13:07 ET]
Table 'Octavia II' 6-max Seat #3 is the button
Seat 4: whlzor ($100 in chips) is sitting out
Seat 5: InteRRio ($100 in chips) is sitting out
Seat 6: MaRKiToScoK ($100 in chips) is sitting out
Seat 1: YeeesMan ($100 in chips) 
Seat 2: dirtyd19991 ($45.74 in chips) 
Seat 3: EasyGamerrr ($108.10 in chips) 
YeeesMan: posts small blind $0.50
dirtyd19991: posts big blind $1
*** HOLE CARDS ***
EasyGamerrr: folds 
YeeesMan: folds 
Uncalled bet ($0.50) returned to dirtyd19991
dirtyd19991 collected $1 from pot
*** SUMMARY ***
Total pot $1 | Rake $0 
Seat 4: whlzor
Seat 5: InteRRio
Seat 6: MaRKiToScoK
Seat 1: YeeesMan (small blind) folded before Flop
Seat 2: dirtyd19991 (big blind) collected ($1)
Seat 3: EasyGamerrr (button) folded before Flop (didn't bet)



PokerStars Hand #254245703685:  Hold'em No Limit ($0.50/$1.00 USD) - 2025/01/07 15:13:18 WET [2025/01/07 10:13:18 ET]
Table 'Octavia II' 6-max Seat #1 is the button
Seat 3: EasyGamerrr ($108.10 in chips) is sitting out
Seat 5: InteRRio ($100 in chips) is sitting out
Seat 6: MaRKiToScoK ($100 in chips) is sitting out
Seat 1: YeeesMan ($100 in chips) 
Seat 2: dirtyd19991 ($46.24 in chips) 
Seat 4: whlzor ($100 in chips) 
dirtyd19991: posts small blind $0.50
EasyGamerrr: is sitting out 
whlzor: posts big blind $1
InteRRio: sits out 
MaRKiToScoK: sits out 
*** HOLE CARDS ***
EasyGamerrr leaves the table
YeeesMan: raises $1.50 to $2.50
dirtyd19991: folds 
whlzor: folds 
Uncalled bet ($1.50) returned to YeeesMan
YeeesMan collected $2.50 from pot
YeeesMan: doesn't show hand 
vpetriu joins the table at seat #3 
*** SUMMARY ***
Total pot $2.50 | Rake $0 
Seat 3: EasyGamerrr
Seat 5: InteRRio
Seat 6: MaRKiToScoK
Seat 1: YeeesMan (button) collected ($2.50)
Seat 2: dirtyd19991 (small blind) folded before Flop
Seat 4: whlzor (big blind) folded before Flop



PokerStars Hand #254245706548:  Hold'em No Limit ($0.50/$1.00 USD) - 2025/01/07 15:13:32 WET [2025/01/07 10:13:32 ET]
Table 'Octavia II' 6-max Seat #2 is the button
Seat 3: vpetriu ($100 in chips) is sitting out
Seat 6: MaRKiToScoK ($100 in chips) is sitting out
Seat 1: YeeesMan ($101.50 in chips) 
Seat 2: dirtyd19991 ($45.74 in chips) 
Seat 4: whlzor ($100 in chips) 
Seat 5: InteRRio ($100 in chips) 
whlzor: posts small blind $0.50
InteRRio: posts big blind $1
MaRKiToScoK: sits out 
*** HOLE CARDS ***
YeeesMan: folds 
dirtyd19991: folds 
whlzor: folds 
Uncalled bet ($0.50) returned to InteRRio
InteRRio collected $1 from pot
InteRRio: doesn't show hand 
*** SUMMARY ***
Total pot $1 | Rake $0 
Seat 3: vpetriu
Seat 6: MaRKiToScoK
Seat 1: YeeesMan folded before Flop (didn't bet)
Seat 2: dirtyd19991 (button) folded before Flop (didn't bet)
Seat 4: whlzor (small blind) folded before Flop
Seat 5: InteRRio (big blind) collected ($1)



PokerStars Hand #254245709692:  Hold'em No Limit ($0.50/$1.00 USD) - 2025/01/07 15:13:48 WET [2025/01/07 10:13:48 ET]
Table 'Octavia II' 6-max Seat #4 is the button
Seat 3: vpetriu ($100 in chips) is sitting out
Seat 1: YeeesMan ($101.50 in chips) 
Seat 2: dirtyd19991 ($45.74 in chips) 
Seat 4: whlzor ($100 in chips) 
Seat 5: InteRRio ($100.50 in chips) 
Seat 6: MaRKiToScoK ($100 in chips) 
InteRRio: posts small blind $0.50
MaRKiToScoK: posts big blind $1
vpetriu: sits out 
*** HOLE CARDS ***
YeeesMan: raises $1.50 to $2.50
dirtyd19991: folds 
whlzor: folds 
InteRRio: folds 
MaRKiToScoK: calls $1.50
*** FLOP *** [4s 3h 7h]
MaRKiToScoK: checks 
YeeesMan: checks 
*** TURN *** [4s 3h 7h] [Qd]
MaRKiToScoK: bets $1.72
YeeesMan: raises $8.66 to $10.38
MaRKiToScoK: raises $15.12 to $25.50
YeeesMan: raises $73.50 to $99 and is all-in
MaRKiToScoK: folds 
Uncalled bet ($73.50) returned to YeeesMan
YeeesMan collected $54 from pot
YeeesMan: doesn't show hand 
*** SUMMARY ***
Total pot $56.50 | Rake $2.50 
Board [4s 3h 7h Qd]
Seat 3: vpetriu
Seat 1: YeeesMan collected ($54)
Seat 2: dirtyd19991 folded before Flop (didn't bet)
Seat 4: whlzor (button) folded before Flop (didn't bet)
Seat 5: InteRRio (small blind) folded before Flop
Seat 6: MaRKiToScoK (big blind) folded on the Turn



PokerStars Hand #254245726914:  Hold'em No Limit ($0.50/$1.00 USD) - 2025/01/07 15:15:12 WET [2025/01/07 10:15:12 ET]
Table 'Octavia II' 6-max Seat #5 is the button
Seat 1: YeeesMan ($127.50 in chips) is sitting out
Seat 3: vpetriu ($100 in chips) is sitting out
Seat 2: dirtyd19991 ($45.74 in chips) 
Seat 4: whlzor ($100 in chips) 
Seat 5: InteRRio ($100 in chips) 
Seat 6: MaRKiToScoK ($100 in chips) 
MaRKiToScoK: posts small blind $0.50
YeeesMan: is sitting out 
dirtyd19991: posts big blind $1
vpetriu: sits out 
*** HOLE CARDS ***
whlzor: folds 
InteRRio: folds 
MaRKiToScoK: folds 
Uncalled bet ($0.50) returned to dirtyd19991
dirtyd19991 collected $1 from pot
*** SUMMARY ***
Total pot $1 | Rake $0 
Seat 1: YeeesMan
Seat 3: vpetriu
Seat 2: dirtyd19991 (big blind) collected ($1)
Seat 4: whlzor folded before Flop (didn't bet)
Seat 5: InteRRio (button) folded before Flop (didn't bet)
Seat 6: MaRKiToScoK (small blind) folded before Flop



PokerStars Hand #254245729502:  Hold'em No Limit ($0.50/$1.00 USD) - 2025/01/07 15:15:25 WET [2025/01/07 10:15:25 ET]
Table 'Octavia II' 6-max Seat #6 is the button
Seat 1: YeeesMan ($127.50 in chips) is sitting out
Seat 2: dirtyd19991 ($46.24 in chips) 
Seat 3: vpetriu ($100 in chips) 
Seat 4: whlzor ($100 in chips) 
Seat 5: InteRRio ($100 in chips) 
Seat 6: MaRKiToScoK ($100 in chips) 
dirtyd19991: posts small blind $0.50
vpetriu: posts big blind $1
*** HOLE CARDS ***
whlzor: folds 
YeeesMan leaves the table
whlzor leaves the table
InteRRio: raises $1.50 to $2.50
MaRKiToScoK: folds 
dirtyd19991: folds 
vpetriu: folds 
Uncalled bet ($1.50) returned to InteRRio
InteRRio collected $2.50 from pot
InteRRio: doesn't show hand 
*** SUMMARY ***
Total pot $2.50 | Rake $0 
Seat 1: YeeesMan
Seat 2: dirtyd19991 (small blind) folded before Flop
Seat 3: vpetriu (big blind) folded before Flop
Seat 4: whlzor folded before Flop (didn't bet)
Seat 5: InteRRio collected ($2.50)
Seat 6: MaRKiToScoK (button) folded before Flop (didn't bet)



PokerStars Hand #254245732733:  Hold'em No Limit ($0.50/$1.00 USD) - 2025/01/07 15:15:40 WET [2025/01/07 10:15:40 ET]
Table 'Octavia II' 6-max Seat #2 is the button
Seat 2: dirtyd19991 ($45.74 in chips) 
Seat 3: vpetriu ($100 in chips) 
Seat 5: InteRRio ($101.50 in chips) 
Seat 6: MaRKiToScoK ($100 in chips) 
vpetriu: posts small blind $0.50
InteRRio: posts big blind $1
*** HOLE CARDS ***
MaRKiToScoK: raises $1.20 to $2.20
dirtyd19991: folds 
vpetriu: folds 
InteRRio: calls $1.20
*** FLOP *** [2d 5c 7h]
InteRRio: checks 
avstero joins the table at seat #4 
MaRKiToScoK: bets $3.50
InteRRio: folds 
Uncalled bet ($3.50) returned to MaRKiToScoK
MaRKiToScoK collected $4.66 from pot
*** SUMMARY ***
Total pot $4.90 | Rake $0.24 
Board [2d 5c 7h]
Seat 2: dirtyd19991 (button) folded before Flop (didn't bet)
Seat 3: vpetriu (small blind) folded before Flop
Seat 5: InteRRio (big blind) folded on the Flop
Seat 6: MaRKiToScoK collected ($4.66)



PokerStars Hand #254245738455:  Hold'em No Limit ($0.50/$1.00 USD) - 2025/01/07 15:16:07 WET [2025/01/07 10:16:07 ET]
Table 'Octavia II' 6-max Seat #3 is the button
Seat 4: avstero ($100 in chips) is sitting out
Seat 2: dirtyd19991 ($45.74 in chips) 
Seat 3: vpetriu ($100 in chips) 
Seat 5: InteRRio ($100 in chips) 
Seat 6: MaRKiToScoK ($102.46 in chips) 
InteRRio: posts small blind $0.50
MaRKiToScoK: posts big blind $1
*** HOLE CARDS ***
dirtyd19991: folds 
vpetriu: raises $1.50 to $2.50
InteRRio: folds 
MaRKiToScoK: calls $1.50
*** FLOP *** [2c 3s 8c]
iNeverBluff398 joins the table at seat #1 
MaRKiToScoK: checks 
vpetriu: bets $3.92
MaRKiToScoK: folds 
Uncalled bet ($3.92) returned to vpetriu
vpetriu collected $5.22 from pot
vpetriu: doesn't show hand 
*** SUMMARY ***
Total pot $5.50 | Rake $0.28 
Board [2c 3s 8c]
Seat 4: avstero
Seat 2: dirtyd19991 folded before Flop (didn't bet)
Seat 3: vpetriu (button) collected ($5.22)
Seat 5: InteRRio (small blind) folded before Flop
Seat 6: MaRKiToScoK (big blind) folded on the Flop



PokerStars Hand #254245748054:  Hold'em No Limit ($0.50/$1.00 USD) - 2025/01/07 15:16:53 WET [2025/01/07 10:16:53 ET]
Table 'Octavia II' 6-max Seat #5 is the button
Seat 4: avstero ($100 in chips) is sitting out
Seat 1: iNeverBluff398 ($100 in chips) 
Seat 2: dirtyd19991 ($45.74 in chips) 
Seat 3: vpetriu ($102.72 in chips) 
Seat 5: InteRRio ($99.71 in chips) 
Seat 6: MaRKiToScoK ($100 in chips) 
MaRKiToScoK: posts small blind $0.50
iNeverBluff398: posts big blind $1
avstero: sits out 
*** HOLE CARDS ***
dirtyd19991: folds 
vpetriu: folds 
InteRRio: folds 
MaRKiToScoK: raises $1.70 to $2.70
iNeverBluff398: calls $1.70
*** FLOP *** [Qh Jh 9h]
MaRKiToScoK: bets $1.54
iNeverBluff398: folds 
Uncalled bet ($1.54) returned to MaRKiToScoK
MaRKiToScoK collected $5.13 from pot
*** SUMMARY ***
Total pot $5.40 | Rake $0.27 
Board [Qh Jh 9h]
Seat 4: avstero
Seat 1: iNeverBluff398 (big blind) folded on the Flop
Seat 2: dirtyd19991 folded before Flop (didn't bet)
Seat 3: vpetriu folded before Flop (didn't bet)
Seat 5: InteRRio (button) folded before Flop (didn't bet)
Seat 6: MaRKiToScoK (small blind) collected ($5.13)



PokerStars Hand #254245754108:  Hold'em No Limit ($0.50/$1.00 USD) - 2025/01/07 15:17:22 WET [2025/01/07 10:17:22 ET]
Table 'Octavia II' 6-max Seat #6 is the button
Seat 4: avstero ($100 in chips) is sitting out
Seat 1: iNeverBluff398 ($100 in chips) 
Seat 2: dirtyd19991 ($45.74 in chips) 
Seat 3: vpetriu ($102.72 in chips) 
Seat 5: InteRRio ($99.71 in chips) 
Seat 6: MaRKiToScoK ($102.43 in chips) 
iNeverBluff398: posts small blind $0.50
dirtyd19991: posts big blind $1
avstero: sits out 
*** HOLE CARDS ***
vpetriu: folds 
InteRRio: folds 
MaRKiToScoK: folds 
iNeverBluff398: raises $2 to $3
dirtyd19991: folds 
Uncalled bet ($2) returned to iNeverBluff398
iNeverBluff398 collected $2 from pot
iNeverBluff398: doesn't show hand 
*** SUMMARY ***
Total pot $2 | Rake $0 
Seat 4: avstero
Seat 1: iNeverBluff398 (small blind) collected ($2)
Seat 2: dirtyd19991 (big blind) folded before Flop
Seat 3: vpetriu folded before Flop (didn't bet)
Seat 5: InteRRio folded before Flop (didn't bet)
Seat 6: MaRKiToScoK (button) folded before Flop (didn't bet)



PokerStars Hand #254245756877:  Hold'em No Limit ($0.50/$1.00 USD) - 2025/01/07 15:17:35 WET [2025/01/07 10:17:35 ET]
Table 'Octavia II' 6-max Seat #1 is the button
Seat 4: avstero ($100 in chips) is sitting out
Seat 1: iNeverBluff398 ($101 in chips) 
Seat 2: dirtyd19991 ($44.74 in chips) 
Seat 3: vpetriu ($102.72 in chips) 
Seat 5: InteRRio ($99.71 in chips) 
Seat 6: MaRKiToScoK ($102.43 in chips) 
dirtyd19991: posts small blind $0.50
vpetriu: posts big blind $1
avstero: sits out 
*** HOLE CARDS ***
InteRRio: folds 
MaRKiToScoK: folds 
iNeverBluff398: raises $1.50 to $2.50
dirtyd19991: calls $2
vpetriu: folds 
*** FLOP *** [3s Kd 4h]
dirtyd19991: bets $5.70
iNeverBluff398: folds 
Uncalled bet ($5.70) returned to dirtyd19991
dirtyd19991 collected $5.62 from pot
*** SUMMARY ***
Total pot $6 | Rake $0.38 
Board [3s Kd 4h]
Seat 4: avstero
Seat 1: iNeverBluff398 (button) folded on the Flop
Seat 2: dirtyd19991 (small blind) collected ($5.62)
Seat 3: vpetriu (big blind) folded before Flop
Seat 5: InteRRio folded before Flop (didn't bet)
Seat 6: MaRKiToScoK folded before Flop (didn't bet)



PokerStars Hand #254245760903:  Hold'em No Limit ($0.50/$1.00 USD) - 2025/01/07 15:17:55 WET [2025/01/07 10:17:55 ET]
Table 'Octavia II' 6-max Seat #2 is the button
Seat 1: iNeverBluff398 ($100 in chips) 
Seat 2: dirtyd19991 ($47.86 in chips) 
Seat 3: vpetriu ($101.72 in chips) 
Seat 4: avstero ($100 in chips) 
Seat 5: InteRRio ($99.71 in chips) 
Seat 6: MaRKiToScoK ($102.43 in chips) 
vpetriu: posts small blind $0.50
avstero: posts big blind $1
*** HOLE CARDS ***
InteRRio: folds 
MaRKiToScoK: folds 
iNeverBluff398: folds 
dirtyd19991: folds 
vpetriu: folds 
Uncalled bet ($0.50) returned to avstero
avstero collected $1 from pot
avstero: doesn't show hand 
*** SUMMARY ***
Total pot $1 | Rake $0 
Seat 1: iNeverBluff398 folded before Flop (didn't bet)
Seat 2: dirtyd19991 (button) folded before Flop (didn't bet)
Seat 3: vpetriu (small blind) folded before Flop
Seat 4: avstero (big blind) collected ($1)
Seat 5: InteRRio folded before Flop (didn't bet)
Seat 6: MaRKiToScoK folded before Flop (didn't bet)



PokerStars Hand #254245763923:  Hold'em No Limit ($0.50/$1.00 USD) - 2025/01/07 15:18:09 WET [2025/01/07 10:18:09 ET]
Table 'Octavia II' 6-max Seat #3 is the button
Seat 5: InteRRio ($99.71 in chips) is sitting out
Seat 1: iNeverBluff398 ($100 in chips) 
Seat 2: dirtyd19991 ($47.86 in chips) 
Seat 3: vpetriu ($101.22 in chips) 
Seat 4: avstero ($100.50 in chips) 
Seat 6: MaRKiToScoK ($102.43 in chips) 
avstero: posts small blind $0.50
InteRRio: is sitting out 
MaRKiToScoK: posts big blind $1
*** HOLE CARDS ***
iNeverBluff398: folds 
dirtyd19991: folds 
vpetriu: raises $1.50 to $2.50
avstero: folds 
MaRKiToScoK: folds 
Uncalled bet ($1.50) returned to vpetriu
vpetriu collected $2.50 from pot
vpetriu: doesn't show hand 
*** SUMMARY ***
Total pot $2.50 | Rake $0 
Seat 5: InteRRio
Seat 1: iNeverBluff398 folded before Flop (didn't bet)
Seat 2: dirtyd19991 folded before Flop (didn't bet)
Seat 3: vpetriu (button) collected ($2.50)
Seat 4: avstero (small blind) folded before Flop
Seat 6: MaRKiToScoK (big blind) folded before Flop



PokerStars Hand #254245768053:  Hold'em No Limit ($0.50/$1.00 USD) - 2025/01/07 15:18:29 WET [2025/01/07 10:18:29 ET]
Table 'Octavia II' 6-max Seat #4 is the button
Seat 5: InteRRio ($99.71 in chips) is sitting out
Seat 1: iNeverBluff398 ($100 in chips) 
Seat 2: dirtyd19991 ($47.86 in chips) 
Seat 3: vpetriu ($102.72 in chips) 
Seat 4: avstero ($100 in chips) 
Seat 6: MaRKiToScoK ($101.43 in chips) 
MaRKiToScoK: posts small blind $0.50
iNeverBluff398: posts big blind $1
*** HOLE CARDS ***
dirtyd19991: folds 
vpetriu: raises $1.30 to $2.30
avstero: raises $4.90 to $7.20
InteRRio leaves the table
MaRKiToScoK: folds 
iNeverBluff398: folds 
vpetriu: folds 
Uncalled bet ($4.90) returned to avstero
avstero collected $6.10 from pot
avstero: doesn't show hand 
*** SUMMARY ***
Total pot $6.10 | Rake $0 
Seat 5: InteRRio
Seat 1: iNeverBluff398 (big blind) folded before Flop
Seat 2: dirtyd19991 folded before Flop (didn't bet)
Seat 3: vpetriu folded before Flop
Seat 4: avstero (button) collected ($6.10)
Seat 6: MaRKiToScoK (small blind) folded before Flop



PokerStars Hand #254245775932:  Hold'em No Limit ($0.50/$1.00 USD) - 2025/01/07 15:19:06 WET [2025/01/07 10:19:06 ET]
Table 'Octavia II' 6-max Seat #6 is the button
Seat 1: iNeverBluff398 ($100 in chips) 
Seat 2: dirtyd19991 ($47.86 in chips) 
Seat 3: vpetriu ($100.42 in chips) 
Seat 4: avstero ($103.80 in chips) 
Seat 6: MaRKiToScoK ($100.93 in chips) 
iNeverBluff398: posts small blind $0.50
dirtyd19991: posts big blind $1
*** HOLE CARDS ***
vpetriu: folds 
avstero: folds 
MaRKiToScoK: raises $1.50 to $2.50
iNeverBluff398: folds 
dirtyd19991: folds 
Uncalled bet ($1.50) returned to MaRKiToScoK
MaRKiToScoK collected $2.50 from pot
*** SUMMARY ***
Total pot $2.50 | Rake $0 
Seat 1: iNeverBluff398 (small blind) folded before Flop
Seat 2: dirtyd19991 (big blind) folded before Flop
Seat 3: vpetriu folded before Flop (didn't bet)
Seat 4: avstero folded before Flop (didn't bet)
Seat 6: MaRKiToScoK (button) collected ($2.50)



PokerStars Hand #254245783098:  Hold'em No Limit ($0.50/$1.00 USD) - 2025/01/07 15:19:40 WET [2025/01/07 10:19:40 ET]
Table 'Octavia II' 6-max Seat #1 is the button
Seat 3: vpetriu ($100.42 in chips) is sitting out
Seat 4: avstero ($103.80 in chips) is sitting out
Seat 1: iNeverBluff398 ($100 in chips) 
Seat 2: dirtyd19991 ($46.86 in chips) 
Seat 6: MaRKiToScoK ($102.43 in chips) 
dirtyd19991: posts small blind $0.50
vpetriu: is sitting out 
avstero: is sitting out 
MaRKiToScoK: posts big blind $1
*** HOLE CARDS ***
iNeverBluff398: folds 
vpetriu leaves the table
avstero leaves the table
Nicedaymybro joins the table at seat #5 
dirtyd19991: raises $1 to $2
MaRKiToScoK: calls $1
*** FLOP *** [Ks Qd 5c]
dirtyd19991: bets $1
Joe_Li7 joins the table at seat #3 
MaRKiToScoK: folds 
Uncalled bet ($1) returned to dirtyd19991
dirtyd19991 collected $3.75 from pot
*** SUMMARY ***
Total pot $4 | Rake $0.25 
Board [Ks Qd 5c]
Seat 3: vpetriu
Seat 4: avstero
Seat 1: iNeverBluff398 (button) folded before Flop (didn't bet)
Seat 2: dirtyd19991 (small blind) collected ($3.75)
Seat 6: MaRKiToScoK (big blind) folded on the Flop



PokerStars Hand #254245788759:  Hold'em No Limit ($0.50/$1.00 USD) - 2025/01/07 15:20:07 WET [2025/01/07 10:20:07 ET]
Table 'Octavia II' 6-max Seat #2 is the button
Seat 3: Joe_Li7 ($100 in chips) is sitting out
Seat 5: Nicedaymybro ($100 in chips) is sitting out
Seat 1: iNeverBluff398 ($100 in chips) 
Seat 2: dirtyd19991 ($48.61 in chips) 
Seat 6: MaRKiToScoK ($100.43 in chips) 
MaRKiToScoK: posts small blind $0.50
iNeverBluff398: posts big blind $1
*** HOLE CARDS ***
dirtyd19991: raises $2 to $3
MaRKiToScoK: folds 
iNeverBluff398: folds 
Uncalled bet ($2) returned to dirtyd19991
dirtyd19991 collected $2.50 from pot
*** SUMMARY ***
Total pot $2.50 | Rake $0 
Seat 3: Joe_Li7
Seat 5: Nicedaymybro
Seat 1: iNeverBluff398 (big blind) folded before Flop
Seat 2: dirtyd19991 (button) collected ($2.50)
Seat 6: MaRKiToScoK (small blind) folded before Flop



PokerStars Hand #254245791122:  Hold'em No Limit ($0.50/$1.00 USD) - 2025/01/07 15:20:19 WET [2025/01/07 10:20:19 ET]
Table 'Octavia II' 6-max Seat #6 is the button
Seat 3: Joe_Li7 ($100 in chips) is sitting out
Seat 5: Nicedaymybro ($100 in chips) is sitting out
Seat 1: iNeverBluff398 ($100 in chips) 
Seat 2: dirtyd19991 ($50.11 in chips) 
Seat 6: MaRKiToScoK ($100 in chips) 
iNeverBluff398: posts small blind $0.50
dirtyd19991: posts big blind $1
Joe_Li7: sits out 
Nicedaymybro: sits out 
*** HOLE CARDS ***
MaRKiToScoK: raises $1.50 to $2.50
iNeverBluff398: folds 
dirtyd19991: folds 
Uncalled bet ($1.50) returned to MaRKiToScoK
MaRKiToScoK collected $2.50 from pot
*** SUMMARY ***
Total pot $2.50 | Rake $0 
Seat 3: Joe_Li7
Seat 5: Nicedaymybro
Seat 1: iNeverBluff398 (small blind) folded before Flop
Seat 2: dirtyd19991 (big blind) folded before Flop
Seat 6: MaRKiToScoK (button) collected ($2.50)



PokerStars Hand #254245793595:  Hold'em No Limit ($0.50/$1.00 USD) - 2025/01/07 15:20:30 WET [2025/01/07 10:20:30 ET]
Table 'Octavia II' 6-max Seat #1 is the button
Seat 5: Nicedaymybro ($100 in chips) is sitting out
Seat 1: iNeverBluff398 ($100 in chips) 
Seat 2: dirtyd19991 ($49.11 in chips) 
Seat 3: Joe_Li7 ($100 in chips) 
Seat 6: MaRKiToScoK ($101.50 in chips) 
dirtyd19991: posts small blind $0.50
Joe_Li7: posts big blind $1
Nicedaymybro: sits out 
*** HOLE CARDS ***
MaRKiToScoK: folds 
iNeverBluff398: raises $1.50 to $2.50
dirtyd19991: calls $2
Joe_Li7: folds 
*** FLOP *** [Ad 6s 6h]
dirtyd19991: bets $5.70
iNeverBluff398: calls $5.70
*** TURN *** [Ad 6s 6h] [Ks]
dirtyd19991: checks 
iNeverBluff398: checks 
*** RIVER *** [Ad 6s 6h Ks] [6d]
dirtyd19991: checks 
BGS013 joins the table at seat #4 
iNeverBluff398: bets $16.53
dirtyd19991: folds 
Uncalled bet ($16.53) returned to iNeverBluff398
iNeverBluff398 collected $16.53 from pot
iNeverBluff398: doesn't show hand 
*** SUMMARY ***
Total pot $17.40 | Rake $0.87 
Board [Ad 6s 6h Ks 6d]
Seat 5: Nicedaymybro
Seat 1: iNeverBluff398 (button) collected ($16.53)
Seat 2: dirtyd19991 (small blind) folded on the River
Seat 3: Joe_Li7 (big blind) folded before Flop
Seat 6: MaRKiToScoK folded before Flop (didn't bet)



PokerStars Hand #254245800025:  Hold'em No Limit ($0.50/$1.00 USD) - 2025/01/07 15:21:00 WET [2025/01/07 10:21:00 ET]
Table 'Octavia II' 6-max Seat #2 is the button
Seat 5: Nicedaymybro ($100 in chips) is sitting out
Seat 1: iNeverBluff398 ($108.33 in chips) 
Seat 2: dirtyd19991 ($40.91 in chips) 
Seat 3: Joe_Li7 ($100 in chips) 
Seat 4: BGS013 ($100 in chips) 
Seat 6: MaRKiToScoK ($101.50 in chips) 
Joe_Li7: posts small blind $0.50
BGS013: posts big blind $1
Nicedaymybro: sits out 
*** HOLE CARDS ***
MaRKiToScoK: folds 
iNeverBluff398: folds 
dirtyd19991: folds 
Joe_Li7: folds 
Uncalled bet ($0.50) returned to BGS013
BGS013 collected $1 from pot
BGS013: doesn't show hand 
*** SUMMARY ***
Total pot $1 | Rake $0 
Seat 5: Nicedaymybro
Seat 1: iNeverBluff398 folded before Flop (didn't bet)
Seat 2: dirtyd19991 (button) folded before Flop (didn't bet)
Seat 3: Joe_Li7 (small blind) folded before Flop
Seat 4: BGS013 (big blind) collected ($1)
Seat 6: MaRKiToScoK folded before Flop (didn't bet)



PokerStars Hand #254245802111:  Hold'em No Limit ($0.50/$1.00 USD) - 2025/01/07 15:21:10 WET [2025/01/07 10:21:10 ET]
Table 'Octavia II' 6-max Seat #3 is the button
Seat 1: iNeverBluff398 ($108.33 in chips) 
Seat 2: dirtyd19991 ($40.91 in chips) 
Seat 3: Joe_Li7 ($100 in chips) 
Seat 4: BGS013 ($100.50 in chips) 
Seat 5: Nicedaymybro ($100 in chips) 
Seat 6: MaRKiToScoK ($101.50 in chips) 
BGS013: posts small blind $0.50
Nicedaymybro: posts big blind $1
*** HOLE CARDS ***
MaRKiToScoK: folds 
iNeverBluff398: folds 
dirtyd19991: folds 
Joe_Li7: raises $1.50 to $2.50
BGS013: folds 
Nicedaymybro: folds 
Uncalled bet ($1.50) returned to Joe_Li7
Joe_Li7 collected $2.50 from pot
*** SUMMARY ***
Total pot $2.50 | Rake $0 
Seat 1: iNeverBluff398 folded before Flop (didn't bet)
Seat 2: dirtyd19991 folded before Flop (didn't bet)
Seat 3: Joe_Li7 (button) collected ($2.50)
Seat 4: BGS013 (small blind) folded before Flop
Seat 5: Nicedaymybro (big blind) folded before Flop
Seat 6: MaRKiToScoK folded before Flop (didn't bet)



PokerStars Hand #254245806364:  Hold'em No Limit ($0.50/$1.00 USD) - 2025/01/07 15:21:30 WET [2025/01/07 10:21:30 ET]
Table 'Octavia II' 6-max Seat #4 is the button
Seat 1: iNeverBluff398 ($108.33 in chips) 
Seat 2: dirtyd19991 ($40.91 in chips) 
Seat 3: Joe_Li7 ($101.50 in chips) 
Seat 4: BGS013 ($100 in chips) 
Seat 5: Nicedaymybro ($100 in chips) 
Seat 6: MaRKiToScoK ($101.50 in chips) 
Nicedaymybro: posts small blind $0.50
MaRKiToScoK: posts big blind $1
*** HOLE CARDS ***
iNeverBluff398: raises $1 to $2
dirtyd19991: folds 
Joe_Li7: folds 
BGS013: folds 
Nicedaymybro: folds 
MaRKiToScoK: calls $1
*** FLOP *** [2c 8h Jd]
MaRKiToScoK: checks 
iNeverBluff398: bets $2.82
MaRKiToScoK: calls $2.82
*** TURN *** [2c 8h Jd] [Ad]
MaRKiToScoK: checks 
iNeverBluff398: checks 
*** RIVER *** [2c 8h Jd Ad] [Ks]
MaRKiToScoK: bets $9.63
iNeverBluff398: folds 
Uncalled bet ($9.63) returned to MaRKiToScoK
MaRKiToScoK collected $9.63 from pot
*** SUMMARY ***
Total pot $10.14 | Rake $0.51 
Board [2c 8h Jd Ad Ks]
Seat 1: iNeverBluff398 folded on the River
Seat 2: dirtyd19991 folded before Flop (didn't bet)
Seat 3: Joe_Li7 folded before Flop (didn't bet)
Seat 4: BGS013 (button) folded before Flop (didn't bet)
Seat 5: Nicedaymybro (small blind) folded before Flop
Seat 6: MaRKiToScoK (big blind) collected ($9.63)



PokerStars Hand #254245816960:  Hold'em No Limit ($0.50/$1.00 USD) - 2025/01/07 15:22:20 WET [2025/01/07 10:22:20 ET]
Table 'Octavia II' 6-max Seat #5 is the button
Seat 1: iNeverBluff398 ($103.51 in chips) 
Seat 2: dirtyd19991 ($40.91 in chips) 
Seat 3: Joe_Li7 ($101.50 in chips) 
Seat 4: BGS013 ($100 in chips) 
Seat 5: Nicedaymybro ($100 in chips) 
Seat 6: MaRKiToScoK ($106.31 in chips) 
MaRKiToScoK: posts small blind $0.50
iNeverBluff398: posts big blind $1
*** HOLE CARDS ***
dirtyd19991: folds 
Joe_Li7: folds 
BGS013: raises $1.50 to $2.50
Nicedaymybro: raises $5 to $7.50
MaRKiToScoK: folds 
iNeverBluff398: folds 
BGS013: calls $5
*** FLOP *** [6s 2c 5s]
BGS013: checks 
Nicedaymybro: checks 
*** TURN *** [6s 2c 5s] [Ts]
BGS013: bets $4.08
Nicedaymybro: raises $14.44 to $18.52
BGS013: calls $14.44
*** RIVER *** [6s 2c 5s Ts] [4h]
BGS013: checks 
Nicedaymybro: checks 
*** SHOW DOWN ***
BGS013: shows [9h 9d] (a pair of Nines)
Nicedaymybro: shows [Tc Ac] (a pair of Tens)
Nicedaymybro collected $51.04 from pot
*** SUMMARY ***
Total pot $53.54 | Rake $2.50 
Board [6s 2c 5s Ts 4h]
Seat 1: iNeverBluff398 (big blind) folded before Flop
Seat 2: dirtyd19991 folded before Flop (didn't bet)
Seat 3: Joe_Li7 folded before Flop (didn't bet)
Seat 4: BGS013 showed [9h 9d] and lost with a pair of Nines
Seat 5: Nicedaymybro (button) showed [Tc Ac] and won ($51.04) with a pair of Tens
Seat 6: MaRKiToScoK (small blind) folded before Flop



PokerStars Hand #254245831753:  Hold'em No Limit ($0.50/$1.00 USD) - 2025/01/07 15:23:29 WET [2025/01/07 10:23:29 ET]
Table 'Octavia II' 6-max Seat #6 is the button
Seat 1: iNeverBluff398 ($102.51 in chips) 
Seat 2: dirtyd19991 ($40.91 in chips) 
Seat 3: Joe_Li7 ($101.50 in chips) 
Seat 4: BGS013 ($100 in chips) 
Seat 5: Nicedaymybro ($125.02 in chips) 
Seat 6: MaRKiToScoK ($105.81 in chips) 
iNeverBluff398: posts small blind $0.50
dirtyd19991: posts big blind $1
*** HOLE CARDS ***
Joe_Li7: folds 
BGS013: folds 
Nicedaymybro: folds 
MaRKiToScoK: folds 
iNeverBluff398: raises $2 to $3
dirtyd19991: folds 
Uncalled bet ($2) returned to iNeverBluff398
iNeverBluff398 collected $2 from pot
iNeverBluff398: doesn't show hand 
*** SUMMARY ***
Total pot $2 | Rake $0 
Seat 1: iNeverBluff398 (small blind) collected ($2)
Seat 2: dirtyd19991 (big blind) folded before Flop
Seat 3: Joe_Li7 folded before Flop (didn't bet)
Seat 4: BGS013 folded before Flop (didn't bet)
Seat 5: Nicedaymybro folded before Flop (didn't bet)
Seat 6: MaRKiToScoK (button) folded before Flop (didn't bet)



PokerStars Hand #254245833923:  Hold'em No Limit ($0.50/$1.00 USD) - 2025/01/07 15:23:39 WET [2025/01/07 10:23:39 ET]
Table 'Octavia II' 6-max Seat #1 is the button
Seat 1: iNeverBluff398 ($103.51 in chips) 
Seat 2: dirtyd19991 ($39.91 in chips) 
Seat 3: Joe_Li7 ($101.50 in chips) 
Seat 4: BGS013 ($100 in chips) 
Seat 5: Nicedaymybro ($125.02 in chips) 
Seat 6: MaRKiToScoK ($105.81 in chips) 
dirtyd19991: posts small blind $0.50
Joe_Li7: posts big blind $1
*** HOLE CARDS ***
BGS013: folds 
Nicedaymybro: folds 
MaRKiToScoK: raises $1.20 to $2.20
iNeverBluff398: folds 
dirtyd19991: folds 
Joe_Li7: folds 
Uncalled bet ($1.20) returned to MaRKiToScoK
MaRKiToScoK collected $2.50 from pot
*** SUMMARY ***
Total pot $2.50 | Rake $0 
Seat 1: iNeverBluff398 (button) folded before Flop (didn't bet)
Seat 2: dirtyd19991 (small blind) folded before Flop
Seat 3: Joe_Li7 (big blind) folded before Flop
Seat 4: BGS013 folded before Flop (didn't bet)
Seat 5: Nicedaymybro folded before Flop (didn't bet)
Seat 6: MaRKiToScoK collected ($2.50)



PokerStars Hand #254245836762:  Hold'em No Limit ($0.50/$1.00 USD) - 2025/01/07 15:23:53 WET [2025/01/07 10:23:53 ET]
Table 'Octavia II' 6-max Seat #2 is the button
Seat 1: iNeverBluff398 ($103.51 in chips) 
Seat 2: dirtyd19991 ($39.41 in chips) 
Seat 3: Joe_Li7 ($100.50 in chips) 
Seat 4: BGS013 ($100 in chips) 
Seat 5: Nicedaymybro ($125.02 in chips) 
Seat 6: MaRKiToScoK ($107.31 in chips) 
Joe_Li7: posts small blind $0.50
BGS013: posts big blind $1
*** HOLE CARDS ***
Nicedaymybro: folds 
MaRKiToScoK: folds 
iNeverBluff398: folds 
dirtyd19991: folds 
Joe_Li7: folds 
Uncalled bet ($0.50) returned to BGS013
BGS013 collected $1 from pot
BGS013: doesn't show hand 
*** SUMMARY ***
Total pot $1 | Rake $0 
Seat 1: iNeverBluff398 folded before Flop (didn't bet)
Seat 2: dirtyd19991 (button) folded before Flop (didn't bet)
Seat 3: Joe_Li7 (small blind) folded before Flop
Seat 4: BGS013 (big blind) collected ($1)
Seat 5: Nicedaymybro folded before Flop (didn't bet)
Seat 6: MaRKiToScoK folded before Flop (didn't bet)



PokerStars Hand #254245840520:  Hold'em No Limit ($0.50/$1.00 USD) - 2025/01/07 15:24:10 WET [2025/01/07 10:24:10 ET]
Table 'Octavia II' 6-max Seat #3 is the button
Seat 1: iNeverBluff398 ($103.51 in chips) 
Seat 2: dirtyd19991 ($39.41 in chips) 
Seat 3: Joe_Li7 ($100 in chips) 
Seat 4: BGS013 ($100.50 in chips) 
Seat 5: Nicedaymybro ($125.02 in chips) 
Seat 6: MaRKiToScoK ($107.31 in chips) 
BGS013: posts small blind $0.50
Nicedaymybro: posts big blind $1
*** HOLE CARDS ***
MaRKiToScoK: raises $1.10 to $2.10
iNeverBluff398: folds 
dirtyd19991: folds 
Joe_Li7: folds 
BGS013: folds 
Nicedaymybro: calls $1.10
*** FLOP *** [9d 3h 9c]
Nicedaymybro: checks 
MaRKiToScoK: bets $2.23
Nicedaymybro: calls $2.23
*** TURN *** [9d 3h 9c] [3c]
Nicedaymybro: checks 
MaRKiToScoK: bets $6.53
Nicedaymybro: folds 
Uncalled bet ($6.53) returned to MaRKiToScoK
MaRKiToScoK collected $8.70 from pot
*** SUMMARY ***
Total pot $9.16 | Rake $0.46 
Board [9d 3h 9c 3c]
Seat 1: iNeverBluff398 folded before Flop (didn't bet)
Seat 2: dirtyd19991 folded before Flop (didn't bet)
Seat 3: Joe_Li7 (button) folded before Flop (didn't bet)
Seat 4: BGS013 (small blind) folded before Flop
Seat 5: Nicedaymybro (big blind) folded on the Turn
Seat 6: MaRKiToScoK collected ($8.70)



PokerStars Hand #254245845739:  Hold'em No Limit ($0.50/$1.00 USD) - 2025/01/07 15:24:35 WET [2025/01/07 10:24:35 ET]
Table 'Octavia II' 6-max Seat #4 is the button
Seat 1: iNeverBluff398 ($103.51 in chips) 
Seat 2: dirtyd19991 ($39.41 in chips) 
Seat 3: Joe_Li7 ($100 in chips) 
Seat 4: BGS013 ($100 in chips) 
Seat 5: Nicedaymybro ($120.69 in chips) 
Seat 6: MaRKiToScoK ($111.68 in chips) 
Nicedaymybro: posts small blind $0.50
MaRKiToScoK: posts big blind $1
*** HOLE CARDS ***
iNeverBluff398: folds 
dirtyd19991: folds 
Joe_Li7: folds 
BGS013: folds 
Nicedaymybro: folds 
Uncalled bet ($0.50) returned to MaRKiToScoK
MaRKiToScoK collected $1 from pot
*** SUMMARY ***
Total pot $1 | Rake $0 
Seat 1: iNeverBluff398 folded before Flop (didn't bet)
Seat 2: dirtyd19991 folded before Flop (didn't bet)
Seat 3: Joe_Li7 folded before Flop (didn't bet)
Seat 4: BGS013 (button) folded before Flop (didn't bet)
Seat 5: Nicedaymybro (small blind) folded before Flop
Seat 6: MaRKiToScoK (big blind) collected ($1)



PokerStars Hand #254245848901:  Hold'em No Limit ($0.50/$1.00 USD) - 2025/01/07 15:24:50 WET [2025/01/07 10:24:50 ET]
Table 'Octavia II' 6-max Seat #5 is the button
Seat 1: iNeverBluff398 ($103.51 in chips) 
Seat 2: dirtyd19991 ($39.41 in chips) 
Seat 3: Joe_Li7 ($100 in chips) 
Seat 4: BGS013 ($100 in chips) 
Seat 5: Nicedaymybro ($120.19 in chips) 
Seat 6: MaRKiToScoK ($112.18 in chips) 
MaRKiToScoK: posts small blind $0.50
iNeverBluff398: posts big blind $1
*** HOLE CARDS ***
dirtyd19991: folds 
Joe_Li7: folds 
BGS013: folds 
Nicedaymybro: folds 
MaRKiToScoK: raises $1.70 to $2.70
iNeverBluff398: calls $1.70
*** FLOP *** [9h Ad 3s]
MaRKiToScoK: bets $1.54
iNeverBluff398: calls $1.54
*** TURN *** [9h Ad 3s] [5c]
MaRKiToScoK: checks 
iNeverBluff398: bets $2.66
MaRKiToScoK: folds 
Uncalled bet ($2.66) returned to iNeverBluff398
iNeverBluff398 collected $8.06 from pot
iNeverBluff398: doesn't show hand 
*** SUMMARY ***
Total pot $8.48 | Rake $0.42 
Board [9h Ad 3s 5c]
Seat 1: iNeverBluff398 (big blind) collected ($8.06)
Seat 2: dirtyd19991 folded before Flop (didn't bet)
Seat 3: Joe_Li7 folded before Flop (didn't bet)
Seat 4: BGS013 folded before Flop (didn't bet)
Seat 5: Nicedaymybro (button) folded before Flop (didn't bet)
Seat 6: MaRKiToScoK (small blind) folded on the Turn



PokerStars Hand #254246138892:  Hold'em No Limit ($0.50/$1.00 USD) - 2025/01/07 15:47:08 WET [2025/01/07 10:47:08 ET]
Table 'Octavia II' 6-max Seat #3 is the button
Seat 1: iNeverBluff398 ($129.23 in chips) 
Seat 2: dirtyd19991 ($52.81 in chips) 
Seat 3: ali_34526 ($52.33 in chips) 
Seat 4: janarr5 ($100 in chips) 
Seat 5: Pon4uk.ua ($109.08 in chips) 
Seat 6: MaRKiToScoK ($109.28 in chips) 
janarr5: posts small blind $0.50
Pon4uk.ua: posts big blind $1
*** HOLE CARDS ***
MaRKiToScoK: raises $1.10 to $2.10
iNeverBluff398: folds 
dirtyd19991: folds 
ali_34526: calls $2.10
janarr5: folds 
Pon4uk.ua: folds 
*** FLOP *** [Qs 5d Kd]
MaRKiToScoK: bets $1.63
ali_34526: calls $1.63
*** TURN *** [Qs 5d Kd] [3h]
MaRKiToScoK: bets $9
ali_34526: calls $9
*** RIVER *** [Qs 5d Kd 3h] [Jd]
MaRKiToScoK: bets $40
ali_34526: folds 
Uncalled bet ($40) returned to MaRKiToScoK
MaRKiToScoK collected $25.61 from pot
*** SUMMARY ***
Total pot $26.96 | Rake $1.35 
Board [Qs 5d Kd 3h Jd]
Seat 1: iNeverBluff398 folded before Flop (didn't bet)
Seat 2: dirtyd19991 folded before Flop (didn't bet)
Seat 3: ali_34526 (button) folded on the River
Seat 4: janarr5 (small blind) folded before Flop
Seat 5: Pon4uk.ua (big blind) folded before Flop
Seat 6: MaRKiToScoK collected ($25.61)



PokerStars Hand #254246148393:  Hold'em No Limit ($0.50/$1.00 USD) - 2025/01/07 15:47:52 WET [2025/01/07 10:47:52 ET]
Table 'Octavia II' 6-max Seat #4 is the button
Seat 1: iNeverBluff398 ($129.23 in chips) 
Seat 2: dirtyd19991 ($52.81 in chips) 
Seat 3: ali_34526 ($39.60 in chips) 
Seat 4: janarr5 ($100 in chips) 
Seat 5: Pon4uk.ua ($108.08 in chips) 
Seat 6: MaRKiToScoK ($122.16 in chips) 
Pon4uk.ua: posts small blind $0.50
MaRKiToScoK: posts big blind $1
*** HOLE CARDS ***
iNeverBluff398: folds 
dirtyd19991: raises $2 to $3
ali_34526: folds 
janarr5: folds 
Pon4uk.ua: folds 
MaRKiToScoK: folds 
Uncalled bet ($2) returned to dirtyd19991
dirtyd19991 collected $2.50 from pot
*** SUMMARY ***
Total pot $2.50 | Rake $0 
Seat 1: iNeverBluff398 folded before Flop (didn't bet)
Seat 2: dirtyd19991 collected ($2.50)
Seat 3: ali_34526 folded before Flop (didn't bet)
Seat 4: janarr5 (button) folded before Flop (didn't bet)
Seat 5: Pon4uk.ua (small blind) folded before Flop
Seat 6: MaRKiToScoK (big blind) folded before Flop



PokerStars Hand #254246152744:  Hold'em No Limit ($0.50/$1.00 USD) - 2025/01/07 15:48:12 WET [2025/01/07 10:48:12 ET]
Table 'Octavia II' 6-max Seat #5 is the button
Seat 1: iNeverBluff398 ($129.23 in chips) 
Seat 2: dirtyd19991 ($54.31 in chips) 
Seat 3: ali_34526 ($39.60 in chips) 
Seat 4: janarr5 ($100 in chips) 
Seat 5: Pon4uk.ua ($107.58 in chips) 
Seat 6: MaRKiToScoK ($121.16 in chips) 
MaRKiToScoK: posts small blind $0.50
iNeverBluff398: posts big blind $1
*** HOLE CARDS ***
dirtyd19991: folds 
ali_34526: calls $1
janarr5: folds 
Pon4uk.ua: folds 
MaRKiToScoK: calls $0.50
iNeverBluff398: checks 
*** FLOP *** [Kd Tc 4h]
MaRKiToScoK: checks 
iNeverBluff398: checks 
ali_34526: checks 
*** TURN *** [Kd Tc 4h] [Ks]
MaRKiToScoK: checks 
iNeverBluff398: checks 
ali_34526: checks 
*** RIVER *** [Kd Tc 4h Ks] [3s]
MaRKiToScoK: checks 
iNeverBluff398: checks 
ali_34526: checks 
*** SHOW DOWN ***
MaRKiToScoK: shows [2c 2s] (two pair, Kings and Deuces)
iNeverBluff398: shows [3d 5d] (two pair, Kings and Threes)
ali_34526: mucks hand 
iNeverBluff398 collected $2.85 from pot
*** SUMMARY ***
Total pot $3 | Rake $0.15 
Board [Kd Tc 4h Ks 3s]
Seat 1: iNeverBluff398 (big blind) showed [3d 5d] and won ($2.85) with two pair, Kings and Threes
Seat 2: dirtyd19991 folded before Flop (didn't bet)
Seat 3: ali_34526 mucked
Seat 4: janarr5 folded before Flop (didn't bet)
Seat 5: Pon4uk.ua (button) folded before Flop (didn't bet)
Seat 6: MaRKiToScoK (small blind) showed [2c 2s] and lost with two pair, Kings and Deuces



PokerStars Hand #254246162188:  Hold'em No Limit ($0.50/$1.00 USD) - 2025/01/07 15:48:55 WET [2025/01/07 10:48:55 ET]
Table 'Octavia II' 6-max Seat #6 is the button
Seat 1: iNeverBluff398 ($131.08 in chips) 
Seat 2: dirtyd19991 ($54.31 in chips) 
Seat 3: ali_34526 ($38.60 in chips) 
Seat 4: janarr5 ($100 in chips) 
Seat 5: Pon4uk.ua ($107.58 in chips) 
Seat 6: MaRKiToScoK ($120.16 in chips) 
iNeverBluff398: posts small blind $0.50
dirtyd19991: posts big blind $1
*** HOLE CARDS ***
ali_34526: calls $1
janarr5: folds 
Pon4uk.ua: folds 
MaRKiToScoK: raises $4 to $5
iNeverBluff398: folds 
dirtyd19991: folds 
ali_34526: folds 
Uncalled bet ($4) returned to MaRKiToScoK
MaRKiToScoK collected $3.50 from pot
*** SUMMARY ***
Total pot $3.50 | Rake $0 
Seat 1: iNeverBluff398 (small blind) folded before Flop
Seat 2: dirtyd19991 (big blind) folded before Flop
Seat 3: ali_34526 folded before Flop
Seat 4: janarr5 folded before Flop (didn't bet)
Seat 5: Pon4uk.ua folded before Flop (didn't bet)
Seat 6: MaRKiToScoK (button) collected ($3.50)



PokerStars Hand #254246166460:  Hold'em No Limit ($0.50/$1.00 USD) - 2025/01/07 15:49:14 WET [2025/01/07 10:49:14 ET]
Table 'Octavia II' 6-max Seat #1 is the button
Seat 1: iNeverBluff398 ($130.58 in chips) 
Seat 2: dirtyd19991 ($53.31 in chips) 
Seat 3: ali_34526 ($37.60 in chips) 
Seat 4: janarr5 ($100 in chips) 
Seat 5: Pon4uk.ua ($107.58 in chips) 
Seat 6: MaRKiToScoK ($122.66 in chips) 
dirtyd19991: posts small blind $0.50
ali_34526: posts big blind $1
*** HOLE CARDS ***
janarr5: raises $1.25 to $2.25
Pon4uk.ua: folds 
MaRKiToScoK: raises $4.73 to $6.98
iNeverBluff398: folds 
dirtyd19991: folds 
ali_34526: raises $30.62 to $37.60 and is all-in
janarr5: folds 
MaRKiToScoK: calls $30.62
ali_34526 has timed out
*** FLOP *** [Ac 5s 8c]
*** TURN *** [Ac 5s 8c] [5h]
*** RIVER *** [Ac 5s 8c 5h] [Qh]
*** SHOW DOWN ***
ali_34526: shows [Ah Ad] (a full house, Aces full of Fives)
MaRKiToScoK: shows [Kh Jh] (a pair of Fives)
ali_34526 collected $75.45 from pot
*** SUMMARY ***
Total pot $77.95 | Rake $2.50 
Board [Ac 5s 8c 5h Qh]
Seat 1: iNeverBluff398 (button) folded before Flop (didn't bet)
Seat 2: dirtyd19991 (small blind) folded before Flop
Seat 3: ali_34526 (big blind) showed [Ah Ad] and won ($75.45) with a full house, Aces full of Fives
Seat 4: janarr5 folded before Flop
Seat 5: Pon4uk.ua folded before Flop (didn't bet)
Seat 6: MaRKiToScoK showed [Kh Jh] and lost with a pair of Fives



PokerStars Hand #254246175636:  Hold'em No Limit ($0.50/$1.00 USD) - 2025/01/07 15:49:56 WET [2025/01/07 10:49:56 ET]
Table 'Octavia II' 6-max Seat #2 is the button
Seat 1: iNeverBluff398 ($130.58 in chips) 
Seat 2: dirtyd19991 ($52.81 in chips) 
Seat 3: ali_34526 ($75.45 in chips) 
Seat 4: janarr5 ($100 in chips) 
Seat 5: Pon4uk.ua ($107.58 in chips) 
Seat 6: MaRKiToScoK ($100 in chips) 
ali_34526: posts small blind $0.50
janarr5: posts big blind $1
*** HOLE CARDS ***
Pon4uk.ua: folds 
MaRKiToScoK: raises $1.10 to $2.10
iNeverBluff398: raises $4.40 to $6.50
dirtyd19991: folds 
ali_34526: folds 
janarr5: folds 
MaRKiToScoK: raises $13.65 to $20.15
iNeverBluff398: raises $110.43 to $130.58 and is all-in
MaRKiToScoK: folds 
Uncalled bet ($110.43) returned to iNeverBluff398
iNeverBluff398 collected $41.80 from pot
iNeverBluff398: doesn't show hand 
*** SUMMARY ***
Total pot $41.80 | Rake $0 
Seat 1: iNeverBluff398 collected ($41.80)
Seat 2: dirtyd19991 (button) folded before Flop (didn't bet)
Seat 3: ali_34526 (small blind) folded before Flop
Seat 4: janarr5 (big blind) folded before Flop
Seat 5: Pon4uk.ua folded before Flop (didn't bet)
Seat 6: MaRKiToScoK folded before Flop



PokerStars Hand #254246183814:  Hold'em No Limit ($0.50/$1.00 USD) - 2025/01/07 15:50:33 WET [2025/01/07 10:50:33 ET]
Table 'Octavia II' 6-max Seat #3 is the button
Seat 1: iNeverBluff398 ($152.23 in chips) 
Seat 2: dirtyd19991 ($52.81 in chips) 
Seat 3: ali_34526 ($74.95 in chips) 
Seat 4: janarr5 ($100 in chips) 
Seat 5: Pon4uk.ua ($107.58 in chips) 
Seat 6: MaRKiToScoK ($100 in chips) 
janarr5: posts small blind $0.50
Pon4uk.ua: posts big blind $1
*** HOLE CARDS ***
MaRKiToScoK: folds 
iNeverBluff398: folds 
dirtyd19991: folds 
ali_34526: calls $1
janarr5: folds 
Pon4uk.ua: checks 
*** FLOP *** [Kh 5h 9c]
Pon4uk.ua: checks 
ali_34526: checks 
*** TURN *** [Kh 5h 9c] [9h]
Pon4uk.ua: bets $1.79
ali_34526: raises $2.79 to $4.58
Pon4uk.ua: calls $2.79
*** RIVER *** [Kh 5h 9c 9h] [Ts]
Pon4uk.ua: checks 
ali_34526: checks 
*** SHOW DOWN ***
Pon4uk.ua: shows [6h 9s] (three of a kind, Nines)
ali_34526: mucks hand 
Pon4uk.ua collected $11.08 from pot
*** SUMMARY ***
Total pot $11.66 | Rake $0.58 
Board [Kh 5h 9c 9h Ts]
Seat 1: iNeverBluff398 folded before Flop (didn't bet)
Seat 2: dirtyd19991 folded before Flop (didn't bet)
Seat 3: ali_34526 (button) mucked
Seat 4: janarr5 (small blind) folded before Flop
Seat 5: Pon4uk.ua (big blind) showed [6h 9s] and won ($11.08) with three of a kind, Nines
Seat 6: MaRKiToScoK folded before Flop (didn't bet)



PokerStars Hand #254246195923:  Hold'em No Limit ($0.50/$1.00 USD) - 2025/01/07 15:51:28 WET [2025/01/07 10:51:28 ET]
Table 'Octavia II' 6-max Seat #4 is the button
Seat 1: iNeverBluff398 ($152.23 in chips) 
Seat 2: dirtyd19991 ($52.81 in chips) 
Seat 3: ali_34526 ($69.37 in chips) 
Seat 4: janarr5 ($100 in chips) 
Seat 5: Pon4uk.ua ($113.08 in chips) 
Seat 6: MaRKiToScoK ($100 in chips) 
Pon4uk.ua: posts small blind $0.50
MaRKiToScoK: posts big blind $1
*** HOLE CARDS ***
iNeverBluff398: folds 
dirtyd19991: folds 
ali_34526: calls $1
janarr5: folds 
Pon4uk.ua: calls $0.50
MaRKiToScoK: checks 
*** FLOP *** [2d 7h Th]
Pon4uk.ua: checks 
MaRKiToScoK: bets $2.14
ali_34526: calls $2.14
Pon4uk.ua: folds 
*** TURN *** [2d 7h Th] [Qc]
MaRKiToScoK: checks 
ali_34526: checks 
*** RIVER *** [2d 7h Th Qc] [As]
MaRKiToScoK: checks 
ali_34526: bets $13
MaRKiToScoK: folds 
Uncalled bet ($13) returned to ali_34526
ali_34526 collected $6.92 from pot
*** SUMMARY ***
Total pot $7.28 | Rake $0.36 
Board [2d 7h Th Qc As]
Seat 1: iNeverBluff398 folded before Flop (didn't bet)
Seat 2: dirtyd19991 folded before Flop (didn't bet)
Seat 3: ali_34526 collected ($6.92)
Seat 4: janarr5 (button) folded before Flop (didn't bet)
Seat 5: Pon4uk.ua (small blind) folded on the Flop
Seat 6: MaRKiToScoK (big blind) folded on the River



PokerStars Hand #254246211720:  Hold'em No Limit ($0.50/$1.00 USD) - 2025/01/07 15:52:39 WET [2025/01/07 10:52:39 ET]
Table 'Octavia II' 6-max Seat #5 is the button
Seat 1: iNeverBluff398 ($152.23 in chips) 
Seat 2: dirtyd19991 ($52.81 in chips) 
Seat 3: ali_34526 ($73.15 in chips) 
Seat 4: janarr5 ($100 in chips) 
Seat 5: Pon4uk.ua ($112.08 in chips) 
Seat 6: MaRKiToScoK ($100 in chips) 
MaRKiToScoK: posts small blind $0.50
iNeverBluff398: posts big blind $1
*** HOLE CARDS ***
dirtyd19991: raises $2 to $3
ali_34526: folds 
janarr5: folds 
Pon4uk.ua: folds 
MaRKiToScoK: raises $4.50 to $7.50
iNeverBluff398: folds 
dirtyd19991: raises $45.31 to $52.81 and is all-in
MaRKiToScoK: folds 
Uncalled bet ($45.31) returned to dirtyd19991
dirtyd19991 collected $16 from pot
*** SUMMARY ***
Total pot $16 | Rake $0 
Seat 1: iNeverBluff398 (big blind) folded before Flop
Seat 2: dirtyd19991 collected ($16)
Seat 3: ali_34526 folded before Flop (didn't bet)
Seat 4: janarr5 folded before Flop (didn't bet)
Seat 5: Pon4uk.ua (button) folded before Flop (didn't bet)
Seat 6: MaRKiToScoK (small blind) folded before Flop



PokerStars Hand #254246218227:  Hold'em No Limit ($0.50/$1.00 USD) - 2025/01/07 15:53:08 WET [2025/01/07 10:53:08 ET]
Table 'Octavia II' 6-max Seat #6 is the button
Seat 1: iNeverBluff398 ($151.23 in chips) 
Seat 2: dirtyd19991 ($61.31 in chips) 
Seat 3: ali_34526 ($73.15 in chips) 
Seat 4: janarr5 ($100 in chips) 
Seat 5: Pon4uk.ua ($112.08 in chips) 
Seat 6: MaRKiToScoK ($100 in chips) 
iNeverBluff398: posts small blind $0.50
dirtyd19991: posts big blind $1
*** HOLE CARDS ***
ali_34526: calls $1
janarr5: folds 
Pon4uk.ua: folds 
MaRKiToScoK: folds 
iNeverBluff398: calls $0.50
dirtyd19991: checks 
*** FLOP *** [6s 2c Kc]
iNeverBluff398: checks 
dirtyd19991: checks 
ali_34526: bets $3
iNeverBluff398: folds 
dirtyd19991: folds 
Uncalled bet ($3) returned to ali_34526
ali_34526 collected $2.85 from pot
*** SUMMARY ***
Total pot $3 | Rake $0.15 
Board [6s 2c Kc]
Seat 1: iNeverBluff398 (small blind) folded on the Flop
Seat 2: dirtyd19991 (big blind) folded on the Flop
Seat 3: ali_34526 collected ($2.85)
Seat 4: janarr5 folded before Flop (didn't bet)
Seat 5: Pon4uk.ua folded before Flop (didn't bet)
Seat 6: MaRKiToScoK (button) folded before Flop (didn't bet)



PokerStars Hand #254246224421:  Hold'em No Limit ($0.50/$1.00 USD) - 2025/01/07 15:53:36 WET [2025/01/07 10:53:36 ET]
Table 'Octavia II' 6-max Seat #1 is the button
Seat 1: iNeverBluff398 ($150.23 in chips) 
Seat 2: dirtyd19991 ($60.31 in chips) 
Seat 3: ali_34526 ($75 in chips) 
Seat 4: janarr5 ($100 in chips) 
Seat 5: Pon4uk.ua ($112.08 in chips) 
Seat 6: MaRKiToScoK ($100 in chips) 
dirtyd19991: posts small blind $0.50
ali_34526: posts big blind $1
*** HOLE CARDS ***
janarr5: folds 
Pon4uk.ua: folds 
MaRKiToScoK: folds 
iNeverBluff398: folds 
dirtyd19991: folds 
Uncalled bet ($0.50) returned to ali_34526
ali_34526 collected $1 from pot
*** SUMMARY ***
Total pot $1 | Rake $0 
Seat 1: iNeverBluff398 (button) folded before Flop (didn't bet)
Seat 2: dirtyd19991 (small blind) folded before Flop
Seat 3: ali_34526 (big blind) collected ($1)
Seat 4: janarr5 folded before Flop (didn't bet)
Seat 5: Pon4uk.ua folded before Flop (didn't bet)
Seat 6: MaRKiToScoK folded before Flop (didn't bet)



PokerStars Hand #254246227207:  Hold'em No Limit ($0.50/$1.00 USD) - 2025/01/07 15:53:49 WET [2025/01/07 10:53:49 ET]
Table 'Octavia II' 6-max Seat #2 is the button
Seat 1: iNeverBluff398 ($150.23 in chips) 
Seat 2: dirtyd19991 ($59.81 in chips) 
Seat 3: ali_34526 ($75.50 in chips) 
Seat 4: janarr5 ($100 in chips) 
Seat 5: Pon4uk.ua ($112.08 in chips) 
Seat 6: MaRKiToScoK ($100 in chips) 
ali_34526: posts small blind $0.50
janarr5: posts big blind $1
*** HOLE CARDS ***
Pon4uk.ua: folds 
MaRKiToScoK: folds 
iNeverBluff398: folds 
dirtyd19991: folds 
ali_34526: raises $1 to $2
janarr5: calls $1
*** FLOP *** [4s 4d 7d]
ali_34526: bets $5
janarr5: folds 
Uncalled bet ($5) returned to ali_34526
ali_34526 collected $3.80 from pot
*** SUMMARY ***
Total pot $4 | Rake $0.20 
Board [4s 4d 7d]
Seat 1: iNeverBluff398 folded before Flop (didn't bet)
Seat 2: dirtyd19991 (button) folded before Flop (didn't bet)
Seat 3: ali_34526 (small blind) collected ($3.80)
Seat 4: janarr5 (big blind) folded on the Flop
Seat 5: Pon4uk.ua folded before Flop (didn't bet)
Seat 6: MaRKiToScoK folded before Flop (didn't bet)



PokerStars Hand #254246234992:  Hold'em No Limit ($0.50/$1.00 USD) - 2025/01/07 15:54:24 WET [2025/01/07 10:54:24 ET]
Table 'Octavia II' 6-max Seat #3 is the button
Seat 1: iNeverBluff398 ($150.23 in chips) 
Seat 2: dirtyd19991 ($59.81 in chips) 
Seat 3: ali_34526 ($77.30 in chips) 
Seat 4: janarr5 ($100 in chips) 
Seat 5: Pon4uk.ua ($112.08 in chips) 
Seat 6: MaRKiToScoK ($100 in chips) 
janarr5: posts small blind $0.50
Pon4uk.ua: posts big blind $1
*** HOLE CARDS ***
MaRKiToScoK: folds 
iNeverBluff398: folds 
dirtyd19991: folds 
ali_34526: raises $1 to $2
janarr5: folds 
Pon4uk.ua: folds 
Uncalled bet ($1) returned to ali_34526
ali_34526 collected $2.50 from pot
*** SUMMARY ***
Total pot $2.50 | Rake $0 
Seat 1: iNeverBluff398 folded before Flop (didn't bet)
Seat 2: dirtyd19991 folded before Flop (didn't bet)
Seat 3: ali_34526 (button) collected ($2.50)
Seat 4: janarr5 (small blind) folded before Flop
Seat 5: Pon4uk.ua (big blind) folded before Flop
Seat 6: MaRKiToScoK folded before Flop (didn't bet)



PokerStars Hand #254246239180:  Hold'em No Limit ($0.50/$1.00 USD) - 2025/01/07 15:54:43 WET [2025/01/07 10:54:43 ET]
Table 'Octavia II' 6-max Seat #4 is the button
Seat 1: iNeverBluff398 ($150.23 in chips) 
Seat 2: dirtyd19991 ($59.81 in chips) 
Seat 3: ali_34526 ($78.80 in chips) 
Seat 4: janarr5 ($100 in chips) 
Seat 5: Pon4uk.ua ($111.08 in chips) 
Seat 6: MaRKiToScoK ($100 in chips) 
Pon4uk.ua: posts small blind $0.50
MaRKiToScoK: posts big blind $1
*** HOLE CARDS ***
iNeverBluff398: folds 
dirtyd19991: folds 
ali_34526: raises $5 to $6
janarr5: folds 
Pon4uk.ua: folds 
MaRKiToScoK: folds 
Uncalled bet ($5) returned to ali_34526
ali_34526 collected $2.50 from pot
*** SUMMARY ***
Total pot $2.50 | Rake $0 
Seat 1: iNeverBluff398 folded before Flop (didn't bet)
Seat 2: dirtyd19991 folded before Flop (didn't bet)
Seat 3: ali_34526 collected ($2.50)
Seat 4: janarr5 (button) folded before Flop (didn't bet)
Seat 5: Pon4uk.ua (small blind) folded before Flop
Seat 6: MaRKiToScoK (big blind) folded before Flop



PokerStars Hand #254246246065:  Hold'em No Limit ($0.50/$1.00 USD) - 2025/01/07 15:55:16 WET [2025/01/07 10:55:16 ET]
Table 'Octavia II' 6-max Seat #5 is the button
Seat 1: iNeverBluff398 ($150.23 in chips) 
Seat 2: dirtyd19991 ($59.81 in chips) 
Seat 3: ali_34526 ($80.30 in chips) 
Seat 4: janarr5 ($100 in chips) 
Seat 5: Pon4uk.ua ($110.58 in chips) 
Seat 6: MaRKiToScoK ($100 in chips) 
MaRKiToScoK: posts small blind $0.50
iNeverBluff398: posts big blind $1
*** HOLE CARDS ***
dirtyd19991: folds 
ali_34526: raises $3 to $4
janarr5: folds 
Pon4uk.ua: folds 
MaRKiToScoK: folds 
iNeverBluff398: folds 
Uncalled bet ($3) returned to ali_34526
ali_34526 collected $2.50 from pot
*** SUMMARY ***
Total pot $2.50 | Rake $0 
Seat 1: iNeverBluff398 (big blind) folded before Flop
Seat 2: dirtyd19991 folded before Flop (didn't bet)
Seat 3: ali_34526 collected ($2.50)
Seat 4: janarr5 folded before Flop (didn't bet)
Seat 5: Pon4uk.ua (button) folded before Flop (didn't bet)
Seat 6: MaRKiToScoK (small blind) folded before Flop



PokerStars Hand #254246249094:  Hold'em No Limit ($0.50/$1.00 USD) - 2025/01/07 15:55:34 WET [2025/01/07 10:55:34 ET]
Table 'Octavia II' 6-max Seat #6 is the button
Seat 1: iNeverBluff398 ($149.23 in chips) 
Seat 2: dirtyd19991 ($59.81 in chips) 
Seat 3: ali_34526 ($81.80 in chips) 
Seat 4: janarr5 ($100 in chips) 
Seat 5: Pon4uk.ua ($110.58 in chips) 
Seat 6: MaRKiToScoK ($100 in chips) 
iNeverBluff398: posts small blind $0.50
dirtyd19991: posts big blind $1
*** HOLE CARDS ***
ali_34526: raises $4 to $5
janarr5: folds 
Pon4uk.ua: folds 
MaRKiToScoK: folds 
iNeverBluff398: folds 
dirtyd19991: folds 
Uncalled bet ($4) returned to ali_34526
ali_34526 collected $2.50 from pot
*** SUMMARY ***
Total pot $2.50 | Rake $0 
Seat 1: iNeverBluff398 (small blind) folded before Flop
Seat 2: dirtyd19991 (big blind) folded before Flop
Seat 3: ali_34526 collected ($2.50)
Seat 4: janarr5 folded before Flop (didn't bet)
Seat 5: Pon4uk.ua folded before Flop (didn't bet)
Seat 6: MaRKiToScoK (button) folded before Flop (didn't bet)



PokerStars Hand #254246252650:  Hold'em No Limit ($0.50/$1.00 USD) - 2025/01/07 15:55:55 WET [2025/01/07 10:55:55 ET]
Table 'Octavia II' 6-max Seat #1 is the button
Seat 1: iNeverBluff398 ($148.73 in chips) 
Seat 2: dirtyd19991 ($58.81 in chips) 
Seat 3: ali_34526 ($83.30 in chips) 
Seat 4: janarr5 ($100 in chips) 
Seat 5: Pon4uk.ua ($110.58 in chips) 
Seat 6: MaRKiToScoK ($100 in chips) 
dirtyd19991: posts small blind $0.50
ali_34526: posts big blind $1
*** HOLE CARDS ***
janarr5: folds 
Pon4uk.ua: folds 
MaRKiToScoK: raises $1.20 to $2.20
iNeverBluff398: folds 
dirtyd19991: folds 
ali_34526: calls $1.20
*** FLOP *** [2s Th Qh]
ali_34526: checks 
MaRKiToScoK: bets $1.40
ali_34526: calls $1.40
*** TURN *** [2s Th Qh] [Kc]
ali_34526: checks 
MaRKiToScoK: checks 
*** RIVER *** [2s Th Qh Kc] [Jh]
ali_34526: checks 
MaRKiToScoK: checks 
*** SHOW DOWN ***
ali_34526: shows [3s Qc] (a pair of Queens)
MaRKiToScoK: shows [Tc 9h] (a straight, Nine to King)
MaRKiToScoK collected $7.32 from pot
*** SUMMARY ***
Total pot $7.70 | Rake $0.38 
Board [2s Th Qh Kc Jh]
Seat 1: iNeverBluff398 (button) folded before Flop (didn't bet)
Seat 2: dirtyd19991 (small blind) folded before Flop
Seat 3: ali_34526 (big blind) showed [3s Qc] and lost with a pair of Queens
Seat 4: janarr5 folded before Flop (didn't bet)
Seat 5: Pon4uk.ua folded before Flop (didn't bet)
Seat 6: MaRKiToScoK showed [Tc 9h] and won ($7.32) with a straight, Nine to King



PokerStars Hand #254246259121:  Hold'em No Limit ($0.50/$1.00 USD) - 2025/01/07 15:56:32 WET [2025/01/07 10:56:32 ET]
Table 'Octavia II' 6-max Seat #2 is the button
Seat 1: iNeverBluff398 ($148.73 in chips) 
Seat 2: dirtyd19991 ($58.31 in chips) 
Seat 3: ali_34526 ($79.70 in chips) 
Seat 4: janarr5 ($100 in chips) 
Seat 5: Pon4uk.ua ($110.58 in chips) 
Seat 6: MaRKiToScoK ($103.72 in chips) 
ali_34526: posts small blind $0.50
janarr5: posts big blind $1
*** HOLE CARDS ***
Pon4uk.ua: folds 
MaRKiToScoK: folds 
iNeverBluff398: raises $1.30 to $2.30
dirtyd19991: folds 
ali_34526: calls $1.80
janarr5: folds 
*** FLOP *** [Qh 4s 2h]
ali_34526: bets $2
iNeverBluff398: calls $2
*** TURN *** [Qh 4s 2h] [Ad]
ali_34526: bets $4
iNeverBluff398: calls $4
*** RIVER *** [Qh 4s 2h Ad] [Jh]
ali_34526: bets $28
iNeverBluff398: folds 
Uncalled bet ($28) returned to ali_34526
ali_34526 collected $16.72 from pot
*** SUMMARY ***
Total pot $17.60 | Rake $0.88 
Board [Qh 4s 2h Ad Jh]
Seat 1: iNeverBluff398 folded on the River
Seat 2: dirtyd19991 (button) folded before Flop (didn't bet)
Seat 3: ali_34526 (small blind) collected ($16.72)
Seat 4: janarr5 (big blind) folded before Flop
Seat 5: Pon4uk.ua folded before Flop (didn't bet)
Seat 6: MaRKiToScoK folded before Flop (didn't bet)



PokerStars Hand #254246268257:  Hold'em No Limit ($0.50/$1.00 USD) - 2025/01/07 15:57:25 WET [2025/01/07 10:57:25 ET]
Table 'Octavia II' 6-max Seat #3 is the button
Seat 1: iNeverBluff398 ($140.43 in chips) 
Seat 2: dirtyd19991 ($58.31 in chips) 
Seat 3: ali_34526 ($88.12 in chips) 
Seat 4: janarr5 ($100 in chips) 
Seat 5: Pon4uk.ua ($110.58 in chips) 
Seat 6: MaRKiToScoK ($103.72 in chips) 
janarr5: posts small blind $0.50
Pon4uk.ua: posts big blind $1
*** HOLE CARDS ***
MaRKiToScoK: folds 
iNeverBluff398: folds 
dirtyd19991: folds 
ali_34526: raises $1 to $2
janarr5: folds 
Pon4uk.ua: folds 
Uncalled bet ($1) returned to ali_34526
ali_34526 collected $2.50 from pot
*** SUMMARY ***
Total pot $2.50 | Rake $0 
Seat 1: iNeverBluff398 folded before Flop (didn't bet)
Seat 2: dirtyd19991 folded before Flop (didn't bet)
Seat 3: ali_34526 (button) collected ($2.50)
Seat 4: janarr5 (small blind) folded before Flop
Seat 5: Pon4uk.ua (big blind) folded before Flop
Seat 6: MaRKiToScoK folded before Flop (didn't bet)



PokerStars Hand #254246270604:  Hold'em No Limit ($0.50/$1.00 USD) - 2025/01/07 15:57:38 WET [2025/01/07 10:57:38 ET]
Table 'Octavia II' 6-max Seat #4 is the button
Seat 1: iNeverBluff398 ($140.43 in chips) 
Seat 2: dirtyd19991 ($58.31 in chips) 
Seat 3: ali_34526 ($89.62 in chips) 
Seat 4: janarr5 ($100 in chips) 
Seat 5: Pon4uk.ua ($109.58 in chips) 
Seat 6: MaRKiToScoK ($103.72 in chips) 
Pon4uk.ua: posts small blind $0.50
MaRKiToScoK: posts big blind $1
*** HOLE CARDS ***
iNeverBluff398: folds 
dirtyd19991: raises $2 to $3
ali_34526: raises $2 to $5
janarr5: folds 
Pon4uk.ua: folds 
MaRKiToScoK: raises $10 to $15
dirtyd19991: folds 
ali_34526: calls $10
*** FLOP *** [Jc 7h 4s]
MaRKiToScoK: bets $9.55
ali_34526: folds 
Uncalled bet ($9.55) returned to MaRKiToScoK
MaRKiToScoK collected $31.82 from pot
*** SUMMARY ***
Total pot $33.50 | Rake $1.68 
Board [Jc 7h 4s]
Seat 1: iNeverBluff398 folded before Flop (didn't bet)
Seat 2: dirtyd19991 folded before Flop
Seat 3: ali_34526 folded on the Flop
Seat 4: janarr5 (button) folded before Flop (didn't bet)
Seat 5: Pon4uk.ua (small blind) folded before Flop
Seat 6: MaRKiToScoK (big blind) collected ($31.82)



PokerStars Hand #254246277933:  Hold'em No Limit ($0.50/$1.00 USD) - 2025/01/07 15:58:21 WET [2025/01/07 10:58:21 ET]
Table 'Octavia II' 6-max Seat #5 is the button
Seat 1: iNeverBluff398 ($140.43 in chips) is sitting out
Seat 2: dirtyd19991 ($55.31 in chips) is sitting out
Seat 3: ali_34526 ($74.62 in chips) 
Seat 4: janarr5 ($100 in chips) 
Seat 5: Pon4uk.ua ($109.08 in chips) 
Seat 6: MaRKiToScoK ($120.54 in chips) 
MaRKiToScoK: posts small blind $0.50
iNeverBluff398: is sitting out 
dirtyd19991: is sitting out 
ali_34526: posts big blind $1
*** HOLE CARDS ***
iNeverBluff398 leaves the table
janarr5: folds 
dirtyd19991 leaves the table
Pon4uk.ua: folds 
MaRKiToScoK: raises $1.70 to $2.70
joaquin612 joins the table at seat #2 
ali_34526: calls $1.70
*** FLOP *** [Ks Ah 5c]
MauriFierro27 joins the table at seat #1 
MaRKiToScoK: checks 
ali_34526: bets $3
MaRKiToScoK: calls $3
*** TURN *** [Ks Ah 5c] [5s]
MaRKiToScoK: checks 
ali_34526: bets $8
MaRKiToScoK: folds 
Uncalled bet ($8) returned to ali_34526
ali_34526 collected $10.83 from pot
*** SUMMARY ***
Total pot $11.40 | Rake $0.57 
Board [Ks Ah 5c 5s]
Seat 1: iNeverBluff398
Seat 2: dirtyd19991
Seat 3: ali_34526 (big blind) collected ($10.83)
Seat 4: janarr5 folded before Flop (didn't bet)
Seat 5: Pon4uk.ua (button) folded before Flop (didn't bet)
Seat 6: MaRKiToScoK (small blind) folded on the Turn



PokerStars Hand #254246286444:  Hold'em No Limit ($0.50/$1.00 USD) - 2025/01/07 15:59:10 WET [2025/01/07 10:59:10 ET]
Table 'Octavia II' 6-max Seat #6 is the button
Seat 1: MauriFierro27 ($100 in chips) is sitting out
Seat 2: joaquin612 ($100 in chips) is sitting out
Seat 3: ali_34526 ($79.75 in chips) 
Seat 4: janarr5 ($100 in chips) 
Seat 5: Pon4uk.ua ($109.08 in chips) 
Seat 6: MaRKiToScoK ($114.84 in chips) 
ali_34526: posts small blind $0.50
janarr5: posts big blind $1
*** HOLE CARDS ***
Pon4uk.ua: raises $1.50 to $2.50
MaRKiToScoK: folds 
ali_34526: calls $2
janarr5: folds 
*** FLOP *** [9d Th Qs]
ali_34526: checks 
Pon4uk.ua: bets $2.85
ali_34526: folds 
Uncalled bet ($2.85) returned to Pon4uk.ua
Pon4uk.ua collected $5.70 from pot
Pon4uk.ua: doesn't show hand 
*** SUMMARY ***
Total pot $6 | Rake $0.30 
Board [9d Th Qs]
Seat 1: MauriFierro27
Seat 2: joaquin612
Seat 3: ali_34526 (small blind) folded on the Flop
Seat 4: janarr5 (big blind) folded before Flop
Seat 5: Pon4uk.ua collected ($5.70)
Seat 6: MaRKiToScoK (button) folded before Flop (didn't bet)



PokerStars Hand #254246291109:  Hold'em No Limit ($0.50/$1.00 USD) - 2025/01/07 15:59:37 WET [2025/01/07 10:59:37 ET]
Table 'Octavia II' 6-max Seat #3 is the button
Seat 1: MauriFierro27 ($100 in chips) is sitting out
Seat 2: joaquin612 ($100 in chips) is sitting out
Seat 3: ali_34526 ($77.25 in chips) 
Seat 4: janarr5 ($100 in chips) 
Seat 5: Pon4uk.ua ($112.28 in chips) 
Seat 6: MaRKiToScoK ($114.84 in chips) 
janarr5: posts small blind $0.50
Pon4uk.ua: posts big blind $1
MauriFierro27: sits out 
joaquin612: sits out 
*** HOLE CARDS ***
MaRKiToScoK: raises $1.20 to $2.20
ali_34526: folds 
janarr5: folds 
Pon4uk.ua: calls $1.20
*** FLOP *** [Jd Td Kd]
Pon4uk.ua: checks 
MaRKiToScoK: checks 
*** TURN *** [Jd Td Kd] [3c]
Pon4uk.ua: checks 
MaRKiToScoK: checks 
*** RIVER *** [Jd Td Kd 3c] [Jh]
Pon4uk.ua: checks 
MaRKiToScoK: bets $3.50
Pon4uk.ua: folds 
Uncalled bet ($3.50) returned to MaRKiToScoK
MaRKiToScoK collected $4.66 from pot
*** SUMMARY ***
Total pot $4.90 | Rake $0.24 
Board [Jd Td Kd 3c Jh]
Seat 1: MauriFierro27
Seat 2: joaquin612
Seat 3: ali_34526 (button) folded before Flop (didn't bet)
Seat 4: janarr5 (small blind) folded before Flop
Seat 5: Pon4uk.ua (big blind) folded on the River
Seat 6: MaRKiToScoK collected ($4.66)



PokerStars Hand #254246303331:  Hold'em No Limit ($0.50/$1.00 USD) - 2025/01/07 16:00:44 WET [2025/01/07 11:00:44 ET]
Table 'Octavia II' 6-max Seat #4 is the button
Seat 1: MauriFierro27 ($100 in chips) is sitting out
Seat 2: joaquin612 ($100 in chips) is sitting out
Seat 3: ali_34526 ($77.25 in chips) 
Seat 4: janarr5 ($100 in chips) 
Seat 5: Pon4uk.ua ($110.08 in chips) 
Seat 6: MaRKiToScoK ($117.30 in chips) 
Pon4uk.ua: posts small blind $0.50
MaRKiToScoK: posts big blind $1
MauriFierro27: sits out 
joaquin612: sits out 
*** HOLE CARDS ***
ali_34526: raises $2 to $3
janarr5: folds 
Pon4uk.ua: folds 
MaRKiToScoK: calls $2
*** FLOP *** [Tc 9s 2h]
MaRKiToScoK: checks 
ali_34526: bets $6
MaRKiToScoK: folds 
Uncalled bet ($6) returned to ali_34526
ali_34526 collected $6.18 from pot
*** SUMMARY ***
Total pot $6.50 | Rake $0.32 
Board [Tc 9s 2h]
Seat 1: MauriFierro27
Seat 2: joaquin612
Seat 3: ali_34526 collected ($6.18)
Seat 4: janarr5 (button) folded before Flop (didn't bet)
Seat 5: Pon4uk.ua (small blind) folded before Flop
Seat 6: MaRKiToScoK (big blind) folded on the Flop



PokerStars Hand #254246308167:  Hold'em No Limit ($0.50/$1.00 USD) - 2025/01/07 16:01:08 WET [2025/01/07 11:01:08 ET]
Table 'Octavia II' 6-max Seat #5 is the button
Seat 2: joaquin612 ($100 in chips) is sitting out
Seat 1: MauriFierro27 ($100 in chips) 
Seat 3: ali_34526 ($80.43 in chips) 
Seat 4: janarr5 ($100 in chips) 
Seat 5: Pon4uk.ua ($109.58 in chips) 
Seat 6: MaRKiToScoK ($114.30 in chips) 
MaRKiToScoK: posts small blind $0.50
MauriFierro27: posts big blind $1
joaquin612: sits out 
*** HOLE CARDS ***
ali_34526: calls $1
janarr5: folds 
Pon4uk.ua: folds 
MaRKiToScoK: folds 
MauriFierro27: checks 
*** FLOP *** [Ac 3s 6h]
MauriFierro27: checks 
ali_34526: bets $3
MauriFierro27: folds 
Uncalled bet ($3) returned to ali_34526
ali_34526 collected $2.38 from pot
*** SUMMARY ***
Total pot $2.50 | Rake $0.12 
Board [Ac 3s 6h]
Seat 2: joaquin612
Seat 1: MauriFierro27 (big blind) folded on the Flop
Seat 3: ali_34526 collected ($2.38)
Seat 4: janarr5 folded before Flop (didn't bet)
Seat 5: Pon4uk.ua (button) folded before Flop (didn't bet)
Seat 6: MaRKiToScoK (small blind) folded before Flop



PokerStars Hand #254246315063:  Hold'em No Limit ($0.50/$1.00 USD) - 2025/01/07 16:01:39 WET [2025/01/07 11:01:39 ET]
Table 'Octavia II' 6-max Seat #6 is the button
Seat 1: MauriFierro27 ($100 in chips) 
Seat 2: joaquin612 ($100 in chips) 
Seat 3: ali_34526 ($81.81 in chips) 
Seat 4: janarr5 ($100 in chips) 
Seat 5: Pon4uk.ua ($109.58 in chips) 
Seat 6: MaRKiToScoK ($113.80 in chips) 
MauriFierro27: posts small blind $0.50
joaquin612: posts big blind $1
*** HOLE CARDS ***
ali_34526: raises $1 to $2
janarr5: folds 
Pon4uk.ua: folds 
MaRKiToScoK: raises $4.20 to $6.20
MauriFierro27: folds 
joaquin612: folds 
ali_34526: calls $4.20
*** FLOP *** [5h Ks Qs]
ali_34526: checks 
MaRKiToScoK: bets $3.96
ali_34526: calls $3.96
*** TURN *** [5h Ks Qs] [4s]
ali_34526: checks 
MaRKiToScoK: bets $6.84
ali_34526: calls $6.84
*** RIVER *** [5h Ks Qs 4s] [2c]
ali_34526: checks 
MaRKiToScoK: bets $11.13
ali_34526: calls $11.13
*** SHOW DOWN ***
MaRKiToScoK: shows [Kc Ts] (a pair of Kings)
ali_34526: mucks hand 
MaRKiToScoK collected $55.26 from pot
*** SUMMARY ***
Total pot $57.76 | Rake $2.50 
Board [5h Ks Qs 4s 2c]
Seat 1: MauriFierro27 (small blind) folded before Flop
Seat 2: joaquin612 (big blind) folded before Flop
Seat 3: ali_34526 mucked
Seat 4: janarr5 folded before Flop (didn't bet)
Seat 5: Pon4uk.ua folded before Flop (didn't bet)
Seat 6: MaRKiToScoK (button) showed [Kc Ts] and won ($55.26) with a pair of Kings



PokerStars Hand #254246332778:  Hold'em No Limit ($0.50/$1.00 USD) - 2025/01/07 16:03:00 WET [2025/01/07 11:03:00 ET]
Table 'Octavia II' 6-max Seat #1 is the button
Seat 1: MauriFierro27 ($100 in chips) 
Seat 2: joaquin612 ($100 in chips) 
Seat 3: ali_34526 ($53.68 in chips) 
Seat 4: janarr5 ($100 in chips) 
Seat 5: Pon4uk.ua ($109.58 in chips) 
Seat 6: MaRKiToScoK ($140.93 in chips) 
joaquin612: posts small blind $0.50
ali_34526: posts big blind $1
*** HOLE CARDS ***
janarr5: folds 
Pon4uk.ua: folds 
MaRKiToScoK: folds 
MauriFierro27: folds 
joaquin612: calls $0.50
ali_34526: checks 
*** FLOP *** [7c 8h 5h]
joaquin612: bets $1.43
ali_34526: folds 
Uncalled bet ($1.43) returned to joaquin612
joaquin612 collected $1.90 from pot
joaquin612: doesn't show hand 
*** SUMMARY ***
Total pot $2 | Rake $0.10 
Board [7c 8h 5h]
Seat 1: MauriFierro27 (button) folded before Flop (didn't bet)
Seat 2: joaquin612 (small blind) collected ($1.90)
Seat 3: ali_34526 (big blind) folded on the Flop
Seat 4: janarr5 folded before Flop (didn't bet)
Seat 5: Pon4uk.ua folded before Flop (didn't bet)
Seat 6: MaRKiToScoK folded before Flop (didn't bet)



PokerStars Hand #254246340345:  Hold'em No Limit ($0.50/$1.00 USD) - 2025/01/07 16:03:34 WET [2025/01/07 11:03:34 ET]
Table 'Octavia II' 6-max Seat #2 is the button
Seat 1: MauriFierro27 ($100 in chips) 
Seat 2: joaquin612 ($100.90 in chips) 
Seat 3: ali_34526 ($52.68 in chips) 
Seat 4: janarr5 ($100 in chips) 
Seat 5: Pon4uk.ua ($109.58 in chips) 
Seat 6: MaRKiToScoK ($140.93 in chips) 
ali_34526: posts small blind $0.50
janarr5: posts big blind $1
*** HOLE CARDS ***
Pon4uk.ua: raises $1 to $2
MaRKiToScoK: folds 
MauriFierro27: folds 
joaquin612: folds 
ali_34526: calls $1.50
janarr5: folds 
*** FLOP *** [8s 9c 4s]
ali_34526: checks 
Pon4uk.ua: checks 
*** TURN *** [8s 9c 4s] [Tc]
ali_34526: bets $7
Pon4uk.ua: folds 
Uncalled bet ($7) returned to ali_34526
ali_34526 collected $4.75 from pot
*** SUMMARY ***
Total pot $5 | Rake $0.25 
Board [8s 9c 4s Tc]
Seat 1: MauriFierro27 folded before Flop (didn't bet)
Seat 2: joaquin612 (button) folded before Flop (didn't bet)
Seat 3: ali_34526 (small blind) collected ($4.75)
Seat 4: janarr5 (big blind) folded before Flop
Seat 5: Pon4uk.ua folded on the Turn
Seat 6: MaRKiToScoK folded before Flop (didn't bet)



PokerStars Hand #254246353612:  Hold'em No Limit ($0.50/$1.00 USD) - 2025/01/07 16:04:32 WET [2025/01/07 11:04:32 ET]
Table 'Octavia II' 6-max Seat #3 is the button
Seat 1: MauriFierro27 ($100 in chips) 
Seat 2: joaquin612 ($100.90 in chips) 
Seat 3: ali_34526 ($55.43 in chips) 
Seat 4: janarr5 ($100 in chips) 
Seat 5: Pon4uk.ua ($107.58 in chips) 
Seat 6: MaRKiToScoK ($140.93 in chips) 
janarr5: posts small blind $0.50
Pon4uk.ua: posts big blind $1
*** HOLE CARDS ***
MaRKiToScoK: folds 
MauriFierro27: folds 
joaquin612: folds 
ali_34526: calls $1
janarr5: raises $3 to $4
Pon4uk.ua: folds 
ali_34526: calls $3
*** FLOP *** [Ac Jd 3d]
janarr5: bets $2.14
ali_34526: calls $2.14
*** TURN *** [Ac Jd 3d] [6s]
janarr5: bets $8.33
ali_34526: folds 
Uncalled bet ($8.33) returned to janarr5
janarr5 collected $12.62 from pot
janarr5: doesn't show hand 
*** SUMMARY ***
Total pot $13.28 | Rake $0.66 
Board [Ac Jd 3d 6s]
Seat 1: MauriFierro27 folded before Flop (didn't bet)
Seat 2: joaquin612 folded before Flop (didn't bet)
Seat 3: ali_34526 (button) folded on the Turn
Seat 4: janarr5 (small blind) collected ($12.62)
Seat 5: Pon4uk.ua (big blind) folded before Flop
Seat 6: MaRKiToScoK folded before Flop (didn't bet)



PokerStars Hand #254246362459:  Hold'em No Limit ($0.50/$1.00 USD) - 2025/01/07 16:05:11 WET [2025/01/07 11:05:11 ET]
Table 'Octavia II' 6-max Seat #4 is the button
Seat 6: MaRKiToScoK ($140.93 in chips) is sitting out
Seat 1: MauriFierro27 ($100 in chips) 
Seat 2: joaquin612 ($100.90 in chips) 
Seat 3: ali_34526 ($49.29 in chips) 
Seat 4: janarr5 ($106.48 in chips) 
Seat 5: Pon4uk.ua ($106.58 in chips) 
Pon4uk.ua: posts small blind $0.50
MaRKiToScoK: is sitting out 
MauriFierro27: posts big blind $1
*** HOLE CARDS ***
joaquin612: folds 
MaRKiToScoK leaves the table
ali_34526: calls $1
janarr5: folds 
Pon4uk.ua: folds 
MauriFierro27: checks 
*** FLOP *** [3d 4h Kd]
MauriFierro27: checks 
ali_34526: bets $4
MauriFierro27: folds 
Uncalled bet ($4) returned to ali_34526
ali_34526 collected $2.38 from pot
*** SUMMARY ***
Total pot $2.50 | Rake $0.12 
Board [3d 4h Kd]
Seat 6: MaRKiToScoK
Seat 1: MauriFierro27 (big blind) folded on the Flop
Seat 2: joaquin612 folded before Flop (didn't bet)
Seat 3: ali_34526 collected ($2.38)
Seat 4: janarr5 (button) folded before Flop (didn't bet)
Seat 5: Pon4uk.ua (small blind) folded before Flop



PokerStars Hand #254246367731:  Hold'em No Limit ($0.50/$1.00 USD) - 2025/01/07 16:05:34 WET [2025/01/07 11:05:34 ET]
Table 'Octavia II' 6-max Seat #5 is the button
Seat 1: MauriFierro27 ($100 in chips) 
Seat 2: joaquin612 ($100.90 in chips) 
Seat 3: ali_34526 ($50.67 in chips) 
Seat 4: janarr5 ($106.48 in chips) 
Seat 5: Pon4uk.ua ($106.08 in chips) 
MauriFierro27: posts small blind $0.50
joaquin612: posts big blind $1
*** HOLE CARDS ***
ali_34526: calls $1
janarr5: raises $2.50 to $3.50
Pon4uk.ua: folds 
MauriFierro27: folds 
Lucastitos joins the table at seat #6 
joaquin612: calls $2.50
ali_34526: calls $2.50
*** FLOP *** [Qd 3d 6s]
joaquin612: checks 
ali_34526: bets $3
janarr5: folds 
joaquin612: calls $3
*** TURN *** [Qd 3d 6s] [7h]
joaquin612: checks 
ali_34526: bets $7
joaquin612: calls $7
*** RIVER *** [Qd 3d 6s 7h] [5s]
joaquin612: checks 
ali_34526: checks 
*** SHOW DOWN ***
joaquin612: shows [6d Kd] (a pair of Sixes)
ali_34526: shows [5d 3s] (two pair, Fives and Threes)
ali_34526 collected $29.45 from pot
*** SUMMARY ***
Total pot $31 | Rake $1.55 
Board [Qd 3d 6s 7h 5s]
Seat 1: MauriFierro27 (small blind) folded before Flop
Seat 2: joaquin612 (big blind) showed [6d Kd] and lost with a pair of Sixes
Seat 3: ali_34526 showed [5d 3s] and won ($29.45) with two pair, Fives and Threes
Seat 4: janarr5 folded on the Flop
Seat 5: Pon4uk.ua (button) folded before Flop (didn't bet)



PokerStars Hand #254246381756:  Hold'em No Limit ($0.50/$1.00 USD) - 2025/01/07 16:06:36 WET [2025/01/07 11:06:36 ET]
Table 'Octavia II' 6-max Seat #1 is the button
Seat 6: Lucastitos ($100 in chips) is sitting out
Seat 1: MauriFierro27 ($100 in chips) 
Seat 2: joaquin612 ($100 in chips) 
Seat 3: ali_34526 ($66.62 in chips) 
Seat 4: janarr5 ($102.98 in chips) 
Seat 5: Pon4uk.ua ($106.08 in chips) 
joaquin612: posts small blind $0.50
ali_34526: posts big blind $1
Lucastitos: sits out 
*** HOLE CARDS ***
janarr5: folds 
Pon4uk.ua: folds 
MauriFierro27: raises $1.20 to $2.20
joaquin612: folds 
ali_34526: calls $1.20
*** FLOP *** [4s 6s Qc]
ali_34526: checks 
MauriFierro27: bets $1.54
ali_34526: calls $1.54
*** TURN *** [4s 6s Qc] [As]
ali_34526: checks 
MauriFierro27: bets $5.68
ali_34526: calls $5.68
*** RIVER *** [4s 6s Qc As] [6d]
ali_34526: bets $8
MauriFierro27: raises $48.50 to $56.50
ali_34526: folds 
Uncalled bet ($48.50) returned to MauriFierro27
MauriFierro27 collected $33.57 from pot
MauriFierro27: doesn't show hand 
*** SUMMARY ***
Total pot $35.34 | Rake $1.77 
Board [4s 6s Qc As 6d]
Seat 6: Lucastitos
Seat 1: MauriFierro27 (button) collected ($33.57)
Seat 2: joaquin612 (small blind) folded before Flop
Seat 3: ali_34526 (big blind) folded on the River
Seat 4: janarr5 folded before Flop (didn't bet)
Seat 5: Pon4uk.ua folded before Flop (didn't bet)



PokerStars Hand #254245861457:  Hold'em No Limit ($0.50/$1.00 USD) - 2025/01/07 15:25:50 WET [2025/01/07 10:25:50 ET]
Table 'Octavia II' 6-max Seat #6 is the button
Seat 1: iNeverBluff398 ($107.33 in chips) 
Seat 2: dirtyd19991 ($39.41 in chips) 
Seat 3: Joe_Li7 ($100 in chips) 
Seat 4: BGS013 ($100 in chips) 
Seat 5: Nicedaymybro ($120.19 in chips) 
Seat 6: MaRKiToScoK ($107.94 in chips) 
iNeverBluff398: posts small blind $0.50
dirtyd19991: posts big blind $1
*** HOLE CARDS ***
Joe_Li7: raises $1.20 to $2.20
BGS013: folds 
Nicedaymybro: raises $5.30 to $7.50
MaRKiToScoK: raises $8.63 to $16.13
iNeverBluff398: folds 
dirtyd19991: folds 
Joe_Li7: folds 
Nicedaymybro: raises $104.06 to $120.19 and is all-in
MaRKiToScoK: folds 
Uncalled bet ($104.06) returned to Nicedaymybro
Nicedaymybro collected $35.96 from pot
Nicedaymybro: doesn't show hand 
*** SUMMARY ***
Total pot $35.96 | Rake $0 
Seat 1: iNeverBluff398 (small blind) folded before Flop
Seat 2: dirtyd19991 (big blind) folded before Flop
Seat 3: Joe_Li7 folded before Flop
Seat 4: BGS013 folded before Flop (didn't bet)
Seat 5: Nicedaymybro collected ($35.96)
Seat 6: MaRKiToScoK (button) folded before Flop



PokerStars Hand #254245868843:  Hold'em No Limit ($0.50/$1.00 USD) - 2025/01/07 15:26:24 WET [2025/01/07 10:26:24 ET]
Table 'Octavia II' 6-max Seat #1 is the button
Seat 1: iNeverBluff398 ($106.83 in chips) 
Seat 2: dirtyd19991 ($38.41 in chips) 
Seat 3: Joe_Li7 ($100 in chips) 
Seat 4: BGS013 ($100 in chips) 
Seat 5: Nicedaymybro ($140.02 in chips) 
Seat 6: MaRKiToScoK ($100 in chips) 
dirtyd19991: posts small blind $0.50
Joe_Li7: posts big blind $1
*** HOLE CARDS ***
BGS013: folds 
Nicedaymybro: folds 
MaRKiToScoK: folds 
iNeverBluff398: raises $1.50 to $2.50
dirtyd19991: folds 
Joe_Li7: folds 
Uncalled bet ($1.50) returned to iNeverBluff398
iNeverBluff398 collected $2.50 from pot
iNeverBluff398: doesn't show hand 
*** SUMMARY ***
Total pot $2.50 | Rake $0 
Seat 1: iNeverBluff398 (button) collected ($2.50)
Seat 2: dirtyd19991 (small blind) folded before Flop
Seat 3: Joe_Li7 (big blind) folded before Flop
Seat 4: BGS013 folded before Flop (didn't bet)
Seat 5: Nicedaymybro folded before Flop (didn't bet)
Seat 6: MaRKiToScoK folded before Flop (didn't bet)



PokerStars Hand #254245871723:  Hold'em No Limit ($0.50/$1.00 USD) - 2025/01/07 15:26:38 WET [2025/01/07 10:26:38 ET]
Table 'Octavia II' 6-max Seat #2 is the button
Seat 1: iNeverBluff398 ($108.33 in chips) 
Seat 2: dirtyd19991 ($37.91 in chips) 
Seat 3: Joe_Li7 ($100 in chips) 
Seat 4: BGS013 ($100 in chips) 
Seat 5: Nicedaymybro ($140.02 in chips) 
Seat 6: MaRKiToScoK ($100 in chips) 
Joe_Li7: posts small blind $0.50
BGS013: posts big blind $1
*** HOLE CARDS ***
Nicedaymybro: raises $1.50 to $2.50
MaRKiToScoK: folds 
iNeverBluff398: folds 
dirtyd19991: folds 
Joe_Li7: folds 
BGS013: folds 
Uncalled bet ($1.50) returned to Nicedaymybro
Nicedaymybro collected $2.50 from pot
Nicedaymybro: doesn't show hand 
*** SUMMARY ***
Total pot $2.50 | Rake $0 
Seat 1: iNeverBluff398 folded before Flop (didn't bet)
Seat 2: dirtyd19991 (button) folded before Flop (didn't bet)
Seat 3: Joe_Li7 (small blind) folded before Flop
Seat 4: BGS013 (big blind) folded before Flop
Seat 5: Nicedaymybro collected ($2.50)
Seat 6: MaRKiToScoK folded before Flop (didn't bet)



PokerStars Hand #254245874275:  Hold'em No Limit ($0.50/$1.00 USD) - 2025/01/07 15:26:50 WET [2025/01/07 10:26:50 ET]
Table 'Octavia II' 6-max Seat #3 is the button
Seat 1: iNeverBluff398 ($108.33 in chips) 
Seat 2: dirtyd19991 ($37.91 in chips) 
Seat 3: Joe_Li7 ($100 in chips) 
Seat 4: BGS013 ($100 in chips) 
Seat 5: Nicedaymybro ($141.52 in chips) 
Seat 6: MaRKiToScoK ($100 in chips) 
BGS013: posts small blind $0.50
Nicedaymybro: posts big blind $1
*** HOLE CARDS ***
MaRKiToScoK: folds 
iNeverBluff398: raises $1 to $2
dirtyd19991: folds 
Joe_Li7: folds 
BGS013: folds 
Nicedaymybro: folds 
Uncalled bet ($1) returned to iNeverBluff398
iNeverBluff398 collected $2.50 from pot
iNeverBluff398: doesn't show hand 
*** SUMMARY ***
Total pot $2.50 | Rake $0 
Seat 1: iNeverBluff398 collected ($2.50)
Seat 2: dirtyd19991 folded before Flop (didn't bet)
Seat 3: Joe_Li7 (button) folded before Flop (didn't bet)
Seat 4: BGS013 (small blind) folded before Flop
Seat 5: Nicedaymybro (big blind) folded before Flop
Seat 6: MaRKiToScoK folded before Flop (didn't bet)



PokerStars Hand #254245876780:  Hold'em No Limit ($0.50/$1.00 USD) - 2025/01/07 15:27:02 WET [2025/01/07 10:27:02 ET]
Table 'Octavia II' 6-max Seat #4 is the button
Seat 1: iNeverBluff398 ($109.83 in chips) 
Seat 2: dirtyd19991 ($37.91 in chips) 
Seat 3: Joe_Li7 ($100 in chips) 
Seat 4: BGS013 ($100 in chips) 
Seat 5: Nicedaymybro ($140.52 in chips) 
Seat 6: MaRKiToScoK ($100 in chips) 
Nicedaymybro: posts small blind $0.50
MaRKiToScoK: posts big blind $1
*** HOLE CARDS ***
iNeverBluff398: folds 
dirtyd19991: folds 
Joe_Li7: raises $1.20 to $2.20
BGS013 has timed out
BGS013: folds 
Nicedaymybro: raises $7.80 to $10
MaRKiToScoK: folds 
Joe_Li7: calls $7.80
*** FLOP *** [5c 4s 7c]
Nicedaymybro: checks 
Joe_Li7: bets $5
Nicedaymybro: folds 
Uncalled bet ($5) returned to Joe_Li7
Joe_Li7 collected $19.95 from pot
*** SUMMARY ***
Total pot $21 | Rake $1.05 
Board [5c 4s 7c]
Seat 1: iNeverBluff398 folded before Flop (didn't bet)
Seat 2: dirtyd19991 folded before Flop (didn't bet)
Seat 3: Joe_Li7 collected ($19.95)
Seat 4: BGS013 (button) folded before Flop (didn't bet)
Seat 5: Nicedaymybro (small blind) folded on the Flop
Seat 6: MaRKiToScoK (big blind) folded before Flop



PokerStars Hand #254245892047:  Hold'em No Limit ($0.50/$1.00 USD) - 2025/01/07 15:28:14 WET [2025/01/07 10:28:14 ET]
Table 'Octavia II' 6-max Seat #5 is the button
Seat 1: iNeverBluff398 ($109.83 in chips) 
Seat 2: dirtyd19991 ($37.91 in chips) 
Seat 3: Joe_Li7 ($109.95 in chips) 
Seat 4: BGS013 ($100 in chips) 
Seat 5: Nicedaymybro ($130.52 in chips) 
Seat 6: MaRKiToScoK ($100 in chips) 
MaRKiToScoK: posts small blind $0.50
iNeverBluff398: posts big blind $1
*** HOLE CARDS ***
dirtyd19991: folds 
Joe_Li7: folds 
BGS013: folds 
Nicedaymybro: folds 
MaRKiToScoK: folds 
Uncalled bet ($0.50) returned to iNeverBluff398
iNeverBluff398 collected $1 from pot
iNeverBluff398: doesn't show hand 
*** SUMMARY ***
Total pot $1 | Rake $0 
Seat 1: iNeverBluff398 (big blind) collected ($1)
Seat 2: dirtyd19991 folded before Flop (didn't bet)
Seat 3: Joe_Li7 folded before Flop (didn't bet)
Seat 4: BGS013 folded before Flop (didn't bet)
Seat 5: Nicedaymybro (button) folded before Flop (didn't bet)
Seat 6: MaRKiToScoK (small blind) folded before Flop



PokerStars Hand #254245895880:  Hold'em No Limit ($0.50/$1.00 USD) - 2025/01/07 15:28:31 WET [2025/01/07 10:28:31 ET]
Table 'Octavia II' 6-max Seat #6 is the button
Seat 1: iNeverBluff398 ($110.33 in chips) 
Seat 2: dirtyd19991 ($37.91 in chips) 
Seat 3: Joe_Li7 ($109.95 in chips) 
Seat 4: BGS013 ($100 in chips) 
Seat 5: Nicedaymybro ($130.52 in chips) 
Seat 6: MaRKiToScoK ($100 in chips) 
iNeverBluff398: posts small blind $0.50
dirtyd19991: posts big blind $1
*** HOLE CARDS ***
Joe_Li7: folds 
BGS013: folds 
Nicedaymybro: folds 
MaRKiToScoK: folds 
iNeverBluff398: folds 
Uncalled bet ($0.50) returned to dirtyd19991
dirtyd19991 collected $1 from pot
*** SUMMARY ***
Total pot $1 | Rake $0 
Seat 1: iNeverBluff398 (small blind) folded before Flop
Seat 2: dirtyd19991 (big blind) collected ($1)
Seat 3: Joe_Li7 folded before Flop (didn't bet)
Seat 4: BGS013 folded before Flop (didn't bet)
Seat 5: Nicedaymybro folded before Flop (didn't bet)
Seat 6: MaRKiToScoK (button) folded before Flop (didn't bet)



PokerStars Hand #254245898236:  Hold'em No Limit ($0.50/$1.00 USD) - 2025/01/07 15:28:43 WET [2025/01/07 10:28:43 ET]
Table 'Octavia II' 6-max Seat #1 is the button
Seat 1: iNeverBluff398 ($109.83 in chips) 
Seat 2: dirtyd19991 ($38.41 in chips) 
Seat 3: Joe_Li7 ($109.95 in chips) 
Seat 4: BGS013 ($100 in chips) 
Seat 5: Nicedaymybro ($130.52 in chips) 
Seat 6: MaRKiToScoK ($100 in chips) 
dirtyd19991: posts small blind $0.50
Joe_Li7: posts big blind $1
*** HOLE CARDS ***
BGS013: folds 
Nicedaymybro: folds 
MaRKiToScoK: raises $1.20 to $2.20
iNeverBluff398: folds 
dirtyd19991: folds 
Joe_Li7: folds 
Uncalled bet ($1.20) returned to MaRKiToScoK
MaRKiToScoK collected $2.50 from pot
*** SUMMARY ***
Total pot $2.50 | Rake $0 
Seat 1: iNeverBluff398 (button) folded before Flop (didn't bet)
Seat 2: dirtyd19991 (small blind) folded before Flop
Seat 3: Joe_Li7 (big blind) folded before Flop
Seat 4: BGS013 folded before Flop (didn't bet)
Seat 5: Nicedaymybro folded before Flop (didn't bet)
Seat 6: MaRKiToScoK collected ($2.50)



PokerStars Hand #254245903469:  Hold'em No Limit ($0.50/$1.00 USD) - 2025/01/07 15:29:07 WET [2025/01/07 10:29:07 ET]
Table 'Octavia II' 6-max Seat #2 is the button
Seat 1: iNeverBluff398 ($109.83 in chips) 
Seat 2: dirtyd19991 ($37.91 in chips) 
Seat 3: Joe_Li7 ($108.95 in chips) 
Seat 4: BGS013 ($100 in chips) 
Seat 5: Nicedaymybro ($130.52 in chips) 
Seat 6: MaRKiToScoK ($101.50 in chips) 
Joe_Li7: posts small blind $0.50
BGS013: posts big blind $1
*** HOLE CARDS ***
Nicedaymybro: folds 
MaRKiToScoK: folds 
iNeverBluff398: raises $1.30 to $2.30
dirtyd19991: folds 
Joe_Li7: raises $8.20 to $10.50
BGS013: folds 
iNeverBluff398: raises $11 to $21.50
Nicedaymybro leaves the table
Joe_Li7: calls $11
*** FLOP *** [Kh 4h 6d]
Joe_Li7: checks 
iNeverBluff398: bets $10.45
Pon4uk.ua joins the table at seat #5 
Joe_Li7: calls $10.45
*** TURN *** [Kh 4h 6d] [5s]
Joe_Li7: checks 
iNeverBluff398: bets $20.59
Joe_Li7: calls $20.59
*** RIVER *** [Kh 4h 6d 5s] [3c]
Joe_Li7: checks 
iNeverBluff398: bets $57.29 and is all-in
Joe_Li7: folds 
Uncalled bet ($57.29) returned to iNeverBluff398
iNeverBluff398 collected $103.58 from pot
iNeverBluff398: doesn't show hand 
*** SUMMARY ***
Total pot $106.08 | Rake $2.50 
Board [Kh 4h 6d 5s 3c]
Seat 1: iNeverBluff398 collected ($103.58)
Seat 2: dirtyd19991 (button) folded before Flop (didn't bet)
Seat 3: Joe_Li7 (small blind) folded on the River
Seat 4: BGS013 (big blind) folded before Flop
Seat 5: Nicedaymybro folded before Flop (didn't bet)
Seat 6: MaRKiToScoK folded before Flop (didn't bet)



PokerStars Hand #254245931680:  Hold'em No Limit ($0.50/$1.00 USD) - 2025/01/07 15:31:17 WET [2025/01/07 10:31:17 ET]
Table 'Octavia II' 6-max Seat #3 is the button
Seat 1: iNeverBluff398 ($160.87 in chips) 
Seat 2: dirtyd19991 ($37.91 in chips) 
Seat 3: Joe_Li7 ($100 in chips) 
Seat 4: BGS013 ($100 in chips) 
Seat 5: Pon4uk.ua ($100 in chips) 
Seat 6: MaRKiToScoK ($101.50 in chips) 
BGS013: posts small blind $0.50
Pon4uk.ua: posts big blind $1
*** HOLE CARDS ***
MaRKiToScoK: folds 
iNeverBluff398: folds 
dirtyd19991: folds 
Joe_Li7: raises $1.50 to $2.50
BGS013: folds 
Pon4uk.ua: calls $1.50
*** FLOP *** [Qs 4c Ac]
Pon4uk.ua: checks 
Joe_Li7: checks 
*** TURN *** [Qs 4c Ac] [9h]
Pon4uk.ua: checks 
Joe_Li7: bets $3.92
Pon4uk.ua: folds 
Uncalled bet ($3.92) returned to Joe_Li7
Joe_Li7 collected $5.22 from pot
*** SUMMARY ***
Total pot $5.50 | Rake $0.28 
Board [Qs 4c Ac 9h]
Seat 1: iNeverBluff398 folded before Flop (didn't bet)
Seat 2: dirtyd19991 folded before Flop (didn't bet)
Seat 3: Joe_Li7 (button) collected ($5.22)
Seat 4: BGS013 (small blind) folded before Flop
Seat 5: Pon4uk.ua (big blind) folded on the Turn
Seat 6: MaRKiToScoK folded before Flop (didn't bet)



PokerStars Hand #254245945630:  Hold'em No Limit ($0.50/$1.00 USD) - 2025/01/07 15:32:22 WET [2025/01/07 10:32:22 ET]
Table 'Octavia II' 6-max Seat #4 is the button
Seat 1: iNeverBluff398 ($160.87 in chips) 
Seat 2: dirtyd19991 ($37.91 in chips) 
Seat 3: Joe_Li7 ($102.72 in chips) 
Seat 4: BGS013 ($100 in chips) 
Seat 5: Pon4uk.ua ($100 in chips) 
Seat 6: MaRKiToScoK ($101.50 in chips) 
Pon4uk.ua: posts small blind $0.50
MaRKiToScoK: posts big blind $1
*** HOLE CARDS ***
iNeverBluff398: folds 
dirtyd19991: folds 
Joe_Li7: folds 
BGS013: folds 
Pon4uk.ua: folds 
Uncalled bet ($0.50) returned to MaRKiToScoK
MaRKiToScoK collected $1 from pot
*** SUMMARY ***
Total pot $1 | Rake $0 
Seat 1: iNeverBluff398 folded before Flop (didn't bet)
Seat 2: dirtyd19991 folded before Flop (didn't bet)
Seat 3: Joe_Li7 folded before Flop (didn't bet)
Seat 4: BGS013 (button) folded before Flop (didn't bet)
Seat 5: Pon4uk.ua (small blind) folded before Flop
Seat 6: MaRKiToScoK (big blind) collected ($1)



PokerStars Hand #254245948174:  Hold'em No Limit ($0.50/$1.00 USD) - 2025/01/07 15:32:34 WET [2025/01/07 10:32:34 ET]
Table 'Octavia II' 6-max Seat #5 is the button
Seat 1: iNeverBluff398 ($160.87 in chips) 
Seat 2: dirtyd19991 ($37.91 in chips) 
Seat 3: Joe_Li7 ($102.72 in chips) 
Seat 4: BGS013 ($100 in chips) 
Seat 5: Pon4uk.ua ($100 in chips) 
Seat 6: MaRKiToScoK ($102 in chips) 
MaRKiToScoK: posts small blind $0.50
iNeverBluff398: posts big blind $1
*** HOLE CARDS ***
dirtyd19991: folds 
Joe_Li7: folds 
BGS013: folds 
Pon4uk.ua: folds 
MaRKiToScoK: raises $1.70 to $2.70
iNeverBluff398: calls $1.70
*** FLOP *** [2c Ac 6h]
MaRKiToScoK: bets $1.54
iNeverBluff398: folds 
Uncalled bet ($1.54) returned to MaRKiToScoK
MaRKiToScoK collected $5.13 from pot
*** SUMMARY ***
Total pot $5.40 | Rake $0.27 
Board [2c Ac 6h]
Seat 1: iNeverBluff398 (big blind) folded on the Flop
Seat 2: dirtyd19991 folded before Flop (didn't bet)
Seat 3: Joe_Li7 folded before Flop (didn't bet)
Seat 4: BGS013 folded before Flop (didn't bet)
Seat 5: Pon4uk.ua (button) folded before Flop (didn't bet)
Seat 6: MaRKiToScoK (small blind) collected ($5.13)



PokerStars Hand #254245957652:  Hold'em No Limit ($0.50/$1.00 USD) - 2025/01/07 15:33:19 WET [2025/01/07 10:33:19 ET]
Table 'Octavia II' 6-max Seat #6 is the button
Seat 1: iNeverBluff398 ($158.17 in chips) 
Seat 2: dirtyd19991 ($37.91 in chips) 
Seat 3: Joe_Li7 ($102.72 in chips) 
Seat 4: BGS013 ($100 in chips) 
Seat 5: Pon4uk.ua ($100 in chips) 
Seat 6: MaRKiToScoK ($104.43 in chips) 
iNeverBluff398: posts small blind $0.50
dirtyd19991: posts big blind $1
*** HOLE CARDS ***
Joe_Li7: folds 
BGS013 has timed out
BGS013: folds 
Pon4uk.ua: raises $1.50 to $2.50
MaRKiToScoK: folds 
iNeverBluff398: folds 
dirtyd19991: folds 
Uncalled bet ($1.50) returned to Pon4uk.ua
Pon4uk.ua collected $2.50 from pot
Pon4uk.ua: doesn't show hand 
*** SUMMARY ***
Total pot $2.50 | Rake $0 
Seat 1: iNeverBluff398 (small blind) folded before Flop
Seat 2: dirtyd19991 (big blind) folded before Flop
Seat 3: Joe_Li7 folded before Flop (didn't bet)
Seat 4: BGS013 folded before Flop (didn't bet)
Seat 5: Pon4uk.ua collected ($2.50)
Seat 6: MaRKiToScoK (button) folded before Flop (didn't bet)



PokerStars Hand #254245966383:  Hold'em No Limit ($0.50/$1.00 USD) - 2025/01/07 15:33:59 WET [2025/01/07 10:33:59 ET]
Table 'Octavia II' 6-max Seat #1 is the button
Seat 1: iNeverBluff398 ($157.67 in chips) 
Seat 2: dirtyd19991 ($36.91 in chips) 
Seat 3: Joe_Li7 ($102.72 in chips) 
Seat 4: BGS013 ($100 in chips) 
Seat 5: Pon4uk.ua ($101.50 in chips) 
Seat 6: MaRKiToScoK ($104.43 in chips) 
dirtyd19991: posts small blind $0.50
Joe_Li7: posts big blind $1
*** HOLE CARDS ***
BGS013: folds 
Pon4uk.ua: folds 
MaRKiToScoK: folds 
iNeverBluff398: raises $1.50 to $2.50
dirtyd19991: folds 
Joe_Li7: calls $1.50
*** FLOP *** [Jd 7c 8h]
Joe_Li7: checks 
iNeverBluff398: bets $3.45
Joe_Li7: calls $3.45
*** TURN *** [Jd 7c 8h] [3d]
Joe_Li7: checks 
iNeverBluff398: checks 
*** RIVER *** [Jd 7c 8h 3d] [2h]
Joe_Li7: bets $2.95
iNeverBluff398: calls $2.95
*** SHOW DOWN ***
Joe_Li7: shows [9s Td] (a straight, Seven to Jack)
iNeverBluff398: mucks hand 
Joe_Li7 collected $17.38 from pot
*** SUMMARY ***
Total pot $18.30 | Rake $0.92 
Board [Jd 7c 8h 3d 2h]
Seat 1: iNeverBluff398 (button) mucked
Seat 2: dirtyd19991 (small blind) folded before Flop
Seat 3: Joe_Li7 (big blind) showed [9s Td] and won ($17.38) with a straight, Seven to Jack
Seat 4: BGS013 folded before Flop (didn't bet)
Seat 5: Pon4uk.ua folded before Flop (didn't bet)
Seat 6: MaRKiToScoK folded before Flop (didn't bet)



PokerStars Hand #254245983044:  Hold'em No Limit ($0.50/$1.00 USD) - 2025/01/07 15:35:16 WET [2025/01/07 10:35:16 ET]
Table 'Octavia II' 6-max Seat #2 is the button
Seat 1: iNeverBluff398 ($148.77 in chips) 
Seat 2: dirtyd19991 ($36.41 in chips) 
Seat 3: Joe_Li7 ($111.20 in chips) 
Seat 4: BGS013 ($100 in chips) 
Seat 5: Pon4uk.ua ($101.50 in chips) 
Seat 6: MaRKiToScoK ($104.43 in chips) 
Joe_Li7: posts small blind $0.50
BGS013: posts big blind $1
*** HOLE CARDS ***
Pon4uk.ua: folds 
MaRKiToScoK: folds 
iNeverBluff398: raises $1.30 to $2.30
dirtyd19991: folds 
Joe_Li7: folds 
BGS013: folds 
Uncalled bet ($1.30) returned to iNeverBluff398
iNeverBluff398 collected $2.50 from pot
iNeverBluff398: doesn't show hand 
*** SUMMARY ***
Total pot $2.50 | Rake $0 
Seat 1: iNeverBluff398 collected ($2.50)
Seat 2: dirtyd19991 (button) folded before Flop (didn't bet)
Seat 3: Joe_Li7 (small blind) folded before Flop
Seat 4: BGS013 (big blind) folded before Flop
Seat 5: Pon4uk.ua folded before Flop (didn't bet)
Seat 6: MaRKiToScoK folded before Flop (didn't bet)



PokerStars Hand #254245986389:  Hold'em No Limit ($0.50/$1.00 USD) - 2025/01/07 15:35:31 WET [2025/01/07 10:35:31 ET]
Table 'Octavia II' 6-max Seat #3 is the button
Seat 1: iNeverBluff398 ($150.27 in chips) 
Seat 2: dirtyd19991 ($36.41 in chips) 
Seat 3: Joe_Li7 ($110.70 in chips) 
Seat 4: BGS013 ($100 in chips) 
Seat 5: Pon4uk.ua ($101.50 in chips) 
Seat 6: MaRKiToScoK ($104.43 in chips) 
BGS013: posts small blind $0.50
Pon4uk.ua: posts big blind $1
*** HOLE CARDS ***
MaRKiToScoK: folds 
iNeverBluff398: raises $1 to $2
dirtyd19991: folds 
Joe_Li7: raises $5 to $7
BGS013: folds 
Pon4uk.ua: folds 
iNeverBluff398: folds 
Uncalled bet ($5) returned to Joe_Li7
Joe_Li7 collected $5.50 from pot
*** SUMMARY ***
Total pot $5.50 | Rake $0 
Seat 1: iNeverBluff398 folded before Flop
Seat 2: dirtyd19991 folded before Flop (didn't bet)
Seat 3: Joe_Li7 (button) collected ($5.50)
Seat 4: BGS013 (small blind) folded before Flop
Seat 5: Pon4uk.ua (big blind) folded before Flop
Seat 6: MaRKiToScoK folded before Flop (didn't bet)



PokerStars Hand #254245995655:  Hold'em No Limit ($0.50/$1.00 USD) - 2025/01/07 15:36:14 WET [2025/01/07 10:36:14 ET]
Table 'Octavia II' 6-max Seat #4 is the button
Seat 1: iNeverBluff398 ($148.27 in chips) 
Seat 2: dirtyd19991 ($36.41 in chips) 
Seat 3: Joe_Li7 ($114.20 in chips) 
Seat 4: BGS013 ($100 in chips) 
Seat 5: Pon4uk.ua ($100.50 in chips) 
Seat 6: MaRKiToScoK ($104.43 in chips) 
Pon4uk.ua: posts small blind $0.50
MaRKiToScoK: posts big blind $1
*** HOLE CARDS ***
iNeverBluff398: raises $1 to $2
dirtyd19991: folds 
Joe_Li7: folds 
BGS013: folds 
Pon4uk.ua: folds 
MaRKiToScoK: raises $10 to $12
iNeverBluff398: folds 
Uncalled bet ($10) returned to MaRKiToScoK
MaRKiToScoK collected $4.50 from pot
*** SUMMARY ***
Total pot $4.50 | Rake $0 
Seat 1: iNeverBluff398 folded before Flop
Seat 2: dirtyd19991 folded before Flop (didn't bet)
Seat 3: Joe_Li7 folded before Flop (didn't bet)
Seat 4: BGS013 (button) folded before Flop (didn't bet)
Seat 5: Pon4uk.ua (small blind) folded before Flop
Seat 6: MaRKiToScoK (big blind) collected ($4.50)



PokerStars Hand #254246003467:  Hold'em No Limit ($0.50/$1.00 USD) - 2025/01/07 15:36:50 WET [2025/01/07 10:36:50 ET]
Table 'Octavia II' 6-max Seat #5 is the button
Seat 1: iNeverBluff398 ($146.27 in chips) 
Seat 2: dirtyd19991 ($36.41 in chips) 
Seat 3: Joe_Li7 ($114.20 in chips) 
Seat 4: BGS013 ($100 in chips) 
Seat 5: Pon4uk.ua ($100 in chips) 
Seat 6: MaRKiToScoK ($106.93 in chips) 
MaRKiToScoK: posts small blind $0.50
iNeverBluff398: posts big blind $1
*** HOLE CARDS ***
dirtyd19991: folds 
Joe_Li7: raises $1.20 to $2.20
BGS013: folds 
Pon4uk.ua: folds 
MaRKiToScoK: folds 
iNeverBluff398: calls $1.20
*** FLOP *** [9s 9h Kc]
iNeverBluff398: checks 
Joe_Li7: checks 
*** TURN *** [9s 9h Kc] [Ah]
iNeverBluff398: checks 
Joe_Li7: checks 
*** RIVER *** [9s 9h Kc Ah] [7c]
iNeverBluff398: bets $3.08
Joe_Li7: raises $15.15 to $18.23
iNeverBluff398: calls $15.15
*** SHOW DOWN ***
Joe_Li7: shows [7s 7d] (a full house, Sevens full of Nines)
iNeverBluff398: mucks hand 
Joe_Li7 collected $39.29 from pot
*** SUMMARY ***
Total pot $41.36 | Rake $2.07 
Board [9s 9h Kc Ah 7c]
Seat 1: iNeverBluff398 (big blind) mucked
Seat 2: dirtyd19991 folded before Flop (didn't bet)
Seat 3: Joe_Li7 showed [7s 7d] and won ($39.29) with a full house, Sevens full of Nines
Seat 4: BGS013 folded before Flop (didn't bet)
Seat 5: Pon4uk.ua (button) folded before Flop (didn't bet)
Seat 6: MaRKiToScoK (small blind) folded before Flop



PokerStars Hand #254246017320:  Hold'em No Limit ($0.50/$1.00 USD) - 2025/01/07 15:37:54 WET [2025/01/07 10:37:54 ET]
Table 'Octavia II' 6-max Seat #6 is the button
Seat 1: iNeverBluff398 ($125.84 in chips) 
Seat 2: dirtyd19991 ($36.41 in chips) 
Seat 3: Joe_Li7 ($133.06 in chips) 
Seat 4: BGS013 ($100 in chips) 
Seat 5: Pon4uk.ua ($100 in chips) 
Seat 6: MaRKiToScoK ($106.43 in chips) 
iNeverBluff398: posts small blind $0.50
dirtyd19991: posts big blind $1
*** HOLE CARDS ***
Joe_Li7: raises $1.20 to $2.20
BGS013: folds 
Pon4uk.ua: calls $2.20
MaRKiToScoK: raises $7.80 to $10
iNeverBluff398: folds 
dirtyd19991: folds 
Joe_Li7: folds 
Pon4uk.ua: calls $7.80
*** FLOP *** [7s 6h 5d]
Pon4uk.ua: bets $7.43
MaRKiToScoK: raises $89 to $96.43 and is all-in
Pon4uk.ua: folds 
Uncalled bet ($89) returned to MaRKiToScoK
MaRKiToScoK collected $36.63 from pot
*** SUMMARY ***
Total pot $38.56 | Rake $1.93 
Board [7s 6h 5d]
Seat 1: iNeverBluff398 (small blind) folded before Flop
Seat 2: dirtyd19991 (big blind) folded before Flop
Seat 3: Joe_Li7 folded before Flop
Seat 4: BGS013 folded before Flop (didn't bet)
Seat 5: Pon4uk.ua folded on the Flop
Seat 6: MaRKiToScoK (button) collected ($36.63)



PokerStars Hand #254246030323:  Hold'em No Limit ($0.50/$1.00 USD) - 2025/01/07 15:38:54 WET [2025/01/07 10:38:54 ET]
Table 'Octavia II' 6-max Seat #1 is the button
Seat 3: Joe_Li7 ($130.86 in chips) is sitting out
Seat 4: BGS013 ($100 in chips) is sitting out
Seat 1: iNeverBluff398 ($125.34 in chips) 
Seat 2: dirtyd19991 ($35.41 in chips) 
Seat 5: Pon4uk.ua ($100 in chips) 
Seat 6: MaRKiToScoK ($125.63 in chips) 
dirtyd19991: posts small blind $0.50
Joe_Li7: is sitting out 
BGS013: is sitting out 
Pon4uk.ua: posts big blind $1
*** HOLE CARDS ***
BGS013 leaves the table
Joe_Li7 leaves the table
MaRKiToScoK: folds 
iNeverBluff398: raises $1.50 to $2.50
dirtyd19991: folds 
janarr5 joins the table at seat #4 
Pon4uk.ua: folds 
Uncalled bet ($1.50) returned to iNeverBluff398
iNeverBluff398 collected $2.50 from pot
iNeverBluff398: doesn't show hand 
*** SUMMARY ***
Total pot $2.50 | Rake $0 
Seat 3: Joe_Li7
Seat 4: BGS013
Seat 1: iNeverBluff398 (button) collected ($2.50)
Seat 2: dirtyd19991 (small blind) folded before Flop
Seat 5: Pon4uk.ua (big blind) folded before Flop
Seat 6: MaRKiToScoK folded before Flop (didn't bet)



PokerStars Hand #254246034583:  Hold'em No Limit ($0.50/$1.00 USD) - 2025/01/07 15:39:14 WET [2025/01/07 10:39:14 ET]
Table 'Octavia II' 6-max Seat #2 is the button
Seat 4: janarr5 ($100 in chips) is sitting out
Seat 1: iNeverBluff398 ($126.84 in chips) 
Seat 2: dirtyd19991 ($34.91 in chips) 
Seat 5: Pon4uk.ua ($100 in chips) 
Seat 6: MaRKiToScoK ($125.63 in chips) 
Pon4uk.ua: posts small blind $0.50
MaRKiToScoK: posts big blind $1
*** HOLE CARDS ***
iNeverBluff398: folds 
dirtyd19991: raises $2 to $3
Pon4uk.ua: calls $2.50
MaRKiToScoK: calls $2
*** FLOP *** [4d Qd Qs]
Pon4uk.ua: checks 
MaRKiToScoK: checks 
dirtyd19991: checks 
*** TURN *** [4d Qd Qs] [3c]
Pon4uk.ua: bets $4.28
ali_34526 joins the table at seat #3 
ali_34526 is disconnected 
MaRKiToScoK: folds 
dirtyd19991: calls $4.28
*** RIVER *** [4d Qd Qs 3c] [4c]
Pon4uk.ua: bets $4.50
dirtyd19991: calls $4.50
*** SHOW DOWN ***
Pon4uk.ua: shows [7c 7d] (two pair, Queens and Sevens)
dirtyd19991: shows [9h 9s] (two pair, Queens and Nines)
dirtyd19991 collected $25.31 from pot
*** SUMMARY ***
Total pot $26.56 | Rake $1.25 
Board [4d Qd Qs 3c 4c]
Seat 4: janarr5
Seat 1: iNeverBluff398 folded before Flop (didn't bet)
Seat 2: dirtyd19991 (button) showed [9h 9s] and won ($25.31) with two pair, Queens and Nines
Seat 5: Pon4uk.ua (small blind) showed [7c 7d] and lost with two pair, Queens and Sevens
Seat 6: MaRKiToScoK (big blind) folded on the Turn



PokerStars Hand #254246049529:  Hold'em No Limit ($0.50/$1.00 USD) - 2025/01/07 15:40:22 WET [2025/01/07 10:40:22 ET]
Table 'Octavia II' 6-max Seat #5 is the button
Seat 3: ali_34526 ($59.25 in chips) is sitting out
Seat 4: janarr5 ($100 in chips) is sitting out
Seat 1: iNeverBluff398 ($126.84 in chips) 
Seat 2: dirtyd19991 ($48.44 in chips) 
Seat 5: Pon4uk.ua ($100 in chips) 
Seat 6: MaRKiToScoK ($122.63 in chips) 
MaRKiToScoK: posts small blind $0.50
iNeverBluff398: posts big blind $1
ali_34526: sits out 
janarr5: sits out 
*** HOLE CARDS ***
dirtyd19991: raises $1 to $2
Pon4uk.ua: folds 
MaRKiToScoK: folds 
iNeverBluff398: calls $1
*** FLOP *** [Kh 8c 4h]
iNeverBluff398: checks 
dirtyd19991: checks 
*** TURN *** [Kh 8c 4h] [9s]
iNeverBluff398: checks 
dirtyd19991: checks 
*** RIVER *** [Kh 8c 4h 9s] [Jh]
iNeverBluff398: checks 
dirtyd19991: bets $4.28
iNeverBluff398: folds 
Uncalled bet ($4.28) returned to dirtyd19991
dirtyd19991 collected $4.22 from pot
*** SUMMARY ***
Total pot $4.50 | Rake $0.28 
Board [Kh 8c 4h 9s Jh]
Seat 3: ali_34526
Seat 4: janarr5
Seat 1: iNeverBluff398 (big blind) folded on the River
Seat 2: dirtyd19991 collected ($4.22)
Seat 5: Pon4uk.ua (button) folded before Flop (didn't bet)
Seat 6: MaRKiToScoK (small blind) folded before Flop



PokerStars Hand #254246054817:  Hold'em No Limit ($0.50/$1.00 USD) - 2025/01/07 15:40:46 WET [2025/01/07 10:40:46 ET]
Table 'Octavia II' 6-max Seat #6 is the button
Seat 3: ali_34526 ($59.25 in chips) is sitting out
Seat 4: janarr5 ($100 in chips) is sitting out
Seat 1: iNeverBluff398 ($124.84 in chips) 
Seat 2: dirtyd19991 ($50.66 in chips) 
Seat 5: Pon4uk.ua ($100 in chips) 
Seat 6: MaRKiToScoK ($122.13 in chips) 
iNeverBluff398: posts small blind $0.50
dirtyd19991: posts big blind $1
ali_34526: sits out 
janarr5: sits out 
*** HOLE CARDS ***
Pon4uk.ua: folds 
MaRKiToScoK: raises $1.50 to $2.50
iNeverBluff398: folds 
dirtyd19991: calls $1.50
*** FLOP *** [4h 4c Kh]
dirtyd19991: bets $5.22
MaRKiToScoK: folds 
Uncalled bet ($5.22) returned to dirtyd19991
dirtyd19991 collected $5.15 from pot
*** SUMMARY ***
Total pot $5.50 | Rake $0.35 
Board [4h 4c Kh]
Seat 3: ali_34526
Seat 4: janarr5
Seat 1: iNeverBluff398 (small blind) folded before Flop
Seat 2: dirtyd19991 (big blind) collected ($5.15)
Seat 5: Pon4uk.ua folded before Flop (didn't bet)
Seat 6: MaRKiToScoK (button) folded on the Flop



PokerStars Hand #254246059203:  Hold'em No Limit ($0.50/$1.00 USD) - 2025/01/07 15:41:06 WET [2025/01/07 10:41:06 ET]
Table 'Octavia II' 6-max Seat #1 is the button
Seat 4: janarr5 ($100 in chips) is sitting out
Seat 1: iNeverBluff398 ($124.34 in chips) 
Seat 2: dirtyd19991 ($53.31 in chips) 
Seat 3: ali_34526 ($59.25 in chips) 
Seat 5: Pon4uk.ua ($100 in chips) 
Seat 6: MaRKiToScoK ($119.63 in chips) 
dirtyd19991: posts small blind $0.50
ali_34526: posts big blind $1
janarr5: sits out 
*** HOLE CARDS ***
Pon4uk.ua: raises $1 to $2
MaRKiToScoK: folds 
iNeverBluff398: calls $2
dirtyd19991: folds 
ali_34526 has timed out
ali_34526: folds 
*** FLOP *** [Jd 8c Js]
Pon4uk.ua: bets $1.72
iNeverBluff398: raises $3.28 to $5
Pon4uk.ua: calls $3.28
*** TURN *** [Jd 8c Js] [Qs]
Pon4uk.ua: checks 
iNeverBluff398: bets $9.72
Pon4uk.ua: calls $9.72
*** RIVER *** [Jd 8c Js Qs] [9h]
Pon4uk.ua: checks 
iNeverBluff398: checks 
*** SHOW DOWN ***
Pon4uk.ua: shows [Jh Th] (a straight, Eight to Queen)
iNeverBluff398: mucks hand 
Pon4uk.ua collected $33.19 from pot
*** SUMMARY ***
Total pot $34.94 | Rake $1.75 
Board [Jd 8c Js Qs 9h]
Seat 4: janarr5
Seat 1: iNeverBluff398 (button) mucked
Seat 2: dirtyd19991 (small blind) folded before Flop
Seat 3: ali_34526 (big blind) folded before Flop
Seat 5: Pon4uk.ua showed [Jh Th] and won ($33.19) with a straight, Eight to Queen
Seat 6: MaRKiToScoK folded before Flop (didn't bet)



PokerStars Hand #254246129610:  Hold'em No Limit ($0.50/$1.00 USD) - 2025/01/07 15:46:27 WET [2025/01/07 10:46:27 ET]
Table 'Octavia II' 6-max Seat #2 is the button
Seat 1: iNeverBluff398 ($129.23 in chips) 
Seat 2: dirtyd19991 ($52.81 in chips) 
Seat 3: ali_34526 ($54.43 in chips) 
Seat 4: janarr5 ($100 in chips) 
Seat 5: Pon4uk.ua ($109.08 in chips) 
Seat 6: MaRKiToScoK ($106.44 in chips) 
ali_34526: posts small blind $0.50
janarr5: posts big blind $1
*** HOLE CARDS ***
Pon4uk.ua: folds 
MaRKiToScoK: raises $1.10 to $2.10
iNeverBluff398: folds 
dirtyd19991: folds 
ali_34526: calls $1.60
janarr5: folds 
*** FLOP *** [8s Ah 3h]
ali_34526: checks 
MaRKiToScoK: bets $1.48
ali_34526: folds 
Uncalled bet ($1.48) returned to MaRKiToScoK
MaRKiToScoK collected $4.94 from pot
*** SUMMARY ***
Total pot $5.20 | Rake $0.26 
Board [8s Ah 3h]
Seat 1: iNeverBluff398 folded before Flop (didn't bet)
Seat 2: dirtyd19991 (button) folded before Flop (didn't bet)
Seat 3: ali_34526 (small blind) folded on the Flop
Seat 4: janarr5 (big blind) folded before Flop
Seat 5: Pon4uk.ua folded before Flop (didn't bet)
Seat 6: MaRKiToScoK collected ($4.94)



PokerStars Hand #254246396493:  Hold'em No Limit ($0.50/$1.00 USD) - 2025/01/07 16:07:41 WET [2025/01/07 11:07:41 ET]
Table 'Octavia II' 6-max Seat #2 is the button
Seat 6: Lucastitos ($100 in chips) is sitting out
Seat 1: MauriFierro27 ($116.15 in chips) 
Seat 2: joaquin612 ($100 in chips) 
Seat 3: ali_34526 ($49.20 in chips) 
Seat 4: janarr5 ($102.98 in chips) 
Seat 5: Pon4uk.ua ($106.08 in chips) 
ali_34526: posts small blind $0.50
janarr5: posts big blind $1
Lucastitos: sits out 
*** HOLE CARDS ***
Pon4uk.ua: folds 
MauriFierro27: raises $1.20 to $2.20
joaquin612: folds 
ali_34526: calls $1.70
janarr5: calls $1.20
*** FLOP *** [Qd 9c 3d]
ali_34526: checks 
janarr5: checks 
MauriFierro27: bets $2.07
ali_34526: folds 
janarr5: calls $2.07
*** TURN *** [Qd 9c 3d] [5d]
janarr5: checks 
MauriFierro27: bets $7.65
janarr5: folds 
Uncalled bet ($7.65) returned to MauriFierro27
MauriFierro27 collected $10.20 from pot
MauriFierro27: doesn't show hand 
*** SUMMARY ***
Total pot $10.74 | Rake $0.54 
Board [Qd 9c 3d 5d]
Seat 6: Lucastitos
Seat 1: MauriFierro27 collected ($10.20)
Seat 2: joaquin612 (button) folded before Flop (didn't bet)
Seat 3: ali_34526 (small blind) folded on the Flop
Seat 4: janarr5 (big blind) folded on the Turn
Seat 5: Pon4uk.ua folded before Flop (didn't bet)



PokerStars Hand #254246408830:  Hold'em No Limit ($0.50/$1.00 USD) - 2025/01/07 16:08:34 WET [2025/01/07 11:08:34 ET]
Table 'Octavia II' 6-max Seat #3 is the button
Seat 6: Lucastitos ($100 in chips) is sitting out
Seat 1: MauriFierro27 ($122.08 in chips) 
Seat 2: joaquin612 ($100 in chips) 
Seat 3: ali_34526 ($47 in chips) 
Seat 4: janarr5 ($100 in chips) 
Seat 5: Pon4uk.ua ($106.08 in chips) 
janarr5: posts small blind $0.50
Pon4uk.ua: posts big blind $1
Lucastitos: sits out 
*** HOLE CARDS ***
MauriFierro27: folds 
joaquin612: raises $1.50 to $2.50
ali_34526: calls $2.50
janarr5: folds 
Pon4uk.ua: folds 
*** FLOP *** [4h Jd 3d]
joaquin612: checks 
ali_34526: bets $4
joaquin612: raises $15.50 to $19.50
ali_34526: calls $15.50
*** TURN *** [4h Jd 3d] [Js]
joaquin612: bets $19.50
ali_34526: folds 
Uncalled bet ($19.50) returned to joaquin612
joaquin612 collected $43.22 from pot
joaquin612: doesn't show hand 
*** SUMMARY ***
Total pot $45.50 | Rake $2.28 
Board [4h Jd 3d Js]
Seat 6: Lucastitos
Seat 1: MauriFierro27 folded before Flop (didn't bet)
Seat 2: joaquin612 collected ($43.22)
Seat 3: ali_34526 (button) folded on the Turn
Seat 4: janarr5 (small blind) folded before Flop
Seat 5: Pon4uk.ua (big blind) folded before Flop



PokerStars Hand #254246420490:  Hold'em No Limit ($0.50/$1.00 USD) - 2025/01/07 16:09:26 WET [2025/01/07 11:09:26 ET]
Table 'Octavia II' 6-max Seat #4 is the button
Seat 1: MauriFierro27 ($122.08 in chips) 
Seat 2: joaquin612 ($121.22 in chips) 
Seat 3: ali_34526 ($25 in chips) 
Seat 4: janarr5 ($100 in chips) 
Seat 5: Pon4uk.ua ($105.08 in chips) 
Seat 6: Lucastitos ($100 in chips) 
Pon4uk.ua: posts small blind $0.50
Lucastitos: posts big blind $1
*** HOLE CARDS ***
MauriFierro27: folds 
joaquin612: folds 
ali_34526: calls $1
janarr5: folds 
Pon4uk.ua: calls $0.50
Lucastitos: raises $4 to $5
ali_34526: folds 
Pon4uk.ua: folds 
Uncalled bet ($4) returned to Lucastitos
Lucastitos collected $3 from pot
Lucastitos: doesn't show hand 
*** SUMMARY ***
Total pot $3 | Rake $0 
Seat 1: MauriFierro27 folded before Flop (didn't bet)
Seat 2: joaquin612 folded before Flop (didn't bet)
Seat 3: ali_34526 folded before Flop
Seat 4: janarr5 (button) folded before Flop (didn't bet)
Seat 5: Pon4uk.ua (small blind) folded before Flop
Seat 6: Lucastitos (big blind) collected ($3)



PokerStars Hand #254246427826:  Hold'em No Limit ($0.50/$1.00 USD) - 2025/01/07 16:09:58 WET [2025/01/07 11:09:58 ET]
Table 'Octavia II' 6-max Seat #5 is the button
Seat 1: MauriFierro27 ($122.08 in chips) 
Seat 2: joaquin612 ($121.22 in chips) 
Seat 3: ali_34526 ($24 in chips) 
Seat 4: janarr5 ($100 in chips) 
Seat 5: Pon4uk.ua ($104.08 in chips) 
Seat 6: Lucastitos ($102 in chips) 
Lucastitos: posts small blind $0.50
MauriFierro27: posts big blind $1
*** HOLE CARDS ***
joaquin612: folds 
ali_34526: calls $1
janarr5: folds 
Pon4uk.ua: folds 
Lucastitos: folds 
MauriFierro27: checks 
*** FLOP *** [7c Jh 8s]
MauriFierro27: checks 
ali_34526: bets $3
MauriFierro27: folds 
Uncalled bet ($3) returned to ali_34526
ali_34526 collected $2.38 from pot
*** SUMMARY ***
Total pot $2.50 | Rake $0.12 
Board [7c Jh 8s]
Seat 1: MauriFierro27 (big blind) folded on the Flop
Seat 2: joaquin612 folded before Flop (didn't bet)
Seat 3: ali_34526 collected ($2.38)
Seat 4: janarr5 folded before Flop (didn't bet)
Seat 5: Pon4uk.ua (button) folded before Flop (didn't bet)
Seat 6: Lucastitos (small blind) folded before Flop



PokerStars Hand #254246435149:  Hold'em No Limit ($0.50/$1.00 USD) - 2025/01/07 16:10:30 WET [2025/01/07 11:10:30 ET]
Table 'Octavia II' 6-max Seat #6 is the button
Seat 1: MauriFierro27 ($121.08 in chips) 
Seat 2: joaquin612 ($121.22 in chips) 
Seat 3: ali_34526 ($25.38 in chips) 
Seat 4: janarr5 ($100 in chips) 
Seat 5: Pon4uk.ua ($104.08 in chips) 
Seat 6: Lucastitos ($101.50 in chips) 
MauriFierro27: posts small blind $0.50
joaquin612: posts big blind $1
*** HOLE CARDS ***
ali_34526: calls $1
janarr5: folds 
Pon4uk.ua: folds 
Lucastitos: folds 
MauriFierro27: folds 
joaquin612: checks 
*** FLOP *** [8d 7d Tc]
joaquin612: checks 
ali_34526: checks 
*** TURN *** [8d 7d Tc] [7h]
joaquin612: checks 
ali_34526: checks 
*** RIVER *** [8d 7d Tc 7h] [4s]
joaquin612: bets $2
ali_34526: calls $2
*** SHOW DOWN ***
joaquin612: shows [Ts 2c] (two pair, Tens and Sevens)
ali_34526: mucks hand 
joaquin612 collected $6.18 from pot
*** SUMMARY ***
Total pot $6.50 | Rake $0.32 
Board [8d 7d Tc 7h 4s]
Seat 1: MauriFierro27 (small blind) folded before Flop
Seat 2: joaquin612 (big blind) showed [Ts 2c] and won ($6.18) with two pair, Tens and Sevens
Seat 3: ali_34526 mucked
Seat 4: janarr5 folded before Flop (didn't bet)
Seat 5: Pon4uk.ua folded before Flop (didn't bet)
Seat 6: Lucastitos (button) folded before Flop (didn't bet)



PokerStars Hand #254246447439:  Hold'em No Limit ($0.50/$1.00 USD) - 2025/01/07 16:11:23 WET [2025/01/07 11:11:23 ET]
Table 'Octavia II' 6-max Seat #1 is the button
Seat 4: janarr5 ($100 in chips) is sitting out
Seat 1: MauriFierro27 ($120.58 in chips) 
Seat 2: joaquin612 ($124.40 in chips) 
Seat 3: ali_34526 ($22.38 in chips) 
Seat 5: Pon4uk.ua ($104.08 in chips) 
Seat 6: Lucastitos ($101.50 in chips) 
joaquin612: posts small blind $0.50
ali_34526: posts big blind $1
*** HOLE CARDS ***
Pon4uk.ua: folds 
Lucastitos: folds 
MauriFierro27: folds 
joaquin612: raises $2 to $3
ali_34526: calls $2
*** FLOP *** [5s 9d 7d]
joaquin612: bets $4.28
ali_34526: raises $15.10 to $19.38 and is all-in
joaquin612: calls $15.10
ali_34526 has timed out
joaquin612 has timed out
*** TURN *** [5s 9d 7d] [3h]
*** RIVER *** [5s 9d 7d 3h] [Qd]
*** SHOW DOWN ***
joaquin612: shows [6d Jd] (a flush, Queen high)
ali_34526: shows [9s Td] (a pair of Nines)
joaquin612 collected $42.52 from pot
*** SUMMARY ***
Total pot $44.76 | Rake $2.24 
Board [5s 9d 7d 3h Qd]
Seat 4: janarr5
Seat 1: MauriFierro27 (button) folded before Flop (didn't bet)
Seat 2: joaquin612 (small blind) showed [6d Jd] and won ($42.52) with a flush, Queen high
Seat 3: ali_34526 (big blind) showed [9s Td] and lost with a pair of Nines
Seat 5: Pon4uk.ua folded before Flop (didn't bet)
Seat 6: Lucastitos folded before Flop (didn't bet)



PokerStars Hand #254246457853:  Hold'em No Limit ($0.50/$1.00 USD) - 2025/01/07 16:12:09 WET [2025/01/07 11:12:09 ET]
Table 'Octavia II' 6-max Seat #2 is the button
Seat 3: ali_34526 ($0 in chips) is sitting out
Seat 4: janarr5 ($100 in chips) is sitting out
Seat 1: MauriFierro27 ($120.58 in chips) 
Seat 2: joaquin612 ($144.54 in chips) 
Seat 5: Pon4uk.ua ($104.08 in chips) 
Seat 6: Lucastitos ($101.50 in chips) 
Pon4uk.ua: posts small blind $0.50
Lucastitos: posts big blind $1
*** HOLE CARDS ***
MauriFierro27: folds 
joaquin612: folds 
Pon4uk.ua: folds 
Uncalled bet ($0.50) returned to Lucastitos
Lucastitos collected $1 from pot
Lucastitos: doesn't show hand 
*** SUMMARY ***
Total pot $1 | Rake $0 
Seat 3: ali_34526
Seat 4: janarr5
Seat 1: MauriFierro27 folded before Flop (didn't bet)
Seat 2: joaquin612 (button) folded before Flop (didn't bet)
Seat 5: Pon4uk.ua (small blind) folded before Flop
Seat 6: Lucastitos (big blind) collected ($1)



PokerStars Hand #254246460996:  Hold'em No Limit ($0.50/$1.00 USD) - 2025/01/07 16:12:22 WET [2025/01/07 11:12:22 ET]
Table 'Octavia II' 6-max Seat #5 is the button
Seat 1: MauriFierro27 ($120.58 in chips) is sitting out
Seat 3: ali_34526 ($0 in chips) is sitting out
Seat 4: janarr5 ($100 in chips) is sitting out
Seat 2: joaquin612 ($144.54 in chips) 
Seat 5: Pon4uk.ua ($103.58 in chips) 
Seat 6: Lucastitos ($102 in chips) 
Lucastitos: posts small blind $0.50
MauriFierro27: is sitting out 
joaquin612: posts big blind $1
*** HOLE CARDS ***
MauriFierro27 leaves the table
Pon4uk.ua: folds 
Lucastitos: raises $1.90 to $2.90
joaquin612: folds 
Uncalled bet ($1.90) returned to Lucastitos
Lucastitos collected $2 from pot
Lucastitos: doesn't show hand 
*** SUMMARY ***
Total pot $2 | Rake $0 
Seat 1: MauriFierro27
Seat 3: ali_34526
Seat 4: janarr5
Seat 2: joaquin612 (big blind) folded before Flop
Seat 5: Pon4uk.ua (button) folded before Flop (didn't bet)
Seat 6: Lucastitos (small blind) collected ($2)



PokerStars Hand #254246464828:  Hold'em No Limit ($0.50/$1.00 USD) - 2025/01/07 16:12:39 WET [2025/01/07 11:12:39 ET]
Table 'Octavia II' 6-max Seat #6 is the button
Seat 3: ali_34526 ($0 in chips) is sitting out
Seat 4: janarr5 ($100 in chips) is sitting out
Seat 2: joaquin612 ($143.54 in chips) 
Seat 5: Pon4uk.ua ($103.58 in chips) 
Seat 6: Lucastitos ($103 in chips) 
joaquin612: posts small blind $0.50
Pon4uk.ua: posts big blind $1
*** HOLE CARDS ***
Lucastitos: raises $1.40 to $2.40
rxb.dvtch joins the table at seat #1 
rxb.dvtch is disconnected 
joaquin612: folds 
Pon4uk.ua: folds 
Uncalled bet ($1.40) returned to Lucastitos
Pon4uk.ua leaves the table
Lucastitos collected $2.50 from pot
Lucastitos: doesn't show hand 
*** SUMMARY ***
Total pot $2.50 | Rake $0 
Seat 3: ali_34526
Seat 4: janarr5
Seat 2: joaquin612 (small blind) folded before Flop
Seat 5: Pon4uk.ua (big blind) folded before Flop
Seat 6: Lucastitos (button) collected ($2.50)



PokerStars Hand #254246469309:  Hold'em No Limit ($0.50/$1.00 USD) - 2025/01/07 16:12:59 WET [2025/01/07 11:12:59 ET]
Table 'Octavia II' 6-max Seat #2 is the button
Seat 3: ali_34526 ($0 in chips) is sitting out
Seat 4: janarr5 ($100 in chips) is sitting out
Seat 1: rxb.dvtch ($84.18 in chips) 
Seat 2: joaquin612 ($143.04 in chips) 
Seat 6: Lucastitos ($104.50 in chips) 
Lucastitos: posts small blind $0.50
rxb.dvtch: posts big blind $1
*** HOLE CARDS ***
YeeesMan joins the table at seat #5 
joaquin612: folds 
Lucastitos: raises $1.90 to $2.90
rxb.dvtch: calls $1.90
*** FLOP *** [Qs 5s Tc]
Lucastitos: bets $1.49
rxb.dvtch: folds 
Uncalled bet ($1.49) returned to Lucastitos
Lucastitos collected $5.51 from pot
Lucastitos: doesn't show hand 
*** SUMMARY ***
Total pot $5.80 | Rake $0.29 
Board [Qs 5s Tc]
Seat 3: ali_34526
Seat 4: janarr5
Seat 1: rxb.dvtch (big blind) folded on the Flop
Seat 2: joaquin612 (button) folded before Flop (didn't bet)
Seat 6: Lucastitos (small blind) collected ($5.51)



PokerStars Hand #254246474048:  Hold'em No Limit ($0.50/$1.00 USD) - 2025/01/07 16:13:19 WET [2025/01/07 11:13:19 ET]
Table 'Octavia II' 6-max Seat #6 is the button
Seat 3: ali_34526 ($0 in chips) is sitting out
Seat 4: janarr5 ($100 in chips) is sitting out
Seat 5: YeeesMan ($127.50 in chips) is sitting out
Seat 1: rxb.dvtch ($81.28 in chips) 
Seat 2: joaquin612 ($143.04 in chips) 
Seat 6: Lucastitos ($107.11 in chips) 
rxb.dvtch: posts small blind $0.50
joaquin612: posts big blind $1
YeeesMan: sits out 
*** HOLE CARDS ***
Lucastitos: folds 
rxb.dvtch: calls $0.50
joaquin612: checks 
*** FLOP *** [Kd 9d 7d]
rxb.dvtch: checks 
joaquin612: checks 
*** TURN *** [Kd 9d 7d] [Ks]
rxb.dvtch: checks 
joaquin612: bets $1.43
rxb.dvtch: calls $1.43
*** RIVER *** [Kd 9d 7d Ks] [Tc]
rxb.dvtch: bets $2.31
joaquin612: raises $2.31 to $4.62
ali_34526 is disconnected 
rxb.dvtch: raises $4.31 to $8.93
joaquin612: folds 
Uncalled bet ($4.31) returned to rxb.dvtch
rxb.dvtch collected $13.40 from pot
*** SUMMARY ***
Total pot $14.10 | Rake $0.70 
Board [Kd 9d 7d Ks Tc]
Seat 3: ali_34526
Seat 4: janarr5
Seat 5: YeeesMan
Seat 1: rxb.dvtch (small blind) collected ($13.40)
Seat 2: joaquin612 (big blind) folded on the River
Seat 6: Lucastitos (button) folded before Flop (didn't bet)



PokerStars Hand #254246493492:  Hold'em No Limit ($0.50/$1.00 USD) - 2025/01/07 16:14:43 WET [2025/01/07 11:14:43 ET]
Table 'Octavia II' 6-max Seat #1 is the button
Seat 3: ali_34526 ($0 in chips) is sitting out
Seat 5: YeeesMan ($127.50 in chips) is sitting out
Seat 1: rxb.dvtch ($87.63 in chips) 
Seat 2: joaquin612 ($135.99 in chips) 
Seat 4: janarr5 ($100 in chips) 
Seat 6: Lucastitos ($107.11 in chips) 
joaquin612: posts small blind $0.50
janarr5: posts big blind $1
YeeesMan: sits out 
*** HOLE CARDS ***
Lucastitos: folds 
rxb.dvtch: folds 
joaquin612: folds 
Uncalled bet ($0.50) returned to janarr5
janarr5 collected $1 from pot
janarr5: doesn't show hand 
*** SUMMARY ***
Total pot $1 | Rake $0 
Seat 3: ali_34526
Seat 5: YeeesMan
Seat 1: rxb.dvtch (button) folded before Flop (didn't bet)
Seat 2: joaquin612 (small blind) folded before Flop
Seat 4: janarr5 (big blind) collected ($1)
Seat 6: Lucastitos folded before Flop (didn't bet)



PokerStars Hand #254246496911:  Hold'em No Limit ($0.50/$1.00 USD) - 2025/01/07 16:14:58 WET [2025/01/07 11:14:58 ET]
Table 'Octavia II' 6-max Seat #2 is the button
Seat 3: ali_34526 ($0 in chips) is sitting out
Seat 1: rxb.dvtch ($87.63 in chips) 
Seat 2: joaquin612 ($135.49 in chips) 
Seat 4: janarr5 ($100.50 in chips) 
Seat 5: YeeesMan ($127.50 in chips) 
Seat 6: Lucastitos ($107.11 in chips) 
janarr5: posts small blind $0.50
YeeesMan: posts big blind $1
*** HOLE CARDS ***
Lucastitos: folds 
rxb.dvtch: raises $2 to $3
joaquin612: folds 
janarr5: raises $9 to $12
YeeesMan: raises $14 to $26
rxb.dvtch: folds 
janarr5: raises $74.50 to $100.50 and is all-in
YeeesMan: calls $74.50
*** FIRST FLOP *** [Td Qc 5c]
*** FIRST TURN *** [Td Qc 5c] [Ts]
*** FIRST RIVER *** [Td Qc 5c Ts] [3h]
*** SECOND FLOP *** [6d 6c 4s]
*** SECOND TURN *** [6d 6c 4s] [4h]
*** SECOND RIVER *** [6d 6c 4s 4h] [8d]
*** FIRST SHOW DOWN ***
janarr5: shows [Kd As] (a pair of Tens)
YeeesMan: shows [Qh Qd] (a full house, Queens full of Tens)
YeeesMan collected $100.75 from pot
*** SECOND SHOW DOWN ***
janarr5: shows [Kd As] (two pair, Sixes and Fours)
YeeesMan: shows [Qh Qd] (two pair, Queens and Sixes)
YeeesMan collected $100.75 from pot
*** SUMMARY ***
Total pot $204 | Rake $2.50 
Hand was run twice
FIRST Board [Td Qc 5c Ts 3h]
SECOND Board [6d 6c 4s 4h 8d]
Seat 3: ali_34526
Seat 1: rxb.dvtch folded before Flop
Seat 2: joaquin612 (button) folded before Flop (didn't bet)
Seat 4: janarr5 (small blind) showed [Kd As] and lost with a pair of Tens, and lost with two pair, Sixes and Fours
Seat 5: YeeesMan (big blind) showed [Qh Qd] and won ($100.75) with a full house, Queens full of Tens, and won ($100.75) with two pair, Queens and Sixes
Seat 6: Lucastitos folded before Flop (didn't bet)



PokerStars Hand #254246507295:  Hold'em No Limit ($0.50/$1.00 USD) - 2025/01/07 16:15:42 WET [2025/01/07 11:15:42 ET]
Table 'Octavia II' 6-max Seat #4 is the button
Seat 3: ali_34526 ($0 in chips) is sitting out
Seat 1: rxb.dvtch ($84.63 in chips) 
Seat 2: joaquin612 ($135.49 in chips) 
Seat 4: janarr5 ($100 in chips) 
Seat 5: YeeesMan ($228.50 in chips) 
Seat 6: Lucastitos ($107.11 in chips) 
YeeesMan: posts small blind $0.50
Lucastitos: posts big blind $1
*** HOLE CARDS ***
rxb.dvtch: raises $2 to $3
joaquin612: folds 
janarr5: folds 
YeeesMan: folds 
Lucastitos: folds 
Uncalled bet ($2) returned to rxb.dvtch
rxb.dvtch collected $2.50 from pot
*** SUMMARY ***
Total pot $2.50 | Rake $0 
Seat 3: ali_34526
Seat 1: rxb.dvtch collected ($2.50)
Seat 2: joaquin612 folded before Flop (didn't bet)
Seat 4: janarr5 (button) folded before Flop (didn't bet)
Seat 5: YeeesMan (small blind) folded before Flop
Seat 6: Lucastitos (big blind) folded before Flop



PokerStars Hand #254246511272:  Hold'em No Limit ($0.50/$1.00 USD) - 2025/01/07 16:16:00 WET [2025/01/07 11:16:00 ET]
Table 'Octavia II' 6-max Seat #5 is the button
Seat 3: ali_34526 ($0 in chips) is sitting out
Seat 1: rxb.dvtch ($86.13 in chips) 
Seat 2: joaquin612 ($135.49 in chips) 
Seat 4: janarr5 ($100 in chips) 
Seat 5: YeeesMan ($228 in chips) 
Seat 6: Lucastitos ($106.11 in chips) 
Lucastitos: posts small blind $0.50
rxb.dvtch: posts big blind $1
*** HOLE CARDS ***
joaquin612: raises $1.50 to $2.50
janarr5: folds 
YeeesMan: folds 
Lucastitos: calls $2
rxb.dvtch: calls $1.50
*** FLOP *** [8s 3h Td]
Lucastitos: checks 
rxb.dvtch: bets $2.56
joaquin612: raises $9.18 to $11.74
Lucastitos: folds 
rxb.dvtch: folds 
Uncalled bet ($9.18) returned to joaquin612
joaquin612 collected $11.99 from pot
joaquin612: doesn't show hand 
*** SUMMARY ***
Total pot $12.62 | Rake $0.63 
Board [8s 3h Td]
Seat 3: ali_34526
Seat 1: rxb.dvtch (big blind) folded on the Flop
Seat 2: joaquin612 collected ($11.99)
Seat 4: janarr5 folded before Flop (didn't bet)
Seat 5: YeeesMan (button) folded before Flop (didn't bet)
Seat 6: Lucastitos (small blind) folded on the Flop



PokerStars Hand #254246521711:  Hold'em No Limit ($0.50/$1.00 USD) - 2025/01/07 16:16:44 WET [2025/01/07 11:16:44 ET]
Table 'Octavia II' 6-max Seat #6 is the button
Seat 3: ali_34526 ($0 in chips) is sitting out
Seat 1: rxb.dvtch ($81.07 in chips) 
Seat 2: joaquin612 ($142.42 in chips) 
Seat 4: janarr5 ($100 in chips) 
Seat 5: YeeesMan ($228 in chips) 
Seat 6: Lucastitos ($103.61 in chips) 
rxb.dvtch: posts small blind $0.50
joaquin612: posts big blind $1
*** HOLE CARDS ***
janarr5: folds 
YeeesMan: raises $1.50 to $2.50
Lucastitos: folds 
rxb.dvtch: calls $2
joaquin612: raises $11.50 to $14
YeeesMan: folds 
rxb.dvtch: calls $11.50
*** FLOP *** [Ks 4d 3d]
rxb.dvtch: checks 
joaquin612: bets $9.56
rxb.dvtch: folds 
Uncalled bet ($9.56) returned to joaquin612
joaquin612 collected $28.98 from pot
joaquin612: doesn't show hand 
*** SUMMARY ***
Total pot $30.50 | Rake $1.52 
Board [Ks 4d 3d]
Seat 3: ali_34526
Seat 1: rxb.dvtch (small blind) folded on the Flop
Seat 2: joaquin612 (big blind) collected ($28.98)
Seat 4: janarr5 folded before Flop (didn't bet)
Seat 5: YeeesMan folded before Flop
Seat 6: Lucastitos (button) folded before Flop (didn't bet)



PokerStars Hand #254246532672:  Hold'em No Limit ($0.50/$1.00 USD) - 2025/01/07 16:17:31 WET [2025/01/07 11:17:31 ET]
Table 'Octavia II' 6-max Seat #1 is the button
Seat 3: ali_34526 ($0 in chips) is sitting out
Seat 1: rxb.dvtch ($67.07 in chips) 
Seat 2: joaquin612 ($157.40 in chips) 
Seat 4: janarr5 ($100 in chips) 
Seat 5: YeeesMan ($225.50 in chips) 
Seat 6: Lucastitos ($103.61 in chips) 
joaquin612: posts small blind $0.50
janarr5: posts big blind $1
*** HOLE CARDS ***
YeeesMan: folds 
Lucastitos: folds 
rxb.dvtch: folds 
joaquin612: folds 
Uncalled bet ($0.50) returned to janarr5
janarr5 collected $1 from pot
ali_34526 leaves the table
janarr5: doesn't show hand 
*** SUMMARY ***
Total pot $1 | Rake $0 
Seat 3: ali_34526
Seat 1: rxb.dvtch (button) folded before Flop (didn't bet)
Seat 2: joaquin612 (small blind) folded before Flop
Seat 4: janarr5 (big blind) collected ($1)
Seat 5: YeeesMan folded before Flop (didn't bet)
Seat 6: Lucastitos folded before Flop (didn't bet)



PokerStars Hand #254246536519:  Hold'em No Limit ($0.50/$1.00 USD) - 2025/01/07 16:17:48 WET [2025/01/07 11:17:48 ET]
Table 'Octavia II' 6-max Seat #2 is the button
Seat 1: rxb.dvtch ($67.07 in chips) 
Seat 2: joaquin612 ($156.90 in chips) 
Seat 4: janarr5 ($100.50 in chips) 
Seat 5: YeeesMan ($225.50 in chips) 
Seat 6: Lucastitos ($103.61 in chips) 
janarr5: posts small blind $0.50
YeeesMan: posts big blind $1
*** HOLE CARDS ***
Lucastitos: folds 
rxb.dvtch: raises $1 to $2
joaquin612: folds 
Joe_Li7 joins the table at seat #3 
janarr5: raises $7 to $9
YeeesMan: folds 
rxb.dvtch: calls $7
*** FLOP *** [Qd 5c 5s]
janarr5: bets $5.96
rxb.dvtch: folds 
Uncalled bet ($5.96) returned to janarr5
janarr5 collected $18.05 from pot
janarr5: doesn't show hand 
*** SUMMARY ***
Total pot $19 | Rake $0.95 
Board [Qd 5c 5s]
Seat 1: rxb.dvtch folded on the Flop
Seat 2: joaquin612 (button) folded before Flop (didn't bet)
Seat 4: janarr5 (small blind) collected ($18.05)
Seat 5: YeeesMan (big blind) folded before Flop
Seat 6: Lucastitos folded before Flop (didn't bet)



PokerStars Hand #254246543755:  Hold'em No Limit ($0.50/$1.00 USD) - 2025/01/07 16:18:19 WET [2025/01/07 11:18:19 ET]
Table 'Octavia II' 6-max Seat #4 is the button
Seat 3: Joe_Li7 ($130.86 in chips) is sitting out
Seat 1: rxb.dvtch ($58.07 in chips) 
Seat 2: joaquin612 ($156.90 in chips) 
Seat 4: janarr5 ($109.55 in chips) 
Seat 5: YeeesMan ($224.50 in chips) 
Seat 6: Lucastitos ($103.61 in chips) 
YeeesMan: posts small blind $0.50
Lucastitos: posts big blind $1
Joe_Li7: sits out 
*** HOLE CARDS ***
rxb.dvtch: calls $1
joaquin612: folds 
janarr5: raises $2.50 to $3.50
YeeesMan: folds 
Lucastitos: folds 
rxb.dvtch: raises $4.50 to $8
janarr5: folds 
Uncalled bet ($4.50) returned to rxb.dvtch
rxb.dvtch collected $8.50 from pot
*** SUMMARY ***
Total pot $8.50 | Rake $0 
Seat 3: Joe_Li7
Seat 1: rxb.dvtch collected ($8.50)
Seat 2: joaquin612 folded before Flop (didn't bet)
Seat 4: janarr5 (button) folded before Flop
Seat 5: YeeesMan (small blind) folded before Flop
Seat 6: Lucastitos (big blind) folded before Flop



PokerStars Hand #254246549803:  Hold'em No Limit ($0.50/$1.00 USD) - 2025/01/07 16:18:45 WET [2025/01/07 11:18:45 ET]
Table 'Octavia II' 6-max Seat #5 is the button
Seat 3: Joe_Li7 ($130.86 in chips) is sitting out
Seat 1: rxb.dvtch ($63.07 in chips) 
Seat 2: joaquin612 ($156.90 in chips) 
Seat 4: janarr5 ($106.05 in chips) 
Seat 5: YeeesMan ($224 in chips) 
Seat 6: Lucastitos ($102.61 in chips) 
Lucastitos: posts small blind $0.50
rxb.dvtch: posts big blind $1
Joe_Li7: sits out 
*** HOLE CARDS ***
joaquin612: folds 
janarr5: folds 
YeeesMan: raises $1.50 to $2.50
Lucastitos: folds 
rxb.dvtch: calls $1.50
*** FLOP *** [3s 6c Ac]
rxb.dvtch: checks 
YeeesMan: bets $1.72
rxb.dvtch: raises $1.72 to $3.44
YeeesMan: calls $1.72
*** TURN *** [3s 6c Ac] [5c]
rxb.dvtch: checks 
YeeesMan: bets $9.82
rxb.dvtch: calls $9.82
*** RIVER *** [3s 6c Ac 5c] [Th]
rxb.dvtch: checks 
YeeesMan: bets $26.82
rxb.dvtch: calls $26.82
*** SHOW DOWN ***
YeeesMan: shows [9c Qc] (a flush, Ace high)
rxb.dvtch: mucks hand 
YeeesMan collected $83.16 from pot
*** SUMMARY ***
Total pot $85.66 | Rake $2.50 
Board [3s 6c Ac 5c Th]
Seat 3: Joe_Li7
Seat 1: rxb.dvtch (big blind) mucked
Seat 2: joaquin612 folded before Flop (didn't bet)
Seat 4: janarr5 folded before Flop (didn't bet)
Seat 5: YeeesMan (button) showed [9c Qc] and won ($83.16) with a flush, Ace high
Seat 6: Lucastitos (small blind) folded before Flop



PokerStars Hand #254246565499:  Hold'em No Limit ($0.50/$1.00 USD) - 2025/01/07 16:19:53 WET [2025/01/07 11:19:53 ET]
Table 'Octavia II' 6-max Seat #6 is the button
Seat 3: Joe_Li7 ($130.86 in chips) is sitting out
Seat 1: rxb.dvtch ($20.49 in chips) 
Seat 2: joaquin612 ($156.90 in chips) 
Seat 4: janarr5 ($106.05 in chips) 
Seat 5: YeeesMan ($264.58 in chips) 
Seat 6: Lucastitos ($102.11 in chips) 
rxb.dvtch: posts small blind $0.50
joaquin612: posts big blind $1
Joe_Li7: sits out 
*** HOLE CARDS ***
janarr5: folds 
YeeesMan: raises $1.50 to $2.50
Lucastitos: folds 
rxb.dvtch: calls $2
joaquin612: calls $1.50
*** FLOP *** [6c Qd 5d]
rxb.dvtch: checks 
joaquin612: checks 
YeeesMan: checks 
*** TURN *** [6c Qd 5d] [3c]
rxb.dvtch: checks 
joaquin612: bets $5.34
YeeesMan: folds 
rxb.dvtch: folds 
Uncalled bet ($5.34) returned to joaquin612
joaquin612 collected $7.12 from pot
joaquin612: doesn't show hand 
*** SUMMARY ***
Total pot $7.50 | Rake $0.38 
Board [6c Qd 5d 3c]
Seat 3: Joe_Li7
Seat 1: rxb.dvtch (small blind) folded on the Turn
Seat 2: joaquin612 (big blind) collected ($7.12)
Seat 4: janarr5 folded before Flop (didn't bet)
Seat 5: YeeesMan folded on the Turn
Seat 6: Lucastitos (button) folded before Flop (didn't bet)



PokerStars Hand #254246580504:  Hold'em No Limit ($0.50/$1.00 USD) - 2025/01/07 16:20:57 WET [2025/01/07 11:20:57 ET]
Table 'Octavia II' 6-max Seat #1 is the button
Seat 1: rxb.dvtch ($17.99 in chips) 
Seat 2: joaquin612 ($161.52 in chips) 
Seat 3: Joe_Li7 ($130.86 in chips) 
Seat 4: janarr5 ($106.05 in chips) 
Seat 5: YeeesMan ($262.08 in chips) 
Seat 6: Lucastitos ($102.11 in chips) 
joaquin612: posts small blind $0.50
Joe_Li7: posts big blind $1
*** HOLE CARDS ***
janarr5: folds 
YeeesMan: folds 
Lucastitos: raises $1.30 to $2.30
rxb.dvtch: folds 
joaquin612: folds 
Joe_Li7: folds 
Uncalled bet ($1.30) returned to Lucastitos
Lucastitos collected $2.50 from pot
Lucastitos: doesn't show hand 
*** SUMMARY ***
Total pot $2.50 | Rake $0 
Seat 1: rxb.dvtch (button) folded before Flop (didn't bet)
Seat 2: joaquin612 (small blind) folded before Flop
Seat 3: Joe_Li7 (big blind) folded before Flop
Seat 4: janarr5 folded before Flop (didn't bet)
Seat 5: YeeesMan folded before Flop (didn't bet)
Seat 6: Lucastitos collected ($2.50)



PokerStars Hand #254246584993:  Hold'em No Limit ($0.50/$1.00 USD) - 2025/01/07 16:21:17 WET [2025/01/07 11:21:17 ET]
Table 'Octavia II' 6-max Seat #2 is the button
Seat 1: rxb.dvtch ($17.99 in chips) 
Seat 2: joaquin612 ($161.02 in chips) 
Seat 3: Joe_Li7 ($129.86 in chips) 
Seat 4: janarr5 ($106.05 in chips) 
Seat 5: YeeesMan ($262.08 in chips) 
Seat 6: Lucastitos ($103.61 in chips) 
Joe_Li7: posts small blind $0.50
janarr5: posts big blind $1
*** HOLE CARDS ***
YeeesMan: folds 
Lucastitos: folds 
rxb.dvtch: raises $2 to $3
joaquin612: folds 
Joe_Li7: folds 
janarr5: folds 
Uncalled bet ($2) returned to rxb.dvtch
rxb.dvtch collected $2.50 from pot
*** SUMMARY ***
Total pot $2.50 | Rake $0 
Seat 1: rxb.dvtch collected ($2.50)
Seat 2: joaquin612 (button) folded before Flop (didn't bet)
Seat 3: Joe_Li7 (small blind) folded before Flop
Seat 4: janarr5 (big blind) folded before Flop
Seat 5: YeeesMan folded before Flop (didn't bet)
Seat 6: Lucastitos folded before Flop (didn't bet)



PokerStars Hand #254246589428:  Hold'em No Limit ($0.50/$1.00 USD) - 2025/01/07 16:21:36 WET [2025/01/07 11:21:36 ET]
Table 'Octavia II' 6-max Seat #3 is the button
Seat 1: rxb.dvtch ($19.49 in chips) 
Seat 2: joaquin612 ($161.02 in chips) 
Seat 3: Joe_Li7 ($129.36 in chips) 
Seat 4: janarr5 ($105.05 in chips) 
Seat 5: YeeesMan ($262.08 in chips) 
Seat 6: Lucastitos ($103.61 in chips) 
janarr5: posts small blind $0.50
YeeesMan: posts big blind $1
*** HOLE CARDS ***
Lucastitos: folds 
rxb.dvtch: folds 
joaquin612: folds 
Joe_Li7: raises $1.50 to $2.50
janarr5: folds 
YeeesMan: folds 
Uncalled bet ($1.50) returned to Joe_Li7
Joe_Li7 collected $2.50 from pot
*** SUMMARY ***
Total pot $2.50 | Rake $0 
Seat 1: rxb.dvtch folded before Flop (didn't bet)
Seat 2: joaquin612 folded before Flop (didn't bet)
Seat 3: Joe_Li7 (button) collected ($2.50)
Seat 4: janarr5 (small blind) folded before Flop
Seat 5: YeeesMan (big blind) folded before Flop
Seat 6: Lucastitos folded before Flop (didn't bet)



PokerStars Hand #254246594938:  Hold'em No Limit ($0.50/$1.00 USD) - 2025/01/07 16:22:00 WET [2025/01/07 11:22:00 ET]
Table 'Octavia II' 6-max Seat #4 is the button
Seat 1: rxb.dvtch ($19.49 in chips) 
Seat 2: joaquin612 ($161.02 in chips) 
Seat 3: Joe_Li7 ($130.86 in chips) 
Seat 4: janarr5 ($104.55 in chips) 
Seat 5: YeeesMan ($261.08 in chips) 
Seat 6: Lucastitos ($103.61 in chips) 
YeeesMan: posts small blind $0.50
Lucastitos: posts big blind $1
*** HOLE CARDS ***
rxb.dvtch: raises $2 to $3
joaquin612: folds 
Joe_Li7: folds 
janarr5: folds 
YeeesMan: raises $8 to $11
Lucastitos: folds 
rxb.dvtch: raises $8.49 to $19.49 and is all-in
YeeesMan: calls $8.49
*** FLOP *** [6s Jd 5c]
*** TURN *** [6s Jd 5c] [2h]
*** RIVER *** [6s Jd 5c 2h] [6d]
*** SHOW DOWN ***
YeeesMan: shows [Qc As] (a pair of Sixes)
rxb.dvtch: shows [Kc 8c] (a pair of Sixes - lower kicker)
YeeesMan collected $37.98 from pot
rxb.dvtch is disconnected 
*** SUMMARY ***
Total pot $39.98 | Rake $2 
Board [6s Jd 5c 2h 6d]
Seat 1: rxb.dvtch showed [Kc 8c] and lost with a pair of Sixes
Seat 2: joaquin612 folded before Flop (didn't bet)
Seat 3: Joe_Li7 folded before Flop (didn't bet)
Seat 4: janarr5 (button) folded before Flop (didn't bet)
Seat 5: YeeesMan (small blind) showed [Qc As] and won ($37.98) with a pair of Sixes
Seat 6: Lucastitos (big blind) folded before Flop



PokerStars Hand #254246601508:  Hold'em No Limit ($0.50/$1.00 USD) - 2025/01/07 16:22:29 WET [2025/01/07 11:22:29 ET]
Table 'Octavia II' 6-max Seat #5 is the button
Seat 1: rxb.dvtch ($0 in chips) is sitting out
Seat 2: joaquin612 ($161.02 in chips) 
Seat 3: Joe_Li7 ($130.86 in chips) 
Seat 4: janarr5 ($104.55 in chips) 
Seat 5: YeeesMan ($279.57 in chips) 
Seat 6: Lucastitos ($102.61 in chips) 
Lucastitos: posts small blind $0.50
joaquin612: posts big blind $1
*** HOLE CARDS ***
Joe_Li7: raises $1.20 to $2.20
janarr5: folds 
YeeesMan: folds 
Lucastitos: folds 
joaquin612: calls $1.20
*** FLOP *** [8s 3h Jh]
joaquin612: checks 
Joe_Li7: checks 
*** TURN *** [8s 3h Jh] [9d]
joaquin612: bets $3.50
Joe_Li7: calls $3.50
*** RIVER *** [8s 3h Jh 9d] [Kc]
joaquin612: checks 
Joe_Li7: checks 
*** SHOW DOWN ***
joaquin612: shows [Kd Td] (a pair of Kings)
Joe_Li7: mucks hand 
joaquin612 collected $11.30 from pot
*** SUMMARY ***
Total pot $11.90 | Rake $0.60 
Board [8s 3h Jh 9d Kc]
Seat 1: rxb.dvtch
Seat 2: joaquin612 (big blind) showed [Kd Td] and won ($11.30) with a pair of Kings
Seat 3: Joe_Li7 mucked
Seat 4: janarr5 folded before Flop (didn't bet)
Seat 5: YeeesMan (button) folded before Flop (didn't bet)
Seat 6: Lucastitos (small blind) folded before Flop



PokerStars Hand #254246621911:  Hold'em No Limit ($0.50/$1.00 USD) - 2025/01/07 16:23:57 WET [2025/01/07 11:23:57 ET]
Table 'Octavia II' 6-max Seat #6 is the button
Seat 1: rxb.dvtch ($0 in chips) is sitting out
Seat 2: joaquin612 ($166.62 in chips) 
Seat 3: Joe_Li7 ($125.16 in chips) 
Seat 4: janarr5 ($104.55 in chips) 
Seat 5: YeeesMan ($279.57 in chips) 
Seat 6: Lucastitos ($102.11 in chips) 
joaquin612: posts small blind $0.50
Joe_Li7: posts big blind $1
*** HOLE CARDS ***
janarr5: folds 
YeeesMan: folds 
Lucastitos: raises $1.40 to $2.40
joaquin612: folds 
Joe_Li7: folds 
Uncalled bet ($1.40) returned to Lucastitos
Lucastitos collected $2.50 from pot
Lucastitos: doesn't show hand 
*** SUMMARY ***
Total pot $2.50 | Rake $0 
Seat 1: rxb.dvtch
Seat 2: joaquin612 (small blind) folded before Flop
Seat 3: Joe_Li7 (big blind) folded before Flop
Seat 4: janarr5 folded before Flop (didn't bet)
Seat 5: YeeesMan folded before Flop (didn't bet)
Seat 6: Lucastitos (button) collected ($2.50)



PokerStars Hand #254246626845:  Hold'em No Limit ($0.50/$1.00 USD) - 2025/01/07 16:24:18 WET [2025/01/07 11:24:18 ET]
Table 'Octavia II' 6-max Seat #2 is the button
Seat 1: rxb.dvtch ($0 in chips) is sitting out
Seat 2: joaquin612 ($166.12 in chips) 
Seat 3: Joe_Li7 ($124.16 in chips) 
Seat 4: janarr5 ($104.55 in chips) 
Seat 5: YeeesMan ($279.57 in chips) 
Seat 6: Lucastitos ($103.61 in chips) 
Joe_Li7: posts small blind $0.50
janarr5: posts big blind $1
*** HOLE CARDS ***
YeeesMan: folds 
Lucastitos: folds 
joaquin612: folds 
Joe_Li7: raises $2 to $3
janarr5: folds 
Uncalled bet ($2) returned to Joe_Li7
Joe_Li7 collected $2 from pot
*** SUMMARY ***
Total pot $2 | Rake $0 
Seat 1: rxb.dvtch
Seat 2: joaquin612 (button) folded before Flop (didn't bet)
Seat 3: Joe_Li7 (small blind) collected ($2)
Seat 4: janarr5 (big blind) folded before Flop
Seat 5: YeeesMan folded before Flop (didn't bet)
Seat 6: Lucastitos folded before Flop (didn't bet)



PokerStars Hand #254246631376:  Hold'em No Limit ($0.50/$1.00 USD) - 2025/01/07 16:24:38 WET [2025/01/07 11:24:38 ET]
Table 'Octavia II' 6-max Seat #3 is the button
Seat 1: rxb.dvtch ($0 in chips) is sitting out
Seat 5: YeeesMan ($279.57 in chips) is sitting out
Seat 2: joaquin612 ($166.12 in chips) 
Seat 3: Joe_Li7 ($125.16 in chips) 
Seat 4: janarr5 ($103.55 in chips) 
Seat 6: Lucastitos ($103.61 in chips) 
janarr5: posts small blind $0.50
YeeesMan: is sitting out 
Lucastitos: posts big blind $1
*** HOLE CARDS ***
joaquin612: folds 
Joe_Li7: raises $1.50 to $2.50
janarr5: folds 
Lucastitos: folds 
Uncalled bet ($1.50) returned to Joe_Li7
Joe_Li7 collected $2.50 from pot
*** SUMMARY ***
Total pot $2.50 | Rake $0 
Seat 1: rxb.dvtch
Seat 5: YeeesMan
Seat 2: joaquin612 folded before Flop (didn't bet)
Seat 3: Joe_Li7 (button) collected ($2.50)
Seat 4: janarr5 (small blind) folded before Flop
Seat 6: Lucastitos (big blind) folded before Flop



PokerStars Hand #254246634778:  Hold'em No Limit ($0.50/$1.00 USD) - 2025/01/07 16:24:53 WET [2025/01/07 11:24:53 ET]
Table 'Octavia II' 6-max Seat #4 is the button
Seat 1: rxb.dvtch ($0 in chips) is sitting out
Seat 5: YeeesMan ($279.57 in chips) is sitting out
Seat 2: joaquin612 ($166.12 in chips) 
Seat 3: Joe_Li7 ($126.66 in chips) 
Seat 4: janarr5 ($103.05 in chips) 
Seat 6: Lucastitos ($102.61 in chips) 
Lucastitos: posts small blind $0.50
joaquin612: posts big blind $1
*** HOLE CARDS ***
Joe_Li7: raises $1.20 to $2.20
janarr5: folds 
Lucastitos: folds 
joaquin612: folds 
Uncalled bet ($1.20) returned to Joe_Li7
YeeesMan leaves the table
Joe_Li7 collected $2.50 from pot
*** SUMMARY ***
Total pot $2.50 | Rake $0 
Seat 1: rxb.dvtch
Seat 5: YeeesMan
Seat 2: joaquin612 (big blind) folded before Flop
Seat 3: Joe_Li7 collected ($2.50)
Seat 4: janarr5 (button) folded before Flop (didn't bet)
Seat 6: Lucastitos (small blind) folded before Flop



PokerStars Hand #254246638099:  Hold'em No Limit ($0.50/$1.00 USD) - 2025/01/07 16:25:07 WET [2025/01/07 11:25:07 ET]
Table 'Octavia II' 6-max Seat #6 is the button
Seat 1: rxb.dvtch ($0 in chips) is sitting out
Seat 3: Joe_Li7 ($128.16 in chips) is sitting out
Seat 2: joaquin612 ($165.12 in chips) 
Seat 4: janarr5 ($103.05 in chips) 
Seat 6: Lucastitos ($102.11 in chips) 
joaquin612: posts small blind $0.50
Joe_Li7: is sitting out 
janarr5: posts big blind $1
*** HOLE CARDS ***
Joe_Li7 leaves the table
Lucastitos: folds 
joaquin612: folds 
Uncalled bet ($0.50) returned to janarr5
janarr5 collected $1 from pot
janarr5: doesn't show hand 
*** SUMMARY ***
Total pot $1 | Rake $0 
Seat 1: rxb.dvtch
Seat 3: Joe_Li7
Seat 2: joaquin612 (small blind) folded before Flop
Seat 4: janarr5 (big blind) collected ($1)
Seat 6: Lucastitos (button) folded before Flop (didn't bet)



PokerStars Hand #254246641317:  Hold'em No Limit ($0.50/$1.00 USD) - 2025/01/07 16:25:20 WET [2025/01/07 11:25:20 ET]
Table 'Octavia II' 6-max Seat #2 is the button
Seat 1: rxb.dvtch ($0 in chips) is sitting out
Seat 2: joaquin612 ($164.62 in chips) 
Seat 4: janarr5 ($103.55 in chips) 
Seat 6: Lucastitos ($102.11 in chips) 
janarr5: posts small blind $0.50
Lucastitos: posts big blind $1
*** HOLE CARDS ***
joaquin612: folds 
janarr5: folds 
Uncalled bet ($0.50) returned to Lucastitos
Lucastitos collected $1 from pot
Lucastitos: doesn't show hand 
*** SUMMARY ***
Total pot $1 | Rake $0 
Seat 1: rxb.dvtch
Seat 2: joaquin612 (button) folded before Flop (didn't bet)
Seat 4: janarr5 (small blind) folded before Flop
Seat 6: Lucastitos (big blind) collected ($1)



PokerStars Hand #254246642754:  Hold'em No Limit ($0.50/$1.00 USD) - 2025/01/07 16:25:27 WET [2025/01/07 11:25:27 ET]
Table 'Octavia II' 6-max Seat #4 is the button
Seat 1: rxb.dvtch ($0 in chips) is sitting out
Seat 2: joaquin612 ($164.62 in chips) 
Seat 4: janarr5 ($103.05 in chips) 
Seat 6: Lucastitos ($102.61 in chips) 
Lucastitos: posts small blind $0.50
joaquin612: posts big blind $1
*** HOLE CARDS ***
janarr5: raises $1.50 to $2.50
Lucastitos: raises $8.50 to $11
joaquin612: folds 
janarr5: calls $8.50
*** FLOP *** [3s 7d Qd]
Lucastitos: bets $5.94
janarr5: calls $5.94
*** TURN *** [3s 7d Qd] [9d]
Lucastitos: checks 
janarr5: bets $11.18
Lucastitos: folds 
Uncalled bet ($11.18) returned to janarr5
janarr5 collected $33.88 from pot
janarr5: doesn't show hand 
*** SUMMARY ***
Total pot $34.88 | Rake $1 
Board [3s 7d Qd 9d]
Seat 1: rxb.dvtch
Seat 2: joaquin612 (big blind) folded before Flop
Seat 4: janarr5 (button) collected ($33.88)
Seat 6: Lucastitos (small blind) folded on the Turn



PokerStars Hand #254246656735:  Hold'em No Limit ($0.50/$1.00 USD) - 2025/01/07 16:26:26 WET [2025/01/07 11:26:26 ET]
Table 'Octavia II' 6-max Seat #2 is the button
Seat 1: rxb.dvtch ($0 in chips) is sitting out
Seat 2: joaquin612 ($163.62 in chips) 
Seat 6: Lucastitos ($100 in chips) 
joaquin612: posts small blind $0.50
Lucastitos: posts big blind $1
*** HOLE CARDS ***
joaquin612: folds 
Uncalled bet ($0.50) returned to Lucastitos
Lucastitos collected $1 from pot
rxb.dvtch leaves the table
Lucastitos: doesn't show hand 
*** SUMMARY ***
Total pot $1 | Rake $0 
Seat 1: rxb.dvtch
Seat 2: joaquin612 (button) (small blind) folded before Flop
Seat 6: Lucastitos (big blind) collected ($1)



PokerStars Hand #254246792667:  Hold'em No Limit ($0.50/$1.00 USD) - 2025/01/07 16:36:08 WET [2025/01/07 11:36:08 ET]
Table 'Octavia II' 6-max Seat #6 is the button
Seat 4: YeeesMan ($279.57 in chips) is sitting out
Seat 1: BoyLoc0 ($100 in chips) 
Seat 2: Nicedaymybro ($130.52 in chips) 
Seat 6: Alinyr ($100 in chips) 
BoyLoc0: posts small blind $0.50
Nicedaymybro: posts big blind $1
*** HOLE CARDS ***
Alinyr: folds 
BoyLoc0: folds 
Uncalled bet ($0.50) returned to Nicedaymybro
Nicedaymybro collected $1 from pot
Nicedaymybro: doesn't show hand 
*** SUMMARY ***
Total pot $1 | Rake $0 
Seat 4: YeeesMan
Seat 1: BoyLoc0 (small blind) folded before Flop
Seat 2: Nicedaymybro (big blind) collected ($1)
Seat 6: Alinyr (button) folded before Flop (didn't bet)



PokerStars Hand #254246794318:  Hold'em No Limit ($0.50/$1.00 USD) - 2025/01/07 16:36:15 WET [2025/01/07 11:36:15 ET]
Table 'Octavia II' 6-max Seat #1 is the button
Seat 4: YeeesMan ($279.57 in chips) is sitting out
Seat 1: BoyLoc0 ($100 in chips) 
Seat 2: Nicedaymybro ($131.02 in chips) 
Seat 6: Alinyr ($100 in chips) 
Nicedaymybro: posts small blind $0.50
Alinyr: posts big blind $1
*** HOLE CARDS ***
BoyLoc0: folds 
Nicedaymybro: folds 
Uncalled bet ($0.50) returned to Alinyr
Alinyr collected $1 from pot
Alinyr: doesn't show hand 
*** SUMMARY ***
Total pot $1 | Rake $0 
Seat 4: YeeesMan
Seat 1: BoyLoc0 (button) folded before Flop (didn't bet)
Seat 2: Nicedaymybro (small blind) folded before Flop
Seat 6: Alinyr (big blind) collected ($1)



PokerStars Hand #254246797035:  Hold'em No Limit ($0.50/$1.00 USD) - 2025/01/07 16:36:26 WET [2025/01/07 11:36:26 ET]
Table 'Octavia II' 6-max Seat #2 is the button
Seat 4: YeeesMan ($279.57 in chips) is sitting out
Seat 1: BoyLoc0 ($100 in chips) 
Seat 2: Nicedaymybro ($130.52 in chips) 
Seat 6: Alinyr ($100.50 in chips) 
Alinyr: posts small blind $0.50
BoyLoc0: posts big blind $1
*** HOLE CARDS ***
Nicedaymybro: raises $1.50 to $2.50
Alinyr: folds 
BoyLoc0: folds 
Uncalled bet ($1.50) returned to Nicedaymybro
Nicedaymybro collected $2.50 from pot
Nicedaymybro: doesn't show hand 
*** SUMMARY ***
Total pot $2.50 | Rake $0 
Seat 4: YeeesMan
Seat 1: BoyLoc0 (big blind) folded before Flop
Seat 2: Nicedaymybro (button) collected ($2.50)
Seat 6: Alinyr (small blind) folded before Flop



PokerStars Hand #254246799160:  Hold'em No Limit ($0.50/$1.00 USD) - 2025/01/07 16:36:35 WET [2025/01/07 11:36:35 ET]
Table 'Octavia II' 6-max Seat #6 is the button
Seat 4: YeeesMan ($279.57 in chips) is sitting out
Seat 1: BoyLoc0 ($100 in chips) 
Seat 2: Nicedaymybro ($132.02 in chips) 
Seat 6: Alinyr ($100 in chips) 
BoyLoc0: posts small blind $0.50
Nicedaymybro: posts big blind $1
YeeesMan: sits out 
*** HOLE CARDS ***
Alinyr: folds 
BoyLoc0: folds 
Uncalled bet ($0.50) returned to Nicedaymybro
Nicedaymybro collected $1 from pot
Nicedaymybro: doesn't show hand 
*** SUMMARY ***
Total pot $1 | Rake $0 
Seat 4: YeeesMan
Seat 1: BoyLoc0 (small blind) folded before Flop
Seat 2: Nicedaymybro (big blind) collected ($1)
Seat 6: Alinyr (button) folded before Flop (didn't bet)



PokerStars Hand #254246800736:  Hold'em No Limit ($0.50/$1.00 USD) - 2025/01/07 16:36:42 WET [2025/01/07 11:36:42 ET]
Table 'Octavia II' 6-max Seat #1 is the button
Seat 1: BoyLoc0 ($100 in chips) 
Seat 2: Nicedaymybro ($132.52 in chips) 
Seat 4: YeeesMan ($279.57 in chips) 
Seat 6: Alinyr ($100 in chips) 
Nicedaymybro: posts small blind $0.50
YeeesMan: posts big blind $1
*** HOLE CARDS ***
Alinyr: raises $1.28 to $2.28
BoyLoc0: folds 
Nicedaymybro: folds 
YeeesMan: raises $9.72 to $12
Alinyr: calls $9.72
*** FLOP *** [Qd 8s 9c]
TheBigA86 joins the table at seat #5 
TheBigA86 is disconnected 
YeeesMan: checks 
Christianzt1 joins the table at seat #3 
Alinyr: checks 
*** TURN *** [Qd 8s 9c] [9s]
YeeesMan: checks 
Alinyr: checks 
*** RIVER *** [Qd 8s 9c 9s] [Js]
YeeesMan: checks 
Alinyr: bets $7.76
YeeesMan: raises $24.02 to $31.78
Alinyr: calls $24.02
*** SHOW DOWN ***
YeeesMan: shows [Jh Jd] (a full house, Jacks full of Nines)
Alinyr: mucks hand 
YeeesMan collected $87.06 from pot
*** SUMMARY ***
Total pot $88.06 | Rake $1 
Board [Qd 8s 9c 9s Js]
Seat 1: BoyLoc0 (button) folded before Flop (didn't bet)
Seat 2: Nicedaymybro (small blind) folded before Flop
Seat 4: YeeesMan (big blind) showed [Jh Jd] and won ($87.06) with a full house, Jacks full of Nines
Seat 6: Alinyr mucked



PokerStars Hand #254246834060:  Hold'em No Limit ($0.50/$1.00 USD) - 2025/01/07 16:39:02 WET [2025/01/07 11:39:02 ET]
Table 'Octavia II' 6-max Seat #2 is the button
Seat 3: Christianzt1 ($100 in chips) is sitting out
Seat 1: BoyLoc0 ($100 in chips) 
Seat 2: Nicedaymybro ($132.02 in chips) 
Seat 4: YeeesMan ($322.85 in chips) 
Seat 5: TheBigA86 ($57.16 in chips) 
Seat 6: Alinyr ($100 in chips) 
YeeesMan: posts small blind $0.50
TheBigA86: posts big blind $1
*** HOLE CARDS ***
Alinyr: folds 
BoyLoc0: raises $1.50 to $2.50
Nicedaymybro: raises $5 to $7.50
YeeesMan: folds 
TheBigA86: folds 
BoyLoc0: calls $5
*** FLOP *** [Kd 3h 4c]
BoyLoc0: checks 
Nicedaymybro: bets $5.18
BoyLoc0: calls $5.18
*** TURN *** [Kd 3h 4c] [6h]
BoyLoc0: checks 
Nicedaymybro: checks 
*** RIVER *** [Kd 3h 4c 6h] [Ac]
BoyLoc0: checks 
Nicedaymybro: checks 
*** SHOW DOWN ***
BoyLoc0: shows [7c 7s] (a pair of Sevens)
Nicedaymybro: shows [9c 9d] (a pair of Nines)
Nicedaymybro collected $25.52 from pot
*** SUMMARY ***
Total pot $26.86 | Rake $1.34 
Board [Kd 3h 4c 6h Ac]
Seat 3: Christianzt1
Seat 1: BoyLoc0 showed [7c 7s] and lost with a pair of Sevens
Seat 2: Nicedaymybro (button) showed [9c 9d] and won ($25.52) with a pair of Nines
Seat 4: YeeesMan (small blind) folded before Flop
Seat 5: TheBigA86 (big blind) folded before Flop
Seat 6: Alinyr folded before Flop (didn't bet)



PokerStars Hand #254246847448:  Hold'em No Limit ($0.50/$1.00 USD) - 2025/01/07 16:39:59 WET [2025/01/07 11:39:59 ET]
Table 'Octavia II' 6-max Seat #4 is the button
Seat 3: Christianzt1 ($100 in chips) is sitting out
Seat 1: BoyLoc0 ($100 in chips) 
Seat 2: Nicedaymybro ($144.86 in chips) 
Seat 4: YeeesMan ($322.35 in chips) 
Seat 5: TheBigA86 ($56.16 in chips) 
Seat 6: Alinyr ($100 in chips) 
TheBigA86: posts small blind $0.50
Alinyr: posts big blind $1
Christianzt1: sits out 
*** HOLE CARDS ***
BoyLoc0: folds 
Nicedaymybro: raises $1.50 to $2.50
YeeesMan: raises $5.50 to $8
TheBigA86: calls $7.50
Alinyr: folds 
Nicedaymybro: folds 
*** FLOP *** [8c 6c Ad]
TheBigA86: checks 
YeeesMan: checks 
*** TURN *** [8c 6c Ad] [Qc]
TheBigA86: bets $9.26
YeeesMan: calls $9.26
*** RIVER *** [8c 6c Ad Qc] [Kh]
TheBigA86: checks 
BoyLoc0 leaves the table
blistein joins the table at seat #1 
YeeesMan: bets $11.92
TheBigA86: folds 
Uncalled bet ($11.92) returned to YeeesMan
YeeesMan collected $36.12 from pot
YeeesMan: doesn't show hand 
*** SUMMARY ***
Total pot $38.02 | Rake $1.90 
Board [8c 6c Ad Qc Kh]
Seat 3: Christianzt1
Seat 1: BoyLoc0 folded before Flop (didn't bet)
Seat 2: Nicedaymybro folded before Flop
Seat 4: YeeesMan (button) collected ($36.12)
Seat 5: TheBigA86 (small blind) folded on the River
Seat 6: Alinyr (big blind) folded before Flop



PokerStars Hand #254246870461:  Hold'em No Limit ($0.50/$1.00 USD) - 2025/01/07 16:41:35 WET [2025/01/07 11:41:35 ET]
Table 'Octavia II' 6-max Seat #5 is the button
Seat 3: Christianzt1 ($100 in chips) is sitting out
Seat 1: blistein ($100 in chips) 
Seat 2: Nicedaymybro ($142.36 in chips) 
Seat 4: YeeesMan ($341.21 in chips) 
Seat 5: TheBigA86 ($38.90 in chips) 
Seat 6: Alinyr ($100 in chips) 
Alinyr: posts small blind $0.50
blistein: posts big blind $1
Christianzt1: sits out 
*** HOLE CARDS ***
Nicedaymybro: folds 
YeeesMan: folds 
TheBigA86: folds 
Alinyr: raises $2 to $3
blistein: folds 
Uncalled bet ($2) returned to Alinyr
Alinyr collected $2 from pot
Alinyr: doesn't show hand 
*** SUMMARY ***
Total pot $2 | Rake $0 
Seat 3: Christianzt1
Seat 1: blistein (big blind) folded before Flop
Seat 2: Nicedaymybro folded before Flop (didn't bet)
Seat 4: YeeesMan folded before Flop (didn't bet)
Seat 5: TheBigA86 (button) folded before Flop (didn't bet)
Seat 6: Alinyr (small blind) collected ($2)



PokerStars Hand #254246874433:  Hold'em No Limit ($0.50/$1.00 USD) - 2025/01/07 16:41:52 WET [2025/01/07 11:41:52 ET]
Table 'Octavia II' 6-max Seat #6 is the button
Seat 3: Christianzt1 ($100 in chips) is sitting out
Seat 1: blistein ($100 in chips) 
Seat 2: Nicedaymybro ($142.36 in chips) 
Seat 4: YeeesMan ($341.21 in chips) 
Seat 5: TheBigA86 ($38.90 in chips) 
Seat 6: Alinyr ($101 in chips) 
blistein: posts small blind $0.50
Nicedaymybro: posts big blind $1
Christianzt1: sits out 
*** HOLE CARDS ***
YeeesMan: raises $1.50 to $2.50
TheBigA86: folds 
Alinyr: folds 
blistein: folds 
Nicedaymybro: calls $1.50
*** FLOP *** [8c 2h 7d]
Nicedaymybro: checks 
YeeesMan: checks 
*** TURN *** [8c 2h 7d] [Js]
Nicedaymybro: checks 
YeeesMan: checks 
*** RIVER *** [8c 2h 7d Js] [4c]
Nicedaymybro: checks 
YeeesMan: checks 
*** SHOW DOWN ***
Nicedaymybro: shows [3s 3c] (a pair of Threes)
YeeesMan: shows [6h 7h] (a pair of Sevens)
YeeesMan collected $5.22 from pot
*** SUMMARY ***
Total pot $5.50 | Rake $0.28 
Board [8c 2h 7d Js 4c]
Seat 3: Christianzt1
Seat 1: blistein (small blind) folded before Flop
Seat 2: Nicedaymybro (big blind) showed [3s 3c] and lost with a pair of Threes
Seat 4: YeeesMan showed [6h 7h] and won ($5.22) with a pair of Sevens
Seat 5: TheBigA86 folded before Flop (didn't bet)
Seat 6: Alinyr (button) folded before Flop (didn't bet)



PokerStars Hand #254246889859:  Hold'em No Limit ($0.50/$1.00 USD) - 2025/01/07 16:42:57 WET [2025/01/07 11:42:57 ET]
Table 'Octavia II' 6-max Seat #1 is the button
Seat 1: blistein ($100 in chips) 
Seat 2: Nicedaymybro ($139.86 in chips) 
Seat 3: Christianzt1 ($100 in chips) 
Seat 4: YeeesMan ($343.93 in chips) 
Seat 5: TheBigA86 ($38.90 in chips) 
Seat 6: Alinyr ($101 in chips) 
Nicedaymybro: posts small blind $0.50
Christianzt1: posts big blind $1
*** HOLE CARDS ***
YeeesMan: folds 
TheBigA86: folds 
Alinyr: folds 
blistein: folds 
Nicedaymybro: raises $2 to $3
Christianzt1: folds 
Uncalled bet ($2) returned to Nicedaymybro
Nicedaymybro collected $2 from pot
Nicedaymybro: doesn't show hand 
*** SUMMARY ***
Total pot $2 | Rake $0 
Seat 1: blistein (button) folded before Flop (didn't bet)
Seat 2: Nicedaymybro (small blind) collected ($2)
Seat 3: Christianzt1 (big blind) folded before Flop
Seat 4: YeeesMan folded before Flop (didn't bet)
Seat 5: TheBigA86 folded before Flop (didn't bet)
Seat 6: Alinyr folded before Flop (didn't bet)



PokerStars Hand #254246895886:  Hold'em No Limit ($0.50/$1.00 USD) - 2025/01/07 16:43:22 WET [2025/01/07 11:43:22 ET]
Table 'Octavia II' 6-max Seat #2 is the button
Seat 4: YeeesMan ($343.93 in chips) is sitting out
Seat 1: blistein ($100 in chips) 
Seat 2: Nicedaymybro ($140.86 in chips) 
Seat 3: Christianzt1 ($100 in chips) 
Seat 5: TheBigA86 ($38.90 in chips) 
Seat 6: Alinyr ($101 in chips) 
Christianzt1: posts small blind $0.50
YeeesMan: is sitting out 
TheBigA86: posts big blind $1
*** HOLE CARDS ***
YeeesMan leaves the table
Alinyr: folds 
blistein: folds 
Nicedaymybro: raises $1.50 to $2.50
Christianzt1: folds 
TheBigA86: calls $1.50
*** FLOP *** [6c 9h Ad]
3aekTpeBoMaH joins the table at seat #4 
TheBigA86: bets $5.22
Nicedaymybro: folds 
Uncalled bet ($5.22) returned to TheBigA86
TheBigA86 collected $5.22 from pot
*** SUMMARY ***
Total pot $5.50 | Rake $0.28 
Board [6c 9h Ad]
Seat 4: YeeesMan
Seat 1: blistein folded before Flop (didn't bet)
Seat 2: Nicedaymybro (button) folded on the Flop
Seat 3: Christianzt1 (small blind) folded before Flop
Seat 5: TheBigA86 (big blind) collected ($5.22)
Seat 6: Alinyr folded before Flop (didn't bet)



PokerStars Hand #254246904007:  Hold'em No Limit ($0.50/$1.00 USD) - 2025/01/07 16:43:56 WET [2025/01/07 11:43:56 ET]
Table 'Octavia II' 6-max Seat #3 is the button
Seat 4: 3aekTpeBoMaH ($37.24 in chips) is sitting out
Seat 1: blistein ($100 in chips) 
Seat 2: Nicedaymybro ($138.36 in chips) 
Seat 3: Christianzt1 ($100 in chips) 
Seat 5: TheBigA86 ($41.62 in chips) 
Seat 6: Alinyr ($101 in chips) 
TheBigA86: posts small blind $0.50
Alinyr: posts big blind $1
*** HOLE CARDS ***
blistein: folds 
Nicedaymybro: folds 
Christianzt1: folds 
TheBigA86: raises $2 to $3
Alinyr: calls $2
*** FLOP *** [5s Qd Ah]
TheBigA86: bets $2.85
Alinyr: calls $2.85
*** TURN *** [5s Qd Ah] [7d]
TheBigA86: checks 
Alinyr: bets $5.67
TheBigA86: calls $5.67
*** RIVER *** [5s Qd Ah 7d] [3d]
TheBigA86: bets $10.95
Alinyr: calls $10.95
*** SHOW DOWN ***
TheBigA86: shows [Ts Ad] (a pair of Aces)
Alinyr: mucks hand 
TheBigA86 collected $42.69 from pot
*** SUMMARY ***
Total pot $44.94 | Rake $2.25 
Board [5s Qd Ah 7d 3d]
Seat 4: 3aekTpeBoMaH
Seat 1: blistein folded before Flop (didn't bet)
Seat 2: Nicedaymybro folded before Flop (didn't bet)
Seat 3: Christianzt1 (button) folded before Flop (didn't bet)
Seat 5: TheBigA86 (small blind) showed [Ts Ad] and won ($42.69) with a pair of Aces
Seat 6: Alinyr (big blind) mucked



PokerStars Hand #254246922302:  Hold'em No Limit ($0.50/$1.00 USD) - 2025/01/07 16:45:12 WET [2025/01/07 11:45:12 ET]
Table 'Octavia II' 6-max Seat #5 is the button
Seat 4: 3aekTpeBoMaH ($37.24 in chips) is sitting out
Seat 1: blistein ($100 in chips) 
Seat 2: Nicedaymybro ($138.36 in chips) 
Seat 3: Christianzt1 ($100 in chips) 
Seat 5: TheBigA86 ($61.84 in chips) 
Seat 6: Alinyr ($100 in chips) 
Alinyr: posts small blind $0.50
blistein: posts big blind $1
3aekTpeBoMaH: sits out 
*** HOLE CARDS ***
Nicedaymybro: folds 
Christianzt1: folds 
TheBigA86: raises $2 to $3
Alinyr: folds 
blistein: calls $2
*** FLOP *** [Kc 7s 4d]
blistein: checks 
TheBigA86: bets $6.18
blistein: calls $6.18
*** TURN *** [Kc 7s 4d] [8h]
blistein: checks 
TheBigA86: checks 
*** RIVER *** [Kc 7s 4d 8h] [5d]
blistein: bets $22.40
TheBigA86: folds 
Uncalled bet ($22.40) returned to blistein
blistein collected $17.92 from pot
blistein: doesn't show hand 
*** SUMMARY ***
Total pot $18.86 | Rake $0.94 
Board [Kc 7s 4d 8h 5d]
Seat 4: 3aekTpeBoMaH
Seat 1: blistein (big blind) collected ($17.92)
Seat 2: Nicedaymybro folded before Flop (didn't bet)
Seat 3: Christianzt1 folded before Flop (didn't bet)
Seat 5: TheBigA86 (button) folded on the River
Seat 6: Alinyr (small blind) folded before Flop



PokerStars Hand #254246939620:  Hold'em No Limit ($0.50/$1.00 USD) - 2025/01/07 16:46:26 WET [2025/01/07 11:46:26 ET]
Table 'Octavia II' 6-max Seat #6 is the button
Seat 4: 3aekTpeBoMaH ($37.24 in chips) is sitting out
Seat 1: blistein ($108.74 in chips) 
Seat 2: Nicedaymybro ($138.36 in chips) 
Seat 3: Christianzt1 ($100 in chips) 
Seat 5: TheBigA86 ($52.66 in chips) 
Seat 6: Alinyr ($100 in chips) 
blistein: posts small blind $0.50
Nicedaymybro: posts big blind $1
3aekTpeBoMaH: sits out 
*** HOLE CARDS ***
Christianzt1: folds 
TheBigA86: raises $2 to $3
Alinyr: raises $5 to $8
blistein: folds 
Nicedaymybro: folds 
TheBigA86: calls $5
*** FLOP *** [Jc 4d 3h]
TheBigA86: checks 
Alinyr: bets $5.48
TheBigA86: folds 
Uncalled bet ($5.48) returned to Alinyr
Alinyr collected $16.62 from pot
Alinyr: doesn't show hand 
*** SUMMARY ***
Total pot $17.50 | Rake $0.88 
Board [Jc 4d 3h]
Seat 4: 3aekTpeBoMaH
Seat 1: blistein (small blind) folded before Flop
Seat 2: Nicedaymybro (big blind) folded before Flop
Seat 3: Christianzt1 folded before Flop (didn't bet)
Seat 5: TheBigA86 folded on the Flop
Seat 6: Alinyr (button) collected ($16.62)



PokerStars Hand #254246953631:  Hold'em No Limit ($0.50/$1.00 USD) - 2025/01/07 16:47:24 WET [2025/01/07 11:47:24 ET]
Table 'Octavia II' 6-max Seat #1 is the button
Seat 4: 3aekTpeBoMaH ($37.24 in chips) is sitting out
Seat 1: blistein ($108.24 in chips) 
Seat 2: Nicedaymybro ($137.36 in chips) 
Seat 3: Christianzt1 ($100 in chips) 
Seat 5: TheBigA86 ($44.66 in chips) 
Seat 6: Alinyr ($108.62 in chips) 
Nicedaymybro: posts small blind $0.50
Christianzt1: posts big blind $1
3aekTpeBoMaH: sits out 
*** HOLE CARDS ***
TheBigA86: folds 
Alinyr: folds 
blistein: raises $1.50 to $2.50
Nicedaymybro: folds 
Christianzt1: raises $9.50 to $12
blistein: folds 
Uncalled bet ($9.50) returned to Christianzt1
Christianzt1 collected $5.50 from pot
*** SUMMARY ***
Total pot $5.50 | Rake $0 
Seat 4: 3aekTpeBoMaH
Seat 1: blistein (button) folded before Flop
Seat 2: Nicedaymybro (small blind) folded before Flop
Seat 3: Christianzt1 (big blind) collected ($5.50)
Seat 5: TheBigA86 folded before Flop (didn't bet)
Seat 6: Alinyr folded before Flop (didn't bet)



PokerStars Hand #254246959928:  Hold'em No Limit ($0.50/$1.00 USD) - 2025/01/07 16:47:51 WET [2025/01/07 11:47:51 ET]
Table 'Octavia II' 6-max Seat #2 is the button
Seat 1: blistein ($105.74 in chips) 
Seat 2: Nicedaymybro ($136.86 in chips) 
Seat 3: Christianzt1 ($103 in chips) 
Seat 4: 3aekTpeBoMaH ($37.24 in chips) 
Seat 5: TheBigA86 ($44.66 in chips) 
Seat 6: Alinyr ($108.62 in chips) 
Christianzt1: posts small blind $0.50
3aekTpeBoMaH: posts big blind $1
*** HOLE CARDS ***
TheBigA86: folds 
Alinyr: folds 
blistein: folds 
Nicedaymybro: raises $1.50 to $2.50
Christianzt1: folds 
3aekTpeBoMaH: folds 
Uncalled bet ($1.50) returned to Nicedaymybro
Nicedaymybro collected $2.50 from pot
Nicedaymybro: doesn't show hand 
*** SUMMARY ***
Total pot $2.50 | Rake $0 
Seat 1: blistein folded before Flop (didn't bet)
Seat 2: Nicedaymybro (button) collected ($2.50)
Seat 3: Christianzt1 (small blind) folded before Flop
Seat 4: 3aekTpeBoMaH (big blind) folded before Flop
Seat 5: TheBigA86 folded before Flop (didn't bet)
Seat 6: Alinyr folded before Flop (didn't bet)



PokerStars Hand #254246964608:  Hold'em No Limit ($0.50/$1.00 USD) - 2025/01/07 16:48:11 WET [2025/01/07 11:48:11 ET]
Table 'Octavia II' 6-max Seat #3 is the button
Seat 1: blistein ($105.74 in chips) 
Seat 2: Nicedaymybro ($138.36 in chips) 
Seat 3: Christianzt1 ($102.50 in chips) 
Seat 4: 3aekTpeBoMaH ($36.24 in chips) 
Seat 5: TheBigA86 ($44.66 in chips) 
Seat 6: Alinyr ($108.62 in chips) 
3aekTpeBoMaH: posts small blind $0.50
TheBigA86: posts big blind $1
*** HOLE CARDS ***
Alinyr: folds 
blistein: raises $1.20 to $2.20
Nicedaymybro: folds 
Christianzt1: folds 
3aekTpeBoMaH: calls $1.70
TheBigA86: calls $1.20
*** FLOP *** [5h Kd 6h]
3aekTpeBoMaH: checks 
TheBigA86: checks 
blistein: bets $2
3aekTpeBoMaH: raises $4 to $6
TheBigA86: folds 
blistein: calls $4
*** TURN *** [5h Kd 6h] [Th]
3aekTpeBoMaH: checks 
blistein: checks 
*** RIVER *** [5h Kd 6h Th] [8s]
3aekTpeBoMaH: bets $14.84
blistein: folds 
Uncalled bet ($14.84) returned to 3aekTpeBoMaH
3aekTpeBoMaH collected $17.67 from pot
3aekTpeBoMaH: doesn't show hand 
*** SUMMARY ***
Total pot $18.60 | Rake $0.93 
Board [5h Kd 6h Th 8s]
Seat 1: blistein folded on the River
Seat 2: Nicedaymybro folded before Flop (didn't bet)
Seat 3: Christianzt1 (button) folded before Flop (didn't bet)
Seat 4: 3aekTpeBoMaH (small blind) collected ($17.67)
Seat 5: TheBigA86 (big blind) folded on the Flop
Seat 6: Alinyr folded before Flop (didn't bet)



PokerStars Hand #254246985903:  Hold'em No Limit ($0.50/$1.00 USD) - 2025/01/07 16:49:39 WET [2025/01/07 11:49:39 ET]
Table 'Octavia II' 6-max Seat #4 is the button
Seat 1: blistein ($100 in chips) 
Seat 2: Nicedaymybro ($138.36 in chips) 
Seat 3: Christianzt1 ($102.50 in chips) 
Seat 4: 3aekTpeBoMaH ($45.71 in chips) 
Seat 5: TheBigA86 ($42.46 in chips) 
Seat 6: Alinyr ($108.62 in chips) 
TheBigA86: posts small blind $0.50
Alinyr: posts big blind $1
*** HOLE CARDS ***
blistein: folds 
Nicedaymybro: raises $1.50 to $2.50
Christianzt1: folds 
3aekTpeBoMaH: folds 
TheBigA86: calls $2
Alinyr: folds 
*** FLOP *** [Ah 7d 7c]
TheBigA86: checks 
Nicedaymybro: bets $1.88
TheBigA86: calls $1.88
*** TURN *** [Ah 7d 7c] [Qd]
TheBigA86: checks 
Nicedaymybro: checks 
*** RIVER *** [Ah 7d 7c Qd] [2c]
TheBigA86: bets $9.27
Nicedaymybro: folds 
Uncalled bet ($9.27) returned to TheBigA86
TheBigA86 collected $9.27 from pot
*** SUMMARY ***
Total pot $9.76 | Rake $0.49 
Board [Ah 7d 7c Qd 2c]
Seat 1: blistein folded before Flop (didn't bet)
Seat 2: Nicedaymybro folded on the River
Seat 3: Christianzt1 folded before Flop (didn't bet)
Seat 4: 3aekTpeBoMaH (button) folded before Flop (didn't bet)
Seat 5: TheBigA86 (small blind) collected ($9.27)
Seat 6: Alinyr (big blind) folded before Flop



PokerStars Hand #254247003381:  Hold'em No Limit ($0.50/$1.00 USD) - 2025/01/07 16:50:52 WET [2025/01/07 11:50:52 ET]
Table 'Octavia II' 6-max Seat #5 is the button
Seat 1: blistein ($100 in chips) 
Seat 2: Nicedaymybro ($133.98 in chips) 
Seat 3: Christianzt1 ($102.50 in chips) 
Seat 4: 3aekTpeBoMaH ($45.71 in chips) 
Seat 5: TheBigA86 ($47.35 in chips) 
Seat 6: Alinyr ($107.62 in chips) 
Alinyr: posts small blind $0.50
blistein: posts big blind $1
*** HOLE CARDS ***
Nicedaymybro: folds 
Christianzt1: folds 
3aekTpeBoMaH: calls $1
TheBigA86: folds 
Alinyr: folds 
blistein: checks 
*** FLOP *** [Ts 3d 9s]
blistein: checks 
3aekTpeBoMaH: bets $1
blistein: folds 
Uncalled bet ($1) returned to 3aekTpeBoMaH
3aekTpeBoMaH collected $2.38 from pot
3aekTpeBoMaH: doesn't show hand 
*** SUMMARY ***
Total pot $2.50 | Rake $0.12 
Board [Ts 3d 9s]
Seat 1: blistein (big blind) folded on the Flop
Seat 2: Nicedaymybro folded before Flop (didn't bet)
Seat 3: Christianzt1 folded before Flop (didn't bet)
Seat 4: 3aekTpeBoMaH collected ($2.38)
Seat 5: TheBigA86 (button) folded before Flop (didn't bet)
Seat 6: Alinyr (small blind) folded before Flop



PokerStars Hand #254247016090:  Hold'em No Limit ($0.50/$1.00 USD) - 2025/01/07 16:51:45 WET [2025/01/07 11:51:45 ET]
Table 'Octavia II' 6-max Seat #6 is the button
Seat 1: blistein ($100 in chips) 
Seat 2: Nicedaymybro ($133.98 in chips) 
Seat 3: Christianzt1 ($102.50 in chips) 
Seat 4: 3aekTpeBoMaH ($47.09 in chips) 
Seat 5: TheBigA86 ($47.35 in chips) 
Seat 6: Alinyr ($107.12 in chips) 
blistein: posts small blind $0.50
Nicedaymybro: posts big blind $1
*** HOLE CARDS ***
Christianzt1: raises $1.40 to $2.40
3aekTpeBoMaH: folds 
TheBigA86: raises $1.40 to $3.80
Alinyr: folds 
blistein: folds 
Nicedaymybro: folds 
Christianzt1: calls $1.40
*** FLOP *** [6s Kc 3s]
Christianzt1: checks 
TheBigA86: checks 
*** TURN *** [6s Kc 3s] [Ad]
Christianzt1: checks 
TheBigA86: checks 
*** RIVER *** [6s Kc 3s Ad] [2c]
Christianzt1: bets $1
TheBigA86: folds 
Uncalled bet ($1) returned to Christianzt1
Christianzt1 collected $8.64 from pot
*** SUMMARY ***
Total pot $9.10 | Rake $0.46 
Board [6s Kc 3s Ad 2c]
Seat 1: blistein (small blind) folded before Flop
Seat 2: Nicedaymybro (big blind) folded before Flop
Seat 3: Christianzt1 collected ($8.64)
Seat 4: 3aekTpeBoMaH folded before Flop (didn't bet)
Seat 5: TheBigA86 folded on the River
Seat 6: Alinyr (button) folded before Flop (didn't bet)



PokerStars Hand #254247030581:  Hold'em No Limit ($0.50/$1.00 USD) - 2025/01/07 16:52:45 WET [2025/01/07 11:52:45 ET]
Table 'Octavia II' 6-max Seat #1 is the button
Seat 1: blistein ($100 in chips) 
Seat 2: Nicedaymybro ($132.98 in chips) 
Seat 3: Christianzt1 ($107.34 in chips) 
Seat 4: 3aekTpeBoMaH ($47.09 in chips) 
Seat 5: TheBigA86 ($43.55 in chips) 
Seat 6: Alinyr ($107.12 in chips) 
Nicedaymybro: posts small blind $0.50
Christianzt1: posts big blind $1
*** HOLE CARDS ***
3aekTpeBoMaH: folds 
TheBigA86: raises $2.50 to $3.50
Alinyr: folds 
blistein: folds 
Nicedaymybro: folds 
Christianzt1: folds 
Uncalled bet ($2.50) returned to TheBigA86
TheBigA86 collected $2.50 from pot
*** SUMMARY ***
Total pot $2.50 | Rake $0 
Seat 1: blistein (button) folded before Flop (didn't bet)
Seat 2: Nicedaymybro (small blind) folded before Flop
Seat 3: Christianzt1 (big blind) folded before Flop
Seat 4: 3aekTpeBoMaH folded before Flop (didn't bet)
Seat 5: TheBigA86 collected ($2.50)
Seat 6: Alinyr folded before Flop (didn't bet)



PokerStars Hand #254247035028:  Hold'em No Limit ($0.50/$1.00 USD) - 2025/01/07 16:53:03 WET [2025/01/07 11:53:03 ET]
Table 'Octavia II' 6-max Seat #2 is the button
Seat 1: blistein ($100 in chips) 
Seat 2: Nicedaymybro ($132.48 in chips) 
Seat 3: Christianzt1 ($106.34 in chips) 
Seat 4: 3aekTpeBoMaH ($47.09 in chips) 
Seat 5: TheBigA86 ($45.05 in chips) 
Seat 6: Alinyr ($107.12 in chips) 
Christianzt1: posts small blind $0.50
3aekTpeBoMaH: posts big blind $1
*** HOLE CARDS ***
TheBigA86: raises $1 to $2
Alinyr: folds 
blistein: folds 
Nicedaymybro: raises $5 to $7
Christianzt1: folds 
3aekTpeBoMaH: folds 
TheBigA86: raises $38.05 to $45.05 and is all-in
Nicedaymybro: calls $38.05
TheBigA86 has timed out
*** FLOP *** [9d 6s 8s]
*** TURN *** [9d 6s 8s] [Tc]
*** RIVER *** [9d 6s 8s Tc] [3d]
*** SHOW DOWN ***
TheBigA86: shows [2s 2c] (a pair of Deuces)
Nicedaymybro: shows [Ah Ks] (high card Ace)
TheBigA86 collected $89.10 from pot
*** SUMMARY ***
Total pot $91.60 | Rake $2.50 
Board [9d 6s 8s Tc 3d]
Seat 1: blistein folded before Flop (didn't bet)
Seat 2: Nicedaymybro (button) showed [Ah Ks] and lost with high card Ace
Seat 3: Christianzt1 (small blind) folded before Flop
Seat 4: 3aekTpeBoMaH (big blind) folded before Flop
Seat 5: TheBigA86 showed [2s 2c] and won ($89.10) with a pair of Deuces
Seat 6: Alinyr folded before Flop (didn't bet)



PokerStars Hand #254247047173:  Hold'em No Limit ($0.50/$1.00 USD) - 2025/01/07 16:53:54 WET [2025/01/07 11:53:54 ET]
Table 'Octavia II' 6-max Seat #3 is the button
Seat 1: blistein ($100 in chips) 
Seat 2: Nicedaymybro ($100 in chips) 
Seat 3: Christianzt1 ($105.84 in chips) 
Seat 4: 3aekTpeBoMaH ($46.09 in chips) 
Seat 5: TheBigA86 ($89.10 in chips) 
Seat 6: Alinyr ($107.12 in chips) 
3aekTpeBoMaH: posts small blind $0.50
TheBigA86: posts big blind $1
*** HOLE CARDS ***
Alinyr: folds 
blistein: folds 
Nicedaymybro: raises $1.50 to $2.50
Christianzt1: folds 
3aekTpeBoMaH: folds 
TheBigA86: folds 
Uncalled bet ($1.50) returned to Nicedaymybro
Nicedaymybro collected $2.50 from pot
Nicedaymybro: doesn't show hand 
*** SUMMARY ***
Total pot $2.50 | Rake $0 
Seat 1: blistein folded before Flop (didn't bet)
Seat 2: Nicedaymybro collected ($2.50)
Seat 3: Christianzt1 (button) folded before Flop (didn't bet)
Seat 4: 3aekTpeBoMaH (small blind) folded before Flop
Seat 5: TheBigA86 (big blind) folded before Flop
Seat 6: Alinyr folded before Flop (didn't bet)



PokerStars Hand #254247051270:  Hold'em No Limit ($0.50/$1.00 USD) - 2025/01/07 16:54:11 WET [2025/01/07 11:54:11 ET]
Table 'Octavia II' 6-max Seat #4 is the button
Seat 1: blistein ($100 in chips) 
Seat 2: Nicedaymybro ($101.50 in chips) 
Seat 3: Christianzt1 ($105.84 in chips) 
Seat 4: 3aekTpeBoMaH ($45.59 in chips) 
Seat 5: TheBigA86 ($88.10 in chips) 
Seat 6: Alinyr ($107.12 in chips) 
TheBigA86: posts small blind $0.50
Alinyr: posts big blind $1
*** HOLE CARDS ***
blistein: folds 
Nicedaymybro: raises $1.50 to $2.50
Christianzt1: folds 
3aekTpeBoMaH: folds 
TheBigA86: calls $2
Alinyr: folds 
*** FLOP *** [7s Th 5d]
TheBigA86: checks 
Nicedaymybro: bets $2.28
TheBigA86: folds 
Uncalled bet ($2.28) returned to Nicedaymybro
Nicedaymybro collected $5.70 from pot
Nicedaymybro: doesn't show hand 
*** SUMMARY ***
Total pot $6 | Rake $0.30 
Board [7s Th 5d]
Seat 1: blistein folded before Flop (didn't bet)
Seat 2: Nicedaymybro collected ($5.70)
Seat 3: Christianzt1 folded before Flop (didn't bet)
Seat 4: 3aekTpeBoMaH (button) folded before Flop (didn't bet)
Seat 5: TheBigA86 (small blind) folded on the Flop
Seat 6: Alinyr (big blind) folded before Flop



PokerStars Hand #254247059141:  Hold'em No Limit ($0.50/$1.00 USD) - 2025/01/07 16:54:43 WET [2025/01/07 11:54:43 ET]
Table 'Octavia II' 6-max Seat #5 is the button
Seat 1: blistein ($100 in chips) 
Seat 2: Nicedaymybro ($104.70 in chips) 
Seat 3: Christianzt1 ($105.84 in chips) 
Seat 4: 3aekTpeBoMaH ($45.59 in chips) 
Seat 5: TheBigA86 ($85.60 in chips) 
Seat 6: Alinyr ($106.12 in chips) 
Alinyr: posts small blind $0.50
blistein: posts big blind $1
*** HOLE CARDS ***
Nicedaymybro: folds 
Christianzt1: folds 
3aekTpeBoMaH: folds 
TheBigA86: raises $2 to $3
Alinyr: folds 
blistein: folds 
Uncalled bet ($2) returned to TheBigA86
TheBigA86 collected $2.50 from pot
*** SUMMARY ***
Total pot $2.50 | Rake $0 
Seat 1: blistein (big blind) folded before Flop
Seat 2: Nicedaymybro folded before Flop (didn't bet)
Seat 3: Christianzt1 folded before Flop (didn't bet)
Seat 4: 3aekTpeBoMaH folded before Flop (didn't bet)
Seat 5: TheBigA86 (button) collected ($2.50)
Seat 6: Alinyr (small blind) folded before Flop



PokerStars Hand #254247064146:  Hold'em No Limit ($0.50/$1.00 USD) - 2025/01/07 16:55:04 WET [2025/01/07 11:55:04 ET]
Table 'Octavia II' 6-max Seat #6 is the button
Seat 1: blistein ($100 in chips) 
Seat 2: Nicedaymybro ($104.70 in chips) 
Seat 3: Christianzt1 ($105.84 in chips) 
Seat 4: 3aekTpeBoMaH ($45.59 in chips) 
Seat 5: TheBigA86 ($87.10 in chips) 
Seat 6: Alinyr ($105.62 in chips) 
blistein: posts small blind $0.50
Nicedaymybro: posts big blind $1
*** HOLE CARDS ***
Christianzt1: folds 
3aekTpeBoMaH: folds 
TheBigA86: raises $2 to $3
Alinyr: folds 
blistein: folds 
Nicedaymybro: raises $8 to $11
TheBigA86: folds 
Uncalled bet ($8) returned to Nicedaymybro
Nicedaymybro collected $6.50 from pot
Nicedaymybro: doesn't show hand 
*** SUMMARY ***
Total pot $6.50 | Rake $0 
Seat 1: blistein (small blind) folded before Flop
Seat 2: Nicedaymybro (big blind) collected ($6.50)
Seat 3: Christianzt1 folded before Flop (didn't bet)
Seat 4: 3aekTpeBoMaH folded before Flop (didn't bet)
Seat 5: TheBigA86 folded before Flop
Seat 6: Alinyr (button) folded before Flop (didn't bet)



PokerStars Hand #254247069236:  Hold'em No Limit ($0.50/$1.00 USD) - 2025/01/07 16:55:30 WET [2025/01/07 11:55:30 ET]
Table 'Octavia II' 6-max Seat #1 is the button
Seat 1: blistein ($100 in chips) 
Seat 2: Nicedaymybro ($108.20 in chips) 
Seat 3: Christianzt1 ($105.84 in chips) 
Seat 4: 3aekTpeBoMaH ($45.59 in chips) 
Seat 5: TheBigA86 ($84.10 in chips) 
Seat 6: Alinyr ($105.62 in chips) 
Nicedaymybro: posts small blind $0.50
Christianzt1: posts big blind $1
*** HOLE CARDS ***
3aekTpeBoMaH: folds 
TheBigA86: folds 
Alinyr: raises $1.28 to $2.28
blistein: raises $5.22 to $7.50
Nicedaymybro: folds 
Christianzt1: folds 
Alinyr: calls $5.22
*** FLOP *** [5c Jh 5d]
Alinyr: checks 
blistein: bets $3.92
Alinyr: calls $3.92
*** TURN *** [5c Jh 5d] [7s]
Alinyr: checks 
blistein: bets $17.34
Alinyr: folds 
Uncalled bet ($17.34) returned to blistein
blistein collected $23.12 from pot
blistein: doesn't show hand 
*** SUMMARY ***
Total pot $24.34 | Rake $1.22 
Board [5c Jh 5d 7s]
Seat 1: blistein (button) collected ($23.12)
Seat 2: Nicedaymybro (small blind) folded before Flop
Seat 3: Christianzt1 (big blind) folded before Flop
Seat 4: 3aekTpeBoMaH folded before Flop (didn't bet)
Seat 5: TheBigA86 folded before Flop (didn't bet)
Seat 6: Alinyr folded on the Turn



PokerStars Hand #254247084213:  Hold'em No Limit ($0.50/$1.00 USD) - 2025/01/07 16:56:51 WET [2025/01/07 11:56:51 ET]
Table 'Octavia II' 6-max Seat #2 is the button
Seat 1: blistein ($111.70 in chips) 
Seat 2: Nicedaymybro ($107.70 in chips) 
Seat 3: Christianzt1 ($104.84 in chips) 
Seat 4: 3aekTpeBoMaH ($45.59 in chips) 
Seat 5: TheBigA86 ($84.10 in chips) 
Seat 6: Alinyr ($100 in chips) 
Christianzt1: posts small blind $0.50
3aekTpeBoMaH: posts big blind $1
*** HOLE CARDS ***
TheBigA86: folds 
Alinyr: raises $1.05 to $2.05
blistein: folds 
Nicedaymybro: folds 
Christianzt1: folds 
3aekTpeBoMaH: calls $1.05
*** FLOP *** [5h Qh Tc]
3aekTpeBoMaH: checks 
Alinyr: bets $1.44
3aekTpeBoMaH: calls $1.44
*** TURN *** [5h Qh Tc] [As]
3aekTpeBoMaH: checks 
Alinyr: bets $7.18
3aekTpeBoMaH: folds 
Uncalled bet ($7.18) returned to Alinyr
Alinyr collected $7.11 from pot
Alinyr: doesn't show hand 
*** SUMMARY ***
Total pot $7.48 | Rake $0.37 
Board [5h Qh Tc As]
Seat 1: blistein folded before Flop (didn't bet)
Seat 2: Nicedaymybro (button) folded before Flop (didn't bet)
Seat 3: Christianzt1 (small blind) folded before Flop
Seat 4: 3aekTpeBoMaH (big blind) folded on the Turn
Seat 5: TheBigA86 folded before Flop (didn't bet)
Seat 6: Alinyr collected ($7.11)



PokerStars Hand #254247093030:  Hold'em No Limit ($0.50/$1.00 USD) - 2025/01/07 16:57:38 WET [2025/01/07 11:57:38 ET]
Table 'Octavia II' 6-max Seat #3 is the button
Seat 1: blistein ($111.70 in chips) 
Seat 2: Nicedaymybro ($107.70 in chips) 
Seat 3: Christianzt1 ($104.34 in chips) 
Seat 4: 3aekTpeBoMaH ($42.10 in chips) 
Seat 5: TheBigA86 ($84.10 in chips) 
Seat 6: Alinyr ($103.62 in chips) 
3aekTpeBoMaH: posts small blind $0.50
TheBigA86: posts big blind $1
*** HOLE CARDS ***
Alinyr: folds 
blistein: folds 
Nicedaymybro: folds 
Christianzt1: raises $1.40 to $2.40
3aekTpeBoMaH: folds 
TheBigA86: raises $1.40 to $3.80
Christianzt1: calls $1.40
*** FLOP *** [6d Qh 2d]
TheBigA86: bets $7.70
Christianzt1: calls $7.70
*** TURN *** [6d Qh 2d] [4c]
TheBigA86: checks 
Christianzt1: checks 
*** RIVER *** [6d Qh 2d 4c] [Js]
TheBigA86: checks 
Christianzt1: bets $22.32
TheBigA86: folds 
Uncalled bet ($22.32) returned to Christianzt1
Christianzt1 collected $22.32 from pot
*** SUMMARY ***
Total pot $23.50 | Rake $1.18 
Board [6d Qh 2d 4c Js]
Seat 1: blistein folded before Flop (didn't bet)
Seat 2: Nicedaymybro folded before Flop (didn't bet)
Seat 3: Christianzt1 (button) collected ($22.32)
Seat 4: 3aekTpeBoMaH (small blind) folded before Flop
Seat 5: TheBigA86 (big blind) folded on the River
Seat 6: Alinyr folded before Flop (didn't bet)



PokerStars Hand #254247105442:  Hold'em No Limit ($0.50/$1.00 USD) - 2025/01/07 16:58:44 WET [2025/01/07 11:58:44 ET]
Table 'Octavia II' 6-max Seat #4 is the button
Seat 1: blistein ($111.70 in chips) 
Seat 2: Nicedaymybro ($107.70 in chips) 
Seat 3: Christianzt1 ($115.16 in chips) 
Seat 4: 3aekTpeBoMaH ($41.60 in chips) 
Seat 5: TheBigA86 ($72.60 in chips) 
Seat 6: Alinyr ($103.62 in chips) 
TheBigA86: posts small blind $0.50
Alinyr: posts big blind $1
*** HOLE CARDS ***
blistein: folds 
Nicedaymybro: folds 
Christianzt1: folds 
3aekTpeBoMaH: folds 
TheBigA86: raises $1 to $2
Alinyr: raises $6 to $8
TheBigA86: raises $16 to $24
Alinyr: raises $79.62 to $103.62 and is all-in
TheBigA86: folds 
Uncalled bet ($79.62) returned to Alinyr
Alinyr collected $48 from pot
Alinyr: doesn't show hand 
*** SUMMARY ***
Total pot $48 | Rake $0 
Seat 1: blistein folded before Flop (didn't bet)
Seat 2: Nicedaymybro folded before Flop (didn't bet)
Seat 3: Christianzt1 folded before Flop (didn't bet)
Seat 4: 3aekTpeBoMaH (button) folded before Flop (didn't bet)
Seat 5: TheBigA86 (small blind) folded before Flop
Seat 6: Alinyr (big blind) collected ($48)



PokerStars Hand #254247117630:  Hold'em No Limit ($0.50/$1.00 USD) - 2025/01/07 16:59:49 WET [2025/01/07 11:59:49 ET]
Table 'Octavia II' 6-max Seat #5 is the button
Seat 1: blistein ($111.70 in chips) 
Seat 2: Nicedaymybro ($107.70 in chips) 
Seat 3: Christianzt1 ($115.16 in chips) 
Seat 4: 3aekTpeBoMaH ($41.60 in chips) 
Seat 5: TheBigA86 ($48.60 in chips) 
Seat 6: Alinyr ($127.62 in chips) 
Alinyr: posts small blind $0.50
blistein: posts big blind $1
*** HOLE CARDS ***
Nicedaymybro: folds 
Christianzt1: folds 
3aekTpeBoMaH: folds 
TheBigA86: raises $2.50 to $3.50
Alinyr: folds 
blistein: folds 
Uncalled bet ($2.50) returned to TheBigA86
TheBigA86 collected $2.50 from pot
*** SUMMARY ***
Total pot $2.50 | Rake $0 
Seat 1: blistein (big blind) folded before Flop
Seat 2: Nicedaymybro folded before Flop (didn't bet)
Seat 3: Christianzt1 folded before Flop (didn't bet)
Seat 4: 3aekTpeBoMaH folded before Flop (didn't bet)
Seat 5: TheBigA86 (button) collected ($2.50)
Seat 6: Alinyr (small blind) folded before Flop



PokerStars Hand #254247121321:  Hold'em No Limit ($0.50/$1.00 USD) - 2025/01/07 17:00:09 WET [2025/01/07 12:00:09 ET]
Table 'Octavia II' 6-max Seat #6 is the button
Seat 1: blistein ($110.70 in chips) 
Seat 2: Nicedaymybro ($107.70 in chips) 
Seat 3: Christianzt1 ($115.16 in chips) 
Seat 4: 3aekTpeBoMaH ($41.60 in chips) 
Seat 5: TheBigA86 ($50.10 in chips) 
Seat 6: Alinyr ($127.12 in chips) 
blistein: posts small blind $0.50
Nicedaymybro: posts big blind $1
*** HOLE CARDS ***
Christianzt1: folds 
3aekTpeBoMaH: calls $1
TheBigA86: raises $1 to $2
Alinyr: folds 
blistein: raises $8 to $10
Nicedaymybro: folds 
3aekTpeBoMaH: folds 
TheBigA86: folds 
Uncalled bet ($8) returned to blistein
blistein collected $6 from pot
blistein: doesn't show hand 
*** SUMMARY ***
Total pot $6 | Rake $0 
Seat 1: blistein (small blind) collected ($6)
Seat 2: Nicedaymybro (big blind) folded before Flop
Seat 3: Christianzt1 folded before Flop (didn't bet)
Seat 4: 3aekTpeBoMaH folded before Flop
Seat 5: TheBigA86 folded before Flop
Seat 6: Alinyr (button) folded before Flop (didn't bet)



PokerStars Hand #254247132619:  Hold'em No Limit ($0.50/$1.00 USD) - 2025/01/07 17:01:05 WET [2025/01/07 12:01:05 ET]
Table 'Octavia II' 6-max Seat #1 is the button
Seat 1: blistein ($114.70 in chips) 
Seat 2: Nicedaymybro ($106.70 in chips) 
Seat 3: Christianzt1 ($115.16 in chips) 
Seat 4: 3aekTpeBoMaH ($40.60 in chips) 
Seat 5: TheBigA86 ($48.10 in chips) 
Seat 6: Alinyr ($127.12 in chips) 
Nicedaymybro: posts small blind $0.50
Christianzt1: posts big blind $1
*** HOLE CARDS ***
3aekTpeBoMaH: calls $1
TheBigA86: raises $1 to $2
Alinyr: folds 
blistein: folds 
Nicedaymybro: folds 
Christianzt1: folds 
3aekTpeBoMaH: raises $5 to $7
TheBigA86: calls $5
*** FLOP *** [9c As 5h]
3aekTpeBoMaH: bets $7
TheBigA86: calls $7
*** TURN *** [9c As 5h] [3d]
3aekTpeBoMaH: bets $12
TheBigA86: raises $22.10 to $34.10 and is all-in
3aekTpeBoMaH: calls $14.60 and is all-in
Uncalled bet ($7.50) returned to TheBigA86
*** RIVER *** [9c As 5h 3d] [Ah]
*** SHOW DOWN ***
3aekTpeBoMaH: shows [9h 9s] (a full house, Nines full of Aces)
TheBigA86: shows [Ac 6h] (three of a kind, Aces)
3aekTpeBoMaH collected $80.20 from pot
*** SUMMARY ***
Total pot $82.70 | Rake $2.50 
Board [9c As 5h 3d Ah]
Seat 1: blistein (button) folded before Flop (didn't bet)
Seat 2: Nicedaymybro (small blind) folded before Flop
Seat 3: Christianzt1 (big blind) folded before Flop
Seat 4: 3aekTpeBoMaH showed [9h 9s] and won ($80.20) with a full house, Nines full of Aces
Seat 5: TheBigA86 showed [Ac 6h] and lost with three of a kind, Aces
Seat 6: Alinyr folded before Flop (didn't bet)



PokerStars Hand #254247144350:  Hold'em No Limit ($0.50/$1.00 USD) - 2025/01/07 17:01:57 WET [2025/01/07 12:01:57 ET]
Table 'Octavia II' 6-max Seat #2 is the button
Seat 1: blistein ($114.70 in chips) 
Seat 2: Nicedaymybro ($106.20 in chips) 
Seat 3: Christianzt1 ($114.16 in chips) 
Seat 4: 3aekTpeBoMaH ($80.20 in chips) 
Seat 5: TheBigA86 ($7.50 in chips) 
Seat 6: Alinyr ($127.12 in chips) 
Christianzt1: posts small blind $0.50
3aekTpeBoMaH: posts big blind $1
*** HOLE CARDS ***
TheBigA86: folds 
Alinyr: raises $1.05 to $2.05
blistein: raises $4.95 to $7
Nicedaymybro: folds 
Christianzt1: folds 
3aekTpeBoMaH: raises $16.55 to $23.55
Alinyr: folds 
blistein: raises $83.45 to $107
3aekTpeBoMaH: calls $56.65 and is all-in
Uncalled bet ($26.80) returned to blistein
*** FLOP *** [Qs Kd 2d]
*** TURN *** [Qs Kd 2d] [Jd]
*** RIVER *** [Qs Kd 2d Jd] [8s]
*** SHOW DOWN ***
3aekTpeBoMaH: shows [Ah Kc] (a pair of Kings)
blistein: shows [Ad Kh] (a pair of Kings)
3aekTpeBoMaH collected $80.23 from pot
blistein collected $80.22 from pot
*** SUMMARY ***
Total pot $162.95 | Rake $2.50 
Board [Qs Kd 2d Jd 8s]
Seat 1: blistein showed [Ad Kh] and won ($80.22) with a pair of Kings
Seat 2: Nicedaymybro (button) folded before Flop (didn't bet)
Seat 3: Christianzt1 (small blind) folded before Flop
Seat 4: 3aekTpeBoMaH (big blind) showed [Ah Kc] and won ($80.23) with a pair of Kings
Seat 5: TheBigA86 folded before Flop (didn't bet)
Seat 6: Alinyr folded before Flop



PokerStars Hand #254247155642:  Hold'em No Limit ($0.50/$1.00 USD) - 2025/01/07 17:02:47 WET [2025/01/07 12:02:47 ET]
Table 'Octavia II' 6-max Seat #3 is the button
Seat 1: blistein ($114.72 in chips) 
Seat 2: Nicedaymybro ($106.20 in chips) 
Seat 3: Christianzt1 ($113.66 in chips) 
Seat 4: 3aekTpeBoMaH ($80.23 in chips) 
Seat 5: TheBigA86 ($7.50 in chips) 
Seat 6: Alinyr ($125.07 in chips) 
3aekTpeBoMaH: posts small blind $0.50
TheBigA86: posts big blind $1
*** HOLE CARDS ***
Alinyr: folds 
blistein: folds 
Nicedaymybro: raises $1.50 to $2.50
Christianzt1: folds 
3aekTpeBoMaH: calls $2
TheBigA86: raises $5 to $7.50 and is all-in
Nicedaymybro: raises $7.50 to $15
3aekTpeBoMaH: calls $12.50
*** FLOP *** [Kd Th 9d]
3aekTpeBoMaH: checks 
Nicedaymybro: bets $23.50
3aekTpeBoMaH: raises $41.73 to $65.23 and is all-in
Nicedaymybro: calls $41.73
TheBigA86 has timed out
*** TURN *** [Kd Th 9d] [7d]
*** RIVER *** [Kd Th 9d 7d] [2c]
*** SHOW DOWN ***
3aekTpeBoMaH: shows [Qd Ts] (a pair of Tens)
Nicedaymybro: shows [Tc Kc] (two pair, Kings and Tens)
Nicedaymybro collected $144.08 from side pot
TheBigA86: shows [Jh Ah] (high card Ace)
Nicedaymybro collected $21.38 from main pot
*** SUMMARY ***
Total pot $167.96 Main pot $21.38. Side pot $144.08. | Rake $2.50 
Board [Kd Th 9d 7d 2c]
Seat 1: blistein folded before Flop (didn't bet)
Seat 2: Nicedaymybro showed [Tc Kc] and won ($165.46) with two pair, Kings and Tens
Seat 3: Christianzt1 (button) folded before Flop (didn't bet)
Seat 4: 3aekTpeBoMaH (small blind) showed [Qd Ts] and lost with a pair of Tens
Seat 5: TheBigA86 (big blind) showed [Jh Ah] and lost with high card Ace
Seat 6: Alinyr folded before Flop (didn't bet)



PokerStars Hand #254247171601:  Hold'em No Limit ($0.50/$1.00 USD) - 2025/01/07 17:03:52 WET [2025/01/07 12:03:52 ET]
Table 'Octavia II' 6-max Seat #6 is the button
Seat 4: 3aekTpeBoMaH ($0 in chips) is sitting out
Seat 5: TheBigA86 ($0 in chips) is sitting out
Seat 1: blistein ($114.72 in chips) 
Seat 2: Nicedaymybro ($191.43 in chips) 
Seat 3: Christianzt1 ($113.66 in chips) 
Seat 6: Alinyr ($125.07 in chips) 
blistein: posts small blind $0.50
Nicedaymybro: posts big blind $1
*** HOLE CARDS ***
Christianzt1: folds 
Alinyr: folds 
3aekTpeBoMaH leaves the table
blistein: folds 
Uncalled bet ($0.50) returned to Nicedaymybro
Nicedaymybro collected $1 from pot
Nicedaymybro: doesn't show hand 
*** SUMMARY ***
Total pot $1 | Rake $0 
Seat 4: 3aekTpeBoMaH
Seat 5: TheBigA86
Seat 1: blistein (small blind) folded before Flop
Seat 2: Nicedaymybro (big blind) collected ($1)
Seat 3: Christianzt1 folded before Flop (didn't bet)
Seat 6: Alinyr (button) folded before Flop (didn't bet)



PokerStars Hand #254247174545:  Hold'em No Limit ($0.50/$1.00 USD) - 2025/01/07 17:04:04 WET [2025/01/07 12:04:04 ET]
Table 'Octavia II' 6-max Seat #1 is the button
Seat 5: TheBigA86 ($0 in chips) is sitting out
Seat 1: blistein ($114.22 in chips) 
Seat 2: Nicedaymybro ($191.93 in chips) 
Seat 3: Christianzt1 ($113.66 in chips) 
Seat 6: Alinyr ($125.07 in chips) 
Nicedaymybro: posts small blind $0.50
Christianzt1: posts big blind $1
*** HOLE CARDS ***
Alinyr: raises $1.28 to $2.28
blistein: folds 
Nicedaymybro: raises $8.72 to $11
Christianzt1: folds 
coeeeelho joins the table at seat #4 
coeeeelho leaves the table
Alinyr: folds 
Uncalled bet ($8.72) returned to Nicedaymybro
TheBigA86 leaves the table
Nicedaymybro collected $5.56 from pot
Nicedaymybro: doesn't show hand 
*** SUMMARY ***
Total pot $5.56 | Rake $0 
Seat 5: TheBigA86
Seat 1: blistein (button) folded before Flop (didn't bet)
Seat 2: Nicedaymybro (small blind) collected ($5.56)
Seat 3: Christianzt1 (big blind) folded before Flop
Seat 6: Alinyr folded before Flop



