PokerStars Hand #254247842252:  Hold'em No Limit ($0.50/$1.00 USD) - 2025/01/07 17:46:04 WET [2025/01/07 12:46:04 ET]
Table 'Aigyptios II' 6-max Seat #2 is the button
Seat 1: sta$igk ($100 in chips) 
Seat 2: 3EPH ($100 in chips) 
Seat 3: mr.Jckpot ($100 in chips) 
Seat 4: jimigoman ($69.26 in chips) 
Seat 5: blistein ($100 in chips) 
Seat 6: worker0k ($101.50 in chips) 
mr.Jckpot: posts small blind $0.50
jimigoman: posts big blind $1
*** HOLE CARDS ***
blistein: folds 
worker0k: folds 
sta$igk: raises $1.50 to $2.50
3EPH: folds 
mr.Jckpot: folds 
jimigoman: folds 
Uncalled bet ($1.50) returned to sta$igk
sta$igk collected $2.50 from pot
sta$igk: doesn't show hand 
*** SUMMARY ***
Total pot $2.50 | Rake $0 
Seat 1: sta$igk collected ($2.50)
Seat 2: 3EPH (button) folded before Flop (didn't bet)
Seat 3: mr.Jckpot (small blind) folded before Flop
Seat 4: jimigoman (big blind) folded before Flop
Seat 5: blistein folded before Flop (didn't bet)
Seat 6: worker0k folded before Flop (didn't bet)



PokerStars Hand #254247846539:  Hold'em No Limit ($0.50/$1.00 USD) - 2025/01/07 17:46:19 WET [2025/01/07 12:46:19 ET]
Table 'Aigyptios II' 6-max Seat #3 is the button
Seat 1: sta$igk ($101.50 in chips) 
Seat 2: 3EPH ($100 in chips) 
Seat 3: mr.Jckpot ($100 in chips) 
Seat 4: jimigoman ($68.26 in chips) 
Seat 5: blistein ($100 in chips) 
Seat 6: worker0k ($101.50 in chips) 
jimigoman: posts small blind $0.50
blistein: posts big blind $1
*** HOLE CARDS ***
worker0k: folds 
sta$igk: folds 
3EPH: folds 
mr.Jckpot: raises $1.50 to $2.50
jimigoman: calls $2
blistein: folds 
*** FLOP *** [Jh 3c 4h]
jimigoman: checks 
mr.Jckpot: bets $3.70
jimigoman: calls $3.70
*** TURN *** [Jh 3c 4h] [9c]
jimigoman: bets $1
mr.Jckpot: raises $8.50 to $9.50
jimigoman: calls $8.50
*** RIVER *** [Jh 3c 4h 9c] [Kh]
jimigoman: bets $1
mr.Jckpot: calls $1
*** SHOW DOWN ***
jimigoman: shows [Ks Kd] (three of a kind, Kings)
mr.Jckpot: mucks hand 
jimigoman collected $32.68 from pot
*** SUMMARY ***
Total pot $34.40 | Rake $1.72 
Board [Jh 3c 4h 9c Kh]
Seat 1: sta$igk folded before Flop (didn't bet)
Seat 2: 3EPH folded before Flop (didn't bet)
Seat 3: mr.Jckpot (button) mucked
Seat 4: jimigoman (small blind) showed [Ks Kd] and won ($32.68) with three of a kind, Kings
Seat 5: blistein (big blind) folded before Flop
Seat 6: worker0k folded before Flop (didn't bet)



PokerStars Hand #254247865333:  Hold'em No Limit ($0.50/$1.00 USD) - 2025/01/07 17:47:25 WET [2025/01/07 12:47:25 ET]
Table 'Aigyptios II' 6-max Seat #4 is the button
Seat 1: sta$igk ($101.50 in chips) 
Seat 2: 3EPH ($100 in chips) 
Seat 3: mr.Jckpot ($100 in chips) 
Seat 4: jimigoman ($84.24 in chips) 
Seat 5: blistein ($100 in chips) 
Seat 6: worker0k ($101.50 in chips) 
blistein: posts small blind $0.50
worker0k: posts big blind $1
*** HOLE CARDS ***
sta$igk: folds 
3EPH: raises $1.50 to $2.50
mr.Jckpot: raises $5 to $7.50
jimigoman: folds 
blistein: folds 
worker0k: folds 
3EPH: raises $12.50 to $20
mr.Jckpot: calls $12.50
*** FLOP *** [Td 7h 4s]
3EPH: checks 
mr.Jckpot: bets $16.50
3EPH: folds 
Uncalled bet ($16.50) returned to mr.Jckpot
mr.Jckpot collected $39.42 from pot
mr.Jckpot: doesn't show hand 
*** SUMMARY ***
Total pot $41.50 | Rake $2.08 
Board [Td 7h 4s]
Seat 1: sta$igk folded before Flop (didn't bet)
Seat 2: 3EPH folded on the Flop
Seat 3: mr.Jckpot collected ($39.42)
Seat 4: jimigoman (button) folded before Flop (didn't bet)
Seat 5: blistein (small blind) folded before Flop
Seat 6: worker0k (big blind) folded before Flop



PokerStars Hand #254247881665:  Hold'em No Limit ($0.50/$1.00 USD) - 2025/01/07 17:48:24 WET [2025/01/07 12:48:24 ET]
Table 'Aigyptios II' 6-max Seat #5 is the button
Seat 1: sta$igk ($101.50 in chips) 
Seat 2: 3EPH ($100 in chips) 
Seat 3: mr.Jckpot ($119.42 in chips) 
Seat 4: jimigoman ($84.24 in chips) 
Seat 5: blistein ($100 in chips) 
Seat 6: worker0k ($100.50 in chips) 
worker0k: posts small blind $0.50
sta$igk: posts big blind $1
*** HOLE CARDS ***
3EPH: folds 
mr.Jckpot: folds 
jimigoman: raises $2 to $3
blistein: folds 
worker0k: folds 
sta$igk: calls $2
*** FLOP *** [3c 4s Ac]
sta$igk: checks 
jimigoman: bets $1
sta$igk: calls $1
*** TURN *** [3c 4s Ac] [3s]
sta$igk: checks 
jimigoman: bets $7
sta$igk: calls $7
*** RIVER *** [3c 4s Ac 3s] [5c]
sta$igk: checks 
jimigoman: checks 
*** SHOW DOWN ***
sta$igk: shows [As 9s] (two pair, Aces and Threes)
jimigoman: shows [Jc Ad] (two pair, Aces and Threes - Jack kicker)
jimigoman collected $21.38 from pot
*** SUMMARY ***
Total pot $22.50 | Rake $1.12 
Board [3c 4s Ac 3s 5c]
Seat 1: sta$igk (big blind) showed [As 9s] and lost with two pair, Aces and Threes
Seat 2: 3EPH folded before Flop (didn't bet)
Seat 3: mr.Jckpot folded before Flop (didn't bet)
Seat 4: jimigoman showed [Jc Ad] and won ($21.38) with two pair, Aces and Threes
Seat 5: blistein (button) folded before Flop (didn't bet)
Seat 6: worker0k (small blind) folded before Flop



PokerStars Hand #254247912032:  Hold'em No Limit ($0.50/$1.00 USD) - 2025/01/07 17:50:13 WET [2025/01/07 12:50:13 ET]
Table 'Aigyptios II' 6-max Seat #6 is the button
Seat 1: sta$igk ($100 in chips) 
Seat 2: 3EPH ($100 in chips) 
Seat 3: mr.Jckpot ($119.42 in chips) 
Seat 4: jimigoman ($94.62 in chips) 
Seat 5: blistein ($100 in chips) 
Seat 6: worker0k ($100 in chips) 
sta$igk: posts small blind $0.50
3EPH: posts big blind $1
*** HOLE CARDS ***
mr.Jckpot: folds 
jimigoman: folds 
blistein: folds 
worker0k: folds 
sta$igk: folds 
Uncalled bet ($0.50) returned to 3EPH
3EPH collected $1 from pot
3EPH: doesn't show hand 
*** SUMMARY ***
Total pot $1 | Rake $0 
Seat 1: sta$igk (small blind) folded before Flop
Seat 2: 3EPH (big blind) collected ($1)
Seat 3: mr.Jckpot folded before Flop (didn't bet)
Seat 4: jimigoman folded before Flop (didn't bet)
Seat 5: blistein folded before Flop (didn't bet)
Seat 6: worker0k (button) folded before Flop (didn't bet)



PokerStars Hand #254247916656:  Hold'em No Limit ($0.50/$1.00 USD) - 2025/01/07 17:50:30 WET [2025/01/07 12:50:30 ET]
Table 'Aigyptios II' 6-max Seat #1 is the button
Seat 1: sta$igk ($100 in chips) 
Seat 2: 3EPH ($100.50 in chips) 
Seat 3: mr.Jckpot ($119.42 in chips) 
Seat 4: jimigoman ($94.62 in chips) 
Seat 5: blistein ($100 in chips) 
Seat 6: worker0k ($100 in chips) 
3EPH: posts small blind $0.50
mr.Jckpot: posts big blind $1
*** HOLE CARDS ***
jimigoman: folds 
blistein: folds 
worker0k: raises $1.30 to $2.30
sta$igk: folds 
3EPH: folds 
mr.Jckpot: raises $9.70 to $12
worker0k: folds 
Uncalled bet ($9.70) returned to mr.Jckpot
mr.Jckpot collected $5.10 from pot
mr.Jckpot: doesn't show hand 
*** SUMMARY ***
Total pot $5.10 | Rake $0 
Seat 1: sta$igk (button) folded before Flop (didn't bet)
Seat 2: 3EPH (small blind) folded before Flop
Seat 3: mr.Jckpot (big blind) collected ($5.10)
Seat 4: jimigoman folded before Flop (didn't bet)
Seat 5: blistein folded before Flop (didn't bet)
Seat 6: worker0k folded before Flop



PokerStars Hand #254247922907:  Hold'em No Limit ($0.50/$1.00 USD) - 2025/01/07 17:50:52 WET [2025/01/07 12:50:52 ET]
Table 'Aigyptios II' 6-max Seat #2 is the button
Seat 1: sta$igk ($100 in chips) 
Seat 2: 3EPH ($100 in chips) 
Seat 3: mr.Jckpot ($122.22 in chips) 
Seat 4: jimigoman ($94.62 in chips) 
Seat 5: blistein ($100 in chips) 
Seat 6: worker0k ($100 in chips) 
mr.Jckpot: posts small blind $0.50
jimigoman: posts big blind $1
*** HOLE CARDS ***
blistein: folds 
worker0k: folds 
sta$igk: folds 
3EPH: folds 
mr.Jckpot: raises $2 to $3
jimigoman: folds 
Uncalled bet ($2) returned to mr.Jckpot
mr.Jckpot collected $2 from pot
mr.Jckpot: doesn't show hand 
*** SUMMARY ***
Total pot $2 | Rake $0 
Seat 1: sta$igk folded before Flop (didn't bet)
Seat 2: 3EPH (button) folded before Flop (didn't bet)
Seat 3: mr.Jckpot (small blind) collected ($2)
Seat 4: jimigoman (big blind) folded before Flop
Seat 5: blistein folded before Flop (didn't bet)
Seat 6: worker0k folded before Flop (didn't bet)



PokerStars Hand #254247925891:  Hold'em No Limit ($0.50/$1.00 USD) - 2025/01/07 17:51:03 WET [2025/01/07 12:51:03 ET]
Table 'Aigyptios II' 6-max Seat #3 is the button
Seat 1: sta$igk ($100 in chips) 
Seat 2: 3EPH ($100 in chips) 
Seat 3: mr.Jckpot ($123.22 in chips) 
Seat 4: jimigoman ($93.62 in chips) 
Seat 5: blistein ($100 in chips) 
Seat 6: worker0k ($100 in chips) 
jimigoman: posts small blind $0.50
blistein: posts big blind $1
*** HOLE CARDS ***
worker0k: folds 
sta$igk: folds 
3EPH: folds 
mr.Jckpot: folds 
jimigoman: calls $0.50
blistein: raises $2.50 to $3.50
jimigoman: calls $2.50
*** FLOP *** [8s 9c 4s]
jimigoman: bets $2
blistein: calls $2
*** TURN *** [8s 9c 4s] [6d]
jimigoman: bets $8
blistein: folds 
Uncalled bet ($8) returned to jimigoman
jimigoman collected $10.45 from pot
jimigoman: doesn't show hand 
*** SUMMARY ***
Total pot $11 | Rake $0.55 
Board [8s 9c 4s 6d]
Seat 1: sta$igk folded before Flop (didn't bet)
Seat 2: 3EPH folded before Flop (didn't bet)
Seat 3: mr.Jckpot (button) folded before Flop (didn't bet)
Seat 4: jimigoman (small blind) collected ($10.45)
Seat 5: blistein (big blind) folded on the Turn
Seat 6: worker0k folded before Flop (didn't bet)



PokerStars Hand #254247944141:  Hold'em No Limit ($0.50/$1.00 USD) - 2025/01/07 17:52:09 WET [2025/01/07 12:52:09 ET]
Table 'Aigyptios II' 6-max Seat #4 is the button
Seat 1: sta$igk ($100 in chips) 
Seat 2: 3EPH ($100 in chips) 
Seat 3: mr.Jckpot ($123.22 in chips) 
Seat 4: jimigoman ($98.57 in chips) 
Seat 5: blistein ($100 in chips) 
Seat 6: worker0k ($100 in chips) 
blistein: posts small blind $0.50
worker0k: posts big blind $1
*** HOLE CARDS ***
sta$igk: raises $1.50 to $2.50
3EPH: folds 
mr.Jckpot: folds 
jimigoman: folds 
blistein: folds 
worker0k: folds 
Uncalled bet ($1.50) returned to sta$igk
sta$igk collected $2.50 from pot
sta$igk: doesn't show hand 
*** SUMMARY ***
Total pot $2.50 | Rake $0 
Seat 1: sta$igk collected ($2.50)
Seat 2: 3EPH folded before Flop (didn't bet)
Seat 3: mr.Jckpot folded before Flop (didn't bet)
Seat 4: jimigoman (button) folded before Flop (didn't bet)
Seat 5: blistein (small blind) folded before Flop
Seat 6: worker0k (big blind) folded before Flop



PokerStars Hand #254247947354:  Hold'em No Limit ($0.50/$1.00 USD) - 2025/01/07 17:52:20 WET [2025/01/07 12:52:20 ET]
Table 'Aigyptios II' 6-max Seat #5 is the button
Seat 1: sta$igk ($101.50 in chips) 
Seat 2: 3EPH ($100 in chips) 
Seat 3: mr.Jckpot ($123.22 in chips) 
Seat 4: jimigoman ($98.57 in chips) 
Seat 5: blistein ($100 in chips) 
Seat 6: worker0k ($100 in chips) 
worker0k: posts small blind $0.50
sta$igk: posts big blind $1
*** HOLE CARDS ***
3EPH: folds 
mr.Jckpot: raises $1.50 to $2.50
jimigoman: raises $1.50 to $4
blistein: folds 
worker0k: folds 
sta$igk: folds 
mr.Jckpot: calls $1.50
*** FLOP *** [7s 3c 8s]
mr.Jckpot: checks 
jimigoman: bets $1
mr.Jckpot: calls $1
*** TURN *** [7s 3c 8s] [7c]
mr.Jckpot: checks 
jimigoman: bets $1
mr.Jckpot: folds 
Uncalled bet ($1) returned to jimigoman
jimigoman collected $10.92 from pot
jimigoman: doesn't show hand 
*** SUMMARY ***
Total pot $11.50 | Rake $0.58 
Board [7s 3c 8s 7c]
Seat 1: sta$igk (big blind) folded before Flop
Seat 2: 3EPH folded before Flop (didn't bet)
Seat 3: mr.Jckpot folded on the Turn
Seat 4: jimigoman collected ($10.92)
Seat 5: blistein (button) folded before Flop (didn't bet)
Seat 6: worker0k (small blind) folded before Flop



PokerStars Hand #254247960474:  Hold'em No Limit ($0.50/$1.00 USD) - 2025/01/07 17:53:07 WET [2025/01/07 12:53:07 ET]
Table 'Aigyptios II' 6-max Seat #6 is the button
Seat 2: 3EPH ($100 in chips) is sitting out
Seat 1: sta$igk ($100.50 in chips) 
Seat 3: mr.Jckpot ($118.22 in chips) 
Seat 4: jimigoman ($104.49 in chips) 
Seat 5: blistein ($100 in chips) 
Seat 6: worker0k ($100 in chips) 
sta$igk: posts small blind $0.50
3EPH: is sitting out 
mr.Jckpot: posts big blind $1
*** HOLE CARDS ***
jimigoman: folds 
blistein: raises $1.30 to $2.30
3EPH leaves the table
Joe_Li7 joins the table at seat #2 
worker0k: raises $5.20 to $7.50
sta$igk: folds 
mr.Jckpot: folds 
blistein: folds 
Uncalled bet ($5.20) returned to worker0k
worker0k collected $6.10 from pot
*** SUMMARY ***
Total pot $6.10 | Rake $0 
Seat 2: 3EPH
Seat 1: sta$igk (small blind) folded before Flop
Seat 3: mr.Jckpot (big blind) folded before Flop
Seat 4: jimigoman folded before Flop (didn't bet)
Seat 5: blistein folded before Flop
Seat 6: worker0k (button) collected ($6.10)



PokerStars Hand #254247966370:  Hold'em No Limit ($0.50/$1.00 USD) - 2025/01/07 17:53:29 WET [2025/01/07 12:53:29 ET]
Table 'Aigyptios II' 6-max Seat #1 is the button
Seat 2: Joe_Li7 ($100 in chips) is sitting out
Seat 1: sta$igk ($100 in chips) 
Seat 3: mr.Jckpot ($117.22 in chips) 
Seat 4: jimigoman ($104.49 in chips) 
Seat 5: blistein ($100 in chips) 
Seat 6: worker0k ($103.80 in chips) 
mr.Jckpot: posts small blind $0.50
jimigoman: posts big blind $1
*** HOLE CARDS ***
blistein: folds 
worker0k: folds 
sta$igk: folds 
mr.Jckpot: raises $2 to $3
jimigoman: raises $2 to $5
mr.Jckpot: calls $2
*** FLOP *** [Kd 7c 2d]
mr.Jckpot: checks 
jimigoman: bets $4.75
mr.Jckpot: calls $4.75
*** TURN *** [Kd 7c 2d] [9h]
mr.Jckpot: checks 
jimigoman: checks 
*** RIVER *** [Kd 7c 2d 9h] [2h]
mr.Jckpot: bets $6.11
jimigoman: folds 
Uncalled bet ($6.11) returned to mr.Jckpot
mr.Jckpot collected $18.52 from pot
mr.Jckpot: doesn't show hand 
*** SUMMARY ***
Total pot $19.50 | Rake $0.98 
Board [Kd 7c 2d 9h 2h]
Seat 2: Joe_Li7
Seat 1: sta$igk (button) folded before Flop (didn't bet)
Seat 3: mr.Jckpot (small blind) collected ($18.52)
Seat 4: jimigoman (big blind) folded on the River
Seat 5: blistein folded before Flop (didn't bet)
Seat 6: worker0k folded before Flop (didn't bet)



PokerStars Hand #254247975942:  Hold'em No Limit ($0.50/$1.00 USD) - 2025/01/07 17:54:04 WET [2025/01/07 12:54:04 ET]
Table 'Aigyptios II' 6-max Seat #3 is the button
Seat 2: Joe_Li7 ($100 in chips) is sitting out
Seat 1: sta$igk ($100 in chips) 
Seat 3: mr.Jckpot ($125.99 in chips) 
Seat 4: jimigoman ($94.74 in chips) 
Seat 5: blistein ($100 in chips) 
Seat 6: worker0k ($103.80 in chips) 
jimigoman: posts small blind $0.50
blistein: posts big blind $1
Joe_Li7: sits out 
*** HOLE CARDS ***
worker0k: folds 
sta$igk: folds 
mr.Jckpot: folds 
jimigoman: folds 
Uncalled bet ($0.50) returned to blistein
blistein collected $1 from pot
blistein: doesn't show hand 
*** SUMMARY ***
Total pot $1 | Rake $0 
Seat 2: Joe_Li7
Seat 1: sta$igk folded before Flop (didn't bet)
Seat 3: mr.Jckpot (button) folded before Flop (didn't bet)
Seat 4: jimigoman (small blind) folded before Flop
Seat 5: blistein (big blind) collected ($1)
Seat 6: worker0k folded before Flop (didn't bet)



PokerStars Hand #254247979067:  Hold'em No Limit ($0.50/$1.00 USD) - 2025/01/07 17:54:15 WET [2025/01/07 12:54:15 ET]
Table 'Aigyptios II' 6-max Seat #4 is the button
Seat 2: Joe_Li7 ($100 in chips) is sitting out
Seat 1: sta$igk ($100 in chips) 
Seat 3: mr.Jckpot ($125.99 in chips) 
Seat 4: jimigoman ($94.24 in chips) 
Seat 5: blistein ($100.50 in chips) 
Seat 6: worker0k ($103.80 in chips) 
blistein: posts small blind $0.50
worker0k: posts big blind $1
Joe_Li7: sits out 
*** HOLE CARDS ***
sta$igk: folds 
mr.Jckpot: raises $1.50 to $2.50
jimigoman: calls $2.50
blistein: folds 
worker0k: folds 
*** FLOP *** [2s 9d 9s]
mr.Jckpot: checks 
jimigoman: bets $1
mr.Jckpot: folds 
Uncalled bet ($1) returned to jimigoman
jimigoman collected $6.18 from pot
jimigoman: doesn't show hand 
*** SUMMARY ***
Total pot $6.50 | Rake $0.32 
Board [2s 9d 9s]
Seat 2: Joe_Li7
Seat 1: sta$igk folded before Flop (didn't bet)
Seat 3: mr.Jckpot folded on the Flop
Seat 4: jimigoman (button) collected ($6.18)
Seat 5: blistein (small blind) folded before Flop
Seat 6: worker0k (big blind) folded before Flop



PokerStars Hand #254247987834:  Hold'em No Limit ($0.50/$1.00 USD) - 2025/01/07 17:54:46 WET [2025/01/07 12:54:46 ET]
Table 'Aigyptios II' 6-max Seat #5 is the button
Seat 2: Joe_Li7 ($100 in chips) is sitting out
Seat 1: sta$igk ($100 in chips) 
Seat 3: mr.Jckpot ($123.49 in chips) 
Seat 4: jimigoman ($97.92 in chips) 
Seat 5: blistein ($100 in chips) 
Seat 6: worker0k ($102.80 in chips) 
worker0k: posts small blind $0.50
sta$igk: posts big blind $1
Joe_Li7: sits out 
*** HOLE CARDS ***
mr.Jckpot: folds 
jimigoman: folds 
blistein: folds 
worker0k: folds 
Uncalled bet ($0.50) returned to sta$igk
sta$igk collected $1 from pot
sta$igk: doesn't show hand 
*** SUMMARY ***
Total pot $1 | Rake $0 
Seat 2: Joe_Li7
Seat 1: sta$igk (big blind) collected ($1)
Seat 3: mr.Jckpot folded before Flop (didn't bet)
Seat 4: jimigoman folded before Flop (didn't bet)
Seat 5: blistein (button) folded before Flop (didn't bet)
Seat 6: worker0k (small blind) folded before Flop



PokerStars Hand #254247989857:  Hold'em No Limit ($0.50/$1.00 USD) - 2025/01/07 17:54:53 WET [2025/01/07 12:54:53 ET]
Table 'Aigyptios II' 6-max Seat #6 is the button
Seat 1: sta$igk ($100.50 in chips) 
Seat 2: Joe_Li7 ($100 in chips) 
Seat 3: mr.Jckpot ($123.49 in chips) 
Seat 4: jimigoman ($97.92 in chips) 
Seat 5: blistein ($100 in chips) 
Seat 6: worker0k ($102.30 in chips) 
sta$igk: posts small blind $0.50
Joe_Li7: posts big blind $1
*** HOLE CARDS ***
mr.Jckpot: folds 
jimigoman: folds 
blistein: folds 
worker0k: folds 
sta$igk: folds 
Uncalled bet ($0.50) returned to Joe_Li7
Joe_Li7 collected $1 from pot
*** SUMMARY ***
Total pot $1 | Rake $0 
Seat 1: sta$igk (small blind) folded before Flop
Seat 2: Joe_Li7 (big blind) collected ($1)
Seat 3: mr.Jckpot folded before Flop (didn't bet)
Seat 4: jimigoman folded before Flop (didn't bet)
Seat 5: blistein folded before Flop (didn't bet)
Seat 6: worker0k (button) folded before Flop (didn't bet)



PokerStars Hand #254247993975:  Hold'em No Limit ($0.50/$1.00 USD) - 2025/01/07 17:55:08 WET [2025/01/07 12:55:08 ET]
Table 'Aigyptios II' 6-max Seat #1 is the button
Seat 1: sta$igk ($100 in chips) 
Seat 2: Joe_Li7 ($100.50 in chips) 
Seat 3: mr.Jckpot ($123.49 in chips) 
Seat 4: jimigoman ($97.92 in chips) 
Seat 5: blistein ($100 in chips) 
Seat 6: worker0k ($102.30 in chips) 
Joe_Li7: posts small blind $0.50
mr.Jckpot: posts big blind $1
*** HOLE CARDS ***
jimigoman: folds 
blistein: folds 
worker0k: folds 
sta$igk: folds 
Joe_Li7: raises $2 to $3
mr.Jckpot: folds 
Uncalled bet ($2) returned to Joe_Li7
Joe_Li7 collected $2 from pot
*** SUMMARY ***
Total pot $2 | Rake $0 
Seat 1: sta$igk (button) folded before Flop (didn't bet)
Seat 2: Joe_Li7 (small blind) collected ($2)
Seat 3: mr.Jckpot (big blind) folded before Flop
Seat 4: jimigoman folded before Flop (didn't bet)
Seat 5: blistein folded before Flop (didn't bet)
Seat 6: worker0k folded before Flop (didn't bet)



PokerStars Hand #254247997051:  Hold'em No Limit ($0.50/$1.00 USD) - 2025/01/07 17:55:24 WET [2025/01/07 12:55:24 ET]
Table 'Aigyptios II' 6-max Seat #2 is the button
Seat 1: sta$igk ($100 in chips) 
Seat 2: Joe_Li7 ($101.50 in chips) 
Seat 3: mr.Jckpot ($122.49 in chips) 
Seat 4: jimigoman ($97.92 in chips) 
Seat 5: blistein ($100 in chips) 
Seat 6: worker0k ($102.30 in chips) 
mr.Jckpot: posts small blind $0.50
jimigoman: posts big blind $1
*** HOLE CARDS ***
blistein: folds 
worker0k: folds 
sta$igk: raises $1.50 to $2.50
Joe_Li7: folds 
mr.Jckpot: folds 
jimigoman: folds 
Uncalled bet ($1.50) returned to sta$igk
sta$igk collected $2.50 from pot
sta$igk: doesn't show hand 
*** SUMMARY ***
Total pot $2.50 | Rake $0 
Seat 1: sta$igk collected ($2.50)
Seat 2: Joe_Li7 (button) folded before Flop (didn't bet)
Seat 3: mr.Jckpot (small blind) folded before Flop
Seat 4: jimigoman (big blind) folded before Flop
Seat 5: blistein folded before Flop (didn't bet)
Seat 6: worker0k folded before Flop (didn't bet)



PokerStars Hand #254247999197:  Hold'em No Limit ($0.50/$1.00 USD) - 2025/01/07 17:55:35 WET [2025/01/07 12:55:35 ET]
Table 'Aigyptios II' 6-max Seat #3 is the button
Seat 1: sta$igk ($101.50 in chips) 
Seat 2: Joe_Li7 ($101.50 in chips) 
Seat 3: mr.Jckpot ($121.99 in chips) 
Seat 4: jimigoman ($96.92 in chips) 
Seat 5: blistein ($100 in chips) 
Seat 6: worker0k ($102.30 in chips) 
jimigoman: posts small blind $0.50
blistein: posts big blind $1
*** HOLE CARDS ***
worker0k: folds 
sta$igk: folds 
Joe_Li7: folds 
worker0k leaves the table
mr.Jckpot: folds 
jimigoman: folds 
Uncalled bet ($0.50) returned to blistein
blistein collected $1 from pot
blistein: doesn't show hand 
*** SUMMARY ***
Total pot $1 | Rake $0 
Seat 1: sta$igk folded before Flop (didn't bet)
Seat 2: Joe_Li7 folded before Flop (didn't bet)
Seat 3: mr.Jckpot (button) folded before Flop (didn't bet)
Seat 4: jimigoman (small blind) folded before Flop
Seat 5: blistein (big blind) collected ($1)
Seat 6: worker0k folded before Flop (didn't bet)



PokerStars Hand #254248000700:  Hold'em No Limit ($0.50/$1.00 USD) - 2025/01/07 17:55:43 WET [2025/01/07 12:55:43 ET]
Table 'Aigyptios II' 6-max Seat #4 is the button
Seat 1: sta$igk ($101.50 in chips) 
Seat 2: Joe_Li7 ($101.50 in chips) 
Seat 3: mr.Jckpot ($121.99 in chips) 
Seat 4: jimigoman ($96.42 in chips) 
Seat 5: blistein ($100.50 in chips) 
blistein: posts small blind $0.50
sta$igk: posts big blind $1
*** HOLE CARDS ***
Joe_Li7: folds 
mr.Jckpot: folds 
jimigoman: calls $1
blistein: folds 
sta$igk: checks 
*** FLOP *** [3c Tc 5h]
sta$igk: checks 
vadjkeee joins the table at seat #6 
jimigoman: bets $1
sta$igk: folds 
Uncalled bet ($1) returned to jimigoman
jimigoman collected $2.38 from pot
jimigoman: doesn't show hand 
*** SUMMARY ***
Total pot $2.50 | Rake $0.12 
Board [3c Tc 5h]
Seat 1: sta$igk (big blind) folded on the Flop
Seat 2: Joe_Li7 folded before Flop (didn't bet)
Seat 3: mr.Jckpot folded before Flop (didn't bet)
Seat 4: jimigoman (button) collected ($2.38)
Seat 5: blistein (small blind) folded before Flop



PokerStars Hand #254248007705:  Hold'em No Limit ($0.50/$1.00 USD) - 2025/01/07 17:56:18 WET [2025/01/07 12:56:18 ET]
Table 'Aigyptios II' 6-max Seat #5 is the button
Seat 6: vadjkeee ($100 in chips) is sitting out
Seat 1: sta$igk ($100.50 in chips) 
Seat 2: Joe_Li7 ($101.50 in chips) 
Seat 3: mr.Jckpot ($121.99 in chips) 
Seat 4: jimigoman ($97.80 in chips) 
Seat 5: blistein ($100 in chips) 
sta$igk: posts small blind $0.50
Joe_Li7: posts big blind $1
*** HOLE CARDS ***
mr.Jckpot: folds 
jimigoman: folds 
blistein: folds 
sta$igk: folds 
Uncalled bet ($0.50) returned to Joe_Li7
Joe_Li7 collected $1 from pot
*** SUMMARY ***
Total pot $1 | Rake $0 
Seat 6: vadjkeee
Seat 1: sta$igk (small blind) folded before Flop
Seat 2: Joe_Li7 (big blind) collected ($1)
Seat 3: mr.Jckpot folded before Flop (didn't bet)
Seat 4: jimigoman folded before Flop (didn't bet)
Seat 5: blistein (button) folded before Flop (didn't bet)



PokerStars Hand #254248010039:  Hold'em No Limit ($0.50/$1.00 USD) - 2025/01/07 17:56:29 WET [2025/01/07 12:56:29 ET]
Table 'Aigyptios II' 6-max Seat #1 is the button
Seat 6: vadjkeee ($100 in chips) is sitting out
Seat 1: sta$igk ($100 in chips) 
Seat 2: Joe_Li7 ($102 in chips) 
Seat 3: mr.Jckpot ($121.99 in chips) 
Seat 4: jimigoman ($97.80 in chips) 
Seat 5: blistein ($100 in chips) 
Joe_Li7: posts small blind $0.50
mr.Jckpot: posts big blind $1
vadjkeee: sits out 
*** HOLE CARDS ***
jimigoman: folds 
blistein: folds 
sta$igk: folds 
Joe_Li7: raises $2 to $3
mr.Jckpot: folds 
Uncalled bet ($2) returned to Joe_Li7
Joe_Li7 collected $2 from pot
*** SUMMARY ***
Total pot $2 | Rake $0 
Seat 6: vadjkeee
Seat 1: sta$igk (button) folded before Flop (didn't bet)
Seat 2: Joe_Li7 (small blind) collected ($2)
Seat 3: mr.Jckpot (big blind) folded before Flop
Seat 4: jimigoman folded before Flop (didn't bet)
Seat 5: blistein folded before Flop (didn't bet)



PokerStars Hand #254248014519:  Hold'em No Limit ($0.50/$1.00 USD) - 2025/01/07 17:56:51 WET [2025/01/07 12:56:51 ET]
Table 'Aigyptios II' 6-max Seat #2 is the button
Seat 6: vadjkeee ($100 in chips) is sitting out
Seat 1: sta$igk ($100 in chips) 
Seat 2: Joe_Li7 ($103 in chips) 
Seat 3: mr.Jckpot ($120.99 in chips) 
Seat 4: jimigoman ($97.80 in chips) 
Seat 5: blistein ($100 in chips) 
mr.Jckpot: posts small blind $0.50
jimigoman: posts big blind $1
vadjkeee: sits out 
*** HOLE CARDS ***
blistein: folds 
sta$igk: raises $1.50 to $2.50
Joe_Li7: folds 
mr.Jckpot: folds 
jimigoman: folds 
Uncalled bet ($1.50) returned to sta$igk
sta$igk collected $2.50 from pot
sta$igk: doesn't show hand 
*** SUMMARY ***
Total pot $2.50 | Rake $0 
Seat 6: vadjkeee
Seat 1: sta$igk collected ($2.50)
Seat 2: Joe_Li7 (button) folded before Flop (didn't bet)
Seat 3: mr.Jckpot (small blind) folded before Flop
Seat 4: jimigoman (big blind) folded before Flop
Seat 5: blistein folded before Flop (didn't bet)



PokerStars Hand #254248016639:  Hold'em No Limit ($0.50/$1.00 USD) - 2025/01/07 17:57:02 WET [2025/01/07 12:57:02 ET]
Table 'Aigyptios II' 6-max Seat #3 is the button
Seat 6: vadjkeee ($100 in chips) is sitting out
Seat 1: sta$igk ($101.50 in chips) 
Seat 2: Joe_Li7 ($103 in chips) 
Seat 3: mr.Jckpot ($120.49 in chips) 
Seat 4: jimigoman ($96.80 in chips) 
Seat 5: blistein ($100 in chips) 
jimigoman: posts small blind $0.50
blistein: posts big blind $1
vadjkeee: sits out 
*** HOLE CARDS ***
sta$igk: folds 
Joe_Li7: folds 
mr.Jckpot: folds 
jimigoman: raises $1 to $2
blistein: folds 
Uncalled bet ($1) returned to jimigoman
jimigoman collected $2 from pot
jimigoman: doesn't show hand 
*** SUMMARY ***
Total pot $2 | Rake $0 
Seat 6: vadjkeee
Seat 1: sta$igk folded before Flop (didn't bet)
Seat 2: Joe_Li7 folded before Flop (didn't bet)
Seat 3: mr.Jckpot (button) folded before Flop (didn't bet)
Seat 4: jimigoman (small blind) collected ($2)
Seat 5: blistein (big blind) folded before Flop



PokerStars Hand #254248019809:  Hold'em No Limit ($0.50/$1.00 USD) - 2025/01/07 17:57:17 WET [2025/01/07 12:57:17 ET]
Table 'Aigyptios II' 6-max Seat #4 is the button
Seat 1: sta$igk ($101.50 in chips) 
Seat 2: Joe_Li7 ($103 in chips) 
Seat 3: mr.Jckpot ($120.49 in chips) 
Seat 4: jimigoman ($97.80 in chips) 
Seat 5: blistein ($100 in chips) 
Seat 6: vadjkeee ($100 in chips) 
blistein: posts small blind $0.50
vadjkeee: posts big blind $1
*** HOLE CARDS ***
sta$igk: folds 
Joe_Li7: raises $1.20 to $2.20
mr.Jckpot: raises $4.80 to $7
jimigoman: folds 
blistein: folds 
vadjkeee: folds 
Joe_Li7: calls $4.80
*** FLOP *** [Th Js 8c]
Joe_Li7: checks 
mr.Jckpot: bets $8.10
Joe_Li7: calls $8.10
*** TURN *** [Th Js 8c] [2h]
Joe_Li7: checks 
mr.Jckpot: bets $22
Joe_Li7: folds 
Uncalled bet ($22) returned to mr.Jckpot
mr.Jckpot collected $30.12 from pot
mr.Jckpot: doesn't show hand 
*** SUMMARY ***
Total pot $31.70 | Rake $1.58 
Board [Th Js 8c 2h]
Seat 1: sta$igk folded before Flop (didn't bet)
Seat 2: Joe_Li7 folded on the Turn
Seat 3: mr.Jckpot collected ($30.12)
Seat 4: jimigoman (button) folded before Flop (didn't bet)
Seat 5: blistein (small blind) folded before Flop
Seat 6: vadjkeee (big blind) folded before Flop



PokerStars Hand #254248033122:  Hold'em No Limit ($0.50/$1.00 USD) - 2025/01/07 17:58:24 WET [2025/01/07 12:58:24 ET]
Table 'Aigyptios II' 6-max Seat #5 is the button
Seat 1: sta$igk ($101.50 in chips) 
Seat 2: Joe_Li7 ($100 in chips) 
Seat 3: mr.Jckpot ($135.51 in chips) 
Seat 4: jimigoman ($97.80 in chips) 
Seat 5: blistein ($100 in chips) 
Seat 6: vadjkeee ($100 in chips) 
vadjkeee: posts small blind $0.50
sta$igk: posts big blind $1
*** HOLE CARDS ***
Joe_Li7: folds 
mr.Jckpot: folds 
jimigoman: raises $1 to $2
blistein: folds 
vadjkeee: folds 
sta$igk: calls $1
*** FLOP *** [Qh Qc Kc]
sta$igk: checks 
jimigoman: checks 
*** TURN *** [Qh Qc Kc] [Ts]
sta$igk: checks 
jimigoman: bets $2
sta$igk: folds 
Uncalled bet ($2) returned to jimigoman
jimigoman collected $4.28 from pot
jimigoman: doesn't show hand 
*** SUMMARY ***
Total pot $4.50 | Rake $0.22 
Board [Qh Qc Kc Ts]
Seat 1: sta$igk (big blind) folded on the Turn
Seat 2: Joe_Li7 folded before Flop (didn't bet)
Seat 3: mr.Jckpot folded before Flop (didn't bet)
Seat 4: jimigoman collected ($4.28)
Seat 5: blistein (button) folded before Flop (didn't bet)
Seat 6: vadjkeee (small blind) folded before Flop



PokerStars Hand #254248045602:  Hold'em No Limit ($0.50/$1.00 USD) - 2025/01/07 17:59:25 WET [2025/01/07 12:59:25 ET]
Table 'Aigyptios II' 6-max Seat #6 is the button
Seat 1: sta$igk ($100 in chips) 
Seat 2: Joe_Li7 ($100 in chips) 
Seat 3: mr.Jckpot ($135.51 in chips) 
Seat 4: jimigoman ($100.08 in chips) 
Seat 5: blistein ($100 in chips) 
Seat 6: vadjkeee ($100 in chips) 
sta$igk: posts small blind $0.50
Joe_Li7: posts big blind $1
*** HOLE CARDS ***
mr.Jckpot: folds 
jimigoman: folds 
blistein: folds 
vadjkeee: folds 
sta$igk: raises $2 to $3
Joe_Li7: folds 
Uncalled bet ($2) returned to sta$igk
sta$igk collected $2 from pot
sta$igk: doesn't show hand 
*** SUMMARY ***
Total pot $2 | Rake $0 
Seat 1: sta$igk (small blind) collected ($2)
Seat 2: Joe_Li7 (big blind) folded before Flop
Seat 3: mr.Jckpot folded before Flop (didn't bet)
Seat 4: jimigoman folded before Flop (didn't bet)
Seat 5: blistein folded before Flop (didn't bet)
Seat 6: vadjkeee (button) folded before Flop (didn't bet)



PokerStars Hand #254248048602:  Hold'em No Limit ($0.50/$1.00 USD) - 2025/01/07 17:59:39 WET [2025/01/07 12:59:39 ET]
Table 'Aigyptios II' 6-max Seat #1 is the button
Seat 1: sta$igk ($101 in chips) 
Seat 2: Joe_Li7 ($100 in chips) 
Seat 3: mr.Jckpot ($135.51 in chips) 
Seat 4: jimigoman ($100.08 in chips) 
Seat 5: blistein ($100 in chips) 
Seat 6: vadjkeee ($100 in chips) 
Joe_Li7: posts small blind $0.50
mr.Jckpot: posts big blind $1
*** HOLE CARDS ***
jimigoman: folds 
blistein: folds 
vadjkeee: raises $1.50 to $2.50
sta$igk: raises $5.50 to $8
Joe_Li7: folds 
mr.Jckpot: folds 
vadjkeee: folds 
Uncalled bet ($5.50) returned to sta$igk
sta$igk collected $6.50 from pot
sta$igk: doesn't show hand 
*** SUMMARY ***
Total pot $6.50 | Rake $0 
Seat 1: sta$igk (button) collected ($6.50)
Seat 2: Joe_Li7 (small blind) folded before Flop
Seat 3: mr.Jckpot (big blind) folded before Flop
Seat 4: jimigoman folded before Flop (didn't bet)
Seat 5: blistein folded before Flop (didn't bet)
Seat 6: vadjkeee folded before Flop



PokerStars Hand #254248053535:  Hold'em No Limit ($0.50/$1.00 USD) - 2025/01/07 18:00:02 WET [2025/01/07 13:00:02 ET]
Table 'Aigyptios II' 6-max Seat #2 is the button
Seat 1: sta$igk ($105 in chips) 
Seat 2: Joe_Li7 ($100 in chips) 
Seat 3: mr.Jckpot ($134.51 in chips) 
Seat 4: jimigoman ($100.08 in chips) 
Seat 5: blistein ($100 in chips) 
Seat 6: vadjkeee ($100 in chips) 
mr.Jckpot: posts small blind $0.50
jimigoman: posts big blind $1
*** HOLE CARDS ***
blistein: folds 
vadjkeee: folds 
sta$igk: raises $1.50 to $2.50
Joe_Li7: folds 
mr.Jckpot: folds 
jimigoman: folds 
Uncalled bet ($1.50) returned to sta$igk
sta$igk collected $2.50 from pot
sta$igk: doesn't show hand 
*** SUMMARY ***
Total pot $2.50 | Rake $0 
Seat 1: sta$igk collected ($2.50)
Seat 2: Joe_Li7 (button) folded before Flop (didn't bet)
Seat 3: mr.Jckpot (small blind) folded before Flop
Seat 4: jimigoman (big blind) folded before Flop
Seat 5: blistein folded before Flop (didn't bet)
Seat 6: vadjkeee folded before Flop (didn't bet)



PokerStars Hand #254248056783:  Hold'em No Limit ($0.50/$1.00 USD) - 2025/01/07 18:00:19 WET [2025/01/07 13:00:19 ET]
Table 'Aigyptios II' 6-max Seat #3 is the button
Seat 1: sta$igk ($106.50 in chips) 
Seat 2: Joe_Li7 ($100 in chips) 
Seat 3: mr.Jckpot ($134.01 in chips) 
Seat 4: jimigoman ($99.08 in chips) 
Seat 5: blistein ($100 in chips) 
Seat 6: vadjkeee ($100 in chips) 
jimigoman: posts small blind $0.50
blistein: posts big blind $1
*** HOLE CARDS ***
vadjkeee: raises $2 to $3
sta$igk: folds 
Joe_Li7: folds 
mr.Jckpot: folds 
jimigoman: calls $2.50
blistein: folds 
*** FLOP *** [Jh Jc Qc]
jimigoman: bets $2
vadjkeee: raises $6 to $8
jimigoman: folds 
Uncalled bet ($6) returned to vadjkeee
vadjkeee collected $10.45 from pot
vadjkeee: doesn't show hand 
*** SUMMARY ***
Total pot $11 | Rake $0.55 
Board [Jh Jc Qc]
Seat 1: sta$igk folded before Flop (didn't bet)
Seat 2: Joe_Li7 folded before Flop (didn't bet)
Seat 3: mr.Jckpot (button) folded before Flop (didn't bet)
Seat 4: jimigoman (small blind) folded on the Flop
Seat 5: blistein (big blind) folded before Flop
Seat 6: vadjkeee collected ($10.45)



PokerStars Hand #254248065794:  Hold'em No Limit ($0.50/$1.00 USD) - 2025/01/07 18:00:59 WET [2025/01/07 13:00:59 ET]
Table 'Aigyptios II' 6-max Seat #4 is the button
Seat 1: sta$igk ($106.50 in chips) 
Seat 2: Joe_Li7 ($100 in chips) 
Seat 3: mr.Jckpot ($134.01 in chips) 
Seat 4: jimigoman ($94.08 in chips) 
Seat 5: blistein ($100 in chips) 
Seat 6: vadjkeee ($105.45 in chips) 
blistein: posts small blind $0.50
vadjkeee: posts big blind $1
*** HOLE CARDS ***
sta$igk: folds 
Joe_Li7: raises $1.20 to $2.20
mr.Jckpot: raises $4.80 to $7
jimigoman: folds 
blistein: folds 
vadjkeee: folds 
Joe_Li7: calls $4.80
*** FLOP *** [3s Th Ac]
Joe_Li7: checks 
mr.Jckpot: bets $5.50
Joe_Li7: folds 
Uncalled bet ($5.50) returned to mr.Jckpot
mr.Jckpot collected $14.72 from pot
mr.Jckpot: doesn't show hand 
*** SUMMARY ***
Total pot $15.50 | Rake $0.78 
Board [3s Th Ac]
Seat 1: sta$igk folded before Flop (didn't bet)
Seat 2: Joe_Li7 folded on the Flop
Seat 3: mr.Jckpot collected ($14.72)
Seat 4: jimigoman (button) folded before Flop (didn't bet)
Seat 5: blistein (small blind) folded before Flop
Seat 6: vadjkeee (big blind) folded before Flop



PokerStars Hand #254248078770:  Hold'em No Limit ($0.50/$1.00 USD) - 2025/01/07 18:01:52 WET [2025/01/07 13:01:52 ET]
Table 'Aigyptios II' 6-max Seat #5 is the button
Seat 1: sta$igk ($106.50 in chips) 
Seat 2: Joe_Li7 ($100 in chips) 
Seat 3: mr.Jckpot ($141.73 in chips) 
Seat 4: jimigoman ($94.08 in chips) 
Seat 5: blistein ($100 in chips) 
Seat 6: vadjkeee ($104.45 in chips) 
vadjkeee: posts small blind $0.50
sta$igk: posts big blind $1
*** HOLE CARDS ***
Joe_Li7: folds 
mr.Jckpot: folds 
jimigoman: folds 
blistein: raises $1.50 to $2.50
vadjkeee: folds 
sta$igk: raises $9.50 to $12
blistein: raises $13 to $25
sta$igk: folds 
Uncalled bet ($13) returned to blistein
blistein collected $24.50 from pot
blistein: doesn't show hand 
*** SUMMARY ***
Total pot $24.50 | Rake $0 
Seat 1: sta$igk (big blind) folded before Flop
Seat 2: Joe_Li7 folded before Flop (didn't bet)
Seat 3: mr.Jckpot folded before Flop (didn't bet)
Seat 4: jimigoman folded before Flop (didn't bet)
Seat 5: blistein (button) collected ($24.50)
Seat 6: vadjkeee (small blind) folded before Flop



PokerStars Hand #254248087653:  Hold'em No Limit ($0.50/$1.00 USD) - 2025/01/07 18:02:26 WET [2025/01/07 13:02:26 ET]
Table 'Aigyptios II' 6-max Seat #6 is the button
Seat 1: sta$igk ($100 in chips) 
Seat 2: Joe_Li7 ($100 in chips) 
Seat 3: mr.Jckpot ($141.73 in chips) 
Seat 4: jimigoman ($94.08 in chips) 
Seat 5: blistein ($112.50 in chips) 
Seat 6: vadjkeee ($103.95 in chips) 
sta$igk: posts small blind $0.50
Joe_Li7: posts big blind $1
*** HOLE CARDS ***
mr.Jckpot: folds 
jimigoman: calls $1
blistein: folds 
vadjkeee: raises $3 to $4
sta$igk: folds 
Joe_Li7: folds 
jimigoman: calls $3
*** FLOP *** [Jd 6d 7s]
jimigoman: bets $1
vadjkeee: raises $7 to $8
jimigoman: folds 
Uncalled bet ($7) returned to vadjkeee
vadjkeee collected $10.92 from pot
vadjkeee: doesn't show hand 
*** SUMMARY ***
Total pot $11.50 | Rake $0.58 
Board [Jd 6d 7s]
Seat 1: sta$igk (small blind) folded before Flop
Seat 2: Joe_Li7 (big blind) folded before Flop
Seat 3: mr.Jckpot folded before Flop (didn't bet)
Seat 4: jimigoman folded on the Flop
Seat 5: blistein folded before Flop (didn't bet)
Seat 6: vadjkeee (button) collected ($10.92)



PokerStars Hand #254248103622:  Hold'em No Limit ($0.50/$1.00 USD) - 2025/01/07 18:03:25 WET [2025/01/07 13:03:25 ET]
Table 'Aigyptios II' 6-max Seat #1 is the button
Seat 1: sta$igk ($100 in chips) 
Seat 2: Joe_Li7 ($100 in chips) 
Seat 3: mr.Jckpot ($141.73 in chips) 
Seat 4: jimigoman ($89.08 in chips) 
Seat 5: blistein ($112.50 in chips) 
Seat 6: vadjkeee ($109.87 in chips) 
Joe_Li7: posts small blind $0.50
mr.Jckpot: posts big blind $1
*** HOLE CARDS ***
jimigoman: calls $1
blistein: raises $2.50 to $3.50
vadjkeee: folds 
sta$igk: folds 
Joe_Li7: folds 
mr.Jckpot: folds 
jimigoman: folds 
Uncalled bet ($2.50) returned to blistein
blistein collected $3.50 from pot
blistein: doesn't show hand 
*** SUMMARY ***
Total pot $3.50 | Rake $0 
Seat 1: sta$igk (button) folded before Flop (didn't bet)
Seat 2: Joe_Li7 (small blind) folded before Flop
Seat 3: mr.Jckpot (big blind) folded before Flop
Seat 4: jimigoman folded before Flop
Seat 5: blistein collected ($3.50)
Seat 6: vadjkeee folded before Flop (didn't bet)



PokerStars Hand #254248111475:  Hold'em No Limit ($0.50/$1.00 USD) - 2025/01/07 18:03:51 WET [2025/01/07 13:03:51 ET]
Table 'Aigyptios II' 6-max Seat #2 is the button
Seat 1: sta$igk ($100 in chips) 
Seat 2: Joe_Li7 ($100 in chips) 
Seat 3: mr.Jckpot ($140.73 in chips) 
Seat 4: jimigoman ($88.08 in chips) 
Seat 5: blistein ($115 in chips) 
Seat 6: vadjkeee ($109.87 in chips) 
mr.Jckpot: posts small blind $0.50
jimigoman: posts big blind $1
*** HOLE CARDS ***
blistein: folds 
vadjkeee: folds 
sta$igk: folds 
Joe_Li7: folds 
mr.Jckpot: folds 
Uncalled bet ($0.50) returned to jimigoman
jimigoman collected $1 from pot
jimigoman: doesn't show hand 
*** SUMMARY ***
Total pot $1 | Rake $0 
Seat 1: sta$igk folded before Flop (didn't bet)
Seat 2: Joe_Li7 (button) folded before Flop (didn't bet)
Seat 3: mr.Jckpot (small blind) folded before Flop
Seat 4: jimigoman (big blind) collected ($1)
Seat 5: blistein folded before Flop (didn't bet)
Seat 6: vadjkeee folded before Flop (didn't bet)



PokerStars Hand #254248114160:  Hold'em No Limit ($0.50/$1.00 USD) - 2025/01/07 18:04:01 WET [2025/01/07 13:04:01 ET]
Table 'Aigyptios II' 6-max Seat #3 is the button
Seat 1: sta$igk ($100 in chips) 
Seat 2: Joe_Li7 ($100 in chips) 
Seat 3: mr.Jckpot ($140.23 in chips) 
Seat 4: jimigoman ($88.58 in chips) 
Seat 5: blistein ($115 in chips) 
Seat 6: vadjkeee ($109.87 in chips) 
jimigoman: posts small blind $0.50
blistein: posts big blind $1
*** HOLE CARDS ***
vadjkeee: folds 
sta$igk: raises $1.50 to $2.50
Joe_Li7: raises $5 to $7.50
mr.Jckpot: folds 
jimigoman: folds 
blistein: folds 
sta$igk: folds 
Uncalled bet ($5) returned to Joe_Li7
Joe_Li7 collected $6.50 from pot
*** SUMMARY ***
Total pot $6.50 | Rake $0 
Seat 1: sta$igk folded before Flop
Seat 2: Joe_Li7 collected ($6.50)
Seat 3: mr.Jckpot (button) folded before Flop (didn't bet)
Seat 4: jimigoman (small blind) folded before Flop
Seat 5: blistein (big blind) folded before Flop
Seat 6: vadjkeee folded before Flop (didn't bet)



PokerStars Hand #254248121142:  Hold'em No Limit ($0.50/$1.00 USD) - 2025/01/07 18:04:26 WET [2025/01/07 13:04:26 ET]
Table 'Aigyptios II' 6-max Seat #4 is the button
Seat 1: sta$igk ($100 in chips) 
Seat 2: Joe_Li7 ($104 in chips) 
Seat 3: mr.Jckpot ($140.23 in chips) 
Seat 4: jimigoman ($88.08 in chips) 
Seat 5: blistein ($114 in chips) 
Seat 6: vadjkeee ($109.87 in chips) 
blistein: posts small blind $0.50
vadjkeee: posts big blind $1
*** HOLE CARDS ***
sta$igk: folds 
Joe_Li7: folds 
mr.Jckpot: folds 
jimigoman: folds 
blistein: folds 
Uncalled bet ($0.50) returned to vadjkeee
vadjkeee collected $1 from pot
vadjkeee: doesn't show hand 
*** SUMMARY ***
Total pot $1 | Rake $0 
Seat 1: sta$igk folded before Flop (didn't bet)
Seat 2: Joe_Li7 folded before Flop (didn't bet)
Seat 3: mr.Jckpot folded before Flop (didn't bet)
Seat 4: jimigoman (button) folded before Flop (didn't bet)
Seat 5: blistein (small blind) folded before Flop
Seat 6: vadjkeee (big blind) collected ($1)



PokerStars Hand #254248123866:  Hold'em No Limit ($0.50/$1.00 USD) - 2025/01/07 18:04:36 WET [2025/01/07 13:04:36 ET]
Table 'Aigyptios II' 6-max Seat #5 is the button
Seat 1: sta$igk ($100 in chips) 
Seat 2: Joe_Li7 ($104 in chips) 
Seat 3: mr.Jckpot ($140.23 in chips) 
Seat 4: jimigoman ($88.08 in chips) 
Seat 5: blistein ($113.50 in chips) 
Seat 6: vadjkeee ($110.37 in chips) 
vadjkeee: posts small blind $0.50
sta$igk: posts big blind $1
*** HOLE CARDS ***
Joe_Li7: raises $1.20 to $2.20
mr.Jckpot: folds 
jimigoman: folds 
blistein: raises $4.80 to $7
vadjkeee: folds 
sta$igk: folds 
Joe_Li7: calls $4.80
*** FLOP *** [Td Th Qc]
Joe_Li7: checks 
blistein: bets $5
Joe_Li7: raises $10.87 to $15.87
blistein: calls $10.87
*** TURN *** [Td Th Qc] [9s]
Joe_Li7: bets $17.96
blistein: folds 
Uncalled bet ($17.96) returned to Joe_Li7
Joe_Li7 collected $44.88 from pot
*** SUMMARY ***
Total pot $47.24 | Rake $2.36 
Board [Td Th Qc 9s]
Seat 1: sta$igk (big blind) folded before Flop
Seat 2: Joe_Li7 collected ($44.88)
Seat 3: mr.Jckpot folded before Flop (didn't bet)
Seat 4: jimigoman folded before Flop (didn't bet)
Seat 5: blistein (button) folded on the Turn
Seat 6: vadjkeee (small blind) folded before Flop



PokerStars Hand #254248151937:  Hold'em No Limit ($0.50/$1.00 USD) - 2025/01/07 18:06:14 WET [2025/01/07 13:06:14 ET]
Table 'Aigyptios II' 6-max Seat #6 is the button
Seat 1: sta$igk ($100 in chips) 
Seat 2: Joe_Li7 ($126.01 in chips) 
Seat 3: mr.Jckpot ($140.23 in chips) 
Seat 4: jimigoman ($88.08 in chips) 
Seat 5: blistein ($100 in chips) 
Seat 6: vadjkeee ($109.87 in chips) 
sta$igk: posts small blind $0.50
Joe_Li7: posts big blind $1
*** HOLE CARDS ***
mr.Jckpot: folds 
jimigoman is disconnected 
jimigoman has timed out while disconnected
jimigoman: folds 
blistein: folds 
vadjkeee: folds 
sta$igk: raises $2 to $3
Joe_Li7: folds 
Uncalled bet ($2) returned to sta$igk
sta$igk collected $2 from pot
sta$igk: doesn't show hand 
*** SUMMARY ***
Total pot $2 | Rake $0 
Seat 1: sta$igk (small blind) collected ($2)
Seat 2: Joe_Li7 (big blind) folded before Flop
Seat 3: mr.Jckpot folded before Flop (didn't bet)
Seat 4: jimigoman folded before Flop (didn't bet)
Seat 5: blistein folded before Flop (didn't bet)
Seat 6: vadjkeee (button) folded before Flop (didn't bet)



PokerStars Hand #254248158949:  Hold'em No Limit ($0.50/$1.00 USD) - 2025/01/07 18:06:39 WET [2025/01/07 13:06:39 ET]
Table 'Aigyptios II' 6-max Seat #1 is the button
Seat 1: sta$igk ($101 in chips) 
Seat 2: Joe_Li7 ($125.01 in chips) 
Seat 3: mr.Jckpot ($140.23 in chips) 
Seat 4: jimigoman ($88.08 in chips) 
Seat 5: blistein ($100 in chips) 
Seat 6: vadjkeee ($109.87 in chips) 
Joe_Li7: posts small blind $0.50
mr.Jckpot: posts big blind $1
*** HOLE CARDS ***
jimigoman: folds 
blistein: folds 
vadjkeee: folds 
sta$igk: folds 
Joe_Li7: raises $2 to $3
mr.Jckpot: calls $2
*** FLOP *** [6s Jc 6d]
Joe_Li7: checks 
mr.Jckpot: checks 
*** TURN *** [6s Jc 6d] [Qs]
Joe_Li7: checks 
mr.Jckpot: bets $3.76
Joe_Li7: calls $3.76
*** RIVER *** [6s Jc 6d Qs] [7s]
Joe_Li7: checks 
mr.Jckpot: checks 
*** SHOW DOWN ***
Joe_Li7: shows [Qh 2h] (two pair, Queens and Sixes)
mr.Jckpot: mucks hand 
jimigoman is disconnected 
Joe_Li7 collected $12.84 from pot
*** SUMMARY ***
Total pot $13.52 | Rake $0.68 
Board [6s Jc 6d Qs 7s]
Seat 1: sta$igk (button) folded before Flop (didn't bet)
Seat 2: Joe_Li7 (small blind) showed [Qh 2h] and won ($12.84) with two pair, Queens and Sixes
Seat 3: mr.Jckpot (big blind) mucked
Seat 4: jimigoman folded before Flop (didn't bet)
Seat 5: blistein folded before Flop (didn't bet)
Seat 6: vadjkeee folded before Flop (didn't bet)



PokerStars Hand #254248179114:  Hold'em No Limit ($0.50/$1.00 USD) - 2025/01/07 18:07:50 WET [2025/01/07 13:07:50 ET]
Table 'Aigyptios II' 6-max Seat #2 is the button
Seat 1: sta$igk ($101 in chips) 
Seat 2: Joe_Li7 ($131.09 in chips) 
Seat 3: mr.Jckpot ($133.47 in chips) 
Seat 4: jimigoman ($88.08 in chips) 
Seat 5: blistein ($100 in chips) 
Seat 6: vadjkeee ($109.87 in chips) 
mr.Jckpot: posts small blind $0.50
jimigoman is connected 
jimigoman: posts big blind $1
*** HOLE CARDS ***
blistein: raises $1.20 to $2.20
vadjkeee: folds 
sta$igk: folds 
Joe_Li7: folds 
mr.Jckpot: folds 
jimigoman: folds 
Uncalled bet ($1.20) returned to blistein
blistein collected $2.50 from pot
blistein: doesn't show hand 
*** SUMMARY ***
Total pot $2.50 | Rake $0 
Seat 1: sta$igk folded before Flop (didn't bet)
Seat 2: Joe_Li7 (button) folded before Flop (didn't bet)
Seat 3: mr.Jckpot (small blind) folded before Flop
Seat 4: jimigoman (big blind) folded before Flop
Seat 5: blistein collected ($2.50)
Seat 6: vadjkeee folded before Flop (didn't bet)



PokerStars Hand #254248185024:  Hold'em No Limit ($0.50/$1.00 USD) - 2025/01/07 18:08:11 WET [2025/01/07 13:08:11 ET]
Table 'Aigyptios II' 6-max Seat #3 is the button
Seat 1: sta$igk ($101 in chips) 
Seat 2: Joe_Li7 ($131.09 in chips) 
Seat 3: mr.Jckpot ($132.97 in chips) 
Seat 4: jimigoman ($87.08 in chips) 
Seat 5: blistein ($101.50 in chips) 
Seat 6: vadjkeee ($109.87 in chips) 
jimigoman: posts small blind $0.50
blistein: posts big blind $1
*** HOLE CARDS ***
vadjkeee: folds 
sta$igk: folds 
Joe_Li7: raises $1.20 to $2.20
mr.Jckpot: raises $5.30 to $7.50
jimigoman: calls $7
blistein: folds 
Joe_Li7: folds 
*** FLOP *** [Th 8d 9c]
jimigoman: checks 
mr.Jckpot: bets $11
jimigoman: raises $68.58 to $79.58 and is all-in
mr.Jckpot: calls $68.58
*** TURN *** [Th 8d 9c] [2c]
*** RIVER *** [Th 8d 9c 2c] [4d]
*** SHOW DOWN ***
jimigoman: shows [Ks Ah] (high card Ace)
mr.Jckpot: shows [Qh Qc] (a pair of Queens)
mr.Jckpot collected $174.86 from pot
*** SUMMARY ***
Total pot $177.36 | Rake $2.50 
Board [Th 8d 9c 2c 4d]
Seat 1: sta$igk folded before Flop (didn't bet)
Seat 2: Joe_Li7 folded before Flop
Seat 3: mr.Jckpot (button) showed [Qh Qc] and won ($174.86) with a pair of Queens
Seat 4: jimigoman (small blind) showed [Ks Ah] and lost with high card Ace
Seat 5: blistein (big blind) folded before Flop
Seat 6: vadjkeee folded before Flop (didn't bet)



PokerStars Hand #254248200863:  Hold'em No Limit ($0.50/$1.00 USD) - 2025/01/07 18:09:06 WET [2025/01/07 13:09:06 ET]
Table 'Aigyptios II' 6-max Seat #5 is the button
Seat 4: jimigoman ($0 in chips) is sitting out
Seat 1: sta$igk ($101 in chips) 
Seat 2: Joe_Li7 ($128.89 in chips) 
Seat 3: mr.Jckpot ($220.75 in chips) 
Seat 5: blistein ($100.50 in chips) 
Seat 6: vadjkeee ($109.87 in chips) 
vadjkeee: posts small blind $0.50
sta$igk: posts big blind $1
*** HOLE CARDS ***
Joe_Li7: folds 
jimigoman leaves the table
mr.Jckpot: raises $1.50 to $2.50
blistein: folds 
vadjkeee: folds 
sta$igk: folds 
Uncalled bet ($1.50) returned to mr.Jckpot
mr.Jckpot collected $2.50 from pot
mr.Jckpot: doesn't show hand 
ceeuentee joins the table at seat #4 
*** SUMMARY ***
Total pot $2.50 | Rake $0 
Seat 4: jimigoman
Seat 1: sta$igk (big blind) folded before Flop
Seat 2: Joe_Li7 folded before Flop (didn't bet)
Seat 3: mr.Jckpot collected ($2.50)
Seat 5: blistein (button) folded before Flop (didn't bet)
Seat 6: vadjkeee (small blind) folded before Flop



PokerStars Hand #254248205194:  Hold'em No Limit ($0.50/$1.00 USD) - 2025/01/07 18:09:22 WET [2025/01/07 13:09:22 ET]
Table 'Aigyptios II' 6-max Seat #6 is the button
Seat 4: ceeuentee ($100 in chips) is sitting out
Seat 1: sta$igk ($100 in chips) 
Seat 2: Joe_Li7 ($128.89 in chips) 
Seat 3: mr.Jckpot ($222.25 in chips) 
Seat 5: blistein ($100.50 in chips) 
Seat 6: vadjkeee ($109.37 in chips) 
sta$igk: posts small blind $0.50
Joe_Li7: posts big blind $1
ceeuentee: sits out 
*** HOLE CARDS ***
mr.Jckpot: folds 
blistein: folds 
vadjkeee: folds 
sta$igk: raises $2 to $3
Joe_Li7: calls $2
*** FLOP *** [5s Tc Kh]
sta$igk: bets $1.88
Joe_Li7: folds 
Uncalled bet ($1.88) returned to sta$igk
sta$igk collected $5.70 from pot
sta$igk: doesn't show hand 
*** SUMMARY ***
Total pot $6 | Rake $0.30 
Board [5s Tc Kh]
Seat 4: ceeuentee
Seat 1: sta$igk (small blind) collected ($5.70)
Seat 2: Joe_Li7 (big blind) folded on the Flop
Seat 3: mr.Jckpot folded before Flop (didn't bet)
Seat 5: blistein folded before Flop (didn't bet)
Seat 6: vadjkeee (button) folded before Flop (didn't bet)



PokerStars Hand #254248215125:  Hold'em No Limit ($0.50/$1.00 USD) - 2025/01/07 18:09:56 WET [2025/01/07 13:09:56 ET]
Table 'Aigyptios II' 6-max Seat #1 is the button
Seat 4: ceeuentee ($100 in chips) is sitting out
Seat 1: sta$igk ($102.70 in chips) 
Seat 2: Joe_Li7 ($125.89 in chips) 
Seat 3: mr.Jckpot ($222.25 in chips) 
Seat 5: blistein ($100.50 in chips) 
Seat 6: vadjkeee ($109.37 in chips) 
Joe_Li7: posts small blind $0.50
mr.Jckpot: posts big blind $1
ceeuentee: sits out 
*** HOLE CARDS ***
blistein: folds 
vadjkeee: folds 
sta$igk: raises $1.50 to $2.50
Joe_Li7: folds 
mr.Jckpot: folds 
Uncalled bet ($1.50) returned to sta$igk
sta$igk collected $2.50 from pot
sta$igk: doesn't show hand 
*** SUMMARY ***
Total pot $2.50 | Rake $0 
Seat 4: ceeuentee
Seat 1: sta$igk (button) collected ($2.50)
Seat 2: Joe_Li7 (small blind) folded before Flop
Seat 3: mr.Jckpot (big blind) folded before Flop
Seat 5: blistein folded before Flop (didn't bet)
Seat 6: vadjkeee folded before Flop (didn't bet)



PokerStars Hand #254248229395:  Hold'em No Limit ($0.50/$1.00 USD) - 2025/01/07 18:10:45 WET [2025/01/07 13:10:45 ET]
Table 'Aigyptios II' 6-max Seat #2 is the button
Seat 1: sta$igk ($104.20 in chips) 
Seat 2: Joe_Li7 ($125.39 in chips) 
Seat 3: mr.Jckpot ($221.25 in chips) 
Seat 4: ceeuentee ($100 in chips) 
Seat 5: blistein ($100.50 in chips) 
Seat 6: vadjkeee ($109.37 in chips) 
mr.Jckpot: posts small blind $0.50
ceeuentee: posts big blind $1
*** HOLE CARDS ***
blistein: folds 
vadjkeee: folds 
sta$igk: folds 
Joe_Li7: raises $2.50 to $3.50
mr.Jckpot: folds 
ceeuentee: folds 
Uncalled bet ($2.50) returned to Joe_Li7
Joe_Li7 collected $2.50 from pot
*** SUMMARY ***
Total pot $2.50 | Rake $0 
Seat 1: sta$igk folded before Flop (didn't bet)
Seat 2: Joe_Li7 (button) collected ($2.50)
Seat 3: mr.Jckpot (small blind) folded before Flop
Seat 4: ceeuentee (big blind) folded before Flop
Seat 5: blistein folded before Flop (didn't bet)
Seat 6: vadjkeee folded before Flop (didn't bet)



PokerStars Hand #254248236974:  Hold'em No Limit ($0.50/$1.00 USD) - 2025/01/07 18:11:11 WET [2025/01/07 13:11:11 ET]
Table 'Aigyptios II' 6-max Seat #3 is the button
Seat 5: blistein ($100.50 in chips) is sitting out
Seat 1: sta$igk ($104.20 in chips) 
Seat 2: Joe_Li7 ($126.89 in chips) 
Seat 3: mr.Jckpot ($220.75 in chips) 
Seat 4: ceeuentee ($99 in chips) 
Seat 6: vadjkeee ($109.37 in chips) 
ceeuentee: posts small blind $0.50
blistein: is sitting out 
vadjkeee: posts big blind $1
*** HOLE CARDS ***
sta$igk: folds 
Joe_Li7: folds 
mr.Jckpot: folds 
ceeuentee: folds 
Uncalled bet ($0.50) returned to vadjkeee
blistein leaves the table
vadjkeee collected $1 from pot
vadjkeee: doesn't show hand 
*** SUMMARY ***
Total pot $1 | Rake $0 
Seat 5: blistein
Seat 1: sta$igk folded before Flop (didn't bet)
Seat 2: Joe_Li7 folded before Flop (didn't bet)
Seat 3: mr.Jckpot (button) folded before Flop (didn't bet)
Seat 4: ceeuentee (small blind) folded before Flop
Seat 6: vadjkeee (big blind) collected ($1)



PokerStars Hand #254248239561:  Hold'em No Limit ($0.50/$1.00 USD) - 2025/01/07 18:11:20 WET [2025/01/07 13:11:20 ET]
Table 'Aigyptios II' 6-max Seat #4 is the button
Seat 1: sta$igk ($104.20 in chips) 
Seat 2: Joe_Li7 ($126.89 in chips) 
Seat 3: mr.Jckpot ($220.75 in chips) 
Seat 4: ceeuentee ($98.50 in chips) 
Seat 6: vadjkeee ($109.87 in chips) 
vadjkeee: posts small blind $0.50
sta$igk: posts big blind $1
*** HOLE CARDS ***
PhoenixAssassin joins the table at seat #5 
Joe_Li7: folds 
mr.Jckpot: folds 
ceeuentee: folds 
vadjkeee: folds 
Uncalled bet ($0.50) returned to sta$igk
sta$igk collected $1 from pot
sta$igk: doesn't show hand 
*** SUMMARY ***
Total pot $1 | Rake $0 
Seat 1: sta$igk (big blind) collected ($1)
Seat 2: Joe_Li7 folded before Flop (didn't bet)
Seat 3: mr.Jckpot folded before Flop (didn't bet)
Seat 4: ceeuentee (button) folded before Flop (didn't bet)
Seat 6: vadjkeee (small blind) folded before Flop



PokerStars Hand #254248245482:  Hold'em No Limit ($0.50/$1.00 USD) - 2025/01/07 18:11:41 WET [2025/01/07 13:11:41 ET]
Table 'Aigyptios II' 6-max Seat #6 is the button
Seat 5: PhoenixAssassin ($100 in chips) is sitting out
Seat 1: sta$igk ($104.70 in chips) 
Seat 2: Joe_Li7 ($126.89 in chips) 
Seat 3: mr.Jckpot ($220.75 in chips) 
Seat 4: ceeuentee ($98.50 in chips) 
Seat 6: vadjkeee ($109.37 in chips) 
sta$igk: posts small blind $0.50
Joe_Li7: posts big blind $1
PhoenixAssassin: sits out 
*** HOLE CARDS ***
mr.Jckpot: folds 
ceeuentee: folds 
vadjkeee: folds 
sta$igk: raises $2 to $3
Joe_Li7: folds 
Uncalled bet ($2) returned to sta$igk
sta$igk collected $2 from pot
sta$igk: doesn't show hand 
*** SUMMARY ***
Total pot $2 | Rake $0 
Seat 5: PhoenixAssassin
Seat 1: sta$igk (small blind) collected ($2)
Seat 2: Joe_Li7 (big blind) folded before Flop
Seat 3: mr.Jckpot folded before Flop (didn't bet)
Seat 4: ceeuentee folded before Flop (didn't bet)
Seat 6: vadjkeee (button) folded before Flop (didn't bet)



PokerStars Hand #254248252160:  Hold'em No Limit ($0.50/$1.00 USD) - 2025/01/07 18:12:03 WET [2025/01/07 13:12:03 ET]
Table 'Aigyptios II' 6-max Seat #1 is the button
Seat 5: PhoenixAssassin ($100 in chips) is sitting out
Seat 1: sta$igk ($105.70 in chips) 
Seat 2: Joe_Li7 ($125.89 in chips) 
Seat 3: mr.Jckpot ($220.75 in chips) 
Seat 4: ceeuentee ($98.50 in chips) 
Seat 6: vadjkeee ($109.37 in chips) 
Joe_Li7: posts small blind $0.50
mr.Jckpot: posts big blind $1
PhoenixAssassin: sits out 
*** HOLE CARDS ***
ceeuentee: folds 
vadjkeee: raises $2 to $3
ceeuentee leaves the table
sta$igk: folds 
Joe_Li7: folds 
michasia joins the table at seat #4 
mr.Jckpot: calls $2
*** FLOP *** [4h Qd 9c]
mr.Jckpot: checks 
vadjkeee: bets $2.04
PhoenixAssassin leaves the table
mr.Jckpot: calls $2.04
*** TURN *** [4h Qd 9c] [3s]
mr.Jckpot: checks 
vadjkeee: bets $17.50
mr.Jckpot: folds 
Uncalled bet ($17.50) returned to vadjkeee
vadjkeee collected $10.05 from pot
vadjkeee: doesn't show hand 
*** SUMMARY ***
Total pot $10.58 | Rake $0.53 
Board [4h Qd 9c 3s]
Seat 5: PhoenixAssassin
Seat 1: sta$igk (button) folded before Flop (didn't bet)
Seat 2: Joe_Li7 (small blind) folded before Flop
Seat 3: mr.Jckpot (big blind) folded on the Turn
Seat 4: ceeuentee folded before Flop (didn't bet)
Seat 6: vadjkeee collected ($10.05)



PokerStars Hand #254248263557:  Hold'em No Limit ($0.50/$1.00 USD) - 2025/01/07 18:12:42 WET [2025/01/07 13:12:42 ET]
Table 'Aigyptios II' 6-max Seat #2 is the button
Seat 1: sta$igk ($105.70 in chips) 
Seat 2: Joe_Li7 ($125.39 in chips) 
Seat 3: mr.Jckpot ($215.71 in chips) 
Seat 4: michasia ($100 in chips) 
Seat 6: vadjkeee ($114.38 in chips) 
mr.Jckpot: posts small blind $0.50
michasia: posts big blind $1
*** HOLE CARDS ***
GoalieSchool joins the table at seat #5 
vadjkeee: folds 
sta$igk: raises $1.50 to $2.50
Joe_Li7: folds 
mr.Jckpot: folds 
michasia: folds 
Uncalled bet ($1.50) returned to sta$igk
sta$igk collected $2.50 from pot
sta$igk: doesn't show hand 
*** SUMMARY ***
Total pot $2.50 | Rake $0 
Seat 1: sta$igk collected ($2.50)
Seat 2: Joe_Li7 (button) folded before Flop (didn't bet)
Seat 3: mr.Jckpot (small blind) folded before Flop
Seat 4: michasia (big blind) folded before Flop
Seat 6: vadjkeee folded before Flop (didn't bet)



PokerStars Hand #254248266697:  Hold'em No Limit ($0.50/$1.00 USD) - 2025/01/07 18:12:53 WET [2025/01/07 13:12:53 ET]
Table 'Aigyptios II' 6-max Seat #3 is the button
Seat 1: sta$igk ($107.20 in chips) 
Seat 2: Joe_Li7 ($125.39 in chips) 
Seat 3: mr.Jckpot ($215.21 in chips) 
Seat 4: michasia ($100 in chips) 
Seat 5: GoalieSchool ($100 in chips) 
Seat 6: vadjkeee ($114.38 in chips) 
michasia: posts small blind $0.50
GoalieSchool: posts big blind $1
*** HOLE CARDS ***
vadjkeee: folds 
sta$igk: folds 
Joe_Li7: folds 
mr.Jckpot: raises $1.50 to $2.50
michasia: folds 
GoalieSchool: folds 
Uncalled bet ($1.50) returned to mr.Jckpot
mr.Jckpot collected $2.50 from pot
mr.Jckpot: doesn't show hand 
*** SUMMARY ***
Total pot $2.50 | Rake $0 
Seat 1: sta$igk folded before Flop (didn't bet)
Seat 2: Joe_Li7 folded before Flop (didn't bet)
Seat 3: mr.Jckpot (button) collected ($2.50)
Seat 4: michasia (small blind) folded before Flop
Seat 5: GoalieSchool (big blind) folded before Flop
Seat 6: vadjkeee folded before Flop (didn't bet)



