PokerStars Hand #254256585976:  Hold'em No Limit ($0.50/$1.00 USD) - 2025/01/07 3:08:33 WET [2025/01/07 22:08:33 ET]
Table 'Hypatia II' 6-max Seat #1 is the button
Seat 4: danuuutz ($100 in chips) is sitting out
Seat 5: B1GBankroll ($100 in chips) is sitting out
Seat 1: Manifestorr ($100 in chips) 
Seat 2: Consig|iori ($101.38 in chips) 
Seat 3: Supermegopro ($100 in chips) 
Seat 6: joey121295 ($36.08 in chips) 
Consig|iori: posts small blind $0.50
Supermegopro: posts big blind $1
danuuutz: sits out 
B1GBankroll: sits out 
*** HOLE CARDS ***
joey121295: folds 
Manifestorr: folds 
Consig|iori: folds 
Uncalled bet ($0.50) returned to Supermegopro
Supermegopro collected $1 from pot
Supermegopro: doesn't show hand 
*** SUMMARY ***
Total pot $1 | Rake $0 
Seat 4: danuuutz
Seat 5: B1GBankroll
Seat 1: Manifestorr (button) folded before Flop (didn't bet)
Seat 2: Consig|iori (small blind) folded before Flop
Seat 3: Supermegopro (big blind) collected ($1)
Seat 6: joey121295 folded before Flop (didn't bet)



PokerStars Hand #254256587597:  Hold'em No Limit ($0.50/$1.00 USD) - 2025/01/07 3:08:45 WET [2025/01/07 22:08:45 ET]
Table 'Hypatia II' 6-max Seat #2 is the button
Seat 5: B1GBankroll ($100 in chips) is sitting out
Seat 1: Manifestorr ($100 in chips) 
Seat 2: Consig|iori ($100.88 in chips) 
Seat 3: Supermegopro ($100.50 in chips) 
Seat 4: danuuutz ($100 in chips) 
Seat 6: joey121295 ($36.08 in chips) 
Supermegopro: posts small blind $0.50
danuuutz: posts big blind $1
B1GBankroll: sits out 
*** HOLE CARDS ***
joey121295: folds 
Manifestorr: raises $1.20 to $2.20
Consig|iori: folds 
Supermegopro: raises $9.80 to $12
danuuutz: folds 
Manifestorr: folds 
Uncalled bet ($9.80) returned to Supermegopro
Supermegopro collected $5.40 from pot
Supermegopro: doesn't show hand 
*** SUMMARY ***
Total pot $5.40 | Rake $0 
Seat 5: B1GBankroll
Seat 1: Manifestorr folded before Flop
Seat 2: Consig|iori (button) folded before Flop (didn't bet)
Seat 3: Supermegopro (small blind) collected ($5.40)
Seat 4: danuuutz (big blind) folded before Flop
Seat 6: joey121295 folded before Flop (didn't bet)



PokerStars Hand #254256592111:  Hold'em No Limit ($0.50/$1.00 USD) - 2025/01/07 3:09:19 WET [2025/01/07 22:09:19 ET]
Table 'Hypatia II' 6-max Seat #3 is the button
Seat 1: Manifestorr ($100 in chips) 
Seat 2: Consig|iori ($100.88 in chips) 
Seat 3: Supermegopro ($103.70 in chips) 
Seat 4: danuuutz ($100 in chips) 
Seat 5: B1GBankroll ($100 in chips) 
Seat 6: joey121295 ($36.08 in chips) 
danuuutz: posts small blind $0.50
B1GBankroll: posts big blind $1
*** HOLE CARDS ***
joey121295: calls $1
Manifestorr: folds 
Consig|iori: folds 
Supermegopro: folds 
danuuutz: calls $0.50
B1GBankroll: checks 
*** FLOP *** [Ac 3c 9c]
danuuutz: checks 
B1GBankroll: checks 
joey121295: bets $1
danuuutz: folds 
B1GBankroll: folds 
Uncalled bet ($1) returned to joey121295
joey121295 collected $2.85 from pot
*** SUMMARY ***
Total pot $3 | Rake $0.15 
Board [Ac 3c 9c]
Seat 1: Manifestorr folded before Flop (didn't bet)
Seat 2: Consig|iori folded before Flop (didn't bet)
Seat 3: Supermegopro (button) folded before Flop (didn't bet)
Seat 4: danuuutz (small blind) folded on the Flop
Seat 5: B1GBankroll (big blind) folded on the Flop
Seat 6: joey121295 collected ($2.85)



PokerStars Hand #254256600616:  Hold'em No Limit ($0.50/$1.00 USD) - 2025/01/07 3:10:21 WET [2025/01/07 22:10:21 ET]
Table 'Hypatia II' 6-max Seat #4 is the button
Seat 1: Manifestorr ($100 in chips) 
Seat 2: Consig|iori ($100.88 in chips) 
Seat 3: Supermegopro ($103.70 in chips) 
Seat 4: danuuutz ($100 in chips) 
Seat 5: B1GBankroll ($100 in chips) 
Seat 6: joey121295 ($37.93 in chips) 
B1GBankroll: posts small blind $0.50
joey121295: posts big blind $1
*** HOLE CARDS ***
Manifestorr: folds 
Consig|iori: folds 
Supermegopro: raises $1.50 to $2.50
danuuutz: folds 
B1GBankroll: folds 
joey121295: folds 
Uncalled bet ($1.50) returned to Supermegopro
Supermegopro collected $2.50 from pot
Supermegopro: doesn't show hand 
*** SUMMARY ***
Total pot $2.50 | Rake $0 
Seat 1: Manifestorr folded before Flop (didn't bet)
Seat 2: Consig|iori folded before Flop (didn't bet)
Seat 3: Supermegopro collected ($2.50)
Seat 4: danuuutz (button) folded before Flop (didn't bet)
Seat 5: B1GBankroll (small blind) folded before Flop
Seat 6: joey121295 (big blind) folded before Flop



PokerStars Hand #254256603971:  Hold'em No Limit ($0.50/$1.00 USD) - 2025/01/07 3:10:46 WET [2025/01/07 22:10:46 ET]
Table 'Hypatia II' 6-max Seat #5 is the button
Seat 1: Manifestorr ($100 in chips) 
Seat 2: Consig|iori ($100.88 in chips) 
Seat 3: Supermegopro ($105.20 in chips) 
Seat 4: danuuutz ($100 in chips) 
Seat 5: B1GBankroll ($100 in chips) 
Seat 6: joey121295 ($36.93 in chips) 
joey121295: posts small blind $0.50
Manifestorr: posts big blind $1
*** HOLE CARDS ***
Consig|iori: folds 
Supermegopro: folds 
danuuutz: folds 
B1GBankroll: folds 
joey121295: calls $0.50
Manifestorr: raises $3 to $4
joey121295: folds 
Uncalled bet ($3) returned to Manifestorr
Manifestorr collected $2 from pot
*** SUMMARY ***
Total pot $2 | Rake $0 
Seat 1: Manifestorr (big blind) collected ($2)
Seat 2: Consig|iori folded before Flop (didn't bet)
Seat 3: Supermegopro folded before Flop (didn't bet)
Seat 4: danuuutz folded before Flop (didn't bet)
Seat 5: B1GBankroll (button) folded before Flop (didn't bet)
Seat 6: joey121295 (small blind) folded before Flop



PokerStars Hand #254256609216:  Hold'em No Limit ($0.50/$1.00 USD) - 2025/01/07 3:11:24 WET [2025/01/07 22:11:24 ET]
Table 'Hypatia II' 6-max Seat #6 is the button
Seat 1: Manifestorr ($101 in chips) 
Seat 2: Consig|iori ($100.88 in chips) 
Seat 3: Supermegopro ($105.20 in chips) 
Seat 4: danuuutz ($100 in chips) 
Seat 5: B1GBankroll ($100 in chips) 
Seat 6: joey121295 ($35.93 in chips) 
Manifestorr: posts small blind $0.50
Consig|iori: posts big blind $1
*** HOLE CARDS ***
Supermegopro: raises $1.50 to $2.50
danuuutz: folds 
B1GBankroll: folds 
joey121295: folds 
Manifestorr: folds 
Consig|iori: folds 
Uncalled bet ($1.50) returned to Supermegopro
Supermegopro collected $2.50 from pot
Supermegopro: doesn't show hand 
*** SUMMARY ***
Total pot $2.50 | Rake $0 
Seat 1: Manifestorr (small blind) folded before Flop
Seat 2: Consig|iori (big blind) folded before Flop
Seat 3: Supermegopro collected ($2.50)
Seat 4: danuuutz folded before Flop (didn't bet)
Seat 5: B1GBankroll folded before Flop (didn't bet)
Seat 6: joey121295 (button) folded before Flop (didn't bet)



PokerStars Hand #254256612111:  Hold'em No Limit ($0.50/$1.00 USD) - 2025/01/07 3:11:46 WET [2025/01/07 22:11:46 ET]
Table 'Hypatia II' 6-max Seat #1 is the button
Seat 3: Supermegopro ($106.70 in chips) is sitting out
Seat 1: Manifestorr ($100.50 in chips) 
Seat 2: Consig|iori ($100 in chips) 
Seat 4: danuuutz ($100 in chips) 
Seat 5: B1GBankroll ($100 in chips) 
Seat 6: joey121295 ($35.93 in chips) 
Consig|iori: posts small blind $0.50
Supermegopro: is sitting out 
danuuutz: posts big blind $1
*** HOLE CARDS ***
Supermegopro leaves the table
B1GBankroll: folds 
joey121295: raises $1 to $2
Manifestorr: folds 
Consig|iori: folds 
danuuutz: folds 
Uncalled bet ($1) returned to joey121295
joey121295 collected $2.50 from pot
*** SUMMARY ***
Total pot $2.50 | Rake $0 
Seat 3: Supermegopro
Seat 1: Manifestorr (button) folded before Flop (didn't bet)
Seat 2: Consig|iori (small blind) folded before Flop
Seat 4: danuuutz (big blind) folded before Flop
Seat 5: B1GBankroll folded before Flop (didn't bet)
Seat 6: joey121295 collected ($2.50)



PokerStars Hand #254256616380:  Hold'em No Limit ($0.50/$1.00 USD) - 2025/01/07 3:12:18 WET [2025/01/07 22:12:18 ET]
Table 'Hypatia II' 6-max Seat #2 is the button
Seat 1: Manifestorr ($100.50 in chips) 
Seat 2: Consig|iori ($100 in chips) 
Seat 4: danuuutz ($100 in chips) 
Seat 5: B1GBankroll ($100 in chips) 
Seat 6: joey121295 ($37.43 in chips) 
danuuutz: posts small blind $0.50
B1GBankroll: posts big blind $1
*** HOLE CARDS ***
joey121295: folds 
Manifestorr: folds 
Consig|iori: raises $1.40 to $2.40
danuuutz: folds 
B1GBankroll: calls $1.40
*** FLOP *** [6h 4c Ac]
B1GBankroll: checks 
Consig|iori: checks 
*** TURN *** [6h 4c Ac] [7d]
B1GBankroll: checks 
Consig|iori: bets $2.50
B1GBankroll: folds 
Uncalled bet ($2.50) returned to Consig|iori
B1GBankroll leaves the table
Consig|iori collected $5.04 from pot
Consig|iori: doesn't show hand 
*** SUMMARY ***
Total pot $5.30 | Rake $0.26 
Board [6h 4c Ac 7d]
Seat 1: Manifestorr folded before Flop (didn't bet)
Seat 2: Consig|iori (button) collected ($5.04)
Seat 4: danuuutz (small blind) folded before Flop
Seat 5: B1GBankroll (big blind) folded on the Turn
Seat 6: joey121295 folded before Flop (didn't bet)



PokerStars Hand #254256625744:  Hold'em No Limit ($0.50/$1.00 USD) - 2025/01/07 3:13:27 WET [2025/01/07 22:13:27 ET]
Table 'Hypatia II' 6-max Seat #6 is the button
Seat 1: Manifestorr ($100.50 in chips) is sitting out
Seat 2: Consig|iori ($102.64 in chips) is sitting out
Seat 4: danuuutz ($100 in chips) 
Seat 6: joey121295 ($37.43 in chips) 
joey121295: posts small blind $0.50
Manifestorr: is sitting out 
Consig|iori: is sitting out 
danuuutz: posts big blind $1
*** HOLE CARDS ***
Manifestorr leaves the table
joey121295: folds 
Uncalled bet ($0.50) returned to danuuutz
danuuutz collected $1 from pot
danuuutz: doesn't show hand 
*** SUMMARY ***
Total pot $1 | Rake $0 
Seat 1: Manifestorr
Seat 2: Consig|iori
Seat 4: danuuutz (big blind) collected ($1)
Seat 6: joey121295 (button) (small blind) folded before Flop



PokerStars Hand #254256626758:  Hold'em No Limit ($0.50/$1.00 USD) - 2025/01/07 3:13:35 WET [2025/01/07 22:13:35 ET]
Table 'Hypatia II' 6-max Seat #4 is the button
Seat 2: Consig|iori ($102.64 in chips) is sitting out
Seat 4: danuuutz ($100.50 in chips) 
Seat 6: joey121295 ($36.93 in chips) 
danuuutz: posts small blind $0.50
joey121295: posts big blind $1
*** HOLE CARDS ***
danuuutz: raises $1.10 to $2.10
joey121295: calls $1.10
*** FLOP *** [7s Ah 8c]
Consig|iori leaves the table
joey121295: checks 
danuuutz: bets $1.12
joey121295: folds 
Uncalled bet ($1.12) returned to danuuutz
danuuutz collected $3.99 from pot
danuuutz: doesn't show hand 
*** SUMMARY ***
Total pot $4.20 | Rake $0.21 
Board [7s Ah 8c]
Seat 2: Consig|iori
Seat 4: danuuutz (button) (small blind) collected ($3.99)
Seat 6: joey121295 (big blind) folded on the Flop



PokerStars Hand #254256629760:  Hold'em No Limit ($0.50/$1.00 USD) - 2025/01/07 3:13:58 WET [2025/01/07 22:13:58 ET]
Table 'Hypatia II' 6-max Seat #6 is the button
Seat 4: danuuutz ($102.39 in chips) 
Seat 6: joey121295 ($34.83 in chips) 
joey121295: posts small blind $0.50
danuuutz: posts big blind $1
*** HOLE CARDS ***
joey121295: calls $0.50
danuuutz: checks 
*** FLOP *** [Kh 5h Qd]
danuuutz: checks 
joey121295: checks 
*** TURN *** [Kh 5h Qd] [9s]
danuuutz: checks 
joey121295: checks 
*** RIVER *** [Kh 5h Qd 9s] [Ks]
danuuutz: bets $1.62
joey121295: folds 
Uncalled bet ($1.62) returned to danuuutz
danuuutz collected $1.90 from pot
danuuutz: doesn't show hand 
*** SUMMARY ***
Total pot $2 | Rake $0.10 
Board [Kh 5h Qd 9s Ks]
Seat 4: danuuutz (big blind) collected ($1.90)
Seat 6: joey121295 (button) (small blind) folded on the River



PokerStars Hand #254256633146:  Hold'em No Limit ($0.50/$1.00 USD) - 2025/01/07 3:14:23 WET [2025/01/07 22:14:23 ET]
Table 'Hypatia II' 6-max Seat #4 is the button
Seat 4: danuuutz ($103.29 in chips) 
Seat 6: joey121295 ($33.83 in chips) 
danuuutz: posts small blind $0.50
joey121295: posts big blind $1
*** HOLE CARDS ***
danuuutz: calls $0.50
joey121295: checks 
*** FLOP *** [6c 9d 2d]
joey121295: bets $1
danuuutz: calls $1
*** TURN *** [6c 9d 2d] [2c]
joey121295: bets $1
danuuutz: calls $1
*** RIVER *** [6c 9d 2d 2c] [As]
joey121295: bets $30.83 and is all-in
danuuutz: folds 
Uncalled bet ($30.83) returned to joey121295
joey121295 collected $5.70 from pot
*** SUMMARY ***
Total pot $6 | Rake $0.30 
Board [6c 9d 2d 2c As]
Seat 4: danuuutz (button) (small blind) folded on the River
Seat 6: joey121295 (big blind) collected ($5.70)



PokerStars Hand #254256639199:  Hold'em No Limit ($0.50/$1.00 USD) - 2025/01/07 3:15:09 WET [2025/01/07 22:15:09 ET]
Table 'Hypatia II' 6-max Seat #6 is the button
Seat 4: danuuutz ($100.29 in chips) 
Seat 6: joey121295 ($36.53 in chips) 
joey121295: posts small blind $0.50
danuuutz: posts big blind $1
*** HOLE CARDS ***
joey121295: raises $1 to $2
B1GBankroll joins the table at seat #1 
danuuutz: folds 
Uncalled bet ($1) returned to joey121295
joey121295 collected $2 from pot
*** SUMMARY ***
Total pot $2 | Rake $0 
Seat 4: danuuutz (big blind) folded before Flop
Seat 6: joey121295 (button) (small blind) collected ($2)



PokerStars Hand #254256640599:  Hold'em No Limit ($0.50/$1.00 USD) - 2025/01/07 3:15:19 WET [2025/01/07 22:15:19 ET]
Table 'Hypatia II' 6-max Seat #4 is the button
Seat 1: B1GBankroll ($100 in chips) 
Seat 4: danuuutz ($100 in chips) 
Seat 6: joey121295 ($37.53 in chips) 
joey121295: posts small blind $0.50
B1GBankroll: posts big blind $1
*** HOLE CARDS ***
danuuutz: folds 
joey121295: calls $0.50
B1GBankroll: checks 
*** FLOP *** [Tc 9c 2c]
joey121295: checks 
B1GBankroll: bets $1
joey121295: calls $1
*** TURN *** [Tc 9c 2c] [6s]
joey121295: checks 
B1GBankroll: checks 
*** RIVER *** [Tc 9c 2c 6s] [5d]
joey121295: bets $4
B1GBankroll: folds 
Uncalled bet ($4) returned to joey121295
joey121295 collected $3.80 from pot
*** SUMMARY ***
Total pot $4 | Rake $0.20 
Board [Tc 9c 2c 6s 5d]
Seat 1: B1GBankroll (big blind) folded on the River
Seat 4: danuuutz (button) folded before Flop (didn't bet)
Seat 6: joey121295 (small blind) collected ($3.80)



PokerStars Hand #254256645199:  Hold'em No Limit ($0.50/$1.00 USD) - 2025/01/07 3:15:53 WET [2025/01/07 22:15:53 ET]
Table 'Hypatia II' 6-max Seat #6 is the button
Seat 1: B1GBankroll ($100 in chips) 
Seat 4: danuuutz ($100 in chips) 
Seat 6: joey121295 ($39.33 in chips) 
B1GBankroll: posts small blind $0.50
danuuutz: posts big blind $1
*** HOLE CARDS ***
joey121295: calls $1
B1GBankroll: folds 
danuuutz: checks 
*** FLOP *** [3h Jh Js]
danuuutz: checks 
joey121295: checks 
*** TURN *** [3h Jh Js] [2d]
danuuutz: checks 
joey121295: checks 
*** RIVER *** [3h Jh Js 2d] [Jd]
danuuutz: checks 
Bakao2 joins the table at seat #2 
Bakao2 is disconnected 
joey121295: bets $19
Consig|iori joins the table at seat #3 
danuuutz: raises $20.50 to $39.50
joey121295: folds 
Uncalled bet ($20.50) returned to danuuutz
danuuutz collected $39.50 from pot
danuuutz: doesn't show hand 
*** SUMMARY ***
Total pot $40.50 | Rake $1 
Board [3h Jh Js 2d Jd]
Seat 1: B1GBankroll (small blind) folded before Flop
Seat 4: danuuutz (big blind) collected ($39.50)
Seat 6: joey121295 (button) folded on the River



PokerStars Hand #254256652082:  Hold'em No Limit ($0.50/$1.00 USD) - 2025/01/07 3:16:44 WET [2025/01/07 22:16:44 ET]
Table 'Hypatia II' 6-max Seat #1 is the button
Seat 2: Bakao2 ($25 in chips) is sitting out
Seat 3: Consig|iori ($102.64 in chips) is sitting out
Seat 1: B1GBankroll ($100 in chips) 
Seat 4: danuuutz ($119.50 in chips) 
Seat 6: joey121295 ($19.33 in chips) 
danuuutz: posts small blind $0.50
joey121295: posts big blind $1
*** HOLE CARDS ***
B1GBankroll: folds 
danuuutz: calls $0.50
joey121295: checks 
*** FLOP *** [As 9c Kc]
danuuutz: checks 
joey121295: checks 
*** TURN *** [As 9c Kc] [Qd]
danuuutz: bets $1.39
joey121295: folds 
Uncalled bet ($1.39) returned to danuuutz
danuuutz collected $1.90 from pot
danuuutz: doesn't show hand 
*** SUMMARY ***
Total pot $2 | Rake $0.10 
Board [As 9c Kc Qd]
Seat 2: Bakao2
Seat 3: Consig|iori
Seat 1: B1GBankroll (button) folded before Flop (didn't bet)
Seat 4: danuuutz (small blind) collected ($1.90)
Seat 6: joey121295 (big blind) folded on the Turn



PokerStars Hand #254256655174:  Hold'em No Limit ($0.50/$1.00 USD) - 2025/01/07 3:17:08 WET [2025/01/07 22:17:08 ET]
Table 'Hypatia II' 6-max Seat #4 is the button
Seat 3: Consig|iori ($102.64 in chips) is sitting out
Seat 1: B1GBankroll ($100 in chips) 
Seat 2: Bakao2 ($25 in chips) 
Seat 4: danuuutz ($120.40 in chips) 
Seat 6: joey121295 ($18.33 in chips) 
joey121295: posts small blind $0.50
B1GBankroll: posts big blind $1
Bakao2: posts big blind $1
Consig|iori: sits out 
*** HOLE CARDS ***
Bakao2: checks 
danuuutz: raises $1.10 to $2.10
joey121295: calls $1.60
B1GBankroll: calls $1.10
Bakao2: calls $1.10
*** FLOP *** [Kd 4c 5s]
joey121295: checks 
B1GBankroll: checks 
Bakao2: checks 
danuuutz: checks 
*** TURN *** [Kd 4c 5s] [9h]
joey121295: bets $3
B1GBankroll: folds 
Bakao2: folds 
danuuutz: calls $3
*** RIVER *** [Kd 4c 5s 9h] [8d]
joey121295: bets $13.23 and is all-in
danuuutz: folds 
Uncalled bet ($13.23) returned to joey121295
joey121295 collected $13.68 from pot
*** SUMMARY ***
Total pot $14.40 | Rake $0.72 
Board [Kd 4c 5s 9h 8d]
Seat 3: Consig|iori
Seat 1: B1GBankroll (big blind) folded on the Turn
Seat 2: Bakao2 folded on the Turn
Seat 4: danuuutz (button) folded on the River
Seat 6: joey121295 (small blind) collected ($13.68)



PokerStars Hand #254256666223:  Hold'em No Limit ($0.50/$1.00 USD) - 2025/01/07 3:18:31 WET [2025/01/07 22:18:31 ET]
Table 'Hypatia II' 6-max Seat #6 is the button
Seat 3: Consig|iori ($102.64 in chips) is sitting out
Seat 1: B1GBankroll ($100 in chips) 
Seat 2: Bakao2 ($22.90 in chips) 
Seat 4: danuuutz ($115.30 in chips) 
Seat 6: joey121295 ($26.91 in chips) 
B1GBankroll: posts small blind $0.50
Bakao2: posts big blind $1
Consig|iori: sits out 
*** HOLE CARDS ***
danuuutz: folds 
joey121295: calls $1
B1GBankroll: folds 
Bakao2: checks 
*** FLOP *** [Ad Th 2d]
Bakao2: checks 
joey121295: checks 
*** TURN *** [Ad Th 2d] [Js]
Bakao2: checks 
joey121295: checks 
*** RIVER *** [Ad Th 2d Js] [2s]
avlee1 joins the table at seat #5 
Bakao2: checks 
joey121295: checks 
*** SHOW DOWN ***
Bakao2: shows [4d Qs] (a pair of Deuces)
joey121295: shows [6c Kh] (a pair of Deuces - Ace+King kicker)
joey121295 collected $2.38 from pot
*** SUMMARY ***
Total pot $2.50 | Rake $0.12 
Board [Ad Th 2d Js 2s]
Seat 3: Consig|iori
Seat 1: B1GBankroll (small blind) folded before Flop
Seat 2: Bakao2 (big blind) showed [4d Qs] and lost with a pair of Deuces
Seat 4: danuuutz folded before Flop (didn't bet)
Seat 6: joey121295 (button) showed [6c Kh] and won ($2.38) with a pair of Deuces



PokerStars Hand #254256670933:  Hold'em No Limit ($0.50/$1.00 USD) - 2025/01/07 3:19:07 WET [2025/01/07 22:19:07 ET]
Table 'Hypatia II' 6-max Seat #1 is the button
Seat 5: avlee1 ($100 in chips) is sitting out
Seat 1: B1GBankroll ($100 in chips) 
Seat 2: Bakao2 ($21.90 in chips) 
Seat 3: Consig|iori ($102.64 in chips) 
Seat 4: danuuutz ($115.30 in chips) 
Seat 6: joey121295 ($28.29 in chips) 
Bakao2: posts small blind $0.50
Consig|iori: posts big blind $1
avlee1: sits out 
*** HOLE CARDS ***
danuuutz: folds 
joey121295: raises $1 to $2
B1GBankroll: folds 
Bakao2: raises $1 to $3
Consig|iori: folds 
joey121295: calls $1
*** FLOP *** [2c 6s 2s]
Bakao2: bets $3.33
joey121295: calls $3.33
*** TURN *** [2c 6s 2s] [Jh]
Bakao2: bets $6.49
joey121295: folds 
Uncalled bet ($6.49) returned to Bakao2
Bakao2 collected $12.98 from pot
Bakao2: doesn't show hand 
*** SUMMARY ***
Total pot $13.66 | Rake $0.68 
Board [2c 6s 2s Jh]
Seat 5: avlee1
Seat 1: B1GBankroll (button) folded before Flop (didn't bet)
Seat 2: Bakao2 (small blind) collected ($12.98)
Seat 3: Consig|iori (big blind) folded before Flop
Seat 4: danuuutz folded before Flop (didn't bet)
Seat 6: joey121295 folded on the Turn



PokerStars Hand #254256677072:  Hold'em No Limit ($0.50/$1.00 USD) - 2025/01/07 3:19:52 WET [2025/01/07 22:19:52 ET]
Table 'Hypatia II' 6-max Seat #2 is the button
Seat 5: avlee1 ($100 in chips) is sitting out
Seat 1: B1GBankroll ($100 in chips) 
Seat 2: Bakao2 ($28.55 in chips) 
Seat 3: Consig|iori ($101.64 in chips) 
Seat 4: danuuutz ($115.30 in chips) 
Seat 6: joey121295 ($21.96 in chips) 
Consig|iori: posts small blind $0.50
danuuutz: posts big blind $1
avlee1: sits out 
*** HOLE CARDS ***
joey121295: folds 
B1GBankroll: folds 
Bakao2: folds 
Consig|iori: raises $2.10 to $3.10
danuuutz: calls $2.10
*** FLOP *** [4h Ah Qh]
Consig|iori: checks 
danuuutz: checks 
*** TURN *** [4h Ah Qh] [Kd]
Consig|iori: checks 
danuuutz: checks 
*** RIVER *** [4h Ah Qh Kd] [9d]
Consig|iori: checks 
danuuutz: checks 
*** SHOW DOWN ***
Consig|iori: shows [Ks 2s] (a pair of Kings)
danuuutz: shows [Kh Js] (a pair of Kings - Ace+Queen+Jack kicker)
danuuutz collected $5.89 from pot
*** SUMMARY ***
Total pot $6.20 | Rake $0.31 
Board [4h Ah Qh Kd 9d]
Seat 5: avlee1
Seat 1: B1GBankroll folded before Flop (didn't bet)
Seat 2: Bakao2 (button) folded before Flop (didn't bet)
Seat 3: Consig|iori (small blind) showed [Ks 2s] and lost with a pair of Kings
Seat 4: danuuutz (big blind) showed [Kh Js] and won ($5.89) with a pair of Kings
Seat 6: joey121295 folded before Flop (didn't bet)



PokerStars Hand #254256686255:  Hold'em No Limit ($0.50/$1.00 USD) - 2025/01/07 3:20:59 WET [2025/01/07 22:20:59 ET]
Table 'Hypatia II' 6-max Seat #3 is the button
Seat 1: B1GBankroll ($100 in chips) 
Seat 2: Bakao2 ($28.55 in chips) 
Seat 3: Consig|iori ($100 in chips) 
Seat 4: danuuutz ($118.09 in chips) 
Seat 5: avlee1 ($100 in chips) 
Seat 6: joey121295 ($21.96 in chips) 
danuuutz: posts small blind $0.50
avlee1: posts big blind $1
*** HOLE CARDS ***
joey121295: folds 
B1GBankroll: folds 
Bakao2: raises $2.50 to $3.50
Consig|iori: folds 
danuuutz: folds 
avlee1: folds 
Uncalled bet ($2.50) returned to Bakao2
Bakao2 collected $2.50 from pot
Bakao2: doesn't show hand 
*** SUMMARY ***
Total pot $2.50 | Rake $0 
Seat 1: B1GBankroll folded before Flop (didn't bet)
Seat 2: Bakao2 collected ($2.50)
Seat 3: Consig|iori (button) folded before Flop (didn't bet)
Seat 4: danuuutz (small blind) folded before Flop
Seat 5: avlee1 (big blind) folded before Flop
Seat 6: joey121295 folded before Flop (didn't bet)



PokerStars Hand #254256688491:  Hold'em No Limit ($0.50/$1.00 USD) - 2025/01/07 3:21:16 WET [2025/01/07 22:21:16 ET]
Table 'Hypatia II' 6-max Seat #4 is the button
Seat 1: B1GBankroll ($100 in chips) 
Seat 2: Bakao2 ($30.05 in chips) 
Seat 3: Consig|iori ($100 in chips) 
Seat 4: danuuutz ($117.59 in chips) 
Seat 5: avlee1 ($100 in chips) 
Seat 6: joey121295 ($21.96 in chips) 
avlee1: posts small blind $0.50
joey121295: posts big blind $1
*** HOLE CARDS ***
B1GBankroll: raises $1.50 to $2.50
Bakao2: folds 
Consig|iori: folds 
danuuutz: folds 
avlee1: folds 
joey121295: calls $1.50
*** FLOP *** [8s 5d 2h]
joey121295: bets $4
B1GBankroll: folds 
Uncalled bet ($4) returned to joey121295
joey121295 collected $5.22 from pot
*** SUMMARY ***
Total pot $5.50 | Rake $0.28 
Board [8s 5d 2h]
Seat 1: B1GBankroll folded on the Flop
Seat 2: Bakao2 folded before Flop (didn't bet)
Seat 3: Consig|iori folded before Flop (didn't bet)
Seat 4: danuuutz (button) folded before Flop (didn't bet)
Seat 5: avlee1 (small blind) folded before Flop
Seat 6: joey121295 (big blind) collected ($5.22)



PokerStars Hand #254256693531:  Hold'em No Limit ($0.50/$1.00 USD) - 2025/01/07 3:21:53 WET [2025/01/07 22:21:53 ET]
Table 'Hypatia II' 6-max Seat #5 is the button
Seat 1: B1GBankroll ($100 in chips) 
Seat 2: Bakao2 ($30.05 in chips) 
Seat 3: Consig|iori ($100 in chips) 
Seat 4: danuuutz ($117.59 in chips) 
Seat 5: avlee1 ($100 in chips) 
Seat 6: joey121295 ($24.68 in chips) 
joey121295: posts small blind $0.50
B1GBankroll: posts big blind $1
*** HOLE CARDS ***
Bakao2: folds 
Consig|iori: raises $1.40 to $2.40
danuuutz: folds 
avlee1: folds 
joey121295: calls $1.90
B1GBankroll: calls $1.40
*** FLOP *** [2c Jh 8c]
joey121295: checks 
B1GBankroll: checks 
Consig|iori: bets $4.45
joey121295: folds 
B1GBankroll: folds 
Uncalled bet ($4.45) returned to Consig|iori
Consig|iori collected $6.84 from pot
Consig|iori: doesn't show hand 
*** SUMMARY ***
Total pot $7.20 | Rake $0.36 
Board [2c Jh 8c]
Seat 1: B1GBankroll (big blind) folded on the Flop
Seat 2: Bakao2 folded before Flop (didn't bet)
Seat 3: Consig|iori collected ($6.84)
Seat 4: danuuutz folded before Flop (didn't bet)
Seat 5: avlee1 (button) folded before Flop (didn't bet)
Seat 6: joey121295 (small blind) folded on the Flop



PokerStars Hand #254256699874:  Hold'em No Limit ($0.50/$1.00 USD) - 2025/01/07 3:22:40 WET [2025/01/07 22:22:40 ET]
Table 'Hypatia II' 6-max Seat #6 is the button
Seat 1: B1GBankroll ($100 in chips) 
Seat 2: Bakao2 ($30.05 in chips) 
Seat 3: Consig|iori ($104.44 in chips) 
Seat 4: danuuutz ($117.59 in chips) 
Seat 5: avlee1 ($100 in chips) 
Seat 6: joey121295 ($22.28 in chips) 
B1GBankroll: posts small blind $0.50
Bakao2: posts big blind $1
*** HOLE CARDS ***
Consig|iori: folds 
danuuutz: folds 
avlee1: folds 
joey121295: calls $1
B1GBankroll: folds 
Bakao2: checks 
*** FLOP *** [9h Ts 9d]
Bakao2: checks 
joey121295: bets $1
Bakao2: folds 
Uncalled bet ($1) returned to joey121295
joey121295 collected $2.38 from pot
*** SUMMARY ***
Total pot $2.50 | Rake $0.12 
Board [9h Ts 9d]
Seat 1: B1GBankroll (small blind) folded before Flop
Seat 2: Bakao2 (big blind) folded on the Flop
Seat 3: Consig|iori folded before Flop (didn't bet)
Seat 4: danuuutz folded before Flop (didn't bet)
Seat 5: avlee1 folded before Flop (didn't bet)
Seat 6: joey121295 (button) collected ($2.38)



PokerStars Hand #254256704031:  Hold'em No Limit ($0.50/$1.00 USD) - 2025/01/07 3:23:11 WET [2025/01/07 22:23:11 ET]
Table 'Hypatia II' 6-max Seat #1 is the button
Seat 3: Consig|iori ($104.44 in chips) is sitting out
Seat 1: B1GBankroll ($100 in chips) 
Seat 2: Bakao2 ($29.05 in chips) 
Seat 4: danuuutz ($117.59 in chips) 
Seat 5: avlee1 ($100 in chips) 
Seat 6: joey121295 ($23.66 in chips) 
Bakao2: posts small blind $0.50
Consig|iori: is sitting out 
danuuutz: posts big blind $1
*** HOLE CARDS ***
avlee1: raises $1.50 to $2.50
joey121295: folds 
B1GBankroll: folds 
Bakao2: folds 
Consig|iori leaves the table
danuuutz: folds 
Uncalled bet ($1.50) returned to avlee1
avlee1 collected $2.50 from pot
avlee1: doesn't show hand 
*** SUMMARY ***
Total pot $2.50 | Rake $0 
Seat 3: Consig|iori
Seat 1: B1GBankroll (button) folded before Flop (didn't bet)
Seat 2: Bakao2 (small blind) folded before Flop
Seat 4: danuuutz (big blind) folded before Flop
Seat 5: avlee1 collected ($2.50)
Seat 6: joey121295 folded before Flop (didn't bet)



PokerStars Hand #254256706506:  Hold'em No Limit ($0.50/$1.00 USD) - 2025/01/07 3:23:30 WET [2025/01/07 22:23:30 ET]
Table 'Hypatia II' 6-max Seat #2 is the button
Seat 1: B1GBankroll ($100 in chips) 
Seat 2: Bakao2 ($28.55 in chips) 
Seat 4: danuuutz ($116.59 in chips) 
Seat 5: avlee1 ($101.50 in chips) 
Seat 6: joey121295 ($23.66 in chips) 
danuuutz: posts small blind $0.50
avlee1: posts big blind $1
*** HOLE CARDS ***
joey121295: raises $1 to $2
B1GBankroll: folds 
Bakao2: folds 
danuuutz: folds 
avlee1: folds 
Uncalled bet ($1) returned to joey121295
joey121295 collected $2.50 from pot
Rysiff joins the table at seat #3 
*** SUMMARY ***
Total pot $2.50 | Rake $0 
Seat 1: B1GBankroll folded before Flop (didn't bet)
Seat 2: Bakao2 (button) folded before Flop (didn't bet)
Seat 4: danuuutz (small blind) folded before Flop
Seat 5: avlee1 (big blind) folded before Flop
Seat 6: joey121295 collected ($2.50)



PokerStars Hand #254256709865:  Hold'em No Limit ($0.50/$1.00 USD) - 2025/01/07 3:23:55 WET [2025/01/07 22:23:55 ET]
Table 'Hypatia II' 6-max Seat #4 is the button
Seat 3: Rysiff ($100 in chips) is sitting out
Seat 1: B1GBankroll ($100 in chips) 
Seat 2: Bakao2 ($28.55 in chips) 
Seat 4: danuuutz ($116.09 in chips) 
Seat 5: avlee1 ($100.50 in chips) 
Seat 6: joey121295 ($25.16 in chips) 
avlee1: posts small blind $0.50
joey121295: posts big blind $1
Rysiff: sits out 
*** HOLE CARDS ***
B1GBankroll: folds 
Bakao2: folds 
danuuutz: folds 
avlee1: folds 
Uncalled bet ($0.50) returned to joey121295
joey121295 collected $1 from pot
*** SUMMARY ***
Total pot $1 | Rake $0 
Seat 3: Rysiff
Seat 1: B1GBankroll folded before Flop (didn't bet)
Seat 2: Bakao2 folded before Flop (didn't bet)
Seat 4: danuuutz (button) folded before Flop (didn't bet)
Seat 5: avlee1 (small blind) folded before Flop
Seat 6: joey121295 (big blind) collected ($1)



PokerStars Hand #254256711797:  Hold'em No Limit ($0.50/$1.00 USD) - 2025/01/07 3:24:10 WET [2025/01/07 22:24:10 ET]
Table 'Hypatia II' 6-max Seat #5 is the button
Seat 3: Rysiff ($100 in chips) is sitting out
Seat 1: B1GBankroll ($100 in chips) 
Seat 2: Bakao2 ($28.55 in chips) 
Seat 4: danuuutz ($116.09 in chips) 
Seat 5: avlee1 ($100 in chips) 
Seat 6: joey121295 ($25.66 in chips) 
joey121295: posts small blind $0.50
B1GBankroll: posts big blind $1
Rysiff: sits out 
*** HOLE CARDS ***
Bakao2: folds 
danuuutz: folds 
avlee1: raises $1.50 to $2.50
joey121295: calls $2
B1GBankroll: folds 
*** FLOP *** [Kd Qh 7h]
joey121295: checks 
avlee1: checks 
*** TURN *** [Kd Qh 7h] [5h]
joey121295: bets $6
avlee1: folds 
Uncalled bet ($6) returned to joey121295
joey121295 collected $5.70 from pot
*** SUMMARY ***
Total pot $6 | Rake $0.30 
Board [Kd Qh 7h 5h]
Seat 3: Rysiff
Seat 1: B1GBankroll (big blind) folded before Flop
Seat 2: Bakao2 folded before Flop (didn't bet)
Seat 4: danuuutz folded before Flop (didn't bet)
Seat 5: avlee1 (button) folded on the Turn
Seat 6: joey121295 (small blind) collected ($5.70)



PokerStars Hand #254256721703:  Hold'em No Limit ($0.50/$1.00 USD) - 2025/01/07 3:25:25 WET [2025/01/07 22:25:25 ET]
Table 'Hypatia II' 6-max Seat #6 is the button
Seat 3: Rysiff ($100 in chips) is sitting out
Seat 1: B1GBankroll ($100 in chips) 
Seat 2: Bakao2 ($28.55 in chips) 
Seat 4: danuuutz ($116.09 in chips) 
Seat 5: avlee1 ($100 in chips) 
Seat 6: joey121295 ($28.86 in chips) 
B1GBankroll: posts small blind $0.50
Bakao2: posts big blind $1
Rysiff: sits out 
*** HOLE CARDS ***
danuuutz: raises $1.10 to $2.10
avlee1: folds 
joey121295: folds 
B1GBankroll: folds 
Bakao2: calls $1.10
*** FLOP *** [4h 6d 5s]
Bakao2: bets $4.46
danuuutz: folds 
Uncalled bet ($4.46) returned to Bakao2
Bakao2 collected $4.46 from pot
*** SUMMARY ***
Total pot $4.70 | Rake $0.24 
Board [4h 6d 5s]
Seat 3: Rysiff
Seat 1: B1GBankroll (small blind) folded before Flop
Seat 2: Bakao2 (big blind) collected ($4.46)
Seat 4: danuuutz folded on the Flop
Seat 5: avlee1 folded before Flop (didn't bet)
Seat 6: joey121295 (button) folded before Flop (didn't bet)



PokerStars Hand #254256724914:  Hold'em No Limit ($0.50/$1.00 USD) - 2025/01/07 3:25:49 WET [2025/01/07 22:25:49 ET]
Table 'Hypatia II' 6-max Seat #1 is the button
Seat 1: B1GBankroll ($100 in chips) 
Seat 2: Bakao2 ($30.91 in chips) 
Seat 3: Rysiff ($100 in chips) 
Seat 4: danuuutz ($113.99 in chips) 
Seat 5: avlee1 ($100 in chips) 
Seat 6: joey121295 ($28.86 in chips) 
Bakao2: posts small blind $0.50
Rysiff: posts big blind $1
*** HOLE CARDS ***
danuuutz: folds 
avlee1: raises $1.50 to $2.50
joey121295: folds 
B1GBankroll: folds 
Bakao2: calls $2
Rysiff: folds 
*** FLOP *** [9h 3s 9d]
Bakao2: bets $2.85
avlee1: calls $2.85
*** TURN *** [9h 3s 9d] [Tc]
Bakao2: bets $5.56
avlee1: folds 
Uncalled bet ($5.56) returned to Bakao2
Bakao2 collected $11.12 from pot
Bakao2: doesn't show hand 
*** SUMMARY ***
Total pot $11.70 | Rake $0.58 
Board [9h 3s 9d Tc]
Seat 1: B1GBankroll (button) folded before Flop (didn't bet)
Seat 2: Bakao2 (small blind) collected ($11.12)
Seat 3: Rysiff (big blind) folded before Flop
Seat 4: danuuutz folded before Flop (didn't bet)
Seat 5: avlee1 folded on the Turn
Seat 6: joey121295 folded before Flop (didn't bet)



PokerStars Hand #254256732834:  Hold'em No Limit ($0.50/$1.00 USD) - 2025/01/07 3:26:49 WET [2025/01/07 22:26:49 ET]
Table 'Hypatia II' 6-max Seat #2 is the button
Seat 1: B1GBankroll ($100 in chips) 
Seat 2: Bakao2 ($36.68 in chips) 
Seat 3: Rysiff ($100 in chips) 
Seat 4: danuuutz ($113.99 in chips) 
Seat 5: avlee1 ($100 in chips) 
Seat 6: joey121295 ($28.86 in chips) 
Rysiff: posts small blind $0.50
danuuutz: posts big blind $1
*** HOLE CARDS ***
avlee1: folds 
joey121295: calls $1
B1GBankroll: folds 
Bakao2: calls $1
Rysiff: folds 
danuuutz: checks 
*** FLOP *** [8d 3c Qd]
danuuutz: checks 
joey121295: bets $2
Bakao2: calls $2
danuuutz: folds 
*** TURN *** [8d 3c Qd] [Ks]
joey121295: bets $5
Bakao2: calls $5
*** RIVER *** [8d 3c Qd Ks] [Ad]
joey121295: bets $20.86 and is all-in
Bakao2: calls $20.86
*** SHOW DOWN ***
joey121295: shows [Kc 8h] (two pair, Kings and Eights)
Bakao2: shows [Td 3d] (a flush, Ace high)
Bakao2 collected $56.72 from pot
*** SUMMARY ***
Total pot $59.22 | Rake $2.50 
Board [8d 3c Qd Ks Ad]
Seat 1: B1GBankroll folded before Flop (didn't bet)
Seat 2: Bakao2 (button) showed [Td 3d] and won ($56.72) with a flush, Ace high
Seat 3: Rysiff (small blind) folded before Flop
Seat 4: danuuutz (big blind) folded on the Flop
Seat 5: avlee1 folded before Flop (didn't bet)
Seat 6: joey121295 showed [Kc 8h] and lost with two pair, Kings and Eights



PokerStars Hand #254256740471:  Hold'em No Limit ($0.50/$1.00 USD) - 2025/01/07 3:27:48 WET [2025/01/07 22:27:48 ET]
Table 'Hypatia II' 6-max Seat #3 is the button
Seat 6: joey121295 ($0 in chips) is sitting out
Seat 1: B1GBankroll ($100 in chips) 
Seat 2: Bakao2 ($64.54 in chips) 
Seat 3: Rysiff ($100 in chips) 
Seat 4: danuuutz ($112.99 in chips) 
Seat 5: avlee1 ($100 in chips) 
danuuutz: posts small blind $0.50
avlee1: posts big blind $1
*** HOLE CARDS ***
B1GBankroll: folds 
Bakao2: calls $1
joey121295 is disconnected 
Rysiff: folds 
danuuutz: raises $1.10 to $2.10
avlee1: folds 
Bakao2: calls $1.10
*** FLOP *** [4h 7s 4d]
danuuutz: checks 
Bakao2: checks 
*** TURN *** [4h 7s 4d] [9h]
danuuutz: checks 
Bakao2: checks 
*** RIVER *** [4h 7s 4d 9h] [7c]
danuuutz: checks 
Bakao2: bets $4.94
danuuutz: folds 
Uncalled bet ($4.94) returned to Bakao2
Bakao2 collected $4.94 from pot
Bakao2: doesn't show hand 
*** SUMMARY ***
Total pot $5.20 | Rake $0.26 
Board [4h 7s 4d 9h 7c]
Seat 6: joey121295
Seat 1: B1GBankroll folded before Flop (didn't bet)
Seat 2: Bakao2 collected ($4.94)
Seat 3: Rysiff (button) folded before Flop (didn't bet)
Seat 4: danuuutz (small blind) folded on the River
Seat 5: avlee1 (big blind) folded before Flop



PokerStars Hand #254256746895:  Hold'em No Limit ($0.50/$1.00 USD) - 2025/01/07 3:28:38 WET [2025/01/07 22:28:38 ET]
Table 'Hypatia II' 6-max Seat #4 is the button
Seat 6: joey121295 ($0 in chips) is sitting out
Seat 1: B1GBankroll ($100 in chips) 
Seat 2: Bakao2 ($67.38 in chips) 
Seat 3: Rysiff ($100 in chips) 
Seat 4: danuuutz ($110.89 in chips) 
Seat 5: avlee1 ($100 in chips) 
avlee1: posts small blind $0.50
B1GBankroll: posts big blind $1
*** HOLE CARDS ***
Bakao2: raises $2 to $3
Rysiff: folds 
danuuutz: folds 
avlee1: folds 
B1GBankroll: calls $2
*** FLOP *** [2c 6h 7c]
B1GBankroll: checks 
Bakao2: bets $6.18
B1GBankroll: folds 
Uncalled bet ($6.18) returned to Bakao2
Bakao2 collected $6.18 from pot
*** SUMMARY ***
Total pot $6.50 | Rake $0.32 
Board [2c 6h 7c]
Seat 6: joey121295
Seat 1: B1GBankroll (big blind) folded on the Flop
Seat 2: Bakao2 collected ($6.18)
Seat 3: Rysiff folded before Flop (didn't bet)
Seat 4: danuuutz (button) folded before Flop (didn't bet)
Seat 5: avlee1 (small blind) folded before Flop



PokerStars Hand #254256750702:  Hold'em No Limit ($0.50/$1.00 USD) - 2025/01/07 3:29:07 WET [2025/01/07 22:29:07 ET]
Table 'Hypatia II' 6-max Seat #5 is the button
Seat 6: joey121295 ($0 in chips) is sitting out
Seat 1: B1GBankroll ($100 in chips) 
Seat 2: Bakao2 ($70.56 in chips) 
Seat 3: Rysiff ($100 in chips) 
Seat 4: danuuutz ($110.89 in chips) 
Seat 5: avlee1 ($100 in chips) 
B1GBankroll: posts small blind $0.50
Bakao2: posts big blind $1
*** HOLE CARDS ***
Rysiff: raises $1.50 to $2.50
danuuutz: folds 
avlee1: folds 
B1GBankroll: folds 
Bakao2: calls $1.50
*** FLOP *** [Qc Ts 2s]
Bakao2: checks 
Rysiff: checks 
*** TURN *** [Qc Ts 2s] [7c]
Bakao2: checks 
Rysiff: checks 
*** RIVER *** [Qc Ts 2s 7c] [Ks]
Bakao2: bets $5.22
Rysiff: folds 
Uncalled bet ($5.22) returned to Bakao2
Bakao2 collected $5.22 from pot
*** SUMMARY ***
Total pot $5.50 | Rake $0.28 
Board [Qc Ts 2s 7c Ks]
Seat 6: joey121295
Seat 1: B1GBankroll (small blind) folded before Flop
Seat 2: Bakao2 (big blind) collected ($5.22)
Seat 3: Rysiff folded on the River
Seat 4: danuuutz folded before Flop (didn't bet)
Seat 5: avlee1 (button) folded before Flop (didn't bet)



PokerStars Hand #254256757844:  Hold'em No Limit ($0.50/$1.00 USD) - 2025/01/07 3:30:03 WET [2025/01/07 22:30:03 ET]
Table 'Hypatia II' 6-max Seat #1 is the button
Seat 6: joey121295 ($0 in chips) is sitting out
Seat 1: B1GBankroll ($100 in chips) 
Seat 2: Bakao2 ($73.28 in chips) 
Seat 3: Rysiff ($100 in chips) 
Seat 4: danuuutz ($110.89 in chips) 
Seat 5: avlee1 ($100 in chips) 
Bakao2: posts small blind $0.50
Rysiff: posts big blind $1
*** HOLE CARDS ***
danuuutz: folds 
avlee1: folds 
B1GBankroll: folds 
Bakao2: calls $0.50
Rysiff: raises $3 to $4
Bakao2: calls $3
*** FLOP *** [3d Jc Kd]
Bakao2: checks 
Rysiff: bets $3.80
Bakao2: folds 
Uncalled bet ($3.80) returned to Rysiff
Rysiff collected $7.60 from pot
Rysiff: doesn't show hand 
*** SUMMARY ***
Total pot $8 | Rake $0.40 
Board [3d Jc Kd]
Seat 6: joey121295
Seat 1: B1GBankroll (button) folded before Flop (didn't bet)
Seat 2: Bakao2 (small blind) folded on the Flop
Seat 3: Rysiff (big blind) collected ($7.60)
Seat 4: danuuutz folded before Flop (didn't bet)
Seat 5: avlee1 folded before Flop (didn't bet)



PokerStars Hand #254256761705:  Hold'em No Limit ($0.50/$1.00 USD) - 2025/01/07 3:30:33 WET [2025/01/07 22:30:33 ET]
Table 'Hypatia II' 6-max Seat #2 is the button
Seat 4: danuuutz ($110.89 in chips) is sitting out
Seat 6: joey121295 ($0 in chips) is sitting out
Seat 1: B1GBankroll ($100 in chips) 
Seat 2: Bakao2 ($69.28 in chips) 
Seat 3: Rysiff ($103.60 in chips) 
Seat 5: avlee1 ($100 in chips) 
Rysiff: posts small blind $0.50
danuuutz: is sitting out 
avlee1: posts big blind $1
*** HOLE CARDS ***
B1GBankroll: folds 
Bakao2: calls $1
danuuutz leaves the table
Rysiff: folds 
avlee1: checks 
*** FLOP *** [Kh 4s Ac]
avlee1: checks 
Bakao2: bets $2.38
avlee1: folds 
Uncalled bet ($2.38) returned to Bakao2
joaquin612 joins the table at seat #4 
Bakao2 collected $2.38 from pot
Bakao2: doesn't show hand 
*** SUMMARY ***
Total pot $2.50 | Rake $0.12 
Board [Kh 4s Ac]
Seat 4: danuuutz
Seat 6: joey121295
Seat 1: B1GBankroll folded before Flop (didn't bet)
Seat 2: Bakao2 (button) collected ($2.38)
Seat 3: Rysiff (small blind) folded before Flop
Seat 5: avlee1 (big blind) folded on the Flop



PokerStars Hand #254256766015:  Hold'em No Limit ($0.50/$1.00 USD) - 2025/01/07 3:31:06 WET [2025/01/07 22:31:06 ET]
Table 'Hypatia II' 6-max Seat #3 is the button
Seat 4: joaquin612 ($100 in chips) is sitting out
Seat 6: joey121295 ($0 in chips) is sitting out
Seat 1: B1GBankroll ($100 in chips) 
Seat 2: Bakao2 ($70.66 in chips) 
Seat 3: Rysiff ($103.10 in chips) 
Seat 5: avlee1 ($100 in chips) 
avlee1: posts small blind $0.50
B1GBankroll: posts big blind $1
*** HOLE CARDS ***
Bakao2: folds 
Rysiff: raises $1.50 to $2.50
avlee1: folds 
B1GBankroll: folds 
Uncalled bet ($1.50) returned to Rysiff
Rysiff collected $2.50 from pot
Rysiff: doesn't show hand 
*** SUMMARY ***
Total pot $2.50 | Rake $0 
Seat 4: joaquin612
Seat 6: joey121295
Seat 1: B1GBankroll (big blind) folded before Flop
Seat 2: Bakao2 folded before Flop (didn't bet)
Seat 3: Rysiff (button) collected ($2.50)
Seat 5: avlee1 (small blind) folded before Flop



PokerStars Hand #254256767789:  Hold'em No Limit ($0.50/$1.00 USD) - 2025/01/07 3:31:20 WET [2025/01/07 22:31:20 ET]
Table 'Hypatia II' 6-max Seat #5 is the button
Seat 4: joaquin612 ($100 in chips) is sitting out
Seat 6: joey121295 ($0 in chips) is sitting out
Seat 1: B1GBankroll ($100 in chips) 
Seat 2: Bakao2 ($70.66 in chips) 
Seat 3: Rysiff ($104.60 in chips) 
Seat 5: avlee1 ($100 in chips) 
B1GBankroll: posts small blind $0.50
Bakao2: posts big blind $1
joaquin612: sits out 
*** HOLE CARDS ***
Rysiff: folds 
avlee1: raises $1.50 to $2.50
B1GBankroll: folds 
Bakao2: calls $1.50
*** FLOP *** [8h 2c As]
Bakao2: bets $5.22
avlee1: calls $5.22
*** TURN *** [8h 2c As] [7c]
Bakao2: bets $7.57
avlee1: raises $7.57 to $15.14
Bakao2: calls $7.57
*** RIVER *** [8h 2c As 7c] [5h]
Bakao2: checks 
avlee1: bets $58.79
Bakao2: folds 
Uncalled bet ($58.79) returned to avlee1
avlee1 collected $45.22 from pot
avlee1: doesn't show hand 
*** SUMMARY ***
Total pot $46.22 | Rake $1 
Board [8h 2c As 7c 5h]
Seat 4: joaquin612
Seat 6: joey121295
Seat 1: B1GBankroll (small blind) folded before Flop
Seat 2: Bakao2 (big blind) folded on the River
Seat 3: Rysiff folded before Flop (didn't bet)
Seat 5: avlee1 (button) collected ($45.22)



PokerStars Hand #254256781356:  Hold'em No Limit ($0.50/$1.00 USD) - 2025/01/07 3:33:06 WET [2025/01/07 22:33:06 ET]
Table 'Hypatia II' 6-max Seat #1 is the button
Seat 4: joaquin612 ($100 in chips) is sitting out
Seat 6: joey121295 ($0 in chips) is sitting out
Seat 1: B1GBankroll ($100 in chips) 
Seat 2: Bakao2 ($47.80 in chips) 
Seat 3: Rysiff ($104.60 in chips) 
Seat 5: avlee1 ($122.36 in chips) 
Bakao2: posts small blind $0.50
Rysiff: posts big blind $1
joaquin612: sits out 
*** HOLE CARDS ***
avlee1: folds 
B1GBankroll: folds 
Bakao2: folds 
Uncalled bet ($0.50) returned to Rysiff
Rysiff collected $1 from pot
Rysiff: doesn't show hand 
*** SUMMARY ***
Total pot $1 | Rake $0 
Seat 4: joaquin612
Seat 6: joey121295
Seat 1: B1GBankroll (button) folded before Flop (didn't bet)
Seat 2: Bakao2 (small blind) folded before Flop
Seat 3: Rysiff (big blind) collected ($1)
Seat 5: avlee1 folded before Flop (didn't bet)



PokerStars Hand #254256785772:  Hold'em No Limit ($0.50/$1.00 USD) - 2025/01/07 3:33:40 WET [2025/01/07 22:33:40 ET]
Table 'Hypatia II' 6-max Seat #2 is the button
Seat 6: joey121295 ($0 in chips) is sitting out
Seat 1: B1GBankroll ($100 in chips) 
Seat 2: Bakao2 ($47.30 in chips) 
Seat 3: Rysiff ($105.10 in chips) 
Seat 4: joaquin612 ($100 in chips) 
Seat 5: avlee1 ($122.36 in chips) 
Rysiff: posts small blind $0.50
joaquin612: posts big blind $1
*** HOLE CARDS ***
avlee1: raises $1.50 to $2.50
B1GBankroll: folds 
Bakao2: folds 
Rysiff: folds 
joaquin612: folds 
Uncalled bet ($1.50) returned to avlee1
avlee1 collected $2.50 from pot
avlee1: doesn't show hand 
*** SUMMARY ***
Total pot $2.50 | Rake $0 
Seat 6: joey121295
Seat 1: B1GBankroll folded before Flop (didn't bet)
Seat 2: Bakao2 (button) folded before Flop (didn't bet)
Seat 3: Rysiff (small blind) folded before Flop
Seat 4: joaquin612 (big blind) folded before Flop
Seat 5: avlee1 collected ($2.50)



PokerStars Hand #254256787265:  Hold'em No Limit ($0.50/$1.00 USD) - 2025/01/07 3:33:52 WET [2025/01/07 22:33:52 ET]
Table 'Hypatia II' 6-max Seat #3 is the button
Seat 6: joey121295 ($0 in chips) is sitting out
Seat 1: B1GBankroll ($100 in chips) 
Seat 2: Bakao2 ($47.30 in chips) 
Seat 3: Rysiff ($104.60 in chips) 
Seat 4: joaquin612 ($100 in chips) 
Seat 5: avlee1 ($123.86 in chips) 
joaquin612: posts small blind $0.50
avlee1: posts big blind $1
*** HOLE CARDS ***
B1GBankroll: folds 
Bakao2 has timed out
Bakao2: folds 
Rysiff: raises $1.50 to $2.50
joaquin612: folds 
avlee1: calls $1.50
*** FLOP *** [2c 2s Ah]
avlee1: checks 
Rysiff: bets $1.72
avlee1: calls $1.72
*** TURN *** [2c 2s Ah] [5d]
avlee1: checks 
Rysiff: bets $6.79
avlee1: folds 
Uncalled bet ($6.79) returned to Rysiff
Rysiff collected $8.49 from pot
Rysiff: doesn't show hand 
*** SUMMARY ***
Total pot $8.94 | Rake $0.45 
Board [2c 2s Ah 5d]
Seat 6: joey121295
Seat 1: B1GBankroll folded before Flop (didn't bet)
Seat 2: Bakao2 folded before Flop (didn't bet)
Seat 3: Rysiff (button) collected ($8.49)
Seat 4: joaquin612 (small blind) folded before Flop
Seat 5: avlee1 (big blind) folded on the Turn



PokerStars Hand #254256797993:  Hold'em No Limit ($0.50/$1.00 USD) - 2025/01/07 3:35:16 WET [2025/01/07 22:35:16 ET]
Table 'Hypatia II' 6-max Seat #4 is the button
Seat 6: joey121295 ($0 in chips) is sitting out
Seat 1: B1GBankroll ($100 in chips) 
Seat 2: Bakao2 ($47.30 in chips) 
Seat 3: Rysiff ($108.87 in chips) 
Seat 4: joaquin612 ($100 in chips) 
Seat 5: avlee1 ($119.64 in chips) 
avlee1: posts small blind $0.50
B1GBankroll: posts big blind $1
*** HOLE CARDS ***
Bakao2: folds 
Rysiff: folds 
joaquin612: folds 
avlee1: raises $2 to $3
B1GBankroll: raises $6 to $9
avlee1: raises $13 to $22
B1GBankroll: folds 
Uncalled bet ($13) returned to avlee1
avlee1 collected $18 from pot
avlee1: doesn't show hand 
*** SUMMARY ***
Total pot $18 | Rake $0 
Seat 6: joey121295
Seat 1: B1GBankroll (big blind) folded before Flop
Seat 2: Bakao2 folded before Flop (didn't bet)
Seat 3: Rysiff folded before Flop (didn't bet)
Seat 4: joaquin612 (button) folded before Flop (didn't bet)
Seat 5: avlee1 (small blind) collected ($18)



PokerStars Hand #254256804728:  Hold'em No Limit ($0.50/$1.00 USD) - 2025/01/07 3:36:10 WET [2025/01/07 22:36:10 ET]
Table 'Hypatia II' 6-max Seat #5 is the button
Seat 6: joey121295 ($0 in chips) is sitting out
Seat 1: B1GBankroll ($100 in chips) 
Seat 2: Bakao2 ($47.30 in chips) 
Seat 3: Rysiff ($108.87 in chips) 
Seat 4: joaquin612 ($100 in chips) 
Seat 5: avlee1 ($128.64 in chips) 
B1GBankroll: posts small blind $0.50
Bakao2: posts big blind $1
*** HOLE CARDS ***
Rysiff: folds 
joaquin612: folds 
avlee1: folds 
B1GBankroll: folds 
Uncalled bet ($0.50) returned to Bakao2
Bakao2 collected $1 from pot
*** SUMMARY ***
Total pot $1 | Rake $0 
Seat 6: joey121295
Seat 1: B1GBankroll (small blind) folded before Flop
Seat 2: Bakao2 (big blind) collected ($1)
Seat 3: Rysiff folded before Flop (didn't bet)
Seat 4: joaquin612 folded before Flop (didn't bet)
Seat 5: avlee1 (button) folded before Flop (didn't bet)



PokerStars Hand #254256805749:  Hold'em No Limit ($0.50/$1.00 USD) - 2025/01/07 3:36:18 WET [2025/01/07 22:36:18 ET]
Table 'Hypatia II' 6-max Seat #1 is the button
Seat 6: joey121295 ($0 in chips) is sitting out
Seat 1: B1GBankroll ($100 in chips) 
Seat 2: Bakao2 ($47.80 in chips) 
Seat 3: Rysiff ($108.87 in chips) 
Seat 4: joaquin612 ($100 in chips) 
Seat 5: avlee1 ($128.64 in chips) 
Bakao2: posts small blind $0.50
Rysiff: posts big blind $1
*** HOLE CARDS ***
joaquin612: folds 
avlee1: folds 
B1GBankroll: folds 
Bakao2: calls $0.50
Rysiff: checks 
*** FLOP *** [Ah 8c Js]
Bakao2: checks 
Rysiff: checks 
*** TURN *** [Ah 8c Js] [3h]
Bakao2: checks 
Rysiff: bets $3
Bakao2: folds 
Uncalled bet ($3) returned to Rysiff
Rysiff collected $1.90 from pot
Rysiff: doesn't show hand 
*** SUMMARY ***
Total pot $2 | Rake $0.10 
Board [Ah 8c Js 3h]
Seat 6: joey121295
Seat 1: B1GBankroll (button) folded before Flop (didn't bet)
Seat 2: Bakao2 (small blind) folded on the Turn
Seat 3: Rysiff (big blind) collected ($1.90)
Seat 4: joaquin612 folded before Flop (didn't bet)
Seat 5: avlee1 folded before Flop (didn't bet)



PokerStars Hand #254256808903:  Hold'em No Limit ($0.50/$1.00 USD) - 2025/01/07 3:36:43 WET [2025/01/07 22:36:43 ET]
Table 'Hypatia II' 6-max Seat #2 is the button
Seat 6: joey121295 ($0 in chips) is sitting out
Seat 1: B1GBankroll ($100 in chips) 
Seat 2: Bakao2 ($46.80 in chips) 
Seat 3: Rysiff ($109.77 in chips) 
Seat 4: joaquin612 ($100 in chips) 
Seat 5: avlee1 ($128.64 in chips) 
Rysiff: posts small blind $0.50
joaquin612: posts big blind $1
*** HOLE CARDS ***
avlee1: folds 
B1GBankroll: folds 
Bakao2: folds 
Rysiff: raises $2 to $3
joaquin612: folds 
Uncalled bet ($2) returned to Rysiff
Rysiff collected $2 from pot
Rysiff: doesn't show hand 
*** SUMMARY ***
Total pot $2 | Rake $0 
Seat 6: joey121295
Seat 1: B1GBankroll folded before Flop (didn't bet)
Seat 2: Bakao2 (button) folded before Flop (didn't bet)
Seat 3: Rysiff (small blind) collected ($2)
Seat 4: joaquin612 (big blind) folded before Flop
Seat 5: avlee1 folded before Flop (didn't bet)



PokerStars Hand #254256810897:  Hold'em No Limit ($0.50/$1.00 USD) - 2025/01/07 3:36:58 WET [2025/01/07 22:36:58 ET]
Table 'Hypatia II' 6-max Seat #3 is the button
Seat 5: avlee1 ($128.64 in chips) is sitting out
Seat 6: joey121295 ($0 in chips) is sitting out
Seat 1: B1GBankroll ($100 in chips) 
Seat 2: Bakao2 ($46.80 in chips) 
Seat 3: Rysiff ($110.77 in chips) 
Seat 4: joaquin612 ($100 in chips) 
joaquin612: posts small blind $0.50
avlee1: is sitting out 
B1GBankroll: posts big blind $1
*** HOLE CARDS ***
Bakao2: folds 
Rysiff: folds 
joaquin612: raises $2 to $3
B1GBankroll: folds 
Uncalled bet ($2) returned to joaquin612
joaquin612 collected $2 from pot
joey121295 leaves the table
joaquin612: doesn't show hand 
*** SUMMARY ***
Total pot $2 | Rake $0 
Seat 5: avlee1
Seat 6: joey121295
Seat 1: B1GBankroll (big blind) folded before Flop
Seat 2: Bakao2 folded before Flop (didn't bet)
Seat 3: Rysiff (button) folded before Flop (didn't bet)
Seat 4: joaquin612 (small blind) collected ($2)



PokerStars Hand #254256812667:  Hold'em No Limit ($0.50/$1.00 USD) - 2025/01/07 3:37:12 WET [2025/01/07 22:37:12 ET]
Table 'Hypatia II' 6-max Seat #4 is the button
Seat 5: avlee1 ($128.64 in chips) is sitting out
Seat 1: B1GBankroll ($100 in chips) 
Seat 2: Bakao2 ($46.80 in chips) 
Seat 3: Rysiff ($110.77 in chips) 
Seat 4: joaquin612 ($101 in chips) 
B1GBankroll: posts small blind $0.50
Bakao2: posts big blind $1
*** HOLE CARDS ***
Rysiff: folds 
joaquin612: folds 
G.HANSEN333 joins the table at seat #6 
B1GBankroll: raises $2 to $3
Bakao2: calls $2
*** FLOP *** [Kd Tc Ts]
B1GBankroll: bets $1.94
Bakao2: raises $9.58 to $11.52
B1GBankroll: folds 
Uncalled bet ($9.58) returned to Bakao2
Bakao2 collected $9.39 from pot
Bakao2: doesn't show hand 
*** SUMMARY ***
Total pot $9.88 | Rake $0.49 
Board [Kd Tc Ts]
Seat 5: avlee1
Seat 1: B1GBankroll (small blind) folded on the Flop
Seat 2: Bakao2 (big blind) collected ($9.39)
Seat 3: Rysiff folded before Flop (didn't bet)
Seat 4: joaquin612 (button) folded before Flop (didn't bet)



PokerStars Hand #254256816232:  Hold'em No Limit ($0.50/$1.00 USD) - 2025/01/07 3:37:41 WET [2025/01/07 22:37:41 ET]
Table 'Hypatia II' 6-max Seat #1 is the button
Seat 5: avlee1 ($128.64 in chips) is sitting out
Seat 6: G.HANSEN333 ($100 in chips) is sitting out
Seat 1: B1GBankroll ($100 in chips) 
Seat 2: Bakao2 ($51.25 in chips) 
Seat 3: Rysiff ($110.77 in chips) 
Seat 4: joaquin612 ($101 in chips) 
Bakao2: posts small blind $0.50
Rysiff: posts big blind $1
G.HANSEN333: sits out 
*** HOLE CARDS ***
joaquin612: raises $1.50 to $2.50
B1GBankroll: folds 
Bakao2: calls $2
Rysiff: folds 
*** FLOP *** [8c Qd Jd]
Bakao2: checks 
joaquin612: bets $2.85
Bakao2: folds 
Uncalled bet ($2.85) returned to joaquin612
joaquin612 collected $5.70 from pot
joaquin612: doesn't show hand 
*** SUMMARY ***
Total pot $6 | Rake $0.30 
Board [8c Qd Jd]
Seat 5: avlee1
Seat 6: G.HANSEN333
Seat 1: B1GBankroll (button) folded before Flop (didn't bet)
Seat 2: Bakao2 (small blind) folded on the Flop
Seat 3: Rysiff (big blind) folded before Flop
Seat 4: joaquin612 collected ($5.70)



PokerStars Hand #254256818848:  Hold'em No Limit ($0.50/$1.00 USD) - 2025/01/07 3:38:02 WET [2025/01/07 22:38:02 ET]
Table 'Hypatia II' 6-max Seat #2 is the button
Seat 5: avlee1 ($128.64 in chips) is sitting out
Seat 6: G.HANSEN333 ($100 in chips) is sitting out
Seat 1: B1GBankroll ($100 in chips) 
Seat 2: Bakao2 ($48.75 in chips) 
Seat 3: Rysiff ($109.77 in chips) 
Seat 4: joaquin612 ($104.20 in chips) 
Rysiff: posts small blind $0.50
joaquin612: posts big blind $1
G.HANSEN333: sits out 
*** HOLE CARDS ***
B1GBankroll: folds 
Bakao2: calls $1
Rysiff: folds 
joaquin612: checks 
*** FLOP *** [5d 6s 2c]
joaquin612: checks 
Bakao2: checks 
*** TURN *** [5d 6s 2c] [4d]
joaquin612: checks 
Bakao2: bets $2.38
joaquin612: folds 
Uncalled bet ($2.38) returned to Bakao2
Bakao2 collected $2.38 from pot
Bakao2: doesn't show hand 
*** SUMMARY ***
Total pot $2.50 | Rake $0.12 
Board [5d 6s 2c 4d]
Seat 5: avlee1
Seat 6: G.HANSEN333
Seat 1: B1GBankroll folded before Flop (didn't bet)
Seat 2: Bakao2 (button) collected ($2.38)
Seat 3: Rysiff (small blind) folded before Flop
Seat 4: joaquin612 (big blind) folded on the Turn



PokerStars Hand #254256822754:  Hold'em No Limit ($0.50/$1.00 USD) - 2025/01/07 3:38:33 WET [2025/01/07 22:38:33 ET]
Table 'Hypatia II' 6-max Seat #3 is the button
Seat 5: avlee1 ($128.64 in chips) is sitting out
Seat 1: B1GBankroll ($100 in chips) 
Seat 2: Bakao2 ($50.13 in chips) 
Seat 3: Rysiff ($109.27 in chips) 
Seat 4: joaquin612 ($103.20 in chips) 
Seat 6: G.HANSEN333 ($100 in chips) 
joaquin612: posts small blind $0.50
G.HANSEN333: posts big blind $1
*** HOLE CARDS ***
B1GBankroll: folds 
Bakao2: calls $1
Rysiff: folds 
joaquin612: folds 
G.HANSEN333: checks 
*** FLOP *** [2d 7c 3d]
G.HANSEN333: checks 
Bakao2: checks 
*** TURN *** [2d 7c 3d] [Td]
G.HANSEN333: bets $1.78
Bakao2: calls $1.78
*** RIVER *** [2d 7c 3d Td] [Jh]
G.HANSEN333: bets $4.32
Bakao2: calls $4.32
*** SHOW DOWN ***
G.HANSEN333: shows [7d Kd] (a flush, King high)
Bakao2: mucks hand 
G.HANSEN333 collected $13.96 from pot
*** SUMMARY ***
Total pot $14.70 | Rake $0.74 
Board [2d 7c 3d Td Jh]
Seat 5: avlee1
Seat 1: B1GBankroll folded before Flop (didn't bet)
Seat 2: Bakao2 mucked
Seat 3: Rysiff (button) folded before Flop (didn't bet)
Seat 4: joaquin612 (small blind) folded before Flop
Seat 6: G.HANSEN333 (big blind) showed [7d Kd] and won ($13.96) with a flush, King high



PokerStars Hand #254256826482:  Hold'em No Limit ($0.50/$1.00 USD) - 2025/01/07 3:39:03 WET [2025/01/07 22:39:03 ET]
Table 'Hypatia II' 6-max Seat #4 is the button
Seat 5: avlee1 ($128.64 in chips) is sitting out
Seat 1: B1GBankroll ($100 in chips) 
Seat 2: Bakao2 ($43.03 in chips) 
Seat 3: Rysiff ($109.27 in chips) 
Seat 4: joaquin612 ($102.70 in chips) 
Seat 6: G.HANSEN333 ($106.86 in chips) 
G.HANSEN333: posts small blind $0.50
B1GBankroll: posts big blind $1
*** HOLE CARDS ***
Bakao2: raises $2 to $3
Rysiff: folds 
joaquin612: folds 
G.HANSEN333: folds 
B1GBankroll: folds 
Uncalled bet ($2) returned to Bakao2
Bakao2 collected $2.50 from pot
Bakao2: doesn't show hand 
*** SUMMARY ***
Total pot $2.50 | Rake $0 
Seat 5: avlee1
Seat 1: B1GBankroll (big blind) folded before Flop
Seat 2: Bakao2 collected ($2.50)
Seat 3: Rysiff folded before Flop (didn't bet)
Seat 4: joaquin612 (button) folded before Flop (didn't bet)
Seat 6: G.HANSEN333 (small blind) folded before Flop



PokerStars Hand #254256828980:  Hold'em No Limit ($0.50/$1.00 USD) - 2025/01/07 3:39:23 WET [2025/01/07 22:39:23 ET]
Table 'Hypatia II' 6-max Seat #6 is the button
Seat 5: avlee1 ($128.64 in chips) is sitting out
Seat 1: B1GBankroll ($100 in chips) 
Seat 2: Bakao2 ($44.53 in chips) 
Seat 3: Rysiff ($109.27 in chips) 
Seat 4: joaquin612 ($102.70 in chips) 
Seat 6: G.HANSEN333 ($106.36 in chips) 
B1GBankroll: posts small blind $0.50
Bakao2: posts big blind $1
*** HOLE CARDS ***
Rysiff: folds 
joaquin612: folds 
G.HANSEN333: folds 
B1GBankroll: calls $0.50
Bakao2: checks 
*** FLOP *** [2d 5c 4s]
B1GBankroll: checks 
Bakao2: bets $1.90
B1GBankroll: folds 
Uncalled bet ($1.90) returned to Bakao2
Bakao2 collected $1.90 from pot
*** SUMMARY ***
Total pot $2 | Rake $0.10 
Board [2d 5c 4s]
Seat 5: avlee1
Seat 1: B1GBankroll (small blind) folded on the Flop
Seat 2: Bakao2 (big blind) collected ($1.90)
Seat 3: Rysiff folded before Flop (didn't bet)
Seat 4: joaquin612 folded before Flop (didn't bet)
Seat 6: G.HANSEN333 (button) folded before Flop (didn't bet)



PokerStars Hand #254256832790:  Hold'em No Limit ($0.50/$1.00 USD) - 2025/01/07 3:39:54 WET [2025/01/07 22:39:54 ET]
Table 'Hypatia II' 6-max Seat #1 is the button
Seat 5: avlee1 ($128.64 in chips) is sitting out
Seat 1: B1GBankroll ($100 in chips) 
Seat 2: Bakao2 ($45.43 in chips) 
Seat 3: Rysiff ($109.27 in chips) 
Seat 4: joaquin612 ($102.70 in chips) 
Seat 6: G.HANSEN333 ($106.36 in chips) 
Bakao2: posts small blind $0.50
Rysiff: posts big blind $1
*** HOLE CARDS ***
joaquin612: folds 
G.HANSEN333: raises $1.50 to $2.50
B1GBankroll: folds 
Bakao2: calls $2
Rysiff: raises $11.50 to $14
G.HANSEN333: folds 
Bakao2: folds 
Uncalled bet ($11.50) returned to Rysiff
Rysiff collected $7.50 from pot
Rysiff: doesn't show hand 
*** SUMMARY ***
Total pot $7.50 | Rake $0 
Seat 5: avlee1
Seat 1: B1GBankroll (button) folded before Flop (didn't bet)
Seat 2: Bakao2 (small blind) folded before Flop
Seat 3: Rysiff (big blind) collected ($7.50)
Seat 4: joaquin612 folded before Flop (didn't bet)
Seat 6: G.HANSEN333 folded before Flop



PokerStars Hand #254256836276:  Hold'em No Limit ($0.50/$1.00 USD) - 2025/01/07 3:40:22 WET [2025/01/07 22:40:22 ET]
Table 'Hypatia II' 6-max Seat #2 is the button
Seat 5: avlee1 ($128.64 in chips) is sitting out
Seat 1: B1GBankroll ($100 in chips) 
Seat 2: Bakao2 ($42.93 in chips) 
Seat 3: Rysiff ($114.27 in chips) 
Seat 4: joaquin612 ($102.70 in chips) 
Seat 6: G.HANSEN333 ($103.86 in chips) 
Rysiff: posts small blind $0.50
joaquin612: posts big blind $1
avlee1: sits out 
*** HOLE CARDS ***
G.HANSEN333: folds 
B1GBankroll: folds 
Bakao2: raises $1 to $2
Rysiff: folds 
joaquin612: calls $1
*** FLOP *** [4d 5c Ks]
joaquin612: checks 
Bakao2: checks 
*** TURN *** [4d 5c Ks] [Th]
joaquin612: bets $1.41
Bakao2: calls $1.41
*** RIVER *** [4d 5c Ks Th] [8d]
joaquin612: bets $4.50
Bakao2: folds 
Uncalled bet ($4.50) returned to joaquin612
joaquin612 collected $6.95 from pot
joaquin612: doesn't show hand 
*** SUMMARY ***
Total pot $7.32 | Rake $0.37 
Board [4d 5c Ks Th 8d]
Seat 5: avlee1
Seat 1: B1GBankroll folded before Flop (didn't bet)
Seat 2: Bakao2 (button) folded on the River
Seat 3: Rysiff (small blind) folded before Flop
Seat 4: joaquin612 (big blind) collected ($6.95)
Seat 6: G.HANSEN333 folded before Flop (didn't bet)



