PokerStars Hand #254240638077:  Hold'em No Limit ($0.50/$1.00 USD) - 2025/01/07 3:46:31 WET [2025/01/06 22:46:31 ET]
Table 'Hakone' 6-max Seat #5 is the button
Seat 1: Kreayshawn ($102.72 in chips) 
Seat 3: Melenya ($100 in chips) 
Seat 4: abramovich87 ($100 in chips) 
Seat 5: AschabAv ($40 in chips) 
Seat 6: reeqar ($110.50 in chips) 
reeqar: posts small blind $0.50
Kreayshawn: posts big blind $1
*** HOLE CARDS ***
Rysiff joins the table at seat #2 
Melenya: folds 
abramovich87: folds 
AschabAv: calls $1
reeqar: folds 
Kreayshawn: checks 
*** FLOP *** [Ts 4c Qc]
Kreayshawn: checks 
AschabAv: checks 
*** TURN *** [Ts 4c Qc] [4h]
Kreayshawn: checks 
AschabAv: checks 
*** RIVER *** [Ts 4c Qc 4h] [Jd]
Kreayshawn: bets $3
AschabAv: raises $3 to $6
Kreayshawn: calls $3
*** SHOW DOWN ***
AschabAv: shows [Js 9d] (two pair, Jacks and Fours)
Kreayshawn: shows [4d 5s] (three of a kind, Fours)
Kreayshawn collected $13.78 from pot
*** SUMMARY ***
Total pot $14.50 | Rake $0.72 
Board [Ts 4c Qc 4h Jd]
Seat 1: Kreayshawn (big blind) showed [4d 5s] and won ($13.78) with three of a kind, Fours
Seat 3: Melenya folded before Flop (didn't bet)
Seat 4: abramovich87 folded before Flop (didn't bet)
Seat 5: AschabAv (button) showed [Js 9d] and lost with two pair, Jacks and Fours
Seat 6: reeqar (small blind) folded before Flop



PokerStars Hand #254240645309:  Hold'em No Limit ($0.50/$1.00 USD) - 2025/01/07 3:47:32 WET [2025/01/06 22:47:32 ET]
Table 'Hakone' 6-max Seat #6 is the button
Seat 1: Kreayshawn ($109.50 in chips) 
Seat 2: Rysiff ($100 in chips) 
Seat 3: Melenya ($100 in chips) 
Seat 4: abramovich87 ($100 in chips) 
Seat 5: AschabAv ($33 in chips) 
Seat 6: reeqar ($110 in chips) 
Kreayshawn: posts small blind $0.50
Rysiff: posts big blind $1
*** HOLE CARDS ***
Melenya: folds 
abramovich87: folds 
AschabAv: raises $1 to $2
reeqar: folds 
Kreayshawn: folds 
Rysiff: folds 
Uncalled bet ($1) returned to AschabAv
AschabAv collected $2.50 from pot
*** SUMMARY ***
Total pot $2.50 | Rake $0 
Seat 1: Kreayshawn (small blind) folded before Flop
Seat 2: Rysiff (big blind) folded before Flop
Seat 3: Melenya folded before Flop (didn't bet)
Seat 4: abramovich87 folded before Flop (didn't bet)
Seat 5: AschabAv collected ($2.50)
Seat 6: reeqar (button) folded before Flop (didn't bet)



PokerStars Hand #254240647471:  Hold'em No Limit ($0.50/$1.00 USD) - 2025/01/07 3:47:50 WET [2025/01/06 22:47:50 ET]
Table 'Hakone' 6-max Seat #1 is the button
Seat 1: Kreayshawn ($109 in chips) 
Seat 2: Rysiff ($100 in chips) 
Seat 3: Melenya ($100 in chips) 
Seat 4: abramovich87 ($100 in chips) 
Seat 5: AschabAv ($34.50 in chips) 
Seat 6: reeqar ($110 in chips) 
Rysiff: posts small blind $0.50
Melenya: posts big blind $1
*** HOLE CARDS ***
abramovich87: folds 
AschabAv: calls $1
reeqar: folds 
Kreayshawn: folds 
Rysiff: folds 
Melenya: checks 
*** FLOP *** [7d 6h 6c]
Melenya: checks 
AschabAv: checks 
*** TURN *** [7d 6h 6c] [Qd]
Melenya: checks 
AschabAv: checks 
*** RIVER *** [7d 6h 6c Qd] [Kc]
Melenya: checks 
AschabAv: bets $3
Melenya: folds 
Uncalled bet ($3) returned to AschabAv
AschabAv collected $2.38 from pot
*** SUMMARY ***
Total pot $2.50 | Rake $0.12 
Board [7d 6h 6c Qd Kc]
Seat 1: Kreayshawn (button) folded before Flop (didn't bet)
Seat 2: Rysiff (small blind) folded before Flop
Seat 3: Melenya (big blind) folded on the River
Seat 4: abramovich87 folded before Flop (didn't bet)
Seat 5: AschabAv collected ($2.38)
Seat 6: reeqar folded before Flop (didn't bet)



PokerStars Hand #254240652826:  Hold'em No Limit ($0.50/$1.00 USD) - 2025/01/07 3:48:36 WET [2025/01/06 22:48:36 ET]
Table 'Hakone' 6-max Seat #2 is the button
Seat 1: Kreayshawn ($109 in chips) 
Seat 2: Rysiff ($100 in chips) 
Seat 3: Melenya ($100 in chips) 
Seat 4: abramovich87 ($100 in chips) 
Seat 5: AschabAv ($35.88 in chips) 
Seat 6: reeqar ($110 in chips) 
Melenya: posts small blind $0.50
abramovich87: posts big blind $1
*** HOLE CARDS ***
AschabAv: calls $1
reeqar: folds 
Kreayshawn: folds 
Rysiff: folds 
Melenya: folds 
abramovich87: checks 
*** FLOP *** [7s Ah Kc]
abramovich87: checks 
AschabAv: checks 
*** TURN *** [7s Ah Kc] [Qc]
abramovich87: checks 
AschabAv: checks 
*** RIVER *** [7s Ah Kc Qc] [3d]
abramovich87: checks 
AschabAv: checks 
*** SHOW DOWN ***
abramovich87: shows [8s 2c] (high card Ace)
AschabAv: shows [Jc 6s] (high card Ace - King+Queen+Jack kicker)
AschabAv collected $2.38 from pot
*** SUMMARY ***
Total pot $2.50 | Rake $0.12 
Board [7s Ah Kc Qc 3d]
Seat 1: Kreayshawn folded before Flop (didn't bet)
Seat 2: Rysiff (button) folded before Flop (didn't bet)
Seat 3: Melenya (small blind) folded before Flop
Seat 4: abramovich87 (big blind) showed [8s 2c] and lost with high card Ace
Seat 5: AschabAv showed [Jc 6s] and won ($2.38) with high card Ace
Seat 6: reeqar folded before Flop (didn't bet)



PokerStars Hand #254240656419:  Hold'em No Limit ($0.50/$1.00 USD) - 2025/01/07 3:49:06 WET [2025/01/06 22:49:06 ET]
Table 'Hakone' 6-max Seat #3 is the button
Seat 1: Kreayshawn ($109 in chips) 
Seat 2: Rysiff ($100 in chips) 
Seat 3: Melenya ($100 in chips) 
Seat 4: abramovich87 ($100 in chips) 
Seat 5: AschabAv ($37.26 in chips) 
Seat 6: reeqar ($110 in chips) 
abramovich87: posts small blind $0.50
AschabAv: posts big blind $1
*** HOLE CARDS ***
reeqar: folds 
Kreayshawn: folds 
Rysiff: raises $1.50 to $2.50
Melenya: folds 
abramovich87: folds 
AschabAv: calls $1.50
*** FLOP *** [Js Qs 6h]
AschabAv: checks 
Rysiff: bets $4.18
AschabAv: folds 
Uncalled bet ($4.18) returned to Rysiff
Rysiff collected $5.22 from pot
Rysiff: doesn't show hand 
*** SUMMARY ***
Total pot $5.50 | Rake $0.28 
Board [Js Qs 6h]
Seat 1: Kreayshawn folded before Flop (didn't bet)
Seat 2: Rysiff collected ($5.22)
Seat 3: Melenya (button) folded before Flop (didn't bet)
Seat 4: abramovich87 (small blind) folded before Flop
Seat 5: AschabAv (big blind) folded on the Flop
Seat 6: reeqar folded before Flop (didn't bet)



PokerStars Hand #254240661065:  Hold'em No Limit ($0.50/$1.00 USD) - 2025/01/07 3:49:45 WET [2025/01/06 22:49:45 ET]
Table 'Hakone' 6-max Seat #4 is the button
Seat 1: Kreayshawn ($109 in chips) 
Seat 2: Rysiff ($102.72 in chips) 
Seat 3: Melenya ($100 in chips) 
Seat 4: abramovich87 ($100 in chips) 
Seat 5: AschabAv ($34.76 in chips) 
Seat 6: reeqar ($110 in chips) 
AschabAv: posts small blind $0.50
reeqar: posts big blind $1
*** HOLE CARDS ***
Kreayshawn: raises $1.50 to $2.50
Rysiff: folds 
Melenya: folds 
abramovich87: folds 
AschabAv: folds 
reeqar: calls $1.50
*** FLOP *** [8h 4h Ah]
AschabAv leaves the table
reeqar: checks 
Kreayshawn: checks 
*** TURN *** [8h 4h Ah] [Kh]
reeqar: checks 
Kreayshawn: checks 
*** RIVER *** [8h 4h Ah Kh] [Th]
reeqar: checks 
Kreayshawn: checks 
*** SHOW DOWN ***
reeqar: shows [6s As] (a flush, Ace high)
Kreayshawn: shows [9c 9s] (a flush, Ace high)
reeqar collected $2.61 from pot
Kreayshawn collected $2.61 from pot
*** SUMMARY ***
Total pot $5.50 | Rake $0.28 
Board [8h 4h Ah Kh Th]
Seat 1: Kreayshawn showed [9c 9s] and won ($2.61) with a flush, Ace high
Seat 2: Rysiff folded before Flop (didn't bet)
Seat 3: Melenya folded before Flop (didn't bet)
Seat 4: abramovich87 (button) folded before Flop (didn't bet)
Seat 5: AschabAv (small blind) folded before Flop
Seat 6: reeqar (big blind) showed [6s As] and won ($2.61) with a flush, Ace high



PokerStars Hand #254240666037:  Hold'em No Limit ($0.50/$1.00 USD) - 2025/01/07 3:50:27 WET [2025/01/06 22:50:27 ET]
Table 'Hakone' 6-max Seat #6 is the button
Seat 1: Kreayshawn ($109.11 in chips) 
Seat 2: Rysiff ($102.72 in chips) 
Seat 3: Melenya ($100 in chips) 
Seat 4: abramovich87 ($100 in chips) 
Seat 6: reeqar ($110.11 in chips) 
Kreayshawn: posts small blind $0.50
Rysiff: posts big blind $1
*** HOLE CARDS ***
Melenya: folds 
abramovich87: folds 
reeqar: folds 
Kreayshawn: raises $2 to $3
Rysiff: calls $2
*** FLOP *** [2c 8d 5d]
Kreayshawn: checks 
Rysiff: bets $4.56
Kreayshawn: calls $4.56
*** TURN *** [2c 8d 5d] [Kc]
Kreayshawn: checks 
Rysiff: bets $11.49
Kreayshawn: calls $11.49
*** RIVER *** [2c 8d 5d Kc] [4s]
Kreayshawn: checks 
Rysiff: checks 
*** SHOW DOWN ***
Kreayshawn: shows [Qd Qc] (a pair of Queens)
Rysiff: shows [Kh 9c] (a pair of Kings)
Rysiff collected $36.20 from pot
*** SUMMARY ***
Total pot $38.10 | Rake $1.90 
Board [2c 8d 5d Kc 4s]
Seat 1: Kreayshawn (small blind) showed [Qd Qc] and lost with a pair of Queens
Seat 2: Rysiff (big blind) showed [Kh 9c] and won ($36.20) with a pair of Kings
Seat 3: Melenya folded before Flop (didn't bet)
Seat 4: abramovich87 folded before Flop (didn't bet)
Seat 6: reeqar (button) folded before Flop (didn't bet)



PokerStars Hand #254240673272:  Hold'em No Limit ($0.50/$1.00 USD) - 2025/01/07 3:51:29 WET [2025/01/06 22:51:29 ET]
Table 'Hakone' 6-max Seat #1 is the button
Seat 3: Melenya ($100 in chips) is sitting out
Seat 1: Kreayshawn ($100 in chips) 
Seat 2: Rysiff ($119.87 in chips) 
Seat 4: abramovich87 ($100 in chips) 
Seat 6: reeqar ($110.11 in chips) 
Rysiff: posts small blind $0.50
Melenya: is sitting out 
abramovich87: posts big blind $1
*** HOLE CARDS ***
reeqar: folds 
Kreayshawn: raises $1.50 to $2.50
Rysiff: folds 
abramovich87: folds 
Uncalled bet ($1.50) returned to Kreayshawn
Kreayshawn collected $2.50 from pot
*** SUMMARY ***
Total pot $2.50 | Rake $0 
Seat 3: Melenya
Seat 1: Kreayshawn (button) collected ($2.50)
Seat 2: Rysiff (small blind) folded before Flop
Seat 4: abramovich87 (big blind) folded before Flop
Seat 6: reeqar folded before Flop (didn't bet)



PokerStars Hand #254240742998:  Hold'em No Limit ($0.50/$1.00 USD) - 2025/01/07 4:02:32 WET [2025/01/06 23:02:32 ET]
Table 'Hakone' 6-max Seat #2 is the button
Seat 1: Emam529 ($67.71 in chips) 
Seat 2: rao999 ($100 in chips) 
Seat 3: Melenya ($100 in chips) 
Melenya: posts small blind $0.50
Emam529: posts big blind $1
*** HOLE CARDS ***
abramovich87 joins the table at seat #4 
rao999: folds 
Melenya: raises $2 to $3
Rysiff joins the table at seat #5 
Emam529: calls $2
*** FLOP *** [9d 2h Kh]
Melenya: bets $1.90
Emam529: calls $1.90
*** TURN *** [9d 2h Kh] [2c]
Melenya: checks 
Emam529: bets $11
Melenya: folds 
Uncalled bet ($11) returned to Emam529
Emam529 collected $9.31 from pot
*** SUMMARY ***
Total pot $9.80 | Rake $0.49 
Board [9d 2h Kh 2c]
Seat 1: Emam529 (big blind) collected ($9.31)
Seat 2: rao999 (button) folded before Flop (didn't bet)
Seat 3: Melenya (small blind) folded on the Turn



PokerStars Hand #254240748182:  Hold'em No Limit ($0.50/$1.00 USD) - 2025/01/07 4:03:19 WET [2025/01/06 23:03:19 ET]
Table 'Hakone' 6-max Seat #3 is the button
Seat 4: abramovich87 ($100 in chips) is sitting out
Seat 5: Rysiff ($119.37 in chips) is sitting out
Seat 1: Emam529 ($72.12 in chips) 
Seat 2: rao999 ($100 in chips) 
Seat 3: Melenya ($100 in chips) 
Emam529: posts small blind $0.50
rao999: posts big blind $1
*** HOLE CARDS ***
Melenya: raises $1.50 to $2.50
Emam529: calls $2
rao999: folds 
*** FLOP *** [9s 4c 2c]
Emam529: bets $2.85
Melenya: calls $2.85
*** TURN *** [9s 4c 2c] [3h]
Emam529: bets $11.12
Melenya: folds 
Uncalled bet ($11.12) returned to Emam529
Emam529 collected $11.12 from pot
Kreayshawn joins the table at seat #6 
*** SUMMARY ***
Total pot $11.70 | Rake $0.58 
Board [9s 4c 2c 3h]
Seat 4: abramovich87
Seat 5: Rysiff
Seat 1: Emam529 (small blind) collected ($11.12)
Seat 2: rao999 (big blind) folded before Flop
Seat 3: Melenya (button) folded on the Turn



PokerStars Hand #254240753385:  Hold'em No Limit ($0.50/$1.00 USD) - 2025/01/07 4:04:06 WET [2025/01/06 23:04:06 ET]
Table 'Hakone' 6-max Seat #1 is the button
Seat 4: abramovich87 ($100 in chips) is sitting out
Seat 5: Rysiff ($119.37 in chips) is sitting out
Seat 6: Kreayshawn ($101.50 in chips) is sitting out
Seat 1: Emam529 ($77.89 in chips) 
Seat 2: rao999 ($100 in chips) 
Seat 3: Melenya ($100 in chips) 
rao999: posts small blind $0.50
Melenya: posts big blind $1
abramovich87: sits out 
Rysiff: sits out 
Kreayshawn: sits out 
*** HOLE CARDS ***
Emam529: calls $1
rao999: calls $0.50
Melenya: raises $5.50 to $6.50
Emam529: calls $5.50
rao999: folds 
*** FLOP *** [Tc Kd 8s]
Melenya: bets $4.43
Emam529: folds 
Uncalled bet ($4.43) returned to Melenya
Melenya collected $13.30 from pot
Melenya: doesn't show hand 
*** SUMMARY ***
Total pot $14 | Rake $0.70 
Board [Tc Kd 8s]
Seat 4: abramovich87
Seat 5: Rysiff
Seat 6: Kreayshawn
Seat 1: Emam529 (button) folded on the Flop
Seat 2: rao999 (small blind) folded before Flop
Seat 3: Melenya (big blind) collected ($13.30)



PokerStars Hand #254240755570:  Hold'em No Limit ($0.50/$1.00 USD) - 2025/01/07 4:04:26 WET [2025/01/06 23:04:26 ET]
Table 'Hakone' 6-max Seat #2 is the button
Seat 5: Rysiff ($119.37 in chips) is sitting out
Seat 6: Kreayshawn ($101.50 in chips) is sitting out
Seat 1: Emam529 ($71.39 in chips) 
Seat 2: rao999 ($100 in chips) 
Seat 3: Melenya ($106.80 in chips) 
Seat 4: abramovich87 ($100 in chips) 
Melenya: posts small blind $0.50
abramovich87: posts big blind $1
Rysiff: sits out 
Kreayshawn: sits out 
*** HOLE CARDS ***
Emam529: calls $1
rao999: folds 
Melenya: calls $0.50
abramovich87: checks 
*** FLOP *** [Ts 7c 6d]
Melenya: bets $1
abramovich87: calls $1
Emam529: raises $1 to $2
Melenya: calls $1
abramovich87: calls $1
*** TURN *** [Ts 7c 6d] [As]
Melenya: checks 
abramovich87: checks 
Emam529: bets $1
Melenya: calls $1
abramovich87: calls $1
*** RIVER *** [Ts 7c 6d As] [8d]
Melenya: checks 
abramovich87: bets $10.50
Emam529: calls $10.50
Melenya: folds 
*** SHOW DOWN ***
abramovich87: shows [6s 9c] (a straight, Six to Ten)
Emam529: mucks hand 
abramovich87 collected $32 from pot
*** SUMMARY ***
Total pot $33 | Rake $1 
Board [Ts 7c 6d As 8d]
Seat 5: Rysiff
Seat 6: Kreayshawn
Seat 1: Emam529 mucked
Seat 2: rao999 (button) folded before Flop (didn't bet)
Seat 3: Melenya (small blind) folded on the River
Seat 4: abramovich87 (big blind) showed [6s 9c] and won ($32) with a straight, Six to Ten



PokerStars Hand #254240761801:  Hold'em No Limit ($0.50/$1.00 USD) - 2025/01/07 4:05:22 WET [2025/01/06 23:05:22 ET]
Table 'Hakone' 6-max Seat #3 is the button
Seat 6: Kreayshawn ($101.50 in chips) is sitting out
Seat 1: Emam529 ($56.89 in chips) 
Seat 2: rao999 ($100 in chips) 
Seat 3: Melenya ($102.80 in chips) 
Seat 4: abramovich87 ($117.50 in chips) 
Seat 5: Rysiff ($119.37 in chips) 
abramovich87: posts small blind $0.50
Rysiff: posts big blind $1
Kreayshawn: sits out 
*** HOLE CARDS ***
Emam529: calls $1
rao999: folds 
Melenya: raises $2.50 to $3.50
abramovich87: folds 
Rysiff: folds 
Emam529: calls $2.50
*** FLOP *** [9h 3h Ad]
Emam529: checks 
Melenya: checks 
*** TURN *** [9h 3h Ad] [4s]
Emam529: checks 
Melenya: checks 
*** RIVER *** [9h 3h Ad 4s] [8h]
Emam529: checks 
Melenya: checks 
*** SHOW DOWN ***
Emam529: shows [Qc 6d] (high card Ace)
Melenya: shows [Kh Tc] (high card Ace - King kicker)
Melenya collected $8.08 from pot
*** SUMMARY ***
Total pot $8.50 | Rake $0.42 
Board [9h 3h Ad 4s 8h]
Seat 6: Kreayshawn
Seat 1: Emam529 showed [Qc 6d] and lost with high card Ace
Seat 2: rao999 folded before Flop (didn't bet)
Seat 3: Melenya (button) showed [Kh Tc] and won ($8.08) with high card Ace
Seat 4: abramovich87 (small blind) folded before Flop
Seat 5: Rysiff (big blind) folded before Flop



PokerStars Hand #254240764744:  Hold'em No Limit ($0.50/$1.00 USD) - 2025/01/07 4:05:49 WET [2025/01/06 23:05:49 ET]
Table 'Hakone' 6-max Seat #4 is the button
Seat 1: Emam529 ($53.39 in chips) 
Seat 2: rao999 ($100 in chips) 
Seat 3: Melenya ($107.38 in chips) 
Seat 4: abramovich87 ($117 in chips) 
Seat 5: Rysiff ($118.37 in chips) 
Seat 6: Kreayshawn ($101.50 in chips) 
Rysiff: posts small blind $0.50
Kreayshawn: posts big blind $1
*** HOLE CARDS ***
Emam529: raises $2.50 to $3.50
rao999: folds 
Melenya: folds 
abramovich87: folds 
Rysiff: folds 
Kreayshawn: folds 
Uncalled bet ($2.50) returned to Emam529
Emam529 collected $2.50 from pot
*** SUMMARY ***
Total pot $2.50 | Rake $0 
Seat 1: Emam529 collected ($2.50)
Seat 2: rao999 folded before Flop (didn't bet)
Seat 3: Melenya folded before Flop (didn't bet)
Seat 4: abramovich87 (button) folded before Flop (didn't bet)
Seat 5: Rysiff (small blind) folded before Flop
Seat 6: Kreayshawn (big blind) folded before Flop



PokerStars Hand #254240767140:  Hold'em No Limit ($0.50/$1.00 USD) - 2025/01/07 4:06:11 WET [2025/01/06 23:06:11 ET]
Table 'Hakone' 6-max Seat #5 is the button
Seat 1: Emam529 ($54.89 in chips) 
Seat 2: rao999 ($100 in chips) 
Seat 3: Melenya ($107.38 in chips) 
Seat 4: abramovich87 ($117 in chips) 
Seat 5: Rysiff ($117.87 in chips) 
Seat 6: Kreayshawn ($100.50 in chips) 
Kreayshawn: posts small blind $0.50
Emam529: posts big blind $1
*** HOLE CARDS ***
rao999: folds 
Melenya: folds 
abramovich87: folds 
Rysiff: raises $1.50 to $2.50
Kreayshawn: folds 
Emam529: raises $1.50 to $4
Rysiff: calls $1.50
*** FLOP *** [3h 7d 5c]
Emam529: bets $1
Rysiff: raises $5.04 to $6.04
Emam529: calls $5.04
*** TURN *** [3h 7d 5c] [6h]
Emam529: bets $1
Rysiff: calls $1
*** RIVER *** [3h 7d 5c 6h] [Qd]
Emam529: bets $43.85 and is all-in
Rysiff: folds 
Uncalled bet ($43.85) returned to Emam529
Emam529 collected $21.45 from pot
*** SUMMARY ***
Total pot $22.58 | Rake $1.13 
Board [3h 7d 5c 6h Qd]
Seat 1: Emam529 (big blind) collected ($21.45)
Seat 2: rao999 folded before Flop (didn't bet)
Seat 3: Melenya folded before Flop (didn't bet)
Seat 4: abramovich87 folded before Flop (didn't bet)
Seat 5: Rysiff (button) folded on the River
Seat 6: Kreayshawn (small blind) folded before Flop



PokerStars Hand #254240773320:  Hold'em No Limit ($0.50/$1.00 USD) - 2025/01/07 4:07:07 WET [2025/01/06 23:07:07 ET]
Table 'Hakone' 6-max Seat #6 is the button
Seat 1: Emam529 ($65.30 in chips) 
Seat 2: rao999 ($100 in chips) 
Seat 3: Melenya ($107.38 in chips) 
Seat 4: abramovich87 ($117 in chips) 
Seat 5: Rysiff ($106.83 in chips) 
Seat 6: Kreayshawn ($100 in chips) 
Emam529: posts small blind $0.50
rao999: posts big blind $1
*** HOLE CARDS ***
Melenya: folds 
abramovich87: folds 
Rysiff: folds 
Kreayshawn has timed out
Kreayshawn: folds 
Emam529: calls $0.50
rao999: checks 
*** FLOP *** [7h Ac 8h]
Emam529: checks 
rao999: checks 
*** TURN *** [7h Ac 8h] [Jd]
Emam529: checks 
rao999: checks 
*** RIVER *** [7h Ac 8h Jd] [5h]
Emam529: checks 
rao999: checks 
*** SHOW DOWN ***
Emam529: shows [3s Qd] (high card Ace)
rao999: shows [3c 3h] (a pair of Threes)
rao999 collected $1.90 from pot
*** SUMMARY ***
Total pot $2 | Rake $0.10 
Board [7h Ac 8h Jd 5h]
Seat 1: Emam529 (small blind) showed [3s Qd] and lost with high card Ace
Seat 2: rao999 (big blind) showed [3c 3h] and won ($1.90) with a pair of Threes
Seat 3: Melenya folded before Flop (didn't bet)
Seat 4: abramovich87 folded before Flop (didn't bet)
Seat 5: Rysiff folded before Flop (didn't bet)
Seat 6: Kreayshawn (button) folded before Flop (didn't bet)



PokerStars Hand #254240778771:  Hold'em No Limit ($0.50/$1.00 USD) - 2025/01/07 4:07:57 WET [2025/01/06 23:07:57 ET]
Table 'Hakone' 6-max Seat #1 is the button
Seat 1: Emam529 ($64.30 in chips) 
Seat 2: rao999 ($100.90 in chips) 
Seat 3: Melenya ($107.38 in chips) 
Seat 4: abramovich87 ($117 in chips) 
Seat 5: Rysiff ($106.83 in chips) 
Seat 6: Kreayshawn ($100 in chips) 
rao999: posts small blind $0.50
Melenya: posts big blind $1
*** HOLE CARDS ***
abramovich87: folds 
Rysiff: raises $1.50 to $2.50
Kreayshawn: folds 
Emam529: calls $2.50
rao999: folds 
Melenya: folds 
*** FLOP *** [Jd Kh 7s]
Rysiff: bets $2.04
Emam529: folds 
Uncalled bet ($2.04) returned to Rysiff
Rysiff collected $6.18 from pot
Rysiff: doesn't show hand 
*** SUMMARY ***
Total pot $6.50 | Rake $0.32 
Board [Jd Kh 7s]
Seat 1: Emam529 (button) folded on the Flop
Seat 2: rao999 (small blind) folded before Flop
Seat 3: Melenya (big blind) folded before Flop
Seat 4: abramovich87 folded before Flop (didn't bet)
Seat 5: Rysiff collected ($6.18)
Seat 6: Kreayshawn folded before Flop (didn't bet)



PokerStars Hand #254240781801:  Hold'em No Limit ($0.50/$1.00 USD) - 2025/01/07 4:08:26 WET [2025/01/06 23:08:26 ET]
Table 'Hakone' 6-max Seat #2 is the button
Seat 1: Emam529 ($61.80 in chips) 
Seat 2: rao999 ($100.40 in chips) 
Seat 3: Melenya ($106.38 in chips) 
Seat 4: abramovich87 ($117 in chips) 
Seat 5: Rysiff ($110.51 in chips) 
Seat 6: Kreayshawn ($100 in chips) 
Melenya: posts small blind $0.50
abramovich87: posts big blind $1
*** HOLE CARDS ***
Rysiff: folds 
Kreayshawn has timed out
Kreayshawn: folds 
Emam529: calls $1
rao999: folds 
Melenya: folds 
abramovich87: checks 
*** FLOP *** [7c Qc 8h]
abramovich87: checks 
Emam529: bets $2.38
abramovich87: folds 
Uncalled bet ($2.38) returned to Emam529
Emam529 collected $2.38 from pot
*** SUMMARY ***
Total pot $2.50 | Rake $0.12 
Board [7c Qc 8h]
Seat 1: Emam529 collected ($2.38)
Seat 2: rao999 (button) folded before Flop (didn't bet)
Seat 3: Melenya (small blind) folded before Flop
Seat 4: abramovich87 (big blind) folded on the Flop
Seat 5: Rysiff folded before Flop (didn't bet)
Seat 6: Kreayshawn folded before Flop (didn't bet)



PokerStars Hand #254240785552:  Hold'em No Limit ($0.50/$1.00 USD) - 2025/01/07 4:09:00 WET [2025/01/06 23:09:00 ET]
Table 'Hakone' 6-max Seat #3 is the button
Seat 1: Emam529 ($63.18 in chips) 
Seat 2: rao999 ($100.40 in chips) 
Seat 3: Melenya ($105.88 in chips) 
Seat 4: abramovich87 ($116 in chips) 
Seat 5: Rysiff ($110.51 in chips) 
Seat 6: Kreayshawn ($100 in chips) 
abramovich87: posts small blind $0.50
Rysiff: posts big blind $1
*** HOLE CARDS ***
Kreayshawn: raises $1.50 to $2.50
Emam529: raises $1.50 to $4
rao999: folds 
Melenya: folds 
abramovich87: folds 
Rysiff: raises $6 to $10
Kreayshawn: raises $16 to $26
Emam529: calls $22
Rysiff: folds 
*** FLOP *** [Qh Qd 3d]
Kreayshawn: bets $38
Emam529: calls $37.18 and is all-in
Uncalled bet ($0.82) returned to Kreayshawn
*** TURN *** [Qh Qd 3d] [Tc]
*** RIVER *** [Qh Qd 3d Tc] [3h]
*** SHOW DOWN ***
Kreayshawn: shows [8h 8c] (two pair, Queens and Eights)
Emam529: shows [Ah Qs] (a full house, Queens full of Threes)
Emam529 collected $134.36 from pot
*** SUMMARY ***
Total pot $136.86 | Rake $2.50 
Board [Qh Qd 3d Tc 3h]
Seat 1: Emam529 showed [Ah Qs] and won ($134.36) with a full house, Queens full of Threes
Seat 2: rao999 folded before Flop (didn't bet)
Seat 3: Melenya (button) folded before Flop (didn't bet)
Seat 4: abramovich87 (small blind) folded before Flop
Seat 5: Rysiff (big blind) folded before Flop
Seat 6: Kreayshawn showed [8h 8c] and lost with two pair, Queens and Eights



PokerStars Hand #254240791525:  Hold'em No Limit ($0.50/$1.00 USD) - 2025/01/07 4:09:56 WET [2025/01/06 23:09:56 ET]
Table 'Hakone' 6-max Seat #4 is the button
Seat 1: Emam529 ($134.36 in chips) 
Seat 2: rao999 ($100.40 in chips) 
Seat 3: Melenya ($105.88 in chips) 
Seat 4: abramovich87 ($115.50 in chips) 
Seat 5: Rysiff ($100.51 in chips) 
Seat 6: Kreayshawn ($100 in chips) 
Rysiff: posts small blind $0.50
Kreayshawn: posts big blind $1
*** HOLE CARDS ***
Emam529: calls $1
rao999: folds 
Melenya: folds 
abramovich87: raises $3.50 to $4.50
Rysiff: folds 
Kreayshawn: folds 
Emam529: calls $3.50
*** FLOP *** [7h 6s Td]
Emam529: checks 
abramovich87: bets $9.50
Emam529: calls $9.50
*** TURN *** [7h 6s Td] [7d]
Emam529: checks 
abramovich87: bets $22
Emam529: folds 
Uncalled bet ($22) returned to abramovich87
abramovich87 collected $28.02 from pot
abramovich87: doesn't show hand 
*** SUMMARY ***
Total pot $29.50 | Rake $1.48 
Board [7h 6s Td 7d]
Seat 1: Emam529 folded on the Turn
Seat 2: rao999 folded before Flop (didn't bet)
Seat 3: Melenya folded before Flop (didn't bet)
Seat 4: abramovich87 (button) collected ($28.02)
Seat 5: Rysiff (small blind) folded before Flop
Seat 6: Kreayshawn (big blind) folded before Flop



PokerStars Hand #254240795934:  Hold'em No Limit ($0.50/$1.00 USD) - 2025/01/07 4:10:38 WET [2025/01/06 23:10:38 ET]
Table 'Hakone' 6-max Seat #5 is the button
Seat 1: Emam529 ($120.36 in chips) 
Seat 2: rao999 ($100.40 in chips) 
Seat 3: Melenya ($105.88 in chips) 
Seat 4: abramovich87 ($129.52 in chips) 
Seat 5: Rysiff ($100.01 in chips) 
Seat 6: Kreayshawn ($100 in chips) 
Kreayshawn: posts small blind $0.50
Emam529: posts big blind $1
*** HOLE CARDS ***
rao999: folds 
Melenya: folds 
abramovich87: folds 
Rysiff: raises $1.50 to $2.50
Kreayshawn: folds 
Emam529: calls $1.50
*** FLOP *** [Jd 5h 7c]
Emam529: bets $5.22
Rysiff: calls $5.22
*** TURN *** [Jd 5h 7c] [9d]
Emam529: bets $7.57
Rysiff: calls $7.57
*** RIVER *** [Jd 5h 7c 9d] [3s]
Emam529: checks 
Rysiff: checks 
*** SHOW DOWN ***
Emam529: shows [As 7h] (a pair of Sevens)
Rysiff: mucks hand 
Emam529 collected $29.53 from pot
*** SUMMARY ***
Total pot $31.08 | Rake $1.55 
Board [Jd 5h 7c 9d 3s]
Seat 1: Emam529 (big blind) showed [As 7h] and won ($29.53) with a pair of Sevens
Seat 2: rao999 folded before Flop (didn't bet)
Seat 3: Melenya folded before Flop (didn't bet)
Seat 4: abramovich87 folded before Flop (didn't bet)
Seat 5: Rysiff (button) mucked
Seat 6: Kreayshawn (small blind) folded before Flop



PokerStars Hand #254240800662:  Hold'em No Limit ($0.50/$1.00 USD) - 2025/01/07 4:11:22 WET [2025/01/06 23:11:22 ET]
Table 'Hakone' 6-max Seat #6 is the button
Seat 1: Emam529 ($134.60 in chips) 
Seat 2: rao999 ($100.40 in chips) 
Seat 3: Melenya ($105.88 in chips) 
Seat 4: abramovich87 ($129.52 in chips) 
Seat 5: Rysiff ($100 in chips) 
Seat 6: Kreayshawn ($100 in chips) 
Emam529: posts small blind $0.50
rao999: posts big blind $1
*** HOLE CARDS ***
Melenya: raises $1 to $2
abramovich87: folds 
Rysiff: folds 
Kreayshawn: folds 
Emam529: calls $1.50
rao999: calls $1
*** FLOP *** [2c Qs 9h]
Emam529: bets $5.70
rao999: folds 
Melenya: raises $17.10 to $22.80
Emam529: folds 
Uncalled bet ($17.10) returned to Melenya
Melenya collected $16.53 from pot
Melenya: doesn't show hand 
*** SUMMARY ***
Total pot $17.40 | Rake $0.87 
Board [2c Qs 9h]
Seat 1: Emam529 (small blind) folded on the Flop
Seat 2: rao999 (big blind) folded on the Flop
Seat 3: Melenya collected ($16.53)
Seat 4: abramovich87 folded before Flop (didn't bet)
Seat 5: Rysiff folded before Flop (didn't bet)
Seat 6: Kreayshawn (button) folded before Flop (didn't bet)



PokerStars Hand #254240804679:  Hold'em No Limit ($0.50/$1.00 USD) - 2025/01/07 4:12:00 WET [2025/01/06 23:12:00 ET]
Table 'Hakone' 6-max Seat #1 is the button
Seat 1: Emam529 ($126.90 in chips) 
Seat 2: rao999 ($100 in chips) 
Seat 3: Melenya ($114.71 in chips) 
Seat 4: abramovich87 ($129.52 in chips) 
Seat 5: Rysiff ($100 in chips) 
Seat 6: Kreayshawn ($100 in chips) 
rao999: posts small blind $0.50
Melenya: posts big blind $1
*** HOLE CARDS ***
abramovich87: folds 
Rysiff: folds 
Kreayshawn: folds 
Emam529: raises $1 to $2
rao999: folds 
Melenya: calls $1
*** FLOP *** [Qc 4h 6d]
Melenya: checks 
Emam529: bets $4.28
Melenya: folds 
Uncalled bet ($4.28) returned to Emam529
Emam529 collected $4.28 from pot
*** SUMMARY ***
Total pot $4.50 | Rake $0.22 
Board [Qc 4h 6d]
Seat 1: Emam529 (button) collected ($4.28)
Seat 2: rao999 (small blind) folded before Flop
Seat 3: Melenya (big blind) folded on the Flop
Seat 4: abramovich87 folded before Flop (didn't bet)
Seat 5: Rysiff folded before Flop (didn't bet)
Seat 6: Kreayshawn folded before Flop (didn't bet)



PokerStars Hand #254240807505:  Hold'em No Limit ($0.50/$1.00 USD) - 2025/01/07 4:12:27 WET [2025/01/06 23:12:27 ET]
Table 'Hakone' 6-max Seat #2 is the button
Seat 1: Emam529 ($129.18 in chips) 
Seat 2: rao999 ($100 in chips) 
Seat 3: Melenya ($112.71 in chips) 
Seat 4: abramovich87 ($129.52 in chips) 
Seat 5: Rysiff ($100 in chips) 
Seat 6: Kreayshawn ($100 in chips) 
Melenya: posts small blind $0.50
abramovich87: posts big blind $1
*** HOLE CARDS ***
Rysiff: folds 
Kreayshawn: raises $1.50 to $2.50
Emam529: raises $1.50 to $4
rao999: folds 
Melenya: folds 
abramovich87: folds 
Kreayshawn: calls $1.50
*** FLOP *** [9s Th 8h]
Kreayshawn: checks 
Emam529: checks 
*** TURN *** [9s Th 8h] [Jh]
Kreayshawn: checks 
Emam529: bets $9.02
Kreayshawn: folds 
Uncalled bet ($9.02) returned to Emam529
Emam529 collected $9.02 from pot
*** SUMMARY ***
Total pot $9.50 | Rake $0.48 
Board [9s Th 8h Jh]
Seat 1: Emam529 collected ($9.02)
Seat 2: rao999 (button) folded before Flop (didn't bet)
Seat 3: Melenya (small blind) folded before Flop
Seat 4: abramovich87 (big blind) folded before Flop
Seat 5: Rysiff folded before Flop (didn't bet)
Seat 6: Kreayshawn folded on the Turn



PokerStars Hand #254240811178:  Hold'em No Limit ($0.50/$1.00 USD) - 2025/01/07 4:13:01 WET [2025/01/06 23:13:01 ET]
Table 'Hakone' 6-max Seat #3 is the button
Seat 1: Emam529 ($134.20 in chips) 
Seat 2: rao999 ($100 in chips) 
Seat 3: Melenya ($112.21 in chips) 
Seat 4: abramovich87 ($128.52 in chips) 
Seat 5: Rysiff ($100 in chips) 
Seat 6: Kreayshawn ($100 in chips) 
abramovich87: posts small blind $0.50
Rysiff: posts big blind $1
*** HOLE CARDS ***
Kreayshawn: folds 
Emam529: raises $1 to $2
rao999: folds 
Melenya: folds 
abramovich87: folds 
Rysiff: folds 
Uncalled bet ($1) returned to Emam529
Emam529 collected $2.50 from pot
*** SUMMARY ***
Total pot $2.50 | Rake $0 
Seat 1: Emam529 collected ($2.50)
Seat 2: rao999 folded before Flop (didn't bet)
Seat 3: Melenya (button) folded before Flop (didn't bet)
Seat 4: abramovich87 (small blind) folded before Flop
Seat 5: Rysiff (big blind) folded before Flop
Seat 6: Kreayshawn folded before Flop (didn't bet)



PokerStars Hand #254240812649:  Hold'em No Limit ($0.50/$1.00 USD) - 2025/01/07 4:13:15 WET [2025/01/06 23:13:15 ET]
Table 'Hakone' 6-max Seat #4 is the button
Seat 1: Emam529 ($135.70 in chips) 
Seat 2: rao999 ($100 in chips) 
Seat 3: Melenya ($112.21 in chips) 
Seat 4: abramovich87 ($128.02 in chips) 
Seat 5: Rysiff ($100 in chips) 
Seat 6: Kreayshawn ($100 in chips) 
Rysiff: posts small blind $0.50
Kreayshawn: posts big blind $1
*** HOLE CARDS ***
Emam529: raises $1 to $2
rao999: folds 
Melenya: folds 
abramovich87: folds 
Rysiff: raises $8 to $10
Kreayshawn: folds 
Emam529: calls $8
*** FLOP *** [Ts 4s 2d]
Rysiff: bets $6.58
Emam529: folds 
Uncalled bet ($6.58) returned to Rysiff
Rysiff collected $19.95 from pot
Rysiff: doesn't show hand 
*** SUMMARY ***
Total pot $21 | Rake $1.05 
Board [Ts 4s 2d]
Seat 1: Emam529 folded on the Flop
Seat 2: rao999 folded before Flop (didn't bet)
Seat 3: Melenya folded before Flop (didn't bet)
Seat 4: abramovich87 (button) folded before Flop (didn't bet)
Seat 5: Rysiff (small blind) collected ($19.95)
Seat 6: Kreayshawn (big blind) folded before Flop



PokerStars Hand #254240816072:  Hold'em No Limit ($0.50/$1.00 USD) - 2025/01/07 4:13:48 WET [2025/01/06 23:13:48 ET]
Table 'Hakone' 6-max Seat #5 is the button
Seat 1: Emam529 ($125.70 in chips) 
Seat 2: rao999 ($100 in chips) 
Seat 3: Melenya ($112.21 in chips) 
Seat 4: abramovich87 ($128.02 in chips) 
Seat 5: Rysiff ($109.95 in chips) 
Seat 6: Kreayshawn ($100 in chips) 
Kreayshawn: posts small blind $0.50
Emam529: posts big blind $1
*** HOLE CARDS ***
rao999: raises $1.50 to $2.50
Melenya: folds 
abramovich87: folds 
Rysiff: folds 
Kreayshawn: folds 
Emam529: calls $1.50
*** FLOP *** [9h 2h 6c]
Emam529: checks 
rao999: bets $1.72
Emam529: calls $1.72
*** TURN *** [9h 2h 6c] [5d]
Emam529: checks 
rao999: checks 
*** RIVER *** [9h 2h 6c 5d] [8d]
Emam529: checks 
rao999: checks 
*** SHOW DOWN ***
Emam529: shows [Ad 6h] (a pair of Sixes)
rao999: mucks hand 
Emam529 collected $8.49 from pot
*** SUMMARY ***
Total pot $8.94 | Rake $0.45 
Board [9h 2h 6c 5d 8d]
Seat 1: Emam529 (big blind) showed [Ad 6h] and won ($8.49) with a pair of Sixes
Seat 2: rao999 mucked
Seat 3: Melenya folded before Flop (didn't bet)
Seat 4: abramovich87 folded before Flop (didn't bet)
Seat 5: Rysiff (button) folded before Flop (didn't bet)
Seat 6: Kreayshawn (small blind) folded before Flop



PokerStars Hand #254240820920:  Hold'em No Limit ($0.50/$1.00 USD) - 2025/01/07 4:14:34 WET [2025/01/06 23:14:34 ET]
Table 'Hakone' 6-max Seat #6 is the button
Seat 1: Emam529 ($129.97 in chips) 
Seat 2: rao999 ($100 in chips) 
Seat 3: Melenya ($112.21 in chips) 
Seat 4: abramovich87 ($128.02 in chips) 
Seat 5: Rysiff ($109.95 in chips) 
Seat 6: Kreayshawn ($100 in chips) 
Emam529: posts small blind $0.50
rao999: posts big blind $1
*** HOLE CARDS ***
Melenya: folds 
abramovich87: folds 
Rysiff: folds 
Kreayshawn: folds 
Emam529: calls $0.50
rao999: checks 
*** FLOP *** [2h 9s 7c]
Emam529: bets $2
rao999: folds 
Uncalled bet ($2) returned to Emam529
Emam529 collected $1.90 from pot
*** SUMMARY ***
Total pot $2 | Rake $0.10 
Board [2h 9s 7c]
Seat 1: Emam529 (small blind) collected ($1.90)
Seat 2: rao999 (big blind) folded on the Flop
Seat 3: Melenya folded before Flop (didn't bet)
Seat 4: abramovich87 folded before Flop (didn't bet)
Seat 5: Rysiff folded before Flop (didn't bet)
Seat 6: Kreayshawn (button) folded before Flop (didn't bet)



PokerStars Hand #254240824290:  Hold'em No Limit ($0.50/$1.00 USD) - 2025/01/07 4:15:06 WET [2025/01/06 23:15:06 ET]
Table 'Hakone' 6-max Seat #1 is the button
Seat 1: Emam529 ($130.87 in chips) 
Seat 2: rao999 ($100 in chips) 
Seat 3: Melenya ($112.21 in chips) 
Seat 4: abramovich87 ($128.02 in chips) 
Seat 5: Rysiff ($109.95 in chips) 
Seat 6: Kreayshawn ($100 in chips) 
rao999: posts small blind $0.50
Melenya: posts big blind $1
*** HOLE CARDS ***
abramovich87: folds 
Rysiff: folds 
Kreayshawn: folds 
Emam529: calls $1
rao999: folds 
Melenya: checks 
*** FLOP *** [5h 3c 9c]
Melenya: checks 
Emam529: bets $1.19
Melenya: folds 
Uncalled bet ($1.19) returned to Emam529
Emam529 collected $2.38 from pot
*** SUMMARY ***
Total pot $2.50 | Rake $0.12 
Board [5h 3c 9c]
Seat 1: Emam529 (button) collected ($2.38)
Seat 2: rao999 (small blind) folded before Flop
Seat 3: Melenya (big blind) folded on the Flop
Seat 4: abramovich87 folded before Flop (didn't bet)
Seat 5: Rysiff folded before Flop (didn't bet)
Seat 6: Kreayshawn folded before Flop (didn't bet)



PokerStars Hand #254240826894:  Hold'em No Limit ($0.50/$1.00 USD) - 2025/01/07 4:15:31 WET [2025/01/06 23:15:31 ET]
Table 'Hakone' 6-max Seat #2 is the button
Seat 1: Emam529 ($132.25 in chips) 
Seat 2: rao999 ($100 in chips) 
Seat 3: Melenya ($111.21 in chips) 
Seat 4: abramovich87 ($128.02 in chips) 
Seat 5: Rysiff ($109.95 in chips) 
Seat 6: Kreayshawn ($100 in chips) 
Melenya: posts small blind $0.50
abramovich87: posts big blind $1
*** HOLE CARDS ***
Rysiff: folds 
Kreayshawn: folds 
Emam529: raises $1 to $2
rao999: calls $2
Melenya: calls $1.50
abramovich87: folds 
*** FLOP *** [2s 2c 3d]
Melenya: checks 
Emam529: checks 
rao999: bets $4.39
Melenya: folds 
Emam529: folds 
Uncalled bet ($4.39) returned to rao999
rao999 collected $6.65 from pot
rao999: doesn't show hand 
*** SUMMARY ***
Total pot $7 | Rake $0.35 
Board [2s 2c 3d]
Seat 1: Emam529 folded on the Flop
Seat 2: rao999 (button) collected ($6.65)
Seat 3: Melenya (small blind) folded on the Flop
Seat 4: abramovich87 (big blind) folded before Flop
Seat 5: Rysiff folded before Flop (didn't bet)
Seat 6: Kreayshawn folded before Flop (didn't bet)



PokerStars Hand #254240829639:  Hold'em No Limit ($0.50/$1.00 USD) - 2025/01/07 4:15:58 WET [2025/01/06 23:15:58 ET]
Table 'Hakone' 6-max Seat #3 is the button
Seat 1: Emam529 ($130.25 in chips) 
Seat 2: rao999 ($104.65 in chips) 
Seat 3: Melenya ($109.21 in chips) 
Seat 4: abramovich87 ($127.02 in chips) 
Seat 5: Rysiff ($109.95 in chips) 
Seat 6: Kreayshawn ($100 in chips) 
abramovich87: posts small blind $0.50
Rysiff: posts big blind $1
*** HOLE CARDS ***
Kreayshawn: raises $1.50 to $2.50
Emam529: calls $2.50
rao999: folds 
Melenya: raises $7.50 to $10
abramovich87: folds 
Rysiff: folds 
Kreayshawn: folds 
Emam529: folds 
Uncalled bet ($7.50) returned to Melenya
Melenya collected $9 from pot
Melenya: doesn't show hand 
*** SUMMARY ***
Total pot $9 | Rake $0 
Seat 1: Emam529 folded before Flop
Seat 2: rao999 folded before Flop (didn't bet)
Seat 3: Melenya (button) collected ($9)
Seat 4: abramovich87 (small blind) folded before Flop
Seat 5: Rysiff (big blind) folded before Flop
Seat 6: Kreayshawn folded before Flop



PokerStars Hand #254240832913:  Hold'em No Limit ($0.50/$1.00 USD) - 2025/01/07 4:16:28 WET [2025/01/06 23:16:28 ET]
Table 'Hakone' 6-max Seat #4 is the button
Seat 1: Emam529 ($127.75 in chips) 
Seat 2: rao999 ($104.65 in chips) 
Seat 3: Melenya ($115.71 in chips) 
Seat 4: abramovich87 ($126.52 in chips) 
Seat 5: Rysiff ($108.95 in chips) 
Seat 6: Kreayshawn ($100 in chips) 
Rysiff: posts small blind $0.50
Kreayshawn: posts big blind $1
*** HOLE CARDS ***
Emam529: calls $1
rao999: folds 
Melenya: folds 
abramovich87: folds 
Rysiff: folds 
Kreayshawn: checks 
*** FLOP *** [Ts Kh 9d]
Kreayshawn: checks 
Emam529: checks 
*** TURN *** [Ts Kh 9d] [Qs]
Kreayshawn: checks 
Emam529: checks 
*** RIVER *** [Ts Kh 9d Qs] [Ad]
Kreayshawn: bets $1.21
Emam529: raises $4.80 to $6.01
Kreayshawn: folds 
Uncalled bet ($4.80) returned to Emam529
Emam529 collected $4.67 from pot
*** SUMMARY ***
Total pot $4.92 | Rake $0.25 
Board [Ts Kh 9d Qs Ad]
Seat 1: Emam529 collected ($4.67)
Seat 2: rao999 folded before Flop (didn't bet)
Seat 3: Melenya folded before Flop (didn't bet)
Seat 4: abramovich87 (button) folded before Flop (didn't bet)
Seat 5: Rysiff (small blind) folded before Flop
Seat 6: Kreayshawn (big blind) folded on the River



PokerStars Hand #254240837554:  Hold'em No Limit ($0.50/$1.00 USD) - 2025/01/07 4:17:12 WET [2025/01/06 23:17:12 ET]
Table 'Hakone' 6-max Seat #5 is the button
Seat 1: Emam529 ($130.21 in chips) 
Seat 2: rao999 ($104.65 in chips) 
Seat 3: Melenya ($115.71 in chips) 
Seat 4: abramovich87 ($126.52 in chips) 
Seat 5: Rysiff ($108.45 in chips) 
Seat 6: Kreayshawn ($100 in chips) 
Kreayshawn: posts small blind $0.50
Emam529: posts big blind $1
*** HOLE CARDS ***
rao999: folds 
Melenya: folds 
abramovich87: folds 
Rysiff: raises $1.50 to $2.50
Kreayshawn: folds 
Emam529: raises $1.50 to $4
Rysiff: raises $10 to $14
Emam529: raises $10 to $24
Rysiff: calls $10
*** FLOP *** [4s Qc 5h]
Emam529: checks 
Rysiff: checks 
*** TURN *** [4s Qc 5h] [9h]
Emam529: bets $1
Rysiff: raises $15.87 to $16.87
Emam529: calls $15.87
*** RIVER *** [4s Qc 5h 9h] [2d]
Emam529: checks 
Rysiff: bets $67.58 and is all-in
Emam529: folds 
Uncalled bet ($67.58) returned to Rysiff
Rysiff collected $79.74 from pot
Rysiff: doesn't show hand 
*** SUMMARY ***
Total pot $82.24 | Rake $2.50 
Board [4s Qc 5h 9h 2d]
Seat 1: Emam529 (big blind) folded on the River
Seat 2: rao999 folded before Flop (didn't bet)
Seat 3: Melenya folded before Flop (didn't bet)
Seat 4: abramovich87 folded before Flop (didn't bet)
Seat 5: Rysiff (button) collected ($79.74)
Seat 6: Kreayshawn (small blind) folded before Flop



PokerStars Hand #254240846175:  Hold'em No Limit ($0.50/$1.00 USD) - 2025/01/07 4:18:33 WET [2025/01/06 23:18:33 ET]
Table 'Hakone' 6-max Seat #6 is the button
Seat 1: Emam529 ($89.34 in chips) 
Seat 2: rao999 ($104.65 in chips) 
Seat 3: Melenya ($115.71 in chips) 
Seat 4: abramovich87 ($126.52 in chips) 
Seat 5: Rysiff ($147.32 in chips) 
Seat 6: Kreayshawn ($100 in chips) 
Emam529: posts small blind $0.50
rao999: posts big blind $1
*** HOLE CARDS ***
Melenya: folds 
abramovich87: folds 
Rysiff: folds 
Kreayshawn: raises $1.50 to $2.50
Emam529: calls $2
rao999: calls $1.50
*** FLOP *** [Th Jh Ts]
Emam529: bets $7.12
rao999: calls $7.12
Kreayshawn: folds 
*** TURN *** [Th Jh Ts] [Ac]
Emam529: bets $20.65
rao999: folds 
Uncalled bet ($20.65) returned to Emam529
Emam529 collected $20.65 from pot
*** SUMMARY ***
Total pot $21.74 | Rake $1.09 
Board [Th Jh Ts Ac]
Seat 1: Emam529 (small blind) collected ($20.65)
Seat 2: rao999 (big blind) folded on the Turn
Seat 3: Melenya folded before Flop (didn't bet)
Seat 4: abramovich87 folded before Flop (didn't bet)
Seat 5: Rysiff folded before Flop (didn't bet)
Seat 6: Kreayshawn (button) folded on the Flop



PokerStars Hand #254240851329:  Hold'em No Limit ($0.50/$1.00 USD) - 2025/01/07 4:19:22 WET [2025/01/06 23:19:22 ET]
Table 'Hakone' 6-max Seat #1 is the button
Seat 3: Melenya ($115.71 in chips) is sitting out
Seat 1: Emam529 ($100.37 in chips) 
Seat 2: rao999 ($100 in chips) 
Seat 4: abramovich87 ($126.52 in chips) 
Seat 5: Rysiff ($147.32 in chips) 
Seat 6: Kreayshawn ($100 in chips) 
rao999: posts small blind $0.50
Melenya: is sitting out 
abramovich87: posts big blind $1
*** HOLE CARDS ***
Melenya leaves the table
Rysiff: folds 
Kreayshawn: folds 
Emam529: raises $1 to $2
rao999: folds 
abramovich87: folds 
Uncalled bet ($1) returned to Emam529
Emam529 collected $2.50 from pot
*** SUMMARY ***
Total pot $2.50 | Rake $0 
Seat 3: Melenya
Seat 1: Emam529 (button) collected ($2.50)
Seat 2: rao999 (small blind) folded before Flop
Seat 4: abramovich87 (big blind) folded before Flop
Seat 5: Rysiff folded before Flop (didn't bet)
Seat 6: Kreayshawn folded before Flop (didn't bet)



PokerStars Hand #254240853186:  Hold'em No Limit ($0.50/$1.00 USD) - 2025/01/07 4:19:40 WET [2025/01/06 23:19:40 ET]
Table 'Hakone' 6-max Seat #2 is the button
Seat 1: Emam529 ($101.87 in chips) 
Seat 2: rao999 ($100 in chips) 
Seat 4: abramovich87 ($125.52 in chips) 
Seat 5: Rysiff ($147.32 in chips) 
Seat 6: Kreayshawn ($100 in chips) 
abramovich87: posts small blind $0.50
Rysiff: posts big blind $1
*** HOLE CARDS ***
Kreayshawn: folds 
reeqar joins the table at seat #3 
Emam529: calls $1
rao999: folds 
abramovich87: folds 
Rysiff: checks 
*** FLOP *** [2c 5h 2h]
Rysiff: checks 
Emam529: checks 
*** TURN *** [2c 5h 2h] [Jh]
Rysiff: checks 
Emam529: checks 
*** RIVER *** [2c 5h 2h Jh] [8s]
Rysiff: checks 
Emam529: checks 
*** SHOW DOWN ***
Rysiff: shows [Tc 6h] (a pair of Deuces)
Emam529: shows [7d Ah] (a pair of Deuces - Ace kicker)
Emam529 collected $2.38 from pot
*** SUMMARY ***
Total pot $2.50 | Rake $0.12 
Board [2c 5h 2h Jh 8s]
Seat 1: Emam529 showed [7d Ah] and won ($2.38) with a pair of Deuces
Seat 2: rao999 (button) folded before Flop (didn't bet)
Seat 4: abramovich87 (small blind) folded before Flop
Seat 5: Rysiff (big blind) showed [Tc 6h] and lost with a pair of Deuces
Seat 6: Kreayshawn folded before Flop (didn't bet)



PokerStars Hand #254240856215:  Hold'em No Limit ($0.50/$1.00 USD) - 2025/01/07 4:20:08 WET [2025/01/06 23:20:08 ET]
Table 'Hakone' 6-max Seat #4 is the button
Seat 3: reeqar ($110.11 in chips) is sitting out
Seat 1: Emam529 ($103.25 in chips) 
Seat 2: rao999 ($100 in chips) 
Seat 4: abramovich87 ($125.02 in chips) 
Seat 5: Rysiff ($146.32 in chips) 
Seat 6: Kreayshawn ($100 in chips) 
Rysiff: posts small blind $0.50
Kreayshawn: posts big blind $1
reeqar: sits out 
*** HOLE CARDS ***
Emam529: calls $1
rao999: raises $2.50 to $3.50
abramovich87: calls $3.50
Rysiff: folds 
Kreayshawn: folds 
Emam529: calls $2.50
*** FLOP *** [4d Th Js]
Emam529: checks 
rao999: checks 
abramovich87: checks 
*** TURN *** [4d Th Js] [9d]
Emam529: checks 
rao999: bets $8.55
abramovich87: folds 
Emam529: folds 
Uncalled bet ($8.55) returned to rao999
rao999 collected $11.40 from pot
rao999: doesn't show hand 
*** SUMMARY ***
Total pot $12 | Rake $0.60 
Board [4d Th Js 9d]
Seat 3: reeqar
Seat 1: Emam529 folded on the Turn
Seat 2: rao999 collected ($11.40)
Seat 4: abramovich87 (button) folded on the Turn
Seat 5: Rysiff (small blind) folded before Flop
Seat 6: Kreayshawn (big blind) folded before Flop



PokerStars Hand #254240862936:  Hold'em No Limit ($0.50/$1.00 USD) - 2025/01/07 4:21:12 WET [2025/01/06 23:21:12 ET]
Table 'Hakone' 6-max Seat #5 is the button
Seat 3: reeqar ($110.11 in chips) is sitting out
Seat 1: Emam529 ($99.75 in chips) 
Seat 2: rao999 ($107.90 in chips) 
Seat 4: abramovich87 ($121.52 in chips) 
Seat 5: Rysiff ($145.82 in chips) 
Seat 6: Kreayshawn ($100 in chips) 
Kreayshawn: posts small blind $0.50
Emam529: posts big blind $1
reeqar: sits out 
*** HOLE CARDS ***
rao999: folds 
abramovich87: folds 
Rysiff: raises $1.50 to $2.50
Kreayshawn: calls $2
Emam529: raises $1.50 to $4
Rysiff: calls $1.50
Kreayshawn: calls $1.50
*** FLOP *** [2d 6s 6c]
Kreayshawn: checks 
Emam529: bets $11.40
Rysiff: folds 
Kreayshawn: calls $11.40
*** TURN *** [2d 6s 6c] [2h]
Kreayshawn: checks 
Emam529: bets $16.53
Kreayshawn: calls $16.53
*** RIVER *** [2d 6s 6c 2h] [4d]
Kreayshawn: checks 
Emam529: checks 
*** SHOW DOWN ***
Kreayshawn: shows [3s 3c] (two pair, Sixes and Threes)
Emam529: shows [4s Ks] (two pair, Sixes and Fours)
Emam529 collected $65.36 from pot
*** SUMMARY ***
Total pot $67.86 | Rake $2.50 
Board [2d 6s 6c 2h 4d]
Seat 3: reeqar
Seat 1: Emam529 (big blind) showed [4s Ks] and won ($65.36) with two pair, Sixes and Fours
Seat 2: rao999 folded before Flop (didn't bet)
Seat 4: abramovich87 folded before Flop (didn't bet)
Seat 5: Rysiff (button) folded on the Flop
Seat 6: Kreayshawn (small blind) showed [3s 3c] and lost with two pair, Sixes and Threes



PokerStars Hand #254240870716:  Hold'em No Limit ($0.50/$1.00 USD) - 2025/01/07 4:22:25 WET [2025/01/06 23:22:25 ET]
Table 'Hakone' 6-max Seat #6 is the button
Seat 3: reeqar ($110.11 in chips) is sitting out
Seat 1: Emam529 ($133.18 in chips) 
Seat 2: rao999 ($107.90 in chips) 
Seat 4: abramovich87 ($121.52 in chips) 
Seat 5: Rysiff ($141.82 in chips) 
Seat 6: Kreayshawn ($100 in chips) 
Emam529: posts small blind $0.50
rao999: posts big blind $1
reeqar: sits out 
*** HOLE CARDS ***
abramovich87: folds 
Rysiff: folds 
Kreayshawn: raises $1.50 to $2.50
Emam529: calls $2
rao999: calls $1.50
*** FLOP *** [Kc 6h 5c]
Emam529: checks 
rao999: checks 
Kreayshawn: checks 
*** TURN *** [Kc 6h 5c] [Ah]
Emam529: checks 
rao999: checks 
Kreayshawn: bets $5.48
Emam529: folds 
rao999: calls $5.48
*** RIVER *** [Kc 6h 5c Ah] [Jh]
rao999: checks 
Kreayshawn: bets $13.51
rao999: folds 
Uncalled bet ($13.51) returned to Kreayshawn
Kreayshawn collected $17.54 from pot
*** SUMMARY ***
Total pot $18.46 | Rake $0.92 
Board [Kc 6h 5c Ah Jh]
Seat 3: reeqar
Seat 1: Emam529 (small blind) folded on the Turn
Seat 2: rao999 (big blind) folded on the River
Seat 4: abramovich87 folded before Flop (didn't bet)
Seat 5: Rysiff folded before Flop (didn't bet)
Seat 6: Kreayshawn (button) collected ($17.54)



PokerStars Hand #254240877582:  Hold'em No Limit ($0.50/$1.00 USD) - 2025/01/07 4:23:31 WET [2025/01/06 23:23:31 ET]
Table 'Hakone' 6-max Seat #1 is the button
Seat 1: Emam529 ($130.68 in chips) 
Seat 2: rao999 ($100 in chips) 
Seat 3: reeqar ($110.11 in chips) 
Seat 4: abramovich87 ($121.52 in chips) 
Seat 5: Rysiff ($141.82 in chips) 
Seat 6: Kreayshawn ($109.56 in chips) 
rao999: posts small blind $0.50
reeqar: posts big blind $1
*** HOLE CARDS ***
abramovich87: raises $2 to $3
Rysiff: folds 
Kreayshawn: folds 
Emam529: calls $3
rao999: folds 
reeqar: folds 
*** FLOP *** [8c 4c 4h]
abramovich87: bets $2.35
Emam529: folds 
Uncalled bet ($2.35) returned to abramovich87
abramovich87 collected $7.12 from pot
abramovich87: doesn't show hand 
*** SUMMARY ***
Total pot $7.50 | Rake $0.38 
Board [8c 4c 4h]
Seat 1: Emam529 (button) folded on the Flop
Seat 2: rao999 (small blind) folded before Flop
Seat 3: reeqar (big blind) folded before Flop
Seat 4: abramovich87 collected ($7.12)
Seat 5: Rysiff folded before Flop (didn't bet)
Seat 6: Kreayshawn folded before Flop (didn't bet)



PokerStars Hand #254240879248:  Hold'em No Limit ($0.50/$1.00 USD) - 2025/01/07 4:23:46 WET [2025/01/06 23:23:46 ET]
Table 'Hakone' 6-max Seat #2 is the button
Seat 1: Emam529 ($127.68 in chips) 
Seat 2: rao999 ($100 in chips) 
Seat 3: reeqar ($109.11 in chips) 
Seat 4: abramovich87 ($125.64 in chips) 
Seat 5: Rysiff ($141.82 in chips) 
Seat 6: Kreayshawn ($109.56 in chips) 
reeqar: posts small blind $0.50
abramovich87: posts big blind $1
*** HOLE CARDS ***
Rysiff: folds 
Kreayshawn: folds 
Emam529: calls $1
rao999: folds 
reeqar: calls $0.50
abramovich87: checks 
*** FLOP *** [8h 7h Ks]
reeqar: checks 
abramovich87: checks 
Emam529: checks 
*** TURN *** [8h 7h Ks] [6c]
reeqar: bets $1.43
abramovich87: folds 
Emam529: raises $1.43 to $2.86
reeqar: folds 
Uncalled bet ($1.43) returned to Emam529
Emam529 collected $5.57 from pot
*** SUMMARY ***
Total pot $5.86 | Rake $0.29 
Board [8h 7h Ks 6c]
Seat 1: Emam529 collected ($5.57)
Seat 2: rao999 (button) folded before Flop (didn't bet)
Seat 3: reeqar (small blind) folded on the Turn
Seat 4: abramovich87 (big blind) folded on the Turn
Seat 5: Rysiff folded before Flop (didn't bet)
Seat 6: Kreayshawn folded before Flop (didn't bet)



PokerStars Hand #254240883672:  Hold'em No Limit ($0.50/$1.00 USD) - 2025/01/07 4:24:28 WET [2025/01/06 23:24:28 ET]
Table 'Hakone' 6-max Seat #3 is the button
Seat 1: Emam529 ($130.82 in chips) 
Seat 2: rao999 ($100 in chips) 
Seat 3: reeqar ($106.68 in chips) 
Seat 4: abramovich87 ($124.64 in chips) 
Seat 5: Rysiff ($141.82 in chips) 
Seat 6: Kreayshawn ($109.56 in chips) 
abramovich87: posts small blind $0.50
Rysiff: posts big blind $1
*** HOLE CARDS ***
Kreayshawn: folds 
Emam529: calls $1
rao999: folds 
reeqar: raises $3.50 to $4.50
abramovich87: folds 
Rysiff: folds 
Emam529: calls $3.50
*** FLOP *** [8h 7s Js]
Emam529: bets $3
reeqar: calls $3
*** TURN *** [8h 7s Js] [9d]
Emam529: bets $3
reeqar: calls $3
*** RIVER *** [8h 7s Js 9d] [3d]
Emam529: checks 
reeqar: checks 
*** SHOW DOWN ***
Emam529: shows [5s 8d] (a pair of Eights)
reeqar: mucks hand 
Emam529 collected $21.38 from pot
*** SUMMARY ***
Total pot $22.50 | Rake $1.12 
Board [8h 7s Js 9d 3d]
Seat 1: Emam529 showed [5s 8d] and won ($21.38) with a pair of Eights
Seat 2: rao999 folded before Flop (didn't bet)
Seat 3: reeqar (button) mucked
Seat 4: abramovich87 (small blind) folded before Flop
Seat 5: Rysiff (big blind) folded before Flop
Seat 6: Kreayshawn folded before Flop (didn't bet)



PokerStars Hand #254240889524:  Hold'em No Limit ($0.50/$1.00 USD) - 2025/01/07 4:25:25 WET [2025/01/06 23:25:25 ET]
Table 'Hakone' 6-max Seat #4 is the button
Seat 1: Emam529 ($141.70 in chips) 
Seat 2: rao999 ($100 in chips) 
Seat 3: reeqar ($100 in chips) 
Seat 4: abramovich87 ($124.14 in chips) 
Seat 5: Rysiff ($140.82 in chips) 
Seat 6: Kreayshawn ($109.56 in chips) 
Rysiff: posts small blind $0.50
Kreayshawn: posts big blind $1
*** HOLE CARDS ***
Emam529: raises $1 to $2
rao999: folds 
reeqar: raises $6 to $8
abramovich87: folds 
Rysiff: folds 
Kreayshawn: folds 
Emam529: calls $6
*** FLOP *** [5c 3d Qd]
Emam529: checks 
reeqar: bets $8.31
Emam529: folds 
Uncalled bet ($8.31) returned to reeqar
reeqar collected $16.62 from pot
reeqar: doesn't show hand 
*** SUMMARY ***
Total pot $17.50 | Rake $0.88 
Board [5c 3d Qd]
Seat 1: Emam529 folded on the Flop
Seat 2: rao999 folded before Flop (didn't bet)
Seat 3: reeqar collected ($16.62)
Seat 4: abramovich87 (button) folded before Flop (didn't bet)
Seat 5: Rysiff (small blind) folded before Flop
Seat 6: Kreayshawn (big blind) folded before Flop



PokerStars Hand #254240893367:  Hold'em No Limit ($0.50/$1.00 USD) - 2025/01/07 4:26:01 WET [2025/01/06 23:26:01 ET]
Table 'Hakone' 6-max Seat #5 is the button
Seat 1: Emam529 ($133.70 in chips) 
Seat 2: rao999 ($100 in chips) 
Seat 3: reeqar ($108.62 in chips) 
Seat 4: abramovich87 ($124.14 in chips) 
Seat 5: Rysiff ($140.32 in chips) 
Seat 6: Kreayshawn ($108.56 in chips) 
Kreayshawn: posts small blind $0.50
Emam529: posts big blind $1
*** HOLE CARDS ***
rao999: folds 
reeqar: folds 
abramovich87: folds 
Rysiff: raises $1.50 to $2.50
Kreayshawn: folds 
Emam529: folds 
Uncalled bet ($1.50) returned to Rysiff
Rysiff collected $2.50 from pot
Rysiff: doesn't show hand 
*** SUMMARY ***
Total pot $2.50 | Rake $0 
Seat 1: Emam529 (big blind) folded before Flop
Seat 2: rao999 folded before Flop (didn't bet)
Seat 3: reeqar folded before Flop (didn't bet)
Seat 4: abramovich87 folded before Flop (didn't bet)
Seat 5: Rysiff (button) collected ($2.50)
Seat 6: Kreayshawn (small blind) folded before Flop



PokerStars Hand #254240895436:  Hold'em No Limit ($0.50/$1.00 USD) - 2025/01/07 4:26:21 WET [2025/01/06 23:26:21 ET]
Table 'Hakone' 6-max Seat #6 is the button
Seat 1: Emam529 ($132.70 in chips) 
Seat 2: rao999 ($100 in chips) 
Seat 3: reeqar ($108.62 in chips) 
Seat 4: abramovich87 ($124.14 in chips) 
Seat 5: Rysiff ($141.82 in chips) 
Seat 6: Kreayshawn ($108.06 in chips) 
Emam529: posts small blind $0.50
rao999: posts big blind $1
*** HOLE CARDS ***
reeqar: folds 
abramovich87: folds 
Rysiff: raises $1.50 to $2.50
Kreayshawn: calls $2.50
Emam529: calls $2
rao999: folds 
*** FLOP *** [7h 5d 9d]
Emam529: bets $8.08
Rysiff: folds 
Kreayshawn: raises $79.92 to $88
Emam529: folds 
Uncalled bet ($79.92) returned to Kreayshawn
Kreayshawn collected $23.43 from pot
*** SUMMARY ***
Total pot $24.66 | Rake $1.23 
Board [7h 5d 9d]
Seat 1: Emam529 (small blind) folded on the Flop
Seat 2: rao999 (big blind) folded before Flop
Seat 3: reeqar folded before Flop (didn't bet)
Seat 4: abramovich87 folded before Flop (didn't bet)
Seat 5: Rysiff folded on the Flop
Seat 6: Kreayshawn (button) collected ($23.43)



PokerStars Hand #254240900104:  Hold'em No Limit ($0.50/$1.00 USD) - 2025/01/07 4:27:07 WET [2025/01/06 23:27:07 ET]
Table 'Hakone' 6-max Seat #1 is the button
Seat 1: Emam529 ($122.12 in chips) 
Seat 2: rao999 ($100 in chips) 
Seat 3: reeqar ($108.62 in chips) 
Seat 4: abramovich87 ($124.14 in chips) 
Seat 5: Rysiff ($139.32 in chips) 
Seat 6: Kreayshawn ($120.91 in chips) 
rao999: posts small blind $0.50
reeqar: posts big blind $1
*** HOLE CARDS ***
abramovich87: folds 
Rysiff: raises $1.50 to $2.50
Kreayshawn: calls $2.50
Emam529: calls $2.50
rao999: calls $2
reeqar: folds 
*** FLOP *** [6h 5h Ah]
rao999: checks 
Rysiff: checks 
Kreayshawn: checks 
Emam529: bets $5.23
rao999: folds 
Rysiff: folds 
Kreayshawn: calls $5.23
*** TURN *** [6h 5h Ah] [Ac]
Kreayshawn: checks 
Emam529: bets $13.39
Kreayshawn: raises $36.32 to $49.71
Emam529: folds 
Uncalled bet ($36.32) returned to Kreayshawn
Kreayshawn collected $45.83 from pot
*** SUMMARY ***
Total pot $48.24 | Rake $2.41 
Board [6h 5h Ah Ac]
Seat 1: Emam529 (button) folded on the Turn
Seat 2: rao999 (small blind) folded on the Flop
Seat 3: reeqar (big blind) folded before Flop
Seat 4: abramovich87 folded before Flop (didn't bet)
Seat 5: Rysiff folded on the Flop
Seat 6: Kreayshawn collected ($45.83)



PokerStars Hand #254240906475:  Hold'em No Limit ($0.50/$1.00 USD) - 2025/01/07 4:28:08 WET [2025/01/06 23:28:08 ET]
Table 'Hakone' 6-max Seat #2 is the button
Seat 1: Emam529 ($101 in chips) 
Seat 2: rao999 ($100 in chips) 
Seat 3: reeqar ($107.62 in chips) 
Seat 4: abramovich87 ($124.14 in chips) 
Seat 5: Rysiff ($136.82 in chips) 
Seat 6: Kreayshawn ($145.62 in chips) 
reeqar: posts small blind $0.50
abramovich87: posts big blind $1
*** HOLE CARDS ***
Rysiff: folds 
Kreayshawn: raises $1.50 to $2.50
Emam529: calls $2.50
rao999: folds 
reeqar: folds 
abramovich87: calls $1.50
*** FLOP *** [6c 3h Td]
abramovich87: checks 
Kreayshawn: checks 
Emam529: checks 
*** TURN *** [6c 3h Td] [5s]
abramovich87: checks 
Kreayshawn: checks 
Emam529: checks 
*** RIVER *** [6c 3h Td 5s] [Tc]
abramovich87: checks 
Kreayshawn: checks 
Emam529: checks 
*** SHOW DOWN ***
abramovich87: shows [8d 5d] (two pair, Tens and Fives)
Kreayshawn: mucks hand 
Emam529: mucks hand 
abramovich87 collected $7.60 from pot
*** SUMMARY ***
Total pot $8 | Rake $0.40 
Board [6c 3h Td 5s Tc]
Seat 1: Emam529 mucked
Seat 2: rao999 (button) folded before Flop (didn't bet)
Seat 3: reeqar (small blind) folded before Flop
Seat 4: abramovich87 (big blind) showed [8d 5d] and won ($7.60) with two pair, Tens and Fives
Seat 5: Rysiff folded before Flop (didn't bet)
Seat 6: Kreayshawn mucked



PokerStars Hand #254240911873:  Hold'em No Limit ($0.50/$1.00 USD) - 2025/01/07 4:29:02 WET [2025/01/06 23:29:02 ET]
Table 'Hakone' 6-max Seat #3 is the button
Seat 1: Emam529 ($98.50 in chips) 
Seat 2: rao999 ($100 in chips) 
Seat 3: reeqar ($107.12 in chips) 
Seat 4: abramovich87 ($129.24 in chips) 
Seat 5: Rysiff ($136.82 in chips) 
Seat 6: Kreayshawn ($143.12 in chips) 
abramovich87: posts small blind $0.50
Rysiff: posts big blind $1
*** HOLE CARDS ***
Kreayshawn: folds 
Emam529: calls $1
rao999: raises $2.50 to $3.50
reeqar: folds 
abramovich87: folds 
Rysiff: folds 
Emam529: calls $2.50
*** FLOP *** [Qc 6s 8c]
Emam529: checks 
rao999: bets $5.33
Emam529: calls $5.33
*** TURN *** [Qc 6s 8c] [Qd]
Emam529: checks 
rao999: bets $13.65
Emam529: folds 
Uncalled bet ($13.65) returned to rao999
rao999 collected $18.20 from pot
rao999: doesn't show hand 
*** SUMMARY ***
Total pot $19.16 | Rake $0.96 
Board [Qc 6s 8c Qd]
Seat 1: Emam529 folded on the Turn
Seat 2: rao999 collected ($18.20)
Seat 3: reeqar (button) folded before Flop (didn't bet)
Seat 4: abramovich87 (small blind) folded before Flop
Seat 5: Rysiff (big blind) folded before Flop
Seat 6: Kreayshawn folded before Flop (didn't bet)



PokerStars Hand #254240916107:  Hold'em No Limit ($0.50/$1.00 USD) - 2025/01/07 4:29:43 WET [2025/01/06 23:29:43 ET]
Table 'Hakone' 6-max Seat #4 is the button
Seat 1: Emam529 ($89.67 in chips) 
Seat 2: rao999 ($109.37 in chips) 
Seat 3: reeqar ($107.12 in chips) 
Seat 4: abramovich87 ($128.74 in chips) 
Seat 5: Rysiff ($135.82 in chips) 
Seat 6: Kreayshawn ($143.12 in chips) 
Rysiff: posts small blind $0.50
Kreayshawn: posts big blind $1
*** HOLE CARDS ***
Emam529: calls $1
rao999: raises $2.50 to $3.50
reeqar: calls $3.50
abramovich87: folds 
Rysiff: folds 
Kreayshawn: folds 
Emam529: calls $2.50
*** FLOP *** [Ks 7c 6c]
Emam529: checks 
rao999: bets $3.76
reeqar: folds 
Emam529: calls $3.76
*** TURN *** [Ks 7c 6c] [Qd]
Emam529: checks 
rao999: bets $13.91
Emam529: calls $13.91
*** RIVER *** [Ks 7c 6c Qd] [4h]
Emam529: checks 
rao999: checks 
*** SHOW DOWN ***
Emam529: shows [Tc Jh] (high card King)
rao999: shows [Kh Th] (a pair of Kings)
rao999 collected $44.97 from pot
*** SUMMARY ***
Total pot $47.34 | Rake $2.37 
Board [Ks 7c 6c Qd 4h]
Seat 1: Emam529 showed [Tc Jh] and lost with high card King
Seat 2: rao999 showed [Kh Th] and won ($44.97) with a pair of Kings
Seat 3: reeqar folded on the Flop
Seat 4: abramovich87 (button) folded before Flop (didn't bet)
Seat 5: Rysiff (small blind) folded before Flop
Seat 6: Kreayshawn (big blind) folded before Flop



PokerStars Hand #254240921937:  Hold'em No Limit ($0.50/$1.00 USD) - 2025/01/07 4:30:40 WET [2025/01/06 23:30:40 ET]
Table 'Hakone' 6-max Seat #5 is the button
Seat 1: Emam529 ($68.50 in chips) 
Seat 2: rao999 ($133.17 in chips) 
Seat 3: reeqar ($103.62 in chips) 
Seat 4: abramovich87 ($128.74 in chips) 
Seat 5: Rysiff ($135.32 in chips) 
Seat 6: Kreayshawn ($142.12 in chips) 
Kreayshawn: posts small blind $0.50
Emam529: posts big blind $1
*** HOLE CARDS ***
rao999: folds 
reeqar: folds 
abramovich87: folds 
Rysiff: folds 
Kreayshawn: raises $2 to $3
Emam529: calls $2
*** FLOP *** [4h As Ks]
Kreayshawn: checks 
Emam529: bets $5.70
Kreayshawn: calls $5.70
*** TURN *** [4h As Ks] [Kh]
Kreayshawn: checks 
Emam529: bets $16.53
Kreayshawn: calls $16.53
*** RIVER *** [4h As Ks Kh] [3d]
Kreayshawn: checks 
Emam529: bets $43.27 and is all-in
Kreayshawn: calls $43.27
*** SHOW DOWN ***
Emam529: shows [Jh 4d] (two pair, Kings and Fours)
Kreayshawn: shows [Ac 8s] (two pair, Aces and Kings)
Kreayshawn collected $134.50 from pot
*** SUMMARY ***
Total pot $137 | Rake $2.50 
Board [4h As Ks Kh 3d]
Seat 1: Emam529 (big blind) showed [Jh 4d] and lost with two pair, Kings and Fours
Seat 2: rao999 folded before Flop (didn't bet)
Seat 3: reeqar folded before Flop (didn't bet)
Seat 4: abramovich87 folded before Flop (didn't bet)
Seat 5: Rysiff (button) folded before Flop (didn't bet)
Seat 6: Kreayshawn (small blind) showed [Ac 8s] and won ($134.50) with two pair, Aces and Kings



PokerStars Hand #254240927141:  Hold'em No Limit ($0.50/$1.00 USD) - 2025/01/07 4:31:31 WET [2025/01/06 23:31:31 ET]
Table 'Hakone' 6-max Seat #6 is the button
Seat 1: Emam529 ($0 in chips) is sitting out
Seat 2: rao999 ($133.17 in chips) 
Seat 3: reeqar ($103.62 in chips) 
Seat 4: abramovich87 ($128.74 in chips) 
Seat 5: Rysiff ($135.32 in chips) 
Seat 6: Kreayshawn ($208.12 in chips) 
rao999: posts small blind $0.50
reeqar: posts big blind $1
*** HOLE CARDS ***
abramovich87: folds 
Rysiff: folds 
Kreayshawn: folds 
rao999: folds 
Uncalled bet ($0.50) returned to reeqar
reeqar collected $1 from pot
reeqar: doesn't show hand 
*** SUMMARY ***
Total pot $1 | Rake $0 
Seat 1: Emam529
Seat 2: rao999 (small blind) folded before Flop
Seat 3: reeqar (big blind) collected ($1)
Seat 4: abramovich87 folded before Flop (didn't bet)
Seat 5: Rysiff folded before Flop (didn't bet)
Seat 6: Kreayshawn (button) folded before Flop (didn't bet)



PokerStars Hand #254240928287:  Hold'em No Limit ($0.50/$1.00 USD) - 2025/01/07 4:31:43 WET [2025/01/06 23:31:43 ET]
Table 'Hakone' 6-max Seat #2 is the button
Seat 1: Emam529 ($0 in chips) is sitting out
Seat 2: rao999 ($132.67 in chips) 
Seat 3: reeqar ($104.12 in chips) 
Seat 4: abramovich87 ($128.74 in chips) 
Seat 5: Rysiff ($135.32 in chips) 
Seat 6: Kreayshawn ($208.12 in chips) 
reeqar: posts small blind $0.50
abramovich87: posts big blind $1
*** HOLE CARDS ***
Rysiff: folds 
Kreayshawn: raises $1.50 to $2.50
rao999: folds 
reeqar: raises $7.50 to $10
abramovich87: folds 
Kreayshawn: folds 
Uncalled bet ($7.50) returned to reeqar
reeqar collected $6 from pot
reeqar: doesn't show hand 
*** SUMMARY ***
Total pot $6 | Rake $0 
Seat 1: Emam529
Seat 2: rao999 (button) folded before Flop (didn't bet)
Seat 3: reeqar (small blind) collected ($6)
Seat 4: abramovich87 (big blind) folded before Flop
Seat 5: Rysiff folded before Flop (didn't bet)
Seat 6: Kreayshawn folded before Flop



PokerStars Hand #254240931614:  Hold'em No Limit ($0.50/$1.00 USD) - 2025/01/07 4:32:16 WET [2025/01/06 23:32:16 ET]
Table 'Hakone' 6-max Seat #3 is the button
Seat 1: Emam529 ($0 in chips) is sitting out
Seat 2: rao999 ($132.67 in chips) 
Seat 3: reeqar ($107.62 in chips) 
Seat 4: abramovich87 ($127.74 in chips) 
Seat 5: Rysiff ($135.32 in chips) 
Seat 6: Kreayshawn ($205.62 in chips) 
abramovich87: posts small blind $0.50
Rysiff: posts big blind $1
*** HOLE CARDS ***
Kreayshawn: folds 
rao999: folds 
reeqar: folds 
abramovich87: folds 
Uncalled bet ($0.50) returned to Rysiff
Rysiff collected $1 from pot
Rysiff: doesn't show hand 
*** SUMMARY ***
Total pot $1 | Rake $0 
Seat 1: Emam529
Seat 2: rao999 folded before Flop (didn't bet)
Seat 3: reeqar (button) folded before Flop (didn't bet)
Seat 4: abramovich87 (small blind) folded before Flop
Seat 5: Rysiff (big blind) collected ($1)
Seat 6: Kreayshawn folded before Flop (didn't bet)



PokerStars Hand #254240932990:  Hold'em No Limit ($0.50/$1.00 USD) - 2025/01/07 4:32:30 WET [2025/01/06 23:32:30 ET]
Table 'Hakone' 6-max Seat #4 is the button
Seat 1: Emam529 ($100 in chips) 
Seat 2: rao999 ($132.67 in chips) 
Seat 3: reeqar ($107.62 in chips) 
Seat 4: abramovich87 ($127.24 in chips) 
Seat 5: Rysiff ($135.82 in chips) 
Seat 6: Kreayshawn ($205.62 in chips) 
Rysiff: posts small blind $0.50
Kreayshawn: posts big blind $1
Emam529: posts small blind $0.50
*** HOLE CARDS ***
Emam529: calls $1
rao999: folds 
reeqar: folds 
abramovich87: folds 
Rysiff: raises $4 to $5
Kreayshawn: folds 
Emam529: calls $4
*** FLOP *** [5c Ad Kh]
Rysiff: checks 
Emam529: checks 
*** TURN *** [5c Ad Kh] [2d]
Rysiff: bets $2.18
Emam529: folds 
Uncalled bet ($2.18) returned to Rysiff
Rysiff collected $10.92 from pot
Rysiff: doesn't show hand 
*** SUMMARY ***
Total pot $11.50 | Rake $0.58 
Board [5c Ad Kh 2d]
Seat 1: Emam529 folded on the Turn
Seat 2: rao999 folded before Flop (didn't bet)
Seat 3: reeqar folded before Flop (didn't bet)
Seat 4: abramovich87 (button) folded before Flop (didn't bet)
Seat 5: Rysiff (small blind) collected ($10.92)
Seat 6: Kreayshawn (big blind) folded before Flop



PokerStars Hand #254240937352:  Hold'em No Limit ($0.50/$1.00 USD) - 2025/01/07 4:33:14 WET [2025/01/06 23:33:14 ET]
Table 'Hakone' 6-max Seat #5 is the button
Seat 1: Emam529 ($94.50 in chips) 
Seat 2: rao999 ($132.67 in chips) 
Seat 3: reeqar ($107.62 in chips) 
Seat 4: abramovich87 ($127.24 in chips) 
Seat 5: Rysiff ($141.74 in chips) 
Seat 6: Kreayshawn ($204.62 in chips) 
Kreayshawn: posts small blind $0.50
Emam529: posts big blind $1
*** HOLE CARDS ***
rao999: folds 
reeqar: folds 
abramovich87: folds 
Rysiff: folds 
Kreayshawn: folds 
Uncalled bet ($0.50) returned to Emam529
Emam529 collected $1 from pot
*** SUMMARY ***
Total pot $1 | Rake $0 
Seat 1: Emam529 (big blind) collected ($1)
Seat 2: rao999 folded before Flop (didn't bet)
Seat 3: reeqar folded before Flop (didn't bet)
Seat 4: abramovich87 folded before Flop (didn't bet)
Seat 5: Rysiff (button) folded before Flop (didn't bet)
Seat 6: Kreayshawn (small blind) folded before Flop



PokerStars Hand #254240938533:  Hold'em No Limit ($0.50/$1.00 USD) - 2025/01/07 4:33:26 WET [2025/01/06 23:33:26 ET]
Table 'Hakone' 6-max Seat #6 is the button
Seat 1: Emam529 ($95 in chips) 
Seat 2: rao999 ($132.67 in chips) 
Seat 3: reeqar ($107.62 in chips) 
Seat 4: abramovich87 ($127.24 in chips) 
Seat 5: Rysiff ($141.74 in chips) 
Seat 6: Kreayshawn ($204.12 in chips) 
Emam529: posts small blind $0.50
rao999: posts big blind $1
*** HOLE CARDS ***
reeqar: folds 
abramovich87: folds 
Rysiff: folds 
Kreayshawn: folds 
Emam529: calls $0.50
rao999: checks 
*** FLOP *** [Kh 6c Td]
Emam529: bets $1.90
rao999: calls $1.90
*** TURN *** [Kh 6c Td] [4c]
Emam529: bets $5.51
rao999: calls $5.51
*** RIVER *** [Kh 6c Td 4c] [5h]
Emam529: checks 
rao999: checks 
*** SHOW DOWN ***
Emam529: shows [8s 7s] (a straight, Four to Eight)
rao999: mucks hand 
Emam529 collected $15.98 from pot
*** SUMMARY ***
Total pot $16.82 | Rake $0.84 
Board [Kh 6c Td 4c 5h]
Seat 1: Emam529 (small blind) showed [8s 7s] and won ($15.98) with a straight, Four to Eight
Seat 2: rao999 (big blind) mucked
Seat 3: reeqar folded before Flop (didn't bet)
Seat 4: abramovich87 folded before Flop (didn't bet)
Seat 5: Rysiff folded before Flop (didn't bet)
Seat 6: Kreayshawn (button) folded before Flop (didn't bet)



PokerStars Hand #254240942644:  Hold'em No Limit ($0.50/$1.00 USD) - 2025/01/07 4:34:07 WET [2025/01/06 23:34:07 ET]
Table 'Hakone' 6-max Seat #1 is the button
Seat 3: reeqar ($107.62 in chips) is sitting out
Seat 1: Emam529 ($102.57 in chips) 
Seat 2: rao999 ($124.26 in chips) 
Seat 4: abramovich87 ($127.24 in chips) 
Seat 5: Rysiff ($141.74 in chips) 
Seat 6: Kreayshawn ($204.12 in chips) 
rao999: posts small blind $0.50
reeqar: is sitting out 
abramovich87: posts big blind $1
*** HOLE CARDS ***
Rysiff: folds 
Kreayshawn: raises $1.50 to $2.50
Emam529: raises $1.50 to $4
rao999: folds 
abramovich87: calls $3
Kreayshawn: calls $1.50
*** FLOP *** [Kc 2d 3d]
abramovich87: checks 
Kreayshawn: checks 
Emam529: checks 
*** TURN *** [Kc 2d 3d] [6h]
abramovich87: checks 
Kreayshawn: checks 
Emam529: bets $11.88
abramovich87: folds 
Kreayshawn: folds 
Uncalled bet ($11.88) returned to Emam529
Emam529 collected $11.88 from pot
*** SUMMARY ***
Total pot $12.50 | Rake $0.62 
Board [Kc 2d 3d 6h]
Seat 3: reeqar
Seat 1: Emam529 (button) collected ($11.88)
Seat 2: rao999 (small blind) folded before Flop
Seat 4: abramovich87 (big blind) folded on the Turn
Seat 5: Rysiff folded before Flop (didn't bet)
Seat 6: Kreayshawn folded on the Turn



PokerStars Hand #254240947597:  Hold'em No Limit ($0.50/$1.00 USD) - 2025/01/07 4:34:56 WET [2025/01/06 23:34:56 ET]
Table 'Hakone' 6-max Seat #2 is the button
Seat 3: reeqar ($107.62 in chips) is sitting out
Seat 1: Emam529 ($110.45 in chips) 
Seat 2: rao999 ($123.76 in chips) 
Seat 4: abramovich87 ($123.24 in chips) 
Seat 5: Rysiff ($141.74 in chips) 
Seat 6: Kreayshawn ($200.12 in chips) 
abramovich87: posts small blind $0.50
Rysiff: posts big blind $1
*** HOLE CARDS ***
Kreayshawn: folds 
Emam529: raises $2.50 to $3.50
rao999: folds 
abramovich87: folds 
Rysiff: folds 
Uncalled bet ($2.50) returned to Emam529
Emam529 collected $2.50 from pot
*** SUMMARY ***
Total pot $2.50 | Rake $0 
Seat 3: reeqar
Seat 1: Emam529 collected ($2.50)
Seat 2: rao999 (button) folded before Flop (didn't bet)
Seat 4: abramovich87 (small blind) folded before Flop
Seat 5: Rysiff (big blind) folded before Flop
Seat 6: Kreayshawn folded before Flop (didn't bet)



PokerStars Hand #254240949600:  Hold'em No Limit ($0.50/$1.00 USD) - 2025/01/07 4:35:16 WET [2025/01/06 23:35:16 ET]
Table 'Hakone' 6-max Seat #4 is the button
Seat 3: reeqar ($107.62 in chips) is sitting out
Seat 1: Emam529 ($111.95 in chips) 
Seat 2: rao999 ($123.76 in chips) 
Seat 4: abramovich87 ($122.74 in chips) 
Seat 5: Rysiff ($140.74 in chips) 
Seat 6: Kreayshawn ($200.12 in chips) 
Rysiff: posts small blind $0.50
Kreayshawn: posts big blind $1
reeqar: sits out 
*** HOLE CARDS ***
Emam529: calls $1
rao999: folds 
abramovich87: raises $3 to $4
Rysiff: folds 
Kreayshawn: calls $3
Emam529: calls $3
*** FLOP *** [Kd 5c Jh]
Kreayshawn: checks 
Emam529: checks 
abramovich87: bets $3
Kreayshawn: calls $3
Emam529: folds 
*** TURN *** [Kd 5c Jh] [4h]
Kreayshawn: checks 
abramovich87: checks 
*** RIVER *** [Kd 5c Jh 4h] [Qc]
Kreayshawn: checks 
abramovich87: checks 
*** SHOW DOWN ***
Kreayshawn: shows [Tc Jc] (a pair of Jacks)
abramovich87: shows [6d Qd] (a pair of Queens)
abramovich87 collected $17.58 from pot
*** SUMMARY ***
Total pot $18.50 | Rake $0.92 
Board [Kd 5c Jh 4h Qc]
Seat 3: reeqar
Seat 1: Emam529 folded on the Flop
Seat 2: rao999 folded before Flop (didn't bet)
Seat 4: abramovich87 (button) showed [6d Qd] and won ($17.58) with a pair of Queens
Seat 5: Rysiff (small blind) folded before Flop
Seat 6: Kreayshawn (big blind) showed [Tc Jc] and lost with a pair of Jacks



PokerStars Hand #254240955042:  Hold'em No Limit ($0.50/$1.00 USD) - 2025/01/07 4:36:10 WET [2025/01/06 23:36:10 ET]
Table 'Hakone' 6-max Seat #5 is the button
Seat 3: reeqar ($107.62 in chips) is sitting out
Seat 1: Emam529 ($107.95 in chips) 
Seat 2: rao999 ($123.76 in chips) 
Seat 4: abramovich87 ($133.32 in chips) 
Seat 5: Rysiff ($140.24 in chips) 
Seat 6: Kreayshawn ($193.12 in chips) 
Kreayshawn: posts small blind $0.50
Emam529: posts big blind $1
reeqar: sits out 
*** HOLE CARDS ***
rao999: raises $1.50 to $2.50
abramovich87: folds 
Rysiff: folds 
Kreayshawn: calls $2
Emam529: calls $1.50
*** FLOP *** [3s 6c Qs]
Kreayshawn: checks 
Emam529: bets $3.56
rao999: folds 
Kreayshawn: folds 
Uncalled bet ($3.56) returned to Emam529
Emam529 collected $7.12 from pot
*** SUMMARY ***
Total pot $7.50 | Rake $0.38 
Board [3s 6c Qs]
Seat 3: reeqar
Seat 1: Emam529 (big blind) collected ($7.12)
Seat 2: rao999 folded on the Flop
Seat 4: abramovich87 folded before Flop (didn't bet)
Seat 5: Rysiff (button) folded before Flop (didn't bet)
Seat 6: Kreayshawn (small blind) folded on the Flop



PokerStars Hand #254240957565:  Hold'em No Limit ($0.50/$1.00 USD) - 2025/01/07 4:36:35 WET [2025/01/06 23:36:35 ET]
Table 'Hakone' 6-max Seat #6 is the button
Seat 3: reeqar ($107.62 in chips) is sitting out
Seat 1: Emam529 ($112.57 in chips) 
Seat 2: rao999 ($121.26 in chips) 
Seat 4: abramovich87 ($133.32 in chips) 
Seat 5: Rysiff ($140.24 in chips) 
Seat 6: Kreayshawn ($190.62 in chips) 
Emam529: posts small blind $0.50
rao999: posts big blind $1
reeqar: sits out 
*** HOLE CARDS ***
abramovich87: raises $2 to $3
Rysiff: folds 
Kreayshawn: folds 
Emam529: calls $2.50
rao999: folds 
*** FLOP *** [4c 5c Kd]
Emam529: checks 
abramovich87: bets $2.19
Emam529: folds 
Uncalled bet ($2.19) returned to abramovich87
abramovich87 collected $6.65 from pot
abramovich87: doesn't show hand 
*** SUMMARY ***
Total pot $7 | Rake $0.35 
Board [4c 5c Kd]
Seat 3: reeqar
Seat 1: Emam529 (small blind) folded on the Flop
Seat 2: rao999 (big blind) folded before Flop
Seat 4: abramovich87 collected ($6.65)
Seat 5: Rysiff folded before Flop (didn't bet)
Seat 6: Kreayshawn (button) folded before Flop (didn't bet)



PokerStars Hand #254240960199:  Hold'em No Limit ($0.50/$1.00 USD) - 2025/01/07 4:37:02 WET [2025/01/06 23:37:02 ET]
Table 'Hakone' 6-max Seat #1 is the button
Seat 1: Emam529 ($109.57 in chips) 
Seat 2: rao999 ($120.26 in chips) 
Seat 3: reeqar ($107.62 in chips) 
Seat 4: abramovich87 ($136.97 in chips) 
Seat 5: Rysiff ($140.24 in chips) 
Seat 6: Kreayshawn ($190.62 in chips) 
rao999: posts small blind $0.50
reeqar: posts big blind $1
*** HOLE CARDS ***
abramovich87: folds 
Rysiff: folds 
Kreayshawn: raises $1.50 to $2.50
Emam529: calls $2.50
rao999: folds 
reeqar: calls $1.50
*** FLOP *** [8d Ac Jh]
reeqar: checks 
Kreayshawn: checks 
Emam529: checks 
*** TURN *** [8d Ac Jh] [Ts]
reeqar: checks 
Kreayshawn: bets $3.88
Emam529: calls $3.88
reeqar: folds 
*** RIVER *** [8d Ac Jh Ts] [9h]
Kreayshawn: checks 
Emam529: checks 
*** SHOW DOWN ***
Kreayshawn: shows [4s As] (a pair of Aces)
Emam529: mucks hand 
Kreayshawn collected $14.97 from pot
*** SUMMARY ***
Total pot $15.76 | Rake $0.79 
Board [8d Ac Jh Ts 9h]
Seat 1: Emam529 (button) mucked
Seat 2: rao999 (small blind) folded before Flop
Seat 3: reeqar (big blind) folded on the Turn
Seat 4: abramovich87 folded before Flop (didn't bet)
Seat 5: Rysiff folded before Flop (didn't bet)
Seat 6: Kreayshawn showed [4s As] and won ($14.97) with a pair of Aces



PokerStars Hand #254240964871:  Hold'em No Limit ($0.50/$1.00 USD) - 2025/01/07 4:37:48 WET [2025/01/06 23:37:48 ET]
Table 'Hakone' 6-max Seat #2 is the button
Seat 1: Emam529 ($103.19 in chips) 
Seat 2: rao999 ($119.76 in chips) 
Seat 3: reeqar ($105.12 in chips) 
Seat 4: abramovich87 ($136.97 in chips) 
Seat 5: Rysiff ($140.24 in chips) 
Seat 6: Kreayshawn ($199.21 in chips) 
reeqar: posts small blind $0.50
abramovich87: posts big blind $1
*** HOLE CARDS ***
Rysiff: raises $1.50 to $2.50
Kreayshawn: folds 
Emam529: folds 
rao999: folds 
reeqar: folds 
abramovich87: folds 
Uncalled bet ($1.50) returned to Rysiff
Rysiff collected $2.50 from pot
Rysiff: doesn't show hand 
*** SUMMARY ***
Total pot $2.50 | Rake $0 
Seat 1: Emam529 folded before Flop (didn't bet)
Seat 2: rao999 (button) folded before Flop (didn't bet)
Seat 3: reeqar (small blind) folded before Flop
Seat 4: abramovich87 (big blind) folded before Flop
Seat 5: Rysiff collected ($2.50)
Seat 6: Kreayshawn folded before Flop (didn't bet)



PokerStars Hand #254240966036:  Hold'em No Limit ($0.50/$1.00 USD) - 2025/01/07 4:38:00 WET [2025/01/06 23:38:00 ET]
Table 'Hakone' 6-max Seat #3 is the button
Seat 1: Emam529 ($103.19 in chips) 
Seat 2: rao999 ($119.76 in chips) 
Seat 3: reeqar ($104.62 in chips) 
Seat 4: abramovich87 ($135.97 in chips) 
Seat 5: Rysiff ($141.74 in chips) 
Seat 6: Kreayshawn ($199.21 in chips) 
abramovich87: posts small blind $0.50
Rysiff: posts big blind $1
*** HOLE CARDS ***
Kreayshawn: folds 
Emam529: calls $1
rao999: folds 
reeqar: folds 
abramovich87: calls $0.50
Rysiff: raises $5 to $6
Emam529: calls $5
abramovich87: folds 
*** FLOP *** [Kh As 3d]
Rysiff: checks 
Emam529: checks 
*** TURN *** [Kh As 3d] [2d]
Rysiff: checks 
Emam529: checks 
*** RIVER *** [Kh As 3d 2d] [Qh]
Rysiff: bets $4.08
Emam529: calls $4.08
*** SHOW DOWN ***
Rysiff: shows [Th Kd] (a pair of Kings)
Emam529: mucks hand 
Rysiff collected $20.10 from pot
*** SUMMARY ***
Total pot $21.16 | Rake $1.06 
Board [Kh As 3d 2d Qh]
Seat 1: Emam529 mucked
Seat 2: rao999 folded before Flop (didn't bet)
Seat 3: reeqar (button) folded before Flop (didn't bet)
Seat 4: abramovich87 (small blind) folded before Flop
Seat 5: Rysiff (big blind) showed [Th Kd] and won ($20.10) with a pair of Kings
Seat 6: Kreayshawn folded before Flop (didn't bet)



PokerStars Hand #254240969216:  Hold'em No Limit ($0.50/$1.00 USD) - 2025/01/07 4:38:33 WET [2025/01/06 23:38:33 ET]
Table 'Hakone' 6-max Seat #4 is the button
Seat 1: Emam529 ($93.11 in chips) 
Seat 2: rao999 ($119.76 in chips) 
Seat 3: reeqar ($104.62 in chips) 
Seat 4: abramovich87 ($134.97 in chips) 
Seat 5: Rysiff ($151.76 in chips) 
Seat 6: Kreayshawn ($199.21 in chips) 
Rysiff: posts small blind $0.50
Kreayshawn: posts big blind $1
*** HOLE CARDS ***
Emam529: calls $1
rao999: folds 
reeqar: folds 
abramovich87: raises $2 to $3
Rysiff: raises $9 to $12
Kreayshawn: folds 
Emam529: calls $11
abramovich87: folds 
*** FLOP *** [Qh Ks 8d]
Rysiff: bets $8.78
Emam529: calls $8.78
*** TURN *** [Qh Ks 8d] [Kd]
Rysiff: bets $14.28
Emam529: calls $14.28
*** RIVER *** [Qh Ks 8d Kd] [Ts]
Rysiff: bets $62
Emam529: calls $58.05 and is all-in
Uncalled bet ($3.95) returned to Rysiff
*** SHOW DOWN ***
Rysiff: shows [Kh Kc] (four of a kind, Kings)
Emam529: shows [5s Ad] (a pair of Kings)
Rysiff collected $187.72 from pot
*** SUMMARY ***
Total pot $190.22 | Rake $2.50 
Board [Qh Ks 8d Kd Ts]
Seat 1: Emam529 showed [5s Ad] and lost with a pair of Kings
Seat 2: rao999 folded before Flop (didn't bet)
Seat 3: reeqar folded before Flop (didn't bet)
Seat 4: abramovich87 (button) folded before Flop
Seat 5: Rysiff (small blind) showed [Kh Kc] and won ($187.72) with four of a kind, Kings
Seat 6: Kreayshawn (big blind) folded before Flop



PokerStars Hand #254240976195:  Hold'em No Limit ($0.50/$1.00 USD) - 2025/01/07 4:39:44 WET [2025/01/06 23:39:44 ET]
Table 'Hakone' 6-max Seat #5 is the button
Seat 1: Emam529 ($0 in chips) is sitting out
Seat 2: rao999 ($119.76 in chips) 
Seat 3: reeqar ($104.62 in chips) 
Seat 4: abramovich87 ($131.97 in chips) 
Seat 5: Rysiff ($246.37 in chips) 
Seat 6: Kreayshawn ($198.21 in chips) 
Kreayshawn: posts small blind $0.50
rao999: posts big blind $1
*** HOLE CARDS ***
reeqar: folds 
abramovich87: raises $2 to $3
Rysiff: folds 
Emam529 is disconnected 
Kreayshawn: folds 
rao999: folds 
Uncalled bet ($2) returned to abramovich87
abramovich87 collected $2.50 from pot
abramovich87: doesn't show hand 
*** SUMMARY ***
Total pot $2.50 | Rake $0 
Seat 1: Emam529
Seat 2: rao999 (big blind) folded before Flop
Seat 3: reeqar folded before Flop (didn't bet)
Seat 4: abramovich87 collected ($2.50)
Seat 5: Rysiff (button) folded before Flop (didn't bet)
Seat 6: Kreayshawn (small blind) folded before Flop



PokerStars Hand #254240978009:  Hold'em No Limit ($0.50/$1.00 USD) - 2025/01/07 4:40:03 WET [2025/01/06 23:40:03 ET]
Table 'Hakone' 6-max Seat #6 is the button
Seat 1: Emam529 ($0 in chips) is sitting out
Seat 2: rao999 ($118.76 in chips) 
Seat 3: reeqar ($104.62 in chips) 
Seat 4: abramovich87 ($133.47 in chips) 
Seat 5: Rysiff ($246.37 in chips) 
Seat 6: Kreayshawn ($197.71 in chips) 
rao999: posts small blind $0.50
reeqar: posts big blind $1
*** HOLE CARDS ***
abramovich87: folds 
Rysiff: folds 
Kreayshawn: raises $1.50 to $2.50
rao999: folds 
reeqar: folds 
Uncalled bet ($1.50) returned to Kreayshawn
Kreayshawn collected $2.50 from pot
*** SUMMARY ***
Total pot $2.50 | Rake $0 
Seat 1: Emam529
Seat 2: rao999 (small blind) folded before Flop
Seat 3: reeqar (big blind) folded before Flop
Seat 4: abramovich87 folded before Flop (didn't bet)
Seat 5: Rysiff folded before Flop (didn't bet)
Seat 6: Kreayshawn (button) collected ($2.50)



PokerStars Hand #254240980451:  Hold'em No Limit ($0.50/$1.00 USD) - 2025/01/07 4:40:27 WET [2025/01/06 23:40:27 ET]
Table 'Hakone' 6-max Seat #2 is the button
Seat 1: Emam529 ($0 in chips) is sitting out
Seat 4: abramovich87 ($133.47 in chips) is sitting out
Seat 2: rao999 ($118.26 in chips) 
Seat 3: reeqar ($103.62 in chips) 
Seat 5: Rysiff ($246.37 in chips) 
Seat 6: Kreayshawn ($199.21 in chips) 
reeqar: posts small blind $0.50
abramovich87: is sitting out 
Rysiff: posts big blind $1
*** HOLE CARDS ***
abramovich87 leaves the table
Kreayshawn: folds 
rao999: folds 
reeqar: raises $2 to $3
Rysiff: calls $2
*** FLOP *** [Ts Ah Ac]
reeqar: bets $1.42
Rysiff: calls $1.42
*** TURN *** [Ts Ah Ac] [3c]
reeqar: bets $6.30
MaRKiToScoK joins the table at seat #4 
Rysiff: calls $6.30
*** RIVER *** [Ts Ah Ac 3c] [9h]
reeqar: checks 
Rysiff: bets $16.35
reeqar: folds 
Uncalled bet ($16.35) returned to Rysiff
Rysiff collected $20.44 from pot
Rysiff: doesn't show hand 
*** SUMMARY ***
Total pot $21.44 | Rake $1 
Board [Ts Ah Ac 3c 9h]
Seat 1: Emam529
Seat 4: abramovich87
Seat 2: rao999 (button) folded before Flop (didn't bet)
Seat 3: reeqar (small blind) folded on the River
Seat 5: Rysiff (big blind) collected ($20.44)
Seat 6: Kreayshawn folded before Flop (didn't bet)



PokerStars Hand #254240990148:  Hold'em No Limit ($0.50/$1.00 USD) - 2025/01/07 4:42:07 WET [2025/01/06 23:42:07 ET]
Table 'Hakone' 6-max Seat #3 is the button
Seat 1: Emam529 ($0 in chips) is sitting out
Seat 4: MaRKiToScoK ($100 in chips) is sitting out
Seat 2: rao999 ($118.26 in chips) 
Seat 3: reeqar ($100 in chips) 
Seat 5: Rysiff ($256.09 in chips) 
Seat 6: Kreayshawn ($199.21 in chips) 
Rysiff: posts small blind $0.50
Kreayshawn: posts big blind $1
*** HOLE CARDS ***
rao999: folds 
reeqar: raises $1.50 to $2.50
Rysiff: folds 
Kreayshawn: folds 
Uncalled bet ($1.50) returned to reeqar
reeqar collected $2.50 from pot
reeqar: doesn't show hand 
*** SUMMARY ***
Total pot $2.50 | Rake $0 
Seat 1: Emam529
Seat 4: MaRKiToScoK
Seat 2: rao999 folded before Flop (didn't bet)
Seat 3: reeqar (button) collected ($2.50)
Seat 5: Rysiff (small blind) folded before Flop
Seat 6: Kreayshawn (big blind) folded before Flop



PokerStars Hand #254240991502:  Hold'em No Limit ($0.50/$1.00 USD) - 2025/01/07 4:42:21 WET [2025/01/06 23:42:21 ET]
Table 'Hakone' 6-max Seat #5 is the button
Seat 1: Emam529 ($0 in chips) is sitting out
Seat 2: rao999 ($118.26 in chips) is sitting out
Seat 4: MaRKiToScoK ($100 in chips) is sitting out
Seat 3: reeqar ($101.50 in chips) 
Seat 5: Rysiff ($255.59 in chips) 
Seat 6: Kreayshawn ($198.21 in chips) 
Kreayshawn: posts small blind $0.50
rao999: is sitting out 
reeqar: posts big blind $1
*** HOLE CARDS ***
Emam529 leaves the table
Rysiff: folds 
Kreayshawn: raises $2 to $3
reeqar: folds 
Uncalled bet ($2) returned to Kreayshawn
Kreayshawn collected $2 from pot
*** SUMMARY ***
Total pot $2 | Rake $0 
Seat 1: Emam529
Seat 2: rao999
Seat 4: MaRKiToScoK
Seat 3: reeqar (big blind) folded before Flop
Seat 5: Rysiff (button) folded before Flop (didn't bet)
Seat 6: Kreayshawn (small blind) collected ($2)



PokerStars Hand #254240992526:  Hold'em No Limit ($0.50/$1.00 USD) - 2025/01/07 4:42:32 WET [2025/01/06 23:42:32 ET]
Table 'Hakone' 6-max Seat #3 is the button
Seat 2: rao999 ($118.26 in chips) is sitting out
Seat 4: MaRKiToScoK ($100 in chips) is sitting out
Seat 5: Rysiff ($255.59 in chips) is sitting out
Seat 3: reeqar ($100.50 in chips) 
Seat 6: Kreayshawn ($199.21 in chips) 
reeqar: posts small blind $0.50
Rysiff: is sitting out 
Kreayshawn: posts big blind $1
*** HOLE CARDS ***
Rysiff leaves the table
reeqar: raises $1.50 to $2.50
Kreayshawn: calls $1.50
*** FLOP *** [Qd 9d Js]
Kreayshawn: checks 
reeqar: bets $1.57
Kreayshawn: calls $1.57
*** TURN *** [Qd 9d Js] [Th]
Kreayshawn: checks 
reeqar: checks 
*** RIVER *** [Qd 9d Js Th] [Kc]
Kreayshawn: checks 
reeqar: checks 
*** SHOW DOWN ***
Kreayshawn: shows [Tc Jc] (a straight, Nine to King)
reeqar: shows [9c Ts] (a straight, Nine to King)
Kreayshawn collected $3.87 from pot
reeqar collected $3.86 from pot
*** SUMMARY ***
Total pot $8.14 | Rake $0.41 
Board [Qd 9d Js Th Kc]
Seat 2: rao999
Seat 4: MaRKiToScoK
Seat 5: Rysiff
Seat 3: reeqar (button) (small blind) showed [9c Ts] and won ($3.86) with a straight, Nine to King
Seat 6: Kreayshawn (big blind) showed [Tc Jc] and won ($3.87) with a straight, Nine to King



