PokerStars Hand #254255718668:  Hold'em No Limit ($0.50/$1.00 USD) - 2025/01/07 1:36:30 WET [2025/01/07 20:36:30 ET]
Table 'Philosophia II' 6-max Seat #2 is the button
Seat 1: Supermegopro ($100 in chips) 
Seat 2: Consig|iori ($103.54 in chips) 
Seat 3: Rysiff ($102.68 in chips) 
Seat 4: Manifestorr ($104.80 in chips) 
Seat 5: billystreet14 ($48.61 in chips) 
Seat 6: rycook024 ($47.71 in chips) 
Rysiff: posts small blind $0.50
Manifestorr: posts big blind $1
*** HOLE CARDS ***
billystreet14: raises $1 to $2
rycook024: folds 
Supermegopro: folds 
Consig|iori: folds 
Rysiff: folds 
Manifestorr: folds 
Uncalled bet ($1) returned to billystreet14
billystreet14 collected $2.50 from pot
*** SUMMARY ***
Total pot $2.50 | Rake $0 
Seat 1: Supermegopro folded before Flop (didn't bet)
Seat 2: Consig|iori (button) folded before Flop (didn't bet)
Seat 3: Rysiff (small blind) folded before Flop
Seat 4: Manifestorr (big blind) folded before Flop
Seat 5: billystreet14 collected ($2.50)
Seat 6: rycook024 folded before Flop (didn't bet)



PokerStars Hand #254255722496:  Hold'em No Limit ($0.50/$1.00 USD) - 2025/01/07 1:36:51 WET [2025/01/07 20:36:51 ET]
Table 'Philosophia II' 6-max Seat #3 is the button
Seat 1: Supermegopro ($100 in chips) 
Seat 2: Consig|iori ($103.54 in chips) 
Seat 3: Rysiff ($102.18 in chips) 
Seat 4: Manifestorr ($103.80 in chips) 
Seat 5: billystreet14 ($50.11 in chips) 
Seat 6: rycook024 ($47.71 in chips) 
Manifestorr: posts small blind $0.50
billystreet14: posts big blind $1
*** HOLE CARDS ***
rycook024: folds 
Supermegopro: raises $1.50 to $2.50
Consig|iori: raises $5 to $7.50
Rysiff: folds 
Manifestorr: folds 
billystreet14: calls $6.50
Supermegopro: calls $5
*** FLOP *** [Td Kd Ks]
billystreet14: checks 
Supermegopro: checks 
Consig|iori: bets $7.21
billystreet14: folds 
Supermegopro: calls $7.21
*** TURN *** [Td Kd Ks] [2d]
Supermegopro: checks 
Consig|iori: checks 
*** RIVER *** [Td Kd Ks 2d] [Qs]
Supermegopro: checks 
Consig|iori: checks 
*** SHOW DOWN ***
Supermegopro: shows [As Ts] (two pair, Kings and Tens)
Consig|iori: mucks hand 
Supermegopro collected $35.55 from pot
*** SUMMARY ***
Total pot $37.42 | Rake $1.87 
Board [Td Kd Ks 2d Qs]
Seat 1: Supermegopro showed [As Ts] and won ($35.55) with two pair, Kings and Tens
Seat 2: Consig|iori mucked
Seat 3: Rysiff (button) folded before Flop (didn't bet)
Seat 4: Manifestorr (small blind) folded before Flop
Seat 5: billystreet14 (big blind) folded on the Flop
Seat 6: rycook024 folded before Flop (didn't bet)



PokerStars Hand #254255737013:  Hold'em No Limit ($0.50/$1.00 USD) - 2025/01/07 1:38:09 WET [2025/01/07 20:38:09 ET]
Table 'Philosophia II' 6-max Seat #4 is the button
Seat 1: Supermegopro ($120.84 in chips) 
Seat 2: Consig|iori ($100 in chips) 
Seat 3: Rysiff ($102.18 in chips) 
Seat 4: Manifestorr ($103.30 in chips) 
Seat 5: billystreet14 ($42.61 in chips) 
Seat 6: rycook024 ($47.71 in chips) 
billystreet14: posts small blind $0.50
rycook024: posts big blind $1
*** HOLE CARDS ***
Supermegopro: folds 
Consig|iori: folds 
Rysiff: folds 
Manifestorr: raises $1.20 to $2.20
billystreet14: folds 
rycook024: calls $1.20
*** FLOP *** [5c 9c Ac]
rycook024: checks 
Manifestorr: bets $1.54
rycook024: calls $1.54
*** TURN *** [5c 9c Ac] [Qh]
rycook024: checks 
Manifestorr: bets $5.69
rycook024: calls $5.69
*** RIVER *** [5c 9c Ac Qh] [2d]
rycook024: checks 
Manifestorr: bets $9.20
rycook024: calls $9.20
*** SHOW DOWN ***
Manifestorr: shows [9s 5s] (two pair, Nines and Fives)
rycook024: mucks hand 
Manifestorr collected $35.87 from pot
*** SUMMARY ***
Total pot $37.76 | Rake $1.89 
Board [5c 9c Ac Qh 2d]
Seat 1: Supermegopro folded before Flop (didn't bet)
Seat 2: Consig|iori folded before Flop (didn't bet)
Seat 3: Rysiff folded before Flop (didn't bet)
Seat 4: Manifestorr (button) showed [9s 5s] and won ($35.87) with two pair, Nines and Fives
Seat 5: billystreet14 (small blind) folded before Flop
Seat 6: rycook024 (big blind) mucked



PokerStars Hand #254255747825:  Hold'em No Limit ($0.50/$1.00 USD) - 2025/01/07 1:39:08 WET [2025/01/07 20:39:08 ET]
Table 'Philosophia II' 6-max Seat #5 is the button
Seat 1: Supermegopro ($120.84 in chips) 
Seat 2: Consig|iori ($100 in chips) 
Seat 3: Rysiff ($102.18 in chips) 
Seat 4: Manifestorr ($120.54 in chips) 
Seat 5: billystreet14 ($42.11 in chips) 
Seat 6: rycook024 ($29.08 in chips) 
rycook024: posts small blind $0.50
Supermegopro: posts big blind $1
*** HOLE CARDS ***
Consig|iori: folds 
Rysiff: folds 
Manifestorr: raises $1.20 to $2.20
billystreet14: raises $1.20 to $3.40
rycook024: folds 
Supermegopro: folds 
Manifestorr: calls $1.20
*** FLOP *** [8d Kd As]
Manifestorr: checks 
billystreet14: bets $1
Manifestorr: raises $7 to $8
billystreet14: calls $7
*** TURN *** [8d Kd As] [3s]
Manifestorr: checks 
billystreet14: checks 
*** RIVER *** [8d Kd As 3s] [Qs]
Manifestorr: checks 
billystreet14: checks 
*** SHOW DOWN ***
Manifestorr: shows [Ac 9c] (a pair of Aces)
billystreet14: mucks hand 
Manifestorr collected $23.08 from pot
*** SUMMARY ***
Total pot $24.30 | Rake $1.22 
Board [8d Kd As 3s Qs]
Seat 1: Supermegopro (big blind) folded before Flop
Seat 2: Consig|iori folded before Flop (didn't bet)
Seat 3: Rysiff folded before Flop (didn't bet)
Seat 4: Manifestorr showed [Ac 9c] and won ($23.08) with a pair of Aces
Seat 5: billystreet14 (button) mucked
Seat 6: rycook024 (small blind) folded before Flop



PokerStars Hand #254255758616:  Hold'em No Limit ($0.50/$1.00 USD) - 2025/01/07 1:40:07 WET [2025/01/07 20:40:07 ET]
Table 'Philosophia II' 6-max Seat #6 is the button
Seat 1: Supermegopro ($119.84 in chips) 
Seat 2: Consig|iori ($100 in chips) 
Seat 3: Rysiff ($102.18 in chips) 
Seat 4: Manifestorr ($132.22 in chips) 
Seat 5: billystreet14 ($30.71 in chips) 
Seat 6: rycook024 ($28.58 in chips) 
Supermegopro: posts small blind $0.50
Consig|iori: posts big blind $1
*** HOLE CARDS ***
Rysiff: folds 
Manifestorr: raises $1.20 to $2.20
billystreet14: calls $2.20
rycook024: folds 
Supermegopro: folds 
Consig|iori: folds 
*** FLOP *** [3h 7c 5h]
Manifestorr: checks 
billystreet14: checks 
*** TURN *** [3h 7c 5h] [5d]
Manifestorr: checks 
billystreet14: checks 
*** RIVER *** [3h 7c 5h 5d] [8h]
Manifestorr: checks 
billystreet14: checks 
*** SHOW DOWN ***
Manifestorr: shows [9c Qc] (a pair of Fives)
billystreet14: shows [Th 7d] (two pair, Sevens and Fives)
billystreet14 collected $5.60 from pot
*** SUMMARY ***
Total pot $5.90 | Rake $0.30 
Board [3h 7c 5h 5d 8h]
Seat 1: Supermegopro (small blind) folded before Flop
Seat 2: Consig|iori (big blind) folded before Flop
Seat 3: Rysiff folded before Flop (didn't bet)
Seat 4: Manifestorr showed [9c Qc] and lost with a pair of Fives
Seat 5: billystreet14 showed [Th 7d] and won ($5.60) with two pair, Sevens and Fives
Seat 6: rycook024 (button) folded before Flop (didn't bet)



PokerStars Hand #254255768524:  Hold'em No Limit ($0.50/$1.00 USD) - 2025/01/07 1:41:01 WET [2025/01/07 20:41:01 ET]
Table 'Philosophia II' 6-max Seat #1 is the button
Seat 1: Supermegopro ($119.34 in chips) 
Seat 2: Consig|iori ($100 in chips) 
Seat 3: Rysiff ($102.18 in chips) 
Seat 4: Manifestorr ($130.02 in chips) 
Seat 5: billystreet14 ($34.11 in chips) 
Seat 6: rycook024 ($28.58 in chips) 
Consig|iori: posts small blind $0.50
Rysiff: posts big blind $1
*** HOLE CARDS ***
Manifestorr: folds 
billystreet14: raises $1 to $2
rycook024: folds 
Supermegopro: folds 
Consig|iori: folds 
Rysiff: folds 
Uncalled bet ($1) returned to billystreet14
billystreet14 collected $2.50 from pot
*** SUMMARY ***
Total pot $2.50 | Rake $0 
Seat 1: Supermegopro (button) folded before Flop (didn't bet)
Seat 2: Consig|iori (small blind) folded before Flop
Seat 3: Rysiff (big blind) folded before Flop
Seat 4: Manifestorr folded before Flop (didn't bet)
Seat 5: billystreet14 collected ($2.50)
Seat 6: rycook024 folded before Flop (didn't bet)



PokerStars Hand #254255771906:  Hold'em No Limit ($0.50/$1.00 USD) - 2025/01/07 1:41:20 WET [2025/01/07 20:41:20 ET]
Table 'Philosophia II' 6-max Seat #2 is the button
Seat 1: Supermegopro ($119.34 in chips) 
Seat 2: Consig|iori ($100 in chips) 
Seat 3: Rysiff ($101.18 in chips) 
Seat 4: Manifestorr ($130.02 in chips) 
Seat 5: billystreet14 ($35.61 in chips) 
Seat 6: rycook024 ($28.58 in chips) 
Rysiff: posts small blind $0.50
Manifestorr: posts big blind $1
*** HOLE CARDS ***
billystreet14: raises $1 to $2
rycook024: folds 
Supermegopro: folds 
Consig|iori: folds 
Rysiff: folds 
Manifestorr: folds 
Uncalled bet ($1) returned to billystreet14
billystreet14 collected $2.50 from pot
*** SUMMARY ***
Total pot $2.50 | Rake $0 
Seat 1: Supermegopro folded before Flop (didn't bet)
Seat 2: Consig|iori (button) folded before Flop (didn't bet)
Seat 3: Rysiff (small blind) folded before Flop
Seat 4: Manifestorr (big blind) folded before Flop
Seat 5: billystreet14 collected ($2.50)
Seat 6: rycook024 folded before Flop (didn't bet)



PokerStars Hand #254255774528:  Hold'em No Limit ($0.50/$1.00 USD) - 2025/01/07 1:41:34 WET [2025/01/07 20:41:34 ET]
Table 'Philosophia II' 6-max Seat #3 is the button
Seat 1: Supermegopro ($119.34 in chips) 
Seat 2: Consig|iori ($100 in chips) 
Seat 3: Rysiff ($100.68 in chips) 
Seat 4: Manifestorr ($129.02 in chips) 
Seat 5: billystreet14 ($37.11 in chips) 
Seat 6: rycook024 ($28.58 in chips) 
Manifestorr: posts small blind $0.50
billystreet14: posts big blind $1
*** HOLE CARDS ***
rycook024: folds 
Supermegopro: folds 
Consig|iori: folds 
Rysiff: raises $1.50 to $2.50
Manifestorr: folds 
billystreet14: raises $1.50 to $4
Rysiff: calls $1.50
*** FLOP *** [9d 4d Kh]
billystreet14: bets $9
Rysiff: folds 
Uncalled bet ($9) returned to billystreet14
billystreet14 collected $8.08 from pot
*** SUMMARY ***
Total pot $8.50 | Rake $0.42 
Board [9d 4d Kh]
Seat 1: Supermegopro folded before Flop (didn't bet)
Seat 2: Consig|iori folded before Flop (didn't bet)
Seat 3: Rysiff (button) folded on the Flop
Seat 4: Manifestorr (small blind) folded before Flop
Seat 5: billystreet14 (big blind) collected ($8.08)
Seat 6: rycook024 folded before Flop (didn't bet)



PokerStars Hand #254255782141:  Hold'em No Limit ($0.50/$1.00 USD) - 2025/01/07 1:42:16 WET [2025/01/07 20:42:16 ET]
Table 'Philosophia II' 6-max Seat #4 is the button
Seat 1: Supermegopro ($119.34 in chips) 
Seat 2: Consig|iori ($100 in chips) 
Seat 3: Rysiff ($100 in chips) 
Seat 4: Manifestorr ($128.52 in chips) 
Seat 5: billystreet14 ($41.19 in chips) 
Seat 6: rycook024 ($28.58 in chips) 
billystreet14: posts small blind $0.50
rycook024: posts big blind $1
*** HOLE CARDS ***
Supermegopro: folds 
Consig|iori: folds 
Rysiff: folds 
Manifestorr: folds 
billystreet14: calls $0.50
rycook024: checks 
*** FLOP *** [4d 3c 9h]
billystreet14: checks 
rycook024: bets $1.90
billystreet14: calls $1.90
*** TURN *** [4d 3c 9h] [9d]
billystreet14: checks 
rycook024: checks 
*** RIVER *** [4d 3c 9h 9d] [4h]
billystreet14: checks 
rycook024: bets $5.51
billystreet14: folds 
Uncalled bet ($5.51) returned to rycook024
rycook024 collected $5.51 from pot
rycook024: doesn't show hand 
*** SUMMARY ***
Total pot $5.80 | Rake $0.29 
Board [4d 3c 9h 9d 4h]
Seat 1: Supermegopro folded before Flop (didn't bet)
Seat 2: Consig|iori folded before Flop (didn't bet)
Seat 3: Rysiff folded before Flop (didn't bet)
Seat 4: Manifestorr (button) folded before Flop (didn't bet)
Seat 5: billystreet14 (small blind) folded on the River
Seat 6: rycook024 (big blind) collected ($5.51)



PokerStars Hand #254255791670:  Hold'em No Limit ($0.50/$1.00 USD) - 2025/01/07 1:43:08 WET [2025/01/07 20:43:08 ET]
Table 'Philosophia II' 6-max Seat #5 is the button
Seat 1: Supermegopro ($119.34 in chips) 
Seat 2: Consig|iori ($100 in chips) 
Seat 3: Rysiff ($100 in chips) 
Seat 4: Manifestorr ($128.52 in chips) 
Seat 5: billystreet14 ($38.29 in chips) 
Seat 6: rycook024 ($31.19 in chips) 
rycook024: posts small blind $0.50
Supermegopro: posts big blind $1
*** HOLE CARDS ***
Consig|iori: folds 
Rysiff: folds 
Manifestorr: folds 
billystreet14: raises $37.29 to $38.29 and is all-in
rycook024: calls $30.69 and is all-in
Supermegopro: folds 
Uncalled bet ($7.10) returned to billystreet14
*** FLOP *** [3d Th As]
*** TURN *** [3d Th As] [Ac]
*** RIVER *** [3d Th As Ac] [3s]
*** SHOW DOWN ***
rycook024: shows [Ad Ah] (four of a kind, Aces)
billystreet14: shows [9h 7s] (two pair, Aces and Threes)
rycook024 collected $60.88 from pot
*** SUMMARY ***
Total pot $63.38 | Rake $2.50 
Board [3d Th As Ac 3s]
Seat 1: Supermegopro (big blind) folded before Flop
Seat 2: Consig|iori folded before Flop (didn't bet)
Seat 3: Rysiff folded before Flop (didn't bet)
Seat 4: Manifestorr folded before Flop (didn't bet)
Seat 5: billystreet14 (button) showed [9h 7s] and lost with two pair, Aces and Threes
Seat 6: rycook024 (small blind) showed [Ad Ah] and won ($60.88) with four of a kind, Aces



PokerStars Hand #254255796064:  Hold'em No Limit ($0.50/$1.00 USD) - 2025/01/07 1:43:33 WET [2025/01/07 20:43:33 ET]
Table 'Philosophia II' 6-max Seat #6 is the button
Seat 1: Supermegopro ($118.34 in chips) 
Seat 2: Consig|iori ($100 in chips) 
Seat 3: Rysiff ($100 in chips) 
Seat 4: Manifestorr ($128.52 in chips) 
Seat 5: billystreet14 ($7.10 in chips) 
Seat 6: rycook024 ($60.88 in chips) 
Supermegopro: posts small blind $0.50
Consig|iori: posts big blind $1
*** HOLE CARDS ***
Rysiff: raises $1.50 to $2.50
Manifestorr: folds 
billystreet14: raises $4.60 to $7.10 and is all-in
rycook024: folds 
Supermegopro: folds 
Consig|iori: folds 
Rysiff: calls $4.60
*** FLOP *** [6c 8h 9c]
*** TURN *** [6c 8h 9c] [4d]
*** RIVER *** [6c 8h 9c 4d] [9d]
*** SHOW DOWN ***
Rysiff: shows [Qc Qs] (two pair, Queens and Nines)
billystreet14: shows [Qd Qh] (two pair, Queens and Nines)
Rysiff collected $7.46 from pot
billystreet14 collected $7.46 from pot
*** SUMMARY ***
Total pot $15.70 | Rake $0.78 
Board [6c 8h 9c 4d 9d]
Seat 1: Supermegopro (small blind) folded before Flop
Seat 2: Consig|iori (big blind) folded before Flop
Seat 3: Rysiff showed [Qc Qs] and won ($7.46) with two pair, Queens and Nines
Seat 4: Manifestorr folded before Flop (didn't bet)
Seat 5: billystreet14 showed [Qd Qh] and won ($7.46) with two pair, Queens and Nines
Seat 6: rycook024 (button) folded before Flop (didn't bet)



PokerStars Hand #254255801284:  Hold'em No Limit ($0.50/$1.00 USD) - 2025/01/07 1:44:02 WET [2025/01/07 20:44:02 ET]
Table 'Philosophia II' 6-max Seat #1 is the button
Seat 1: Supermegopro ($117.84 in chips) 
Seat 2: Consig|iori ($100 in chips) 
Seat 3: Rysiff ($100.36 in chips) 
Seat 4: Manifestorr ($128.52 in chips) 
Seat 5: billystreet14 ($7.46 in chips) 
Seat 6: rycook024 ($60.88 in chips) 
Consig|iori: posts small blind $0.50
Rysiff: posts big blind $1
*** HOLE CARDS ***
Manifestorr: folds 
billystreet14: raises $6.46 to $7.46 and is all-in
rycook024: calls $7.46
Supermegopro: folds 
Consig|iori: folds 
Rysiff: folds 
*** FLOP *** [Th 2d 7h]
*** TURN *** [Th 2d 7h] [8h]
*** RIVER *** [Th 2d 7h 8h] [Tc]
*** SHOW DOWN ***
billystreet14: shows [Jh Qh] (a flush, Queen high)
rycook024: shows [Jd Ts] (three of a kind, Tens)
billystreet14 collected $15.60 from pot
*** SUMMARY ***
Total pot $16.42 | Rake $0.82 
Board [Th 2d 7h 8h Tc]
Seat 1: Supermegopro (button) folded before Flop (didn't bet)
Seat 2: Consig|iori (small blind) folded before Flop
Seat 3: Rysiff (big blind) folded before Flop
Seat 4: Manifestorr folded before Flop (didn't bet)
Seat 5: billystreet14 showed [Jh Qh] and won ($15.60) with a flush, Queen high
Seat 6: rycook024 showed [Jd Ts] and lost with three of a kind, Tens



PokerStars Hand #254255805855:  Hold'em No Limit ($0.50/$1.00 USD) - 2025/01/07 1:44:27 WET [2025/01/07 20:44:27 ET]
Table 'Philosophia II' 6-max Seat #2 is the button
Seat 1: Supermegopro ($117.84 in chips) 
Seat 2: Consig|iori ($100 in chips) 
Seat 3: Rysiff ($100 in chips) 
Seat 4: Manifestorr ($128.52 in chips) 
Seat 5: billystreet14 ($15.60 in chips) 
Seat 6: rycook024 ($53.42 in chips) 
Rysiff: posts small blind $0.50
Manifestorr: posts big blind $1
*** HOLE CARDS ***
billystreet14: raises $14.60 to $15.60 and is all-in
rycook024: folds 
Supermegopro: folds 
Consig|iori: folds 
Rysiff: folds 
Manifestorr: folds 
Uncalled bet ($14.60) returned to billystreet14
billystreet14 collected $2.50 from pot
billystreet14: shows [Ac Js] (high card Ace)
*** SUMMARY ***
Total pot $2.50 | Rake $0 
Seat 1: Supermegopro folded before Flop (didn't bet)
Seat 2: Consig|iori (button) folded before Flop (didn't bet)
Seat 3: Rysiff (small blind) folded before Flop
Seat 4: Manifestorr (big blind) folded before Flop
Seat 5: billystreet14 collected ($2.50)
Seat 6: rycook024 folded before Flop (didn't bet)



PokerStars Hand #254255808630:  Hold'em No Limit ($0.50/$1.00 USD) - 2025/01/07 1:44:43 WET [2025/01/07 20:44:43 ET]
Table 'Philosophia II' 6-max Seat #3 is the button
Seat 1: Supermegopro ($117.84 in chips) 
Seat 2: Consig|iori ($100 in chips) 
Seat 3: Rysiff ($100 in chips) 
Seat 4: Manifestorr ($127.52 in chips) 
Seat 5: billystreet14 ($17.10 in chips) 
Seat 6: rycook024 ($53.42 in chips) 
Manifestorr: posts small blind $0.50
billystreet14: posts big blind $1
*** HOLE CARDS ***
rycook024: calls $1
Supermegopro: raises $4 to $5
Consig|iori: folds 
Rysiff: folds 
Manifestorr: folds 
billystreet14: calls $4
rycook024: calls $4
*** FLOP *** [Ah 8c 6s]
billystreet14: checks 
rycook024: checks 
Supermegopro: bets $3.68
billystreet14: calls $3.68
rycook024: folds 
*** TURN *** [Ah 8c 6s] [Qc]
billystreet14: checks 
Supermegopro: bets $9
billystreet14: folds 
Uncalled bet ($9) returned to Supermegopro
Supermegopro collected $21.72 from pot
Supermegopro: doesn't show hand 
*** SUMMARY ***
Total pot $22.86 | Rake $1.14 
Board [Ah 8c 6s Qc]
Seat 1: Supermegopro collected ($21.72)
Seat 2: Consig|iori folded before Flop (didn't bet)
Seat 3: Rysiff (button) folded before Flop (didn't bet)
Seat 4: Manifestorr (small blind) folded before Flop
Seat 5: billystreet14 (big blind) folded on the Turn
Seat 6: rycook024 folded on the Flop



PokerStars Hand #254255817681:  Hold'em No Limit ($0.50/$1.00 USD) - 2025/01/07 1:45:33 WET [2025/01/07 20:45:33 ET]
Table 'Philosophia II' 6-max Seat #4 is the button
Seat 1: Supermegopro ($130.88 in chips) 
Seat 2: Consig|iori ($100 in chips) 
Seat 3: Rysiff ($100 in chips) 
Seat 4: Manifestorr ($127.02 in chips) 
Seat 5: billystreet14 ($8.42 in chips) 
Seat 6: rycook024 ($48.42 in chips) 
billystreet14: posts small blind $0.50
rycook024: posts big blind $1
*** HOLE CARDS ***
Supermegopro: folds 
Consig|iori: folds 
Rysiff: folds 
Manifestorr: folds 
billystreet14: raises $1 to $2
rycook024: raises $46.42 to $48.42 and is all-in
billystreet14: calls $6.42 and is all-in
Uncalled bet ($40) returned to rycook024
*** FLOP *** [Ks Qh 3s]
*** TURN *** [Ks Qh 3s] [4d]
*** RIVER *** [Ks Qh 3s 4d] [Qd]
*** SHOW DOWN ***
billystreet14: shows [Qc 5s] (three of a kind, Queens)
rycook024: shows [Js Jh] (two pair, Queens and Jacks)
billystreet14 collected $16 from pot
*** SUMMARY ***
Total pot $16.84 | Rake $0.84 
Board [Ks Qh 3s 4d Qd]
Seat 1: Supermegopro folded before Flop (didn't bet)
Seat 2: Consig|iori folded before Flop (didn't bet)
Seat 3: Rysiff folded before Flop (didn't bet)
Seat 4: Manifestorr (button) folded before Flop (didn't bet)
Seat 5: billystreet14 (small blind) showed [Qc 5s] and won ($16) with three of a kind, Queens
Seat 6: rycook024 (big blind) showed [Js Jh] and lost with two pair, Queens and Jacks



PokerStars Hand #254255822522:  Hold'em No Limit ($0.50/$1.00 USD) - 2025/01/07 1:46:00 WET [2025/01/07 20:46:00 ET]
Table 'Philosophia II' 6-max Seat #5 is the button
Seat 1: Supermegopro ($130.88 in chips) 
Seat 2: Consig|iori ($100 in chips) 
Seat 3: Rysiff ($100 in chips) 
Seat 4: Manifestorr ($127.02 in chips) 
Seat 5: billystreet14 ($16 in chips) 
Seat 6: rycook024 ($40 in chips) 
rycook024: posts small blind $0.50
Supermegopro: posts big blind $1
*** HOLE CARDS ***
Consig|iori: folds 
Rysiff: folds 
Manifestorr: raises $1.20 to $2.20
billystreet14: folds 
rycook024: calls $1.70
Supermegopro: folds 
*** FLOP *** [6s Ts 6d]
rycook024: checks 
Manifestorr: bets $1.69
rycook024: calls $1.69
*** TURN *** [6s Ts 6d] [Qd]
rycook024: checks 
Manifestorr: bets $6.26
rycook024: calls $6.26
*** RIVER *** [6s Ts 6d Qd] [5c]
rycook024: bets $29.85 and is all-in
Manifestorr: folds 
Uncalled bet ($29.85) returned to rycook024
rycook024 collected $20.24 from pot
rycook024: doesn't show hand 
*** SUMMARY ***
Total pot $21.30 | Rake $1.06 
Board [6s Ts 6d Qd 5c]
Seat 1: Supermegopro (big blind) folded before Flop
Seat 2: Consig|iori folded before Flop (didn't bet)
Seat 3: Rysiff folded before Flop (didn't bet)
Seat 4: Manifestorr folded on the River
Seat 5: billystreet14 (button) folded before Flop (didn't bet)
Seat 6: rycook024 (small blind) collected ($20.24)



PokerStars Hand #254255831090:  Hold'em No Limit ($0.50/$1.00 USD) - 2025/01/07 1:46:48 WET [2025/01/07 20:46:48 ET]
Table 'Philosophia II' 6-max Seat #6 is the button
Seat 1: Supermegopro ($129.88 in chips) 
Seat 2: Consig|iori ($100 in chips) 
Seat 3: Rysiff ($100 in chips) 
Seat 4: Manifestorr ($116.87 in chips) 
Seat 5: billystreet14 ($16 in chips) 
Seat 6: rycook024 ($50.09 in chips) 
Supermegopro: posts small blind $0.50
Consig|iori: posts big blind $1
*** HOLE CARDS ***
Rysiff: folds 
Manifestorr: folds 
billystreet14: raises $1 to $2
rycook024: folds 
Supermegopro: folds 
Consig|iori: folds 
Uncalled bet ($1) returned to billystreet14
billystreet14 collected $2.50 from pot
*** SUMMARY ***
Total pot $2.50 | Rake $0 
Seat 1: Supermegopro (small blind) folded before Flop
Seat 2: Consig|iori (big blind) folded before Flop
Seat 3: Rysiff folded before Flop (didn't bet)
Seat 4: Manifestorr folded before Flop (didn't bet)
Seat 5: billystreet14 collected ($2.50)
Seat 6: rycook024 (button) folded before Flop (didn't bet)



PokerStars Hand #254255833332:  Hold'em No Limit ($0.50/$1.00 USD) - 2025/01/07 1:47:00 WET [2025/01/07 20:47:00 ET]
Table 'Philosophia II' 6-max Seat #1 is the button
Seat 1: Supermegopro ($129.38 in chips) 
Seat 2: Consig|iori ($100 in chips) 
Seat 3: Rysiff ($100 in chips) 
Seat 4: Manifestorr ($116.87 in chips) 
Seat 5: billystreet14 ($17.50 in chips) 
Seat 6: rycook024 ($50.09 in chips) 
Consig|iori: posts small blind $0.50
Rysiff: posts big blind $1
*** HOLE CARDS ***
Manifestorr: folds 
billystreet14: calls $1
rycook024: folds 
Supermegopro: folds 
Consig|iori: folds 
Rysiff: raises $99 to $100 and is all-in
billystreet14: folds 
Uncalled bet ($99) returned to Rysiff
Rysiff collected $2.50 from pot
Rysiff: doesn't show hand 
*** SUMMARY ***
Total pot $2.50 | Rake $0 
Seat 1: Supermegopro (button) folded before Flop (didn't bet)
Seat 2: Consig|iori (small blind) folded before Flop
Seat 3: Rysiff (big blind) collected ($2.50)
Seat 4: Manifestorr folded before Flop (didn't bet)
Seat 5: billystreet14 folded before Flop
Seat 6: rycook024 folded before Flop (didn't bet)



PokerStars Hand #254255837572:  Hold'em No Limit ($0.50/$1.00 USD) - 2025/01/07 1:47:23 WET [2025/01/07 20:47:23 ET]
Table 'Philosophia II' 6-max Seat #2 is the button
Seat 1: Supermegopro ($129.38 in chips) 
Seat 2: Consig|iori ($100 in chips) 
Seat 3: Rysiff ($101.50 in chips) 
Seat 4: Manifestorr ($116.87 in chips) 
Seat 5: billystreet14 ($16.50 in chips) 
Seat 6: rycook024 ($50.09 in chips) 
Rysiff: posts small blind $0.50
Manifestorr: posts big blind $1
*** HOLE CARDS ***
billystreet14: raises $1 to $2
rycook024: folds 
Supermegopro: raises $7 to $9
Consig|iori: folds 
Rysiff: folds 
Manifestorr: folds 
billystreet14: raises $7 to $16
Supermegopro: calls $7
*** FLOP *** [5c Jc 7c]
billystreet14: checks 
Supermegopro: bets $1
billystreet14: calls $0.50 and is all-in
Uncalled bet ($0.50) returned to Supermegopro
*** TURN *** [5c Jc 7c] [7h]
*** RIVER *** [5c Jc 7c 7h] [Tc]
*** SHOW DOWN ***
billystreet14: shows [2s Qs] (a pair of Sevens)
Supermegopro: shows [6d 6c] (a flush, Jack high)
Supermegopro collected $32.78 from pot
*** SUMMARY ***
Total pot $34.50 | Rake $1.72 
Board [5c Jc 7c 7h Tc]
Seat 1: Supermegopro showed [6d 6c] and won ($32.78) with a flush, Jack high
Seat 2: Consig|iori (button) folded before Flop (didn't bet)
Seat 3: Rysiff (small blind) folded before Flop
Seat 4: Manifestorr (big blind) folded before Flop
Seat 5: billystreet14 showed [2s Qs] and lost with a pair of Sevens
Seat 6: rycook024 folded before Flop (didn't bet)



PokerStars Hand #254255845512:  Hold'em No Limit ($0.50/$1.00 USD) - 2025/01/07 1:48:07 WET [2025/01/07 20:48:07 ET]
Table 'Philosophia II' 6-max Seat #3 is the button
Seat 5: billystreet14 ($0 in chips) is sitting out
Seat 1: Supermegopro ($145.66 in chips) 
Seat 2: Consig|iori ($100 in chips) 
Seat 3: Rysiff ($101 in chips) 
Seat 4: Manifestorr ($115.87 in chips) 
Seat 6: rycook024 ($50.09 in chips) 
Manifestorr: posts small blind $0.50
rycook024: posts big blind $1
*** HOLE CARDS ***
Supermegopro: folds 
Consig|iori: folds 
Rysiff: raises $1.50 to $2.50
Manifestorr: folds 
rycook024: calls $1.50
*** FLOP *** [5d Ts 3h]
rycook024: checks 
Rysiff: bets $2.61
rycook024: folds 
Uncalled bet ($2.61) returned to Rysiff
Rysiff collected $5.22 from pot
Rysiff: doesn't show hand 
*** SUMMARY ***
Total pot $5.50 | Rake $0.28 
Board [5d Ts 3h]
Seat 5: billystreet14
Seat 1: Supermegopro folded before Flop (didn't bet)
Seat 2: Consig|iori folded before Flop (didn't bet)
Seat 3: Rysiff (button) collected ($5.22)
Seat 4: Manifestorr (small blind) folded before Flop
Seat 6: rycook024 (big blind) folded on the Flop



PokerStars Hand #254255851826:  Hold'em No Limit ($0.50/$1.00 USD) - 2025/01/07 1:48:42 WET [2025/01/07 20:48:42 ET]
Table 'Philosophia II' 6-max Seat #4 is the button
Seat 5: billystreet14 ($60.53 in chips) is sitting out
Seat 1: Supermegopro ($145.66 in chips) 
Seat 2: Consig|iori ($100 in chips) 
Seat 3: Rysiff ($103.72 in chips) 
Seat 4: Manifestorr ($115.37 in chips) 
Seat 6: rycook024 ($47.59 in chips) 
rycook024: posts small blind $0.50
Supermegopro: posts big blind $1
*** HOLE CARDS ***
Consig|iori: folds 
Rysiff: raises $1.50 to $2.50
Manifestorr: folds 
rycook024: folds 
Supermegopro: folds 
Uncalled bet ($1.50) returned to Rysiff
Rysiff collected $2.50 from pot
Rysiff: doesn't show hand 
*** SUMMARY ***
Total pot $2.50 | Rake $0 
Seat 5: billystreet14
Seat 1: Supermegopro (big blind) folded before Flop
Seat 2: Consig|iori folded before Flop (didn't bet)
Seat 3: Rysiff collected ($2.50)
Seat 4: Manifestorr (button) folded before Flop (didn't bet)
Seat 6: rycook024 (small blind) folded before Flop



PokerStars Hand #254255854620:  Hold'em No Limit ($0.50/$1.00 USD) - 2025/01/07 1:48:58 WET [2025/01/07 20:48:58 ET]
Table 'Philosophia II' 6-max Seat #6 is the button
Seat 1: Supermegopro ($144.66 in chips) 
Seat 2: Consig|iori ($100 in chips) 
Seat 3: Rysiff ($105.22 in chips) 
Seat 4: Manifestorr ($115.37 in chips) 
Seat 5: billystreet14 ($60.53 in chips) 
Seat 6: rycook024 ($47.09 in chips) 
Supermegopro: posts small blind $0.50
Consig|iori: posts big blind $1
billystreet14: posts small & big blinds $1.50
*** HOLE CARDS ***
Rysiff: raises $3 to $4
Manifestorr: raises $10 to $14
billystreet14: calls $13
rycook024: folds 
Supermegopro: folds 
Consig|iori: folds 
Rysiff: calls $10
*** FLOP *** [Ad Ts Jh]
Rysiff: checks 
Manifestorr: checks 
billystreet14: bets $15
Rysiff: calls $15
Manifestorr: calls $15
*** TURN *** [Ad Ts Jh] [9h]
Rysiff: checks 
Manifestorr: checks 
billystreet14: checks 
*** RIVER *** [Ad Ts Jh 9h] [8c]
Rysiff: checks 
Manifestorr: checks 
billystreet14: checks 
*** SHOW DOWN ***
Rysiff: shows [8h Ah] (two pair, Aces and Eights)
Manifestorr: mucks hand 
billystreet14: mucks hand 
Rysiff collected $86.50 from pot
*** SUMMARY ***
Total pot $89 | Rake $2.50 
Board [Ad Ts Jh 9h 8c]
Seat 1: Supermegopro (small blind) folded before Flop
Seat 2: Consig|iori (big blind) folded before Flop
Seat 3: Rysiff showed [8h Ah] and won ($86.50) with two pair, Aces and Eights
Seat 4: Manifestorr mucked
Seat 5: billystreet14 mucked
Seat 6: rycook024 (button) folded before Flop (didn't bet)



PokerStars Hand #254255871460:  Hold'em No Limit ($0.50/$1.00 USD) - 2025/01/07 1:50:33 WET [2025/01/07 20:50:33 ET]
Table 'Philosophia II' 6-max Seat #1 is the button
Seat 1: Supermegopro ($144.16 in chips) 
Seat 2: Consig|iori ($100 in chips) 
Seat 3: Rysiff ($162.72 in chips) 
Seat 4: Manifestorr ($100 in chips) 
Seat 5: billystreet14 ($31.03 in chips) 
Seat 6: rycook024 ($47.09 in chips) 
Consig|iori: posts small blind $0.50
Rysiff: posts big blind $1
*** HOLE CARDS ***
Manifestorr: folds 
billystreet14: raises $30.03 to $31.03 and is all-in
rycook024: folds 
Supermegopro: calls $31.03
Consig|iori: folds 
Rysiff: folds 
*** FLOP *** [As 3h Th]
*** TURN *** [As 3h Th] [Kc]
*** RIVER *** [As 3h Th Kc] [4h]
*** SHOW DOWN ***
billystreet14: shows [2s 2c] (a pair of Deuces)
Supermegopro: shows [7s 7h] (a pair of Sevens)
Supermegopro collected $61.06 from pot
*** SUMMARY ***
Total pot $63.56 | Rake $2.50 
Board [As 3h Th Kc 4h]
Seat 1: Supermegopro (button) showed [7s 7h] and won ($61.06) with a pair of Sevens
Seat 2: Consig|iori (small blind) folded before Flop
Seat 3: Rysiff (big blind) folded before Flop
Seat 4: Manifestorr folded before Flop (didn't bet)
Seat 5: billystreet14 showed [2s 2c] and lost with a pair of Deuces
Seat 6: rycook024 folded before Flop (didn't bet)



PokerStars Hand #254255876049:  Hold'em No Limit ($0.50/$1.00 USD) - 2025/01/07 1:50:59 WET [2025/01/07 20:50:59 ET]
Table 'Philosophia II' 6-max Seat #2 is the button
Seat 5: billystreet14 ($0 in chips) is sitting out
Seat 1: Supermegopro ($174.19 in chips) 
Seat 2: Consig|iori ($100 in chips) 
Seat 3: Rysiff ($161.72 in chips) 
Seat 4: Manifestorr ($100 in chips) 
Seat 6: rycook024 ($47.09 in chips) 
Rysiff: posts small blind $0.50
Manifestorr: posts big blind $1
*** HOLE CARDS ***
rycook024: raises $2 to $3
Supermegopro: folds 
Consig|iori: raises $6 to $9
Rysiff: folds 
Manifestorr: folds 
rycook024: calls $6
*** FLOP *** [8h Tc Kd]
rycook024: checks 
Consig|iori: bets $9.50
rycook024: calls $9.50
*** TURN *** [8h Tc Kd] [2c]
rycook024: checks 
Consig|iori: bets $29
rycook024: folds 
Uncalled bet ($29) returned to Consig|iori
Consig|iori collected $36.58 from pot
Consig|iori: doesn't show hand 
*** SUMMARY ***
Total pot $38.50 | Rake $1.92 
Board [8h Tc Kd 2c]
Seat 5: billystreet14
Seat 1: Supermegopro folded before Flop (didn't bet)
Seat 2: Consig|iori (button) collected ($36.58)
Seat 3: Rysiff (small blind) folded before Flop
Seat 4: Manifestorr (big blind) folded before Flop
Seat 6: rycook024 folded on the Turn



PokerStars Hand #254255887523:  Hold'em No Limit ($0.50/$1.00 USD) - 2025/01/07 1:52:04 WET [2025/01/07 20:52:04 ET]
Table 'Philosophia II' 6-max Seat #3 is the button
Seat 1: Supermegopro ($174.19 in chips) 
Seat 2: Consig|iori ($118.08 in chips) 
Seat 3: Rysiff ($161.22 in chips) 
Seat 4: Manifestorr ($100 in chips) 
Seat 5: billystreet14 ($60.53 in chips) 
Seat 6: rycook024 ($28.59 in chips) 
Manifestorr: posts small blind $0.50
billystreet14: posts big blind $1
*** HOLE CARDS ***
rycook024: raises $1 to $2
Supermegopro: calls $2
Consig|iori: folds 
Rysiff: folds 
Manifestorr: folds 
billystreet14: calls $1
*** FLOP *** [8d 9d 4s]
billystreet14: checks 
rycook024: checks 
Supermegopro: checks 
*** TURN *** [8d 9d 4s] [Jd]
billystreet14: checks 
rycook024: bets $1
Supermegopro: folds 
billystreet14: raises $1 to $2
rycook024: calls $1
*** RIVER *** [8d 9d 4s Jd] [Kd]
billystreet14: checks 
rycook024: checks 
*** SHOW DOWN ***
billystreet14: shows [5s Jc] (a pair of Jacks)
rycook024: mucks hand 
billystreet14 collected $9.98 from pot
*** SUMMARY ***
Total pot $10.50 | Rake $0.52 
Board [8d 9d 4s Jd Kd]
Seat 1: Supermegopro folded on the Turn
Seat 2: Consig|iori folded before Flop (didn't bet)
Seat 3: Rysiff (button) folded before Flop (didn't bet)
Seat 4: Manifestorr (small blind) folded before Flop
Seat 5: billystreet14 (big blind) showed [5s Jc] and won ($9.98) with a pair of Jacks
Seat 6: rycook024 mucked



PokerStars Hand #254255895074:  Hold'em No Limit ($0.50/$1.00 USD) - 2025/01/07 1:52:47 WET [2025/01/07 20:52:47 ET]
Table 'Philosophia II' 6-max Seat #4 is the button
Seat 1: Supermegopro ($172.19 in chips) 
Seat 2: Consig|iori ($118.08 in chips) 
Seat 3: Rysiff ($161.22 in chips) 
Seat 4: Manifestorr ($100 in chips) 
Seat 5: billystreet14 ($66.51 in chips) 
Seat 6: rycook024 ($24.59 in chips) 
billystreet14: posts small blind $0.50
rycook024: posts big blind $1
*** HOLE CARDS ***
Supermegopro: folds 
Consig|iori: folds 
Rysiff: folds 
Manifestorr: folds 
billystreet14: raises $1 to $2
rycook024: calls $1
*** FLOP *** [Td 2c 9h]
billystreet14: checks 
rycook024: checks 
*** TURN *** [Td 2c 9h] [4d]
billystreet14: checks 
rycook024: checks 
*** RIVER *** [Td 2c 9h 4d] [Ks]
billystreet14: checks 
rycook024: checks 
*** SHOW DOWN ***
billystreet14: shows [Js 6h] (high card King)
rycook024: shows [5h Ac] (high card Ace)
rycook024 collected $3.80 from pot
*** SUMMARY ***
Total pot $4 | Rake $0.20 
Board [Td 2c 9h 4d Ks]
Seat 1: Supermegopro folded before Flop (didn't bet)
Seat 2: Consig|iori folded before Flop (didn't bet)
Seat 3: Rysiff folded before Flop (didn't bet)
Seat 4: Manifestorr (button) folded before Flop (didn't bet)
Seat 5: billystreet14 (small blind) showed [Js 6h] and lost with high card King
Seat 6: rycook024 (big blind) showed [5h Ac] and won ($3.80) with high card Ace



PokerStars Hand #254255901626:  Hold'em No Limit ($0.50/$1.00 USD) - 2025/01/07 1:53:24 WET [2025/01/07 20:53:24 ET]
Table 'Philosophia II' 6-max Seat #5 is the button
Seat 1: Supermegopro ($172.19 in chips) 
Seat 2: Consig|iori ($118.08 in chips) 
Seat 3: Rysiff ($161.22 in chips) 
Seat 4: Manifestorr ($100 in chips) 
Seat 5: billystreet14 ($64.51 in chips) 
Seat 6: rycook024 ($26.39 in chips) 
rycook024: posts small blind $0.50
Supermegopro: posts big blind $1
*** HOLE CARDS ***
Consig|iori: folds 
Rysiff: folds 
Manifestorr: folds 
billystreet14: calls $1
rycook024: raises $1 to $2
Supermegopro: folds 
billystreet14: raises $1 to $3
rycook024: raises $23.39 to $26.39 and is all-in
billystreet14: folds 
Uncalled bet ($23.39) returned to rycook024
rycook024 collected $7 from pot
rycook024: doesn't show hand 
*** SUMMARY ***
Total pot $7 | Rake $0 
Seat 1: Supermegopro (big blind) folded before Flop
Seat 2: Consig|iori folded before Flop (didn't bet)
Seat 3: Rysiff folded before Flop (didn't bet)
Seat 4: Manifestorr folded before Flop (didn't bet)
Seat 5: billystreet14 (button) folded before Flop
Seat 6: rycook024 (small blind) collected ($7)



PokerStars Hand #254255907804:  Hold'em No Limit ($0.50/$1.00 USD) - 2025/01/07 1:54:00 WET [2025/01/07 20:54:00 ET]
Table 'Philosophia II' 6-max Seat #6 is the button
Seat 1: Supermegopro ($171.19 in chips) 
Seat 2: Consig|iori ($118.08 in chips) 
Seat 3: Rysiff ($161.22 in chips) 
Seat 4: Manifestorr ($100 in chips) 
Seat 5: billystreet14 ($61.51 in chips) 
Seat 6: rycook024 ($30.39 in chips) 
Supermegopro: posts small blind $0.50
Consig|iori: posts big blind $1
*** HOLE CARDS ***
Rysiff: folds 
Manifestorr: folds 
billystreet14: calls $1
rycook024: folds 
Supermegopro: folds 
Consig|iori: checks 
*** FLOP *** [7h As 6h]
Consig|iori: checks 
billystreet14: checks 
*** TURN *** [7h As 6h] [8h]
Consig|iori: checks 
billystreet14: checks 
*** RIVER *** [7h As 6h 8h] [5h]
Consig|iori: checks 
billystreet14: checks 
*** SHOW DOWN ***
Consig|iori: shows [7d Qs] (a pair of Sevens)
billystreet14: shows [7s Qd] (a pair of Sevens)
Consig|iori collected $1.19 from pot
billystreet14 collected $1.19 from pot
*** SUMMARY ***
Total pot $2.50 | Rake $0.12 
Board [7h As 6h 8h 5h]
Seat 1: Supermegopro (small blind) folded before Flop
Seat 2: Consig|iori (big blind) showed [7d Qs] and won ($1.19) with a pair of Sevens
Seat 3: Rysiff folded before Flop (didn't bet)
Seat 4: Manifestorr folded before Flop (didn't bet)
Seat 5: billystreet14 showed [7s Qd] and won ($1.19) with a pair of Sevens
Seat 6: rycook024 (button) folded before Flop (didn't bet)



PokerStars Hand #254255914229:  Hold'em No Limit ($0.50/$1.00 USD) - 2025/01/07 1:54:36 WET [2025/01/07 20:54:36 ET]
Table 'Philosophia II' 6-max Seat #1 is the button
Seat 1: Supermegopro ($170.69 in chips) 
Seat 2: Consig|iori ($118.27 in chips) 
Seat 3: Rysiff ($161.22 in chips) 
Seat 4: Manifestorr ($100 in chips) 
Seat 5: billystreet14 ($61.70 in chips) 
Seat 6: rycook024 ($30.39 in chips) 
Consig|iori: posts small blind $0.50
Rysiff: posts big blind $1
*** HOLE CARDS ***
Manifestorr: raises $1.20 to $2.20
billystreet14: calls $2.20
rycook024: folds 
Supermegopro: calls $2.20
Consig|iori: calls $1.70
Rysiff: folds 
*** FLOP *** [5c 5s 7h]
Consig|iori: checks 
Manifestorr: bets $3.07
billystreet14: folds 
Supermegopro: folds 
Consig|iori: folds 
Uncalled bet ($3.07) returned to Manifestorr
Manifestorr collected $9.31 from pot
*** SUMMARY ***
Total pot $9.80 | Rake $0.49 
Board [5c 5s 7h]
Seat 1: Supermegopro (button) folded on the Flop
Seat 2: Consig|iori (small blind) folded on the Flop
Seat 3: Rysiff (big blind) folded before Flop
Seat 4: Manifestorr collected ($9.31)
Seat 5: billystreet14 folded on the Flop
Seat 6: rycook024 folded before Flop (didn't bet)



PokerStars Hand #254255920131:  Hold'em No Limit ($0.50/$1.00 USD) - 2025/01/07 1:55:11 WET [2025/01/07 20:55:11 ET]
Table 'Philosophia II' 6-max Seat #2 is the button
Seat 1: Supermegopro ($168.49 in chips) 
Seat 2: Consig|iori ($116.07 in chips) 
Seat 3: Rysiff ($160.22 in chips) 
Seat 4: Manifestorr ($107.11 in chips) 
Seat 5: billystreet14 ($59.50 in chips) 
Seat 6: rycook024 ($30.39 in chips) 
Rysiff: posts small blind $0.50
Manifestorr: posts big blind $1
*** HOLE CARDS ***
billystreet14: raises $1 to $2
rycook024: calls $2
Supermegopro: folds 
Consig|iori: folds 
Rysiff: folds 
Manifestorr: folds 
*** FLOP *** [Ts 8s 6s]
billystreet14: checks 
rycook024: bets $2
billystreet14: calls $2
*** TURN *** [Ts 8s 6s] [Qh]
billystreet14: checks 
rycook024: bets $3
billystreet14: folds 
Uncalled bet ($3) returned to rycook024
rycook024 collected $9.02 from pot
rycook024: doesn't show hand 
*** SUMMARY ***
Total pot $9.50 | Rake $0.48 
Board [Ts 8s 6s Qh]
Seat 1: Supermegopro folded before Flop (didn't bet)
Seat 2: Consig|iori (button) folded before Flop (didn't bet)
Seat 3: Rysiff (small blind) folded before Flop
Seat 4: Manifestorr (big blind) folded before Flop
Seat 5: billystreet14 folded on the Turn
Seat 6: rycook024 collected ($9.02)



PokerStars Hand #254255925411:  Hold'em No Limit ($0.50/$1.00 USD) - 2025/01/07 1:55:51 WET [2025/01/07 20:55:51 ET]
Table 'Philosophia II' 6-max Seat #3 is the button
Seat 1: Supermegopro ($168.49 in chips) 
Seat 2: Consig|iori ($116.07 in chips) 
Seat 3: Rysiff ($159.72 in chips) 
Seat 4: Manifestorr ($106.11 in chips) 
Seat 5: billystreet14 ($55.50 in chips) 
Seat 6: rycook024 ($35.41 in chips) 
Manifestorr: posts small blind $0.50
billystreet14: posts big blind $1
*** HOLE CARDS ***
rycook024: folds 
Supermegopro: folds 
Consig|iori: folds 
Rysiff: folds 
Manifestorr: raises $2 to $3
billystreet14: raises $7 to $10
Manifestorr: folds 
Uncalled bet ($7) returned to billystreet14
billystreet14 collected $6 from pot
*** SUMMARY ***
Total pot $6 | Rake $0 
Seat 1: Supermegopro folded before Flop (didn't bet)
Seat 2: Consig|iori folded before Flop (didn't bet)
Seat 3: Rysiff (button) folded before Flop (didn't bet)
Seat 4: Manifestorr (small blind) folded before Flop
Seat 5: billystreet14 (big blind) collected ($6)
Seat 6: rycook024 folded before Flop (didn't bet)



PokerStars Hand #254255928782:  Hold'em No Limit ($0.50/$1.00 USD) - 2025/01/07 1:56:16 WET [2025/01/07 20:56:16 ET]
Table 'Philosophia II' 6-max Seat #4 is the button
Seat 2: Consig|iori ($116.07 in chips) is sitting out
Seat 1: Supermegopro ($168.49 in chips) 
Seat 3: Rysiff ($159.72 in chips) 
Seat 4: Manifestorr ($103.11 in chips) 
Seat 5: billystreet14 ($58.50 in chips) 
Seat 6: rycook024 ($35.41 in chips) 
billystreet14: posts small blind $0.50
rycook024: posts big blind $1
*** HOLE CARDS ***
Supermegopro: folds 
Rysiff: folds 
Manifestorr: raises $1.20 to $2.20
billystreet14: calls $1.70
rycook024: folds 
*** FLOP *** [6d 8h Qc]
billystreet14: bets $13
Manifestorr: folds 
Uncalled bet ($13) returned to billystreet14
billystreet14 collected $5.13 from pot
*** SUMMARY ***
Total pot $5.40 | Rake $0.27 
Board [6d 8h Qc]
Seat 2: Consig|iori
Seat 1: Supermegopro folded before Flop (didn't bet)
Seat 3: Rysiff folded before Flop (didn't bet)
Seat 4: Manifestorr (button) folded on the Flop
Seat 5: billystreet14 (small blind) collected ($5.13)
Seat 6: rycook024 (big blind) folded before Flop



PokerStars Hand #254255933320:  Hold'em No Limit ($0.50/$1.00 USD) - 2025/01/07 1:56:50 WET [2025/01/07 20:56:50 ET]
Table 'Philosophia II' 6-max Seat #5 is the button
Seat 2: Consig|iori ($116.07 in chips) is sitting out
Seat 1: Supermegopro ($168.49 in chips) 
Seat 3: Rysiff ($159.72 in chips) 
Seat 4: Manifestorr ($100.91 in chips) 
Seat 5: billystreet14 ($61.43 in chips) 
Seat 6: rycook024 ($34.41 in chips) 
rycook024: posts small blind $0.50
Supermegopro: posts big blind $1
*** HOLE CARDS ***
Rysiff: folds 
Manifestorr: folds 
billystreet14: calls $1
rycook024: raises $33.41 to $34.41 and is all-in
Supermegopro: folds 
billystreet14: folds 
Uncalled bet ($33.41) returned to rycook024
rycook024 collected $3 from pot
rycook024: doesn't show hand 
*** SUMMARY ***
Total pot $3 | Rake $0 
Seat 2: Consig|iori
Seat 1: Supermegopro (big blind) folded before Flop
Seat 3: Rysiff folded before Flop (didn't bet)
Seat 4: Manifestorr folded before Flop (didn't bet)
Seat 5: billystreet14 (button) folded before Flop
Seat 6: rycook024 (small blind) collected ($3)



PokerStars Hand #254255936211:  Hold'em No Limit ($0.50/$1.00 USD) - 2025/01/07 1:57:11 WET [2025/01/07 20:57:11 ET]
Table 'Philosophia II' 6-max Seat #6 is the button
Seat 2: Consig|iori ($116.07 in chips) is sitting out
Seat 1: Supermegopro ($167.49 in chips) 
Seat 3: Rysiff ($159.72 in chips) 
Seat 4: Manifestorr ($100.91 in chips) 
Seat 5: billystreet14 ($60.43 in chips) 
Seat 6: rycook024 ($36.41 in chips) 
Supermegopro: posts small blind $0.50
Rysiff: posts big blind $1
*** HOLE CARDS ***
Manifestorr: folds 
billystreet14: raises $6 to $7
rycook024: calls $7
Supermegopro: folds 
Rysiff: folds 
*** FLOP *** [Jd 8d Tc]
billystreet14: checks 
rycook024: checks 
*** TURN *** [Jd 8d Tc] [9h]
billystreet14: checks 
rycook024: checks 
*** RIVER *** [Jd 8d Tc 9h] [Qc]
billystreet14: bets $53.43 and is all-in
rycook024: folds 
Uncalled bet ($53.43) returned to billystreet14
billystreet14 collected $14.72 from pot
*** SUMMARY ***
Total pot $15.50 | Rake $0.78 
Board [Jd 8d Tc 9h Qc]
Seat 2: Consig|iori
Seat 1: Supermegopro (small blind) folded before Flop
Seat 3: Rysiff (big blind) folded before Flop
Seat 4: Manifestorr folded before Flop (didn't bet)
Seat 5: billystreet14 collected ($14.72)
Seat 6: rycook024 (button) folded on the River



PokerStars Hand #254255945947:  Hold'em No Limit ($0.50/$1.00 USD) - 2025/01/07 1:58:24 WET [2025/01/07 20:58:24 ET]
Table 'Philosophia II' 6-max Seat #1 is the button
Seat 2: Consig|iori ($116.07 in chips) is sitting out
Seat 1: Supermegopro ($166.99 in chips) 
Seat 3: Rysiff ($158.72 in chips) 
Seat 4: Manifestorr ($100.91 in chips) 
Seat 5: billystreet14 ($68.15 in chips) 
Seat 6: rycook024 ($29.41 in chips) 
Rysiff: posts small blind $0.50
Manifestorr: posts big blind $1
*** HOLE CARDS ***
billystreet14: raises $1 to $2
rycook024: folds 
Supermegopro: calls $2
Rysiff: calls $1.50
Manifestorr: folds 
*** FLOP *** [8d 3d 2c]
Rysiff: checks 
billystreet14: bets $6
Supermegopro: folds 
Rysiff: folds 
Uncalled bet ($6) returned to billystreet14
billystreet14 collected $6.65 from pot
billystreet14: shows [7s 8s] (a pair of Eights)
*** SUMMARY ***
Total pot $7 | Rake $0.35 
Board [8d 3d 2c]
Seat 2: Consig|iori
Seat 1: Supermegopro (button) folded on the Flop
Seat 3: Rysiff (small blind) folded on the Flop
Seat 4: Manifestorr (big blind) folded before Flop
Seat 5: billystreet14 collected ($6.65)
Seat 6: rycook024 folded before Flop (didn't bet)



PokerStars Hand #254255951515:  Hold'em No Limit ($0.50/$1.00 USD) - 2025/01/07 1:59:06 WET [2025/01/07 20:59:06 ET]
Table 'Philosophia II' 6-max Seat #3 is the button
Seat 2: Consig|iori ($116.07 in chips) is sitting out
Seat 1: Supermegopro ($164.99 in chips) 
Seat 3: Rysiff ($156.72 in chips) 
Seat 4: Manifestorr ($100 in chips) 
Seat 5: billystreet14 ($72.80 in chips) 
Seat 6: rycook024 ($29.41 in chips) 
Manifestorr: posts small blind $0.50
billystreet14: posts big blind $1
*** HOLE CARDS ***
rycook024: folds 
Supermegopro: raises $1.50 to $2.50
Rysiff: folds 
Manifestorr: folds 
billystreet14: calls $1.50
*** FLOP *** [Ts 3d 2h]
billystreet14: checks 
Supermegopro: bets $2.09
billystreet14: calls $2.09
*** TURN *** [Ts 3d 2h] [5d]
billystreet14: checks 
Supermegopro: checks 
*** RIVER *** [Ts 3d 2h 5d] [9c]
billystreet14: checks 
Supermegopro: checks 
*** SHOW DOWN ***
billystreet14: shows [Qh 7c] (high card Queen)
Supermegopro: shows [As 6d] (high card Ace)
Supermegopro collected $9.20 from pot
*** SUMMARY ***
Total pot $9.68 | Rake $0.48 
Board [Ts 3d 2h 5d 9c]
Seat 2: Consig|iori
Seat 1: Supermegopro showed [As 6d] and won ($9.20) with high card Ace
Seat 3: Rysiff (button) folded before Flop (didn't bet)
Seat 4: Manifestorr (small blind) folded before Flop
Seat 5: billystreet14 (big blind) showed [Qh 7c] and lost with high card Queen
Seat 6: rycook024 folded before Flop (didn't bet)



PokerStars Hand #254255956123:  Hold'em No Limit ($0.50/$1.00 USD) - 2025/01/07 1:59:40 WET [2025/01/07 20:59:40 ET]
Table 'Philosophia II' 6-max Seat #4 is the button
Seat 2: Consig|iori ($116.07 in chips) is sitting out
Seat 1: Supermegopro ($169.60 in chips) 
Seat 3: Rysiff ($156.72 in chips) 
Seat 4: Manifestorr ($100 in chips) 
Seat 5: billystreet14 ($68.21 in chips) 
Seat 6: rycook024 ($29.41 in chips) 
billystreet14: posts small blind $0.50
rycook024: posts big blind $1
*** HOLE CARDS ***
Supermegopro: raises $1.50 to $2.50
Rysiff: folds 
Manifestorr: folds 
billystreet14: raises $1.50 to $4
rycook024: folds 
Supermegopro: calls $1.50
*** FLOP *** [2c Qs 2h]
billystreet14: bets $1
Supermegopro: calls $1
*** TURN *** [2c Qs 2h] [9d]
billystreet14: bets $13
Supermegopro: folds 
Uncalled bet ($13) returned to billystreet14
billystreet14 collected $10.45 from pot
*** SUMMARY ***
Total pot $11 | Rake $0.55 
Board [2c Qs 2h 9d]
Seat 2: Consig|iori
Seat 1: Supermegopro folded on the Turn
Seat 3: Rysiff folded before Flop (didn't bet)
Seat 4: Manifestorr (button) folded before Flop (didn't bet)
Seat 5: billystreet14 (small blind) collected ($10.45)
Seat 6: rycook024 (big blind) folded before Flop



PokerStars Hand #254255960744:  Hold'em No Limit ($0.50/$1.00 USD) - 2025/01/07 2:00:13 WET [2025/01/07 21:00:13 ET]
Table 'Philosophia II' 6-max Seat #5 is the button
Seat 2: Consig|iori ($116.07 in chips) is sitting out
Seat 1: Supermegopro ($164.60 in chips) 
Seat 3: Rysiff ($156.72 in chips) 
Seat 4: Manifestorr ($100 in chips) 
Seat 5: billystreet14 ($73.66 in chips) 
Seat 6: rycook024 ($28.41 in chips) 
rycook024: posts small blind $0.50
Supermegopro: posts big blind $1
*** HOLE CARDS ***
Rysiff: folds 
Manifestorr: raises $1.20 to $2.20
billystreet14: raises $1.20 to $3.40
rycook024: folds 
Supermegopro: folds 
Manifestorr: calls $1.20
*** FLOP *** [5c 6s Qs]
Manifestorr: checks 
billystreet14: bets $1
Manifestorr: raises $3 to $4
billystreet14: calls $3
*** TURN *** [5c 6s Qs] [9h]
Manifestorr: bets $7.74
billystreet14: calls $7.74
*** RIVER *** [5c 6s Qs 9h] [2h]
Manifestorr: checks 
billystreet14: checks 
*** SHOW DOWN ***
Manifestorr: shows [7d 6d] (a pair of Sixes)
billystreet14: shows [Jc 9c] (a pair of Nines)
billystreet14 collected $30.19 from pot
*** SUMMARY ***
Total pot $31.78 | Rake $1.59 
Board [5c 6s Qs 9h 2h]
Seat 2: Consig|iori
Seat 1: Supermegopro (big blind) folded before Flop
Seat 3: Rysiff folded before Flop (didn't bet)
Seat 4: Manifestorr showed [7d 6d] and lost with a pair of Sixes
Seat 5: billystreet14 (button) showed [Jc 9c] and won ($30.19) with a pair of Nines
Seat 6: rycook024 (small blind) folded before Flop



PokerStars Hand #254255968480:  Hold'em No Limit ($0.50/$1.00 USD) - 2025/01/07 2:01:05 WET [2025/01/07 21:01:05 ET]
Table 'Philosophia II' 6-max Seat #6 is the button
Seat 2: Consig|iori ($116.07 in chips) is sitting out
Seat 1: Supermegopro ($163.60 in chips) 
Seat 3: Rysiff ($156.72 in chips) 
Seat 4: Manifestorr ($100 in chips) 
Seat 5: billystreet14 ($88.71 in chips) 
Seat 6: rycook024 ($27.91 in chips) 
Supermegopro: posts small blind $0.50
Rysiff: posts big blind $1
*** HOLE CARDS ***
Manifestorr: folds 
billystreet14: raises $1 to $2
rycook024: folds 
Supermegopro: calls $1.50
Rysiff: folds 
*** FLOP *** [Kh 3c Kd]
Supermegopro: checks 
billystreet14: checks 
*** TURN *** [Kh 3c Kd] [Qs]
Supermegopro: bets $1.57
billystreet14: calls $1.57
*** RIVER *** [Kh 3c Kd Qs] [Js]
Supermegopro: checks 
billystreet14: checks 
*** SHOW DOWN ***
Supermegopro: shows [5d Ad] (a pair of Kings)
billystreet14: mucks hand 
Supermegopro collected $7.73 from pot
*** SUMMARY ***
Total pot $8.14 | Rake $0.41 
Board [Kh 3c Kd Qs Js]
Seat 2: Consig|iori
Seat 1: Supermegopro (small blind) showed [5d Ad] and won ($7.73) with a pair of Kings
Seat 3: Rysiff (big blind) folded before Flop
Seat 4: Manifestorr folded before Flop (didn't bet)
Seat 5: billystreet14 mucked
Seat 6: rycook024 (button) folded before Flop (didn't bet)



PokerStars Hand #254255973095:  Hold'em No Limit ($0.50/$1.00 USD) - 2025/01/07 2:01:32 WET [2025/01/07 21:01:32 ET]
Table 'Philosophia II' 6-max Seat #1 is the button
Seat 2: Consig|iori ($116.07 in chips) is sitting out
Seat 1: Supermegopro ($167.76 in chips) 
Seat 3: Rysiff ($155.72 in chips) 
Seat 4: Manifestorr ($100 in chips) 
Seat 5: billystreet14 ($85.14 in chips) 
Seat 6: rycook024 ($27.91 in chips) 
Rysiff: posts small blind $0.50
Manifestorr: posts big blind $1
*** HOLE CARDS ***
billystreet14: calls $1
rycook024: folds 
Supermegopro: raises $4 to $5
Rysiff: folds 
Manifestorr: folds 
billystreet14: folds 
Uncalled bet ($4) returned to Supermegopro
Supermegopro collected $3.50 from pot
Supermegopro: doesn't show hand 
*** SUMMARY ***
Total pot $3.50 | Rake $0 
Seat 2: Consig|iori
Seat 1: Supermegopro (button) collected ($3.50)
Seat 3: Rysiff (small blind) folded before Flop
Seat 4: Manifestorr (big blind) folded before Flop
Seat 5: billystreet14 folded before Flop
Seat 6: rycook024 folded before Flop (didn't bet)



PokerStars Hand #254255975695:  Hold'em No Limit ($0.50/$1.00 USD) - 2025/01/07 2:01:48 WET [2025/01/07 21:01:48 ET]
Table 'Philosophia II' 6-max Seat #3 is the button
Seat 2: Consig|iori ($116.07 in chips) is sitting out
Seat 1: Supermegopro ($170.26 in chips) 
Seat 3: Rysiff ($155.22 in chips) 
Seat 4: Manifestorr ($100 in chips) 
Seat 5: billystreet14 ($84.14 in chips) 
Seat 6: rycook024 ($27.91 in chips) 
Manifestorr: posts small blind $0.50
billystreet14: posts big blind $1
Consig|iori: sits out 
*** HOLE CARDS ***
rycook024: folds 
Supermegopro: folds 
Rysiff: raises $1.50 to $2.50
Manifestorr: folds 
billystreet14: raises $1.50 to $4
Rysiff: calls $1.50
*** FLOP *** [3c 8h Jd]
billystreet14: checks 
Rysiff: checks 
*** TURN *** [3c 8h Jd] [Kh]
billystreet14: checks 
Rysiff: checks 
*** RIVER *** [3c 8h Jd Kh] [6s]
billystreet14: checks 
Rysiff: checks 
*** SHOW DOWN ***
billystreet14: shows [2s Ad] (high card Ace)
Rysiff: shows [Ah 8c] (a pair of Eights)
Rysiff collected $8.08 from pot
*** SUMMARY ***
Total pot $8.50 | Rake $0.42 
Board [3c 8h Jd Kh 6s]
Seat 2: Consig|iori
Seat 1: Supermegopro folded before Flop (didn't bet)
Seat 3: Rysiff (button) showed [Ah 8c] and won ($8.08) with a pair of Eights
Seat 4: Manifestorr (small blind) folded before Flop
Seat 5: billystreet14 (big blind) showed [2s Ad] and lost with high card Ace
Seat 6: rycook024 folded before Flop (didn't bet)



PokerStars Hand #254255984204:  Hold'em No Limit ($0.50/$1.00 USD) - 2025/01/07 2:02:38 WET [2025/01/07 21:02:38 ET]
Table 'Philosophia II' 6-max Seat #4 is the button
Seat 2: Consig|iori ($116.07 in chips) is sitting out
Seat 1: Supermegopro ($170.26 in chips) 
Seat 3: Rysiff ($159.30 in chips) 
Seat 4: Manifestorr ($100 in chips) 
Seat 5: billystreet14 ($80.14 in chips) 
Seat 6: rycook024 ($27.91 in chips) 
billystreet14: posts small blind $0.50
rycook024: posts big blind $1
Consig|iori: sits out 
*** HOLE CARDS ***
Supermegopro: folds 
Rysiff: folds 
Manifestorr: raises $1.20 to $2.20
billystreet14: folds 
rycook024: calls $1.20
*** FLOP *** [9c 3h Kd]
rycook024: checks 
Manifestorr: bets $3.50
rycook024: calls $3.50
*** TURN *** [9c 3h Kd] [5d]
rycook024: checks 
Manifestorr: bets $8.48
rycook024: folds 
Uncalled bet ($8.48) returned to Manifestorr
Manifestorr collected $11.30 from pot
*** SUMMARY ***
Total pot $11.90 | Rake $0.60 
Board [9c 3h Kd 5d]
Seat 2: Consig|iori
Seat 1: Supermegopro folded before Flop (didn't bet)
Seat 3: Rysiff folded before Flop (didn't bet)
Seat 4: Manifestorr (button) collected ($11.30)
Seat 5: billystreet14 (small blind) folded before Flop
Seat 6: rycook024 (big blind) folded on the Turn



PokerStars Hand #254255991260:  Hold'em No Limit ($0.50/$1.00 USD) - 2025/01/07 2:03:19 WET [2025/01/07 21:03:19 ET]
Table 'Philosophia II' 6-max Seat #5 is the button
Seat 2: Consig|iori ($116.07 in chips) is sitting out
Seat 1: Supermegopro ($170.26 in chips) 
Seat 3: Rysiff ($159.30 in chips) 
Seat 4: Manifestorr ($105.60 in chips) 
Seat 5: billystreet14 ($79.64 in chips) 
Seat 6: rycook024 ($22.21 in chips) 
rycook024: posts small blind $0.50
Supermegopro: posts big blind $1
Consig|iori: sits out 
*** HOLE CARDS ***
Rysiff: folds 
Manifestorr: raises $1.20 to $2.20
billystreet14: calls $2.20
rycook024: folds 
Supermegopro: calls $1.20
*** FLOP *** [5d 2h Kc]
Supermegopro: checks 
Manifestorr: checks 
billystreet14: checks 
*** TURN *** [5d 2h Kc] [9d]
Supermegopro: checks 
Manifestorr: checks 
billystreet14: checks 
*** RIVER *** [5d 2h Kc 9d] [8s]
Supermegopro: checks 
Manifestorr: checks 
billystreet14: checks 
*** SHOW DOWN ***
Supermegopro: shows [Ac 8c] (a pair of Eights)
Manifestorr: mucks hand 
billystreet14: shows [Tc 6h] (high card King)
Supermegopro collected $6.74 from pot
*** SUMMARY ***
Total pot $7.10 | Rake $0.36 
Board [5d 2h Kc 9d 8s]
Seat 2: Consig|iori
Seat 1: Supermegopro (big blind) showed [Ac 8c] and won ($6.74) with a pair of Eights
Seat 3: Rysiff folded before Flop (didn't bet)
Seat 4: Manifestorr mucked
Seat 5: billystreet14 (button) showed [Tc 6h] and lost with high card King
Seat 6: rycook024 (small blind) folded before Flop



PokerStars Hand #254256000664:  Hold'em No Limit ($0.50/$1.00 USD) - 2025/01/07 2:04:13 WET [2025/01/07 21:04:13 ET]
Table 'Philosophia II' 6-max Seat #6 is the button
Seat 1: Supermegopro ($174.80 in chips) 
Seat 2: Consig|iori ($116.07 in chips) 
Seat 3: Rysiff ($159.30 in chips) 
Seat 4: Manifestorr ($103.40 in chips) 
Seat 5: billystreet14 ($77.44 in chips) 
Seat 6: rycook024 ($21.71 in chips) 
Supermegopro: posts small blind $0.50
Consig|iori: posts big blind $1
*** HOLE CARDS ***
Rysiff: folds 
Manifestorr: raises $1.20 to $2.20
billystreet14: calls $2.20
rycook024: folds 
Supermegopro: calls $1.70
Consig|iori: folds 
*** FLOP *** [7c Js 7d]
Supermegopro: checks 
Manifestorr: checks 
billystreet14: checks 
*** TURN *** [7c Js 7d] [Ad]
Supermegopro: checks 
Manifestorr: checks 
billystreet14: checks 
*** RIVER *** [7c Js 7d Ad] [3d]
Supermegopro: checks 
Manifestorr: checks 
billystreet14: checks 
*** SHOW DOWN ***
Supermegopro: shows [Tc 8h] (a pair of Sevens)
Manifestorr: shows [Ks 4s] (a pair of Sevens - Ace+King kicker)
billystreet14: shows [5h 3s] (two pair, Sevens and Threes)
billystreet14 collected $7.22 from pot
*** SUMMARY ***
Total pot $7.60 | Rake $0.38 
Board [7c Js 7d Ad 3d]
Seat 1: Supermegopro (small blind) showed [Tc 8h] and lost with a pair of Sevens
Seat 2: Consig|iori (big blind) folded before Flop
Seat 3: Rysiff folded before Flop (didn't bet)
Seat 4: Manifestorr showed [Ks 4s] and lost with a pair of Sevens
Seat 5: billystreet14 showed [5h 3s] and won ($7.22) with two pair, Sevens and Threes
Seat 6: rycook024 (button) folded before Flop (didn't bet)



PokerStars Hand #254256009270:  Hold'em No Limit ($0.50/$1.00 USD) - 2025/01/07 2:05:03 WET [2025/01/07 21:05:03 ET]
Table 'Philosophia II' 6-max Seat #1 is the button
Seat 1: Supermegopro ($172.60 in chips) 
Seat 2: Consig|iori ($115.07 in chips) 
Seat 3: Rysiff ($159.30 in chips) 
Seat 4: Manifestorr ($101.20 in chips) 
Seat 5: billystreet14 ($82.46 in chips) 
Seat 6: rycook024 ($21.71 in chips) 
Consig|iori: posts small blind $0.50
Rysiff: posts big blind $1
*** HOLE CARDS ***
Manifestorr: folds 
billystreet14 is disconnected 
billystreet14 has timed out while disconnected
billystreet14: folds 
rycook024: folds 
Supermegopro: raises $2 to $3
Consig|iori: folds 
Rysiff: folds 
Uncalled bet ($2) returned to Supermegopro
Supermegopro collected $2.50 from pot
Supermegopro: doesn't show hand 
*** SUMMARY ***
Total pot $2.50 | Rake $0 
Seat 1: Supermegopro (button) collected ($2.50)
Seat 2: Consig|iori (small blind) folded before Flop
Seat 3: Rysiff (big blind) folded before Flop
Seat 4: Manifestorr folded before Flop (didn't bet)
Seat 5: billystreet14 folded before Flop (didn't bet)
Seat 6: rycook024 folded before Flop (didn't bet)



PokerStars Hand #254256018610:  Hold'em No Limit ($0.50/$1.00 USD) - 2025/01/07 2:05:58 WET [2025/01/07 21:05:58 ET]
Table 'Philosophia II' 6-max Seat #2 is the button
Seat 5: billystreet14 ($82.46 in chips) is sitting out
Seat 1: Supermegopro ($174.10 in chips) 
Seat 2: Consig|iori ($114.57 in chips) 
Seat 3: Rysiff ($158.30 in chips) 
Seat 4: Manifestorr ($101.20 in chips) 
Seat 6: rycook024 ($21.71 in chips) 
Rysiff: posts small blind $0.50
Manifestorr: posts big blind $1
*** HOLE CARDS ***
rycook024: calls $1
Supermegopro: folds 
Consig|iori: folds 
Rysiff: calls $0.50
Manifestorr: raises $5 to $6
rycook024: raises $15.71 to $21.71 and is all-in
Rysiff: folds 
Manifestorr: calls $15.71
*** FLOP *** [Th 2s As]
*** TURN *** [Th 2s As] [6h]
*** RIVER *** [Th 2s As 6h] [4s]
*** SHOW DOWN ***
Manifestorr: shows [9d 9c] (a pair of Nines)
rycook024: shows [3d 3s] (a pair of Threes)
Manifestorr collected $42.20 from pot
*** SUMMARY ***
Total pot $44.42 | Rake $2.22 
Board [Th 2s As 6h 4s]
Seat 5: billystreet14
Seat 1: Supermegopro folded before Flop (didn't bet)
Seat 2: Consig|iori (button) folded before Flop (didn't bet)
Seat 3: Rysiff (small blind) folded before Flop
Seat 4: Manifestorr (big blind) showed [9d 9c] and won ($42.20) with a pair of Nines
Seat 6: rycook024 showed [3d 3s] and lost with a pair of Threes



PokerStars Hand #254256026155:  Hold'em No Limit ($0.50/$1.00 USD) - 2025/01/07 2:06:43 WET [2025/01/07 21:06:43 ET]
Table 'Philosophia II' 6-max Seat #3 is the button
Seat 5: billystreet14 ($82.46 in chips) is sitting out
Seat 6: rycook024 ($0 in chips) is sitting out
Seat 1: Supermegopro ($174.10 in chips) 
Seat 2: Consig|iori ($114.57 in chips) 
Seat 3: Rysiff ($157.30 in chips) 
Seat 4: Manifestorr ($121.69 in chips) 
Manifestorr: posts small blind $0.50
Supermegopro: posts big blind $1
*** HOLE CARDS ***
Consig|iori: folds 
Rysiff: folds 
rycook024 leaves the table
Manifestorr: raises $2 to $3
Supermegopro: calls $2
*** FLOP *** [Qh 5d Jh]
Manifestorr: bets $4.28
Supermegopro: folds 
Uncalled bet ($4.28) returned to Manifestorr
Manifestorr collected $5.70 from pot
*** SUMMARY ***
Total pot $6 | Rake $0.30 
Board [Qh 5d Jh]
Seat 5: billystreet14
Seat 6: rycook024
Seat 1: Supermegopro (big blind) folded on the Flop
Seat 2: Consig|iori folded before Flop (didn't bet)
Seat 3: Rysiff (button) folded before Flop (didn't bet)
Seat 4: Manifestorr (small blind) collected ($5.70)



PokerStars Hand #254256030403:  Hold'em No Limit ($0.50/$1.00 USD) - 2025/01/07 2:07:08 WET [2025/01/07 21:07:08 ET]
Table 'Philosophia II' 6-max Seat #4 is the button
Seat 5: billystreet14 ($82.46 in chips) is sitting out
Seat 1: Supermegopro ($171.10 in chips) 
Seat 2: Consig|iori ($114.57 in chips) 
Seat 3: Rysiff ($157.30 in chips) 
Seat 4: Manifestorr ($124.39 in chips) 
Supermegopro: posts small blind $0.50
Consig|iori: posts big blind $1
*** HOLE CARDS ***
Rysiff: raises $1.50 to $2.50
Manifestorr: folds 
Supermegopro: folds 
Consig|iori: calls $1.50
*** FLOP *** [5d Td Ts]
Consig|iori: checks 
Rysiff: bets $1.72
Consig|iori: calls $1.72
*** TURN *** [5d Td Ts] [4h]
Consig|iori: checks 
BeauParleur joins the table at seat #6 
Rysiff: bets $6.79
Consig|iori: folds 
Uncalled bet ($6.79) returned to Rysiff
Rysiff collected $8.49 from pot
Rysiff: doesn't show hand 
*** SUMMARY ***
Total pot $8.94 | Rake $0.45 
Board [5d Td Ts 4h]
Seat 5: billystreet14
Seat 1: Supermegopro (small blind) folded before Flop
Seat 2: Consig|iori (big blind) folded on the Turn
Seat 3: Rysiff collected ($8.49)
Seat 4: Manifestorr (button) folded before Flop (didn't bet)



PokerStars Hand #254256037786:  Hold'em No Limit ($0.50/$1.00 USD) - 2025/01/07 2:07:52 WET [2025/01/07 21:07:52 ET]
Table 'Philosophia II' 6-max Seat #1 is the button
Seat 5: billystreet14 ($82.46 in chips) is sitting out
Seat 6: BeauParleur ($100 in chips) is sitting out
Seat 1: Supermegopro ($170.60 in chips) 
Seat 2: Consig|iori ($110.35 in chips) 
Seat 3: Rysiff ($161.57 in chips) 
Seat 4: Manifestorr ($124.39 in chips) 
Consig|iori: posts small blind $0.50
Rysiff: posts big blind $1
BeauParleur: sits out 
*** HOLE CARDS ***
Manifestorr: raises $1.20 to $2.20
Supermegopro: raises $5.80 to $8
Consig|iori: folds 
Rysiff: folds 
Manifestorr: raises $17 to $25
Supermegopro: folds 
Uncalled bet ($17) returned to Manifestorr
Manifestorr collected $17.50 from pot
*** SUMMARY ***
Total pot $17.50 | Rake $0 
Seat 5: billystreet14
Seat 6: BeauParleur
Seat 1: Supermegopro (button) folded before Flop
Seat 2: Consig|iori (small blind) folded before Flop
Seat 3: Rysiff (big blind) folded before Flop
Seat 4: Manifestorr collected ($17.50)



PokerStars Hand #254256042828:  Hold'em No Limit ($0.50/$1.00 USD) - 2025/01/07 2:08:22 WET [2025/01/07 21:08:22 ET]
Table 'Philosophia II' 6-max Seat #2 is the button
Seat 5: billystreet14 ($82.46 in chips) is sitting out
Seat 6: BeauParleur ($100 in chips) is sitting out
Seat 1: Supermegopro ($162.60 in chips) 
Seat 2: Consig|iori ($109.85 in chips) 
Seat 3: Rysiff ($160.57 in chips) 
Seat 4: Manifestorr ($133.89 in chips) 
Rysiff: posts small blind $0.50
Manifestorr: posts big blind $1
BeauParleur: sits out 
*** HOLE CARDS ***
Supermegopro: folds 
Consig|iori: folds 
Rysiff: raises $2 to $3
Manifestorr: calls $2
*** FLOP *** [Js Jd Th]
Rysiff: bets $1.88
Manifestorr: folds 
Uncalled bet ($1.88) returned to Rysiff
Rysiff collected $5.70 from pot
Rysiff: doesn't show hand 
*** SUMMARY ***
Total pot $6 | Rake $0.30 
Board [Js Jd Th]
Seat 5: billystreet14
Seat 6: BeauParleur
Seat 1: Supermegopro folded before Flop (didn't bet)
Seat 2: Consig|iori (button) folded before Flop (didn't bet)
Seat 3: Rysiff (small blind) collected ($5.70)
Seat 4: Manifestorr (big blind) folded on the Flop



PokerStars Hand #254256046148:  Hold'em No Limit ($0.50/$1.00 USD) - 2025/01/07 2:08:41 WET [2025/01/07 21:08:41 ET]
Table 'Philosophia II' 6-max Seat #3 is the button
Seat 5: billystreet14 ($82.46 in chips) is sitting out
Seat 1: Supermegopro ($162.60 in chips) 
Seat 2: Consig|iori ($109.85 in chips) 
Seat 3: Rysiff ($163.27 in chips) 
Seat 4: Manifestorr ($130.89 in chips) 
Seat 6: BeauParleur ($100 in chips) 
Manifestorr: posts small blind $0.50
BeauParleur: posts big blind $1
*** HOLE CARDS ***
Supermegopro: folds 
Consig|iori: raises $1.40 to $2.40
Rysiff: folds 
Manifestorr: raises $8.60 to $11
BeauParleur: folds 
Consig|iori: raises $12 to $23
Manifestorr: calls $12
*** FLOP *** [Tc Qc Js]
Manifestorr: checks 
Consig|iori: bets $9
Manifestorr: raises $98.89 to $107.89 and is all-in
Consig|iori: folds 
Uncalled bet ($98.89) returned to Manifestorr
Manifestorr collected $62.50 from pot
*** SUMMARY ***
Total pot $65 | Rake $2.50 
Board [Tc Qc Js]
Seat 5: billystreet14
Seat 1: Supermegopro folded before Flop (didn't bet)
Seat 2: Consig|iori folded on the Flop
Seat 3: Rysiff (button) folded before Flop (didn't bet)
Seat 4: Manifestorr (small blind) collected ($62.50)
Seat 6: BeauParleur (big blind) folded before Flop



PokerStars Hand #254256055665:  Hold'em No Limit ($0.50/$1.00 USD) - 2025/01/07 2:09:38 WET [2025/01/07 21:09:38 ET]
Table 'Philosophia II' 6-max Seat #4 is the button
Seat 5: billystreet14 ($82.46 in chips) is sitting out
Seat 1: Supermegopro ($162.60 in chips) 
Seat 2: Consig|iori ($100 in chips) 
Seat 3: Rysiff ($163.27 in chips) 
Seat 4: Manifestorr ($161.39 in chips) 
Seat 6: BeauParleur ($100 in chips) 
BeauParleur: posts small blind $0.50
Supermegopro: posts big blind $1
*** HOLE CARDS ***
Consig|iori: folds 
Rysiff: folds 
Manifestorr: folds 
BeauParleur: raises $2 to $3
Supermegopro: folds 
Uncalled bet ($2) returned to BeauParleur
BeauParleur collected $2 from pot
BeauParleur: doesn't show hand 
*** SUMMARY ***
Total pot $2 | Rake $0 
Seat 5: billystreet14
Seat 1: Supermegopro (big blind) folded before Flop
Seat 2: Consig|iori folded before Flop (didn't bet)
Seat 3: Rysiff folded before Flop (didn't bet)
Seat 4: Manifestorr (button) folded before Flop (didn't bet)
Seat 6: BeauParleur (small blind) collected ($2)



PokerStars Hand #254256058402:  Hold'em No Limit ($0.50/$1.00 USD) - 2025/01/07 2:09:55 WET [2025/01/07 21:09:55 ET]
Table 'Philosophia II' 6-max Seat #6 is the button
Seat 1: Supermegopro ($161.60 in chips) 
Seat 2: Consig|iori ($100 in chips) 
Seat 3: Rysiff ($163.27 in chips) 
Seat 4: Manifestorr ($161.39 in chips) 
Seat 5: billystreet14 ($82.46 in chips) 
Seat 6: BeauParleur ($101 in chips) 
Supermegopro: posts small blind $0.50
Consig|iori: posts big blind $1
billystreet14: posts small & big blinds $1.50
*** HOLE CARDS ***
Rysiff: folds 
Manifestorr: folds 
billystreet14: checks 
BeauParleur: folds 
Supermegopro: raises $5 to $6
Consig|iori: folds 
billystreet14: calls $5
*** FLOP *** [9c 8s 7c]
Supermegopro: checks 
billystreet14: checks 
*** TURN *** [9c 8s 7c] [6d]
Supermegopro: checks 
billystreet14: checks 
*** RIVER *** [9c 8s 7c 6d] [Kd]
Supermegopro: checks 
billystreet14: checks 
*** SHOW DOWN ***
Supermegopro: shows [Qh As] (high card Ace)
billystreet14: shows [8c Ad] (a pair of Eights)
billystreet14 collected $12.82 from pot
*** SUMMARY ***
Total pot $13.50 | Rake $0.68 
Board [9c 8s 7c 6d Kd]
Seat 1: Supermegopro (small blind) showed [Qh As] and lost with high card Ace
Seat 2: Consig|iori (big blind) folded before Flop
Seat 3: Rysiff folded before Flop (didn't bet)
Seat 4: Manifestorr folded before Flop (didn't bet)
Seat 5: billystreet14 showed [8c Ad] and won ($12.82) with a pair of Eights
Seat 6: BeauParleur (button) folded before Flop (didn't bet)



PokerStars Hand #254256065824:  Hold'em No Limit ($0.50/$1.00 USD) - 2025/01/07 2:10:38 WET [2025/01/07 21:10:38 ET]
Table 'Philosophia II' 6-max Seat #1 is the button
Seat 1: Supermegopro ($155.60 in chips) 
Seat 2: Consig|iori ($100 in chips) 
Seat 3: Rysiff ($163.27 in chips) 
Seat 4: Manifestorr ($161.39 in chips) 
Seat 5: billystreet14 ($88.78 in chips) 
Seat 6: BeauParleur ($101 in chips) 
Consig|iori: posts small blind $0.50
Rysiff: posts big blind $1
*** HOLE CARDS ***
Manifestorr: folds 
billystreet14: raises $1 to $2
BeauParleur: raises $4.50 to $6.50
Supermegopro: folds 
Consig|iori: folds 
Rysiff: folds 
billystreet14: calls $4.50
*** FLOP *** [4s Jd Ah]
billystreet14: checks 
BeauParleur: bets $2.50
billystreet14: calls $2.50
*** TURN *** [4s Jd Ah] [3h]
billystreet14: checks 
BeauParleur: bets $13.89
billystreet14: folds 
Uncalled bet ($13.89) returned to BeauParleur
BeauParleur collected $18.52 from pot
BeauParleur: doesn't show hand 
*** SUMMARY ***
Total pot $19.50 | Rake $0.98 
Board [4s Jd Ah 3h]
Seat 1: Supermegopro (button) folded before Flop (didn't bet)
Seat 2: Consig|iori (small blind) folded before Flop
Seat 3: Rysiff (big blind) folded before Flop
Seat 4: Manifestorr folded before Flop (didn't bet)
Seat 5: billystreet14 folded on the Turn
Seat 6: BeauParleur collected ($18.52)



PokerStars Hand #254256079491:  Hold'em No Limit ($0.50/$1.00 USD) - 2025/01/07 2:12:00 WET [2025/01/07 21:12:00 ET]
Table 'Philosophia II' 6-max Seat #2 is the button
Seat 1: Supermegopro ($155.60 in chips) 
Seat 2: Consig|iori ($100 in chips) 
Seat 3: Rysiff ($162.27 in chips) 
Seat 4: Manifestorr ($161.39 in chips) 
Seat 5: billystreet14 ($79.78 in chips) 
Seat 6: BeauParleur ($110.52 in chips) 
Rysiff: posts small blind $0.50
Manifestorr: posts big blind $1
*** HOLE CARDS ***
billystreet14: calls $1
BeauParleur: folds 
Supermegopro: folds 
Consig|iori: raises $2.50 to $3.50
Rysiff: folds 
Manifestorr: folds 
billystreet14: calls $2.50
*** FLOP *** [4s 3d 5d]
billystreet14: checks 
Consig|iori: checks 
*** TURN *** [4s 3d 5d] [3c]
billystreet14: checks 
Consig|iori: checks 
*** RIVER *** [4s 3d 5d 3c] [2d]
billystreet14: checks 
Consig|iori: checks 
*** SHOW DOWN ***
billystreet14: shows [7d Qh] (a pair of Threes)
Consig|iori: shows [Qc Kd] (a pair of Threes - King kicker)
Consig|iori collected $8.08 from pot
*** SUMMARY ***
Total pot $8.50 | Rake $0.42 
Board [4s 3d 5d 3c 2d]
Seat 1: Supermegopro folded before Flop (didn't bet)
Seat 2: Consig|iori (button) showed [Qc Kd] and won ($8.08) with a pair of Threes
Seat 3: Rysiff (small blind) folded before Flop
Seat 4: Manifestorr (big blind) folded before Flop
Seat 5: billystreet14 showed [7d Qh] and lost with a pair of Threes
Seat 6: BeauParleur folded before Flop (didn't bet)



PokerStars Hand #254256087183:  Hold'em No Limit ($0.50/$1.00 USD) - 2025/01/07 2:12:46 WET [2025/01/07 21:12:46 ET]
Table 'Philosophia II' 6-max Seat #3 is the button
Seat 1: Supermegopro ($155.60 in chips) 
Seat 2: Consig|iori ($104.58 in chips) 
Seat 3: Rysiff ($161.77 in chips) 
Seat 4: Manifestorr ($160.39 in chips) 
Seat 5: billystreet14 ($76.28 in chips) 
Seat 6: BeauParleur ($110.52 in chips) 
Manifestorr: posts small blind $0.50
billystreet14: posts big blind $1
*** HOLE CARDS ***
BeauParleur: folds 
Supermegopro: folds 
Consig|iori: raises $1.40 to $2.40
Rysiff: folds 
Manifestorr: folds 
billystreet14: raises $1.40 to $3.80
Consig|iori: raises $100.78 to $104.58 and is all-in
billystreet14: folds 
Uncalled bet ($100.78) returned to Consig|iori
Consig|iori collected $8.10 from pot
Consig|iori: doesn't show hand 
*** SUMMARY ***
Total pot $8.10 | Rake $0 
Seat 1: Supermegopro folded before Flop (didn't bet)
Seat 2: Consig|iori collected ($8.10)
Seat 3: Rysiff (button) folded before Flop (didn't bet)
Seat 4: Manifestorr (small blind) folded before Flop
Seat 5: billystreet14 (big blind) folded before Flop
Seat 6: BeauParleur folded before Flop (didn't bet)



PokerStars Hand #254256092009:  Hold'em No Limit ($0.50/$1.00 USD) - 2025/01/07 2:13:15 WET [2025/01/07 21:13:15 ET]
Table 'Philosophia II' 6-max Seat #4 is the button
Seat 1: Supermegopro ($155.60 in chips) 
Seat 2: Consig|iori ($108.88 in chips) 
Seat 3: Rysiff ($161.77 in chips) 
Seat 4: Manifestorr ($159.89 in chips) 
Seat 5: billystreet14 ($72.48 in chips) 
Seat 6: BeauParleur ($110.52 in chips) 
billystreet14: posts small blind $0.50
BeauParleur: posts big blind $1
*** HOLE CARDS ***
Supermegopro: folds 
Consig|iori: raises $1.40 to $2.40
Rysiff: folds 
Manifestorr: raises $5.60 to $8
billystreet14: folds 
BeauParleur: folds 
Consig|iori: folds 
Uncalled bet ($5.60) returned to Manifestorr
Manifestorr collected $6.30 from pot
*** SUMMARY ***
Total pot $6.30 | Rake $0 
Seat 1: Supermegopro folded before Flop (didn't bet)
Seat 2: Consig|iori folded before Flop
Seat 3: Rysiff folded before Flop (didn't bet)
Seat 4: Manifestorr (button) collected ($6.30)
Seat 5: billystreet14 (small blind) folded before Flop
Seat 6: BeauParleur (big blind) folded before Flop



PokerStars Hand #254256162243:  Hold'em No Limit ($0.50/$1.00 USD) - 2025/01/07 2:20:28 WET [2025/01/07 21:20:28 ET]
Table 'Philosophia II' 6-max Seat #4 is the button
Seat 1: Supermegopro ($153.60 in chips) 
Seat 2: Consig|iori ($127.58 in chips) 
Seat 3: Rysiff ($237.92 in chips) 
Seat 4: Manifestorr ($170.42 in chips) 
Seat 5: billystreet14 ($117.90 in chips) 
Seat 6: BeauParleur ($100 in chips) 
billystreet14: posts small blind $0.50
BeauParleur: posts big blind $1
*** HOLE CARDS ***
Supermegopro: folds 
Consig|iori: raises $1.40 to $2.40
Rysiff: folds 
Manifestorr: folds 
billystreet14: calls $1.90
BeauParleur: folds 
*** FLOP *** [Th Jh Ad]
billystreet14: checks 
Consig|iori: bets $2.50
billystreet14: calls $2.50
*** TURN *** [Th Jh Ad] [Tc]
billystreet14: checks 
Consig|iori: bets $7.70
billystreet14: calls $7.70
*** RIVER *** [Th Jh Ad Tc] [As]
billystreet14: checks 
Consig|iori: checks 
*** SHOW DOWN ***
billystreet14: shows [Kh 3d] (two pair, Aces and Tens)
Consig|iori: shows [Qs Kc] (a straight, Ten to Ace)
Consig|iori collected $24.89 from pot
*** SUMMARY ***
Total pot $26.20 | Rake $1.31 
Board [Th Jh Ad Tc As]
Seat 1: Supermegopro folded before Flop (didn't bet)
Seat 2: Consig|iori showed [Qs Kc] and won ($24.89) with a straight, Ten to Ace
Seat 3: Rysiff folded before Flop (didn't bet)
Seat 4: Manifestorr (button) folded before Flop (didn't bet)
Seat 5: billystreet14 (small blind) showed [Kh 3d] and lost with two pair, Aces and Tens
Seat 6: BeauParleur (big blind) folded before Flop



PokerStars Hand #254256172301:  Hold'em No Limit ($0.50/$1.00 USD) - 2025/01/07 2:21:30 WET [2025/01/07 21:21:30 ET]
Table 'Philosophia II' 6-max Seat #5 is the button
Seat 1: Supermegopro ($153.60 in chips) 
Seat 2: Consig|iori ($139.87 in chips) 
Seat 3: Rysiff ($237.92 in chips) 
Seat 4: Manifestorr ($170.42 in chips) 
Seat 5: billystreet14 ($105.30 in chips) 
Seat 6: BeauParleur ($100 in chips) 
BeauParleur: posts small blind $0.50
Supermegopro: posts big blind $1
*** HOLE CARDS ***
Consig|iori: raises $1.40 to $2.40
Rysiff: folds 
Manifestorr: raises $6.60 to $9
billystreet14: folds 
BeauParleur: folds 
Supermegopro: folds 
Consig|iori: folds 
Uncalled bet ($6.60) returned to Manifestorr
Manifestorr collected $6.30 from pot
*** SUMMARY ***
Total pot $6.30 | Rake $0 
Seat 1: Supermegopro (big blind) folded before Flop
Seat 2: Consig|iori folded before Flop
Seat 3: Rysiff folded before Flop (didn't bet)
Seat 4: Manifestorr collected ($6.30)
Seat 5: billystreet14 (button) folded before Flop (didn't bet)
Seat 6: BeauParleur (small blind) folded before Flop



PokerStars Hand #254256177752:  Hold'em No Limit ($0.50/$1.00 USD) - 2025/01/07 2:22:04 WET [2025/01/07 21:22:04 ET]
Table 'Philosophia II' 6-max Seat #6 is the button
Seat 1: Supermegopro ($152.60 in chips) 
Seat 2: Consig|iori ($137.47 in chips) 
Seat 3: Rysiff ($237.92 in chips) 
Seat 4: Manifestorr ($174.32 in chips) 
Seat 5: billystreet14 ($105.30 in chips) 
Seat 6: BeauParleur ($100 in chips) 
Supermegopro: posts small blind $0.50
Consig|iori: posts big blind $1
*** HOLE CARDS ***
Rysiff: raises $1.50 to $2.50
Manifestorr: calls $2.50
billystreet14: calls $2.50
BeauParleur: folds 
Supermegopro: folds 
Consig|iori: folds 
*** FLOP *** [7d 4d 3s]
Rysiff: bets $4.28
Manifestorr: raises $13.72 to $18
billystreet14: calls $18
Rysiff: calls $13.72
*** TURN *** [7d 4d 3s] [Ah]
Rysiff: checks 
Manifestorr: bets $45.50
billystreet14: calls $45.50
Rysiff: folds 
*** RIVER *** [7d 4d 3s Ah] [8c]
Manifestorr: bets $108.32 and is all-in
billystreet14: calls $39.30 and is all-in
Uncalled bet ($69.02) returned to Manifestorr
*** SHOW DOWN ***
Manifestorr: shows [7h 7s] (three of a kind, Sevens)
billystreet14: shows [4c 3c] (two pair, Fours and Threes)
Manifestorr collected $230.10 from pot
*** SUMMARY ***
Total pot $232.60 | Rake $2.50 
Board [7d 4d 3s Ah 8c]
Seat 1: Supermegopro (small blind) folded before Flop
Seat 2: Consig|iori (big blind) folded before Flop
Seat 3: Rysiff folded on the Turn
Seat 4: Manifestorr showed [7h 7s] and won ($230.10) with three of a kind, Sevens
Seat 5: billystreet14 showed [4c 3c] and lost with two pair, Fours and Threes
Seat 6: BeauParleur (button) folded before Flop (didn't bet)



PokerStars Hand #254256187760:  Hold'em No Limit ($0.50/$1.00 USD) - 2025/01/07 2:23:07 WET [2025/01/07 21:23:07 ET]
Table 'Philosophia II' 6-max Seat #1 is the button
Seat 5: billystreet14 ($0 in chips) is sitting out
Seat 1: Supermegopro ($152.10 in chips) 
Seat 2: Consig|iori ($136.47 in chips) 
Seat 3: Rysiff ($217.42 in chips) 
Seat 4: Manifestorr ($299.12 in chips) 
Seat 6: BeauParleur ($100 in chips) 
Consig|iori: posts small blind $0.50
Rysiff: posts big blind $1
*** HOLE CARDS ***
Manifestorr: raises $1.20 to $2.20
BeauParleur: folds 
Supermegopro: folds 
Consig|iori: folds 
Rysiff: folds 
Uncalled bet ($1.20) returned to Manifestorr
Manifestorr collected $2.50 from pot
*** SUMMARY ***
Total pot $2.50 | Rake $0 
Seat 5: billystreet14
Seat 1: Supermegopro (button) folded before Flop (didn't bet)
Seat 2: Consig|iori (small blind) folded before Flop
Seat 3: Rysiff (big blind) folded before Flop
Seat 4: Manifestorr collected ($2.50)
Seat 6: BeauParleur folded before Flop (didn't bet)



PokerStars Hand #254256190211:  Hold'em No Limit ($0.50/$1.00 USD) - 2025/01/07 2:23:22 WET [2025/01/07 21:23:22 ET]
Table 'Philosophia II' 6-max Seat #2 is the button
Seat 5: billystreet14 ($0 in chips) is sitting out
Seat 1: Supermegopro ($152.10 in chips) 
Seat 2: Consig|iori ($135.97 in chips) 
Seat 3: Rysiff ($216.42 in chips) 
Seat 4: Manifestorr ($300.62 in chips) 
Seat 6: BeauParleur ($100 in chips) 
Rysiff: posts small blind $0.50
Manifestorr: posts big blind $1
*** HOLE CARDS ***
BeauParleur: folds 
Supermegopro: folds 
Consig|iori: folds 
Rysiff: folds 
Uncalled bet ($0.50) returned to Manifestorr
Manifestorr collected $1 from pot
*** SUMMARY ***
Total pot $1 | Rake $0 
Seat 5: billystreet14
Seat 1: Supermegopro folded before Flop (didn't bet)
Seat 2: Consig|iori (button) folded before Flop (didn't bet)
Seat 3: Rysiff (small blind) folded before Flop
Seat 4: Manifestorr (big blind) collected ($1)
Seat 6: BeauParleur folded before Flop (didn't bet)



PokerStars Hand #254256191661:  Hold'em No Limit ($0.50/$1.00 USD) - 2025/01/07 2:23:31 WET [2025/01/07 21:23:31 ET]
Table 'Philosophia II' 6-max Seat #3 is the button
Seat 5: billystreet14 ($0 in chips) is sitting out
Seat 1: Supermegopro ($152.10 in chips) 
Seat 2: Consig|iori ($135.97 in chips) 
Seat 3: Rysiff ($215.92 in chips) 
Seat 4: Manifestorr ($301.12 in chips) 
Seat 6: BeauParleur ($100 in chips) 
Manifestorr: posts small blind $0.50
BeauParleur: posts big blind $1
*** HOLE CARDS ***
Supermegopro: folds 
Consig|iori: raises $1.40 to $2.40
Rysiff: folds 
Manifestorr: folds 
BeauParleur: folds 
Uncalled bet ($1.40) returned to Consig|iori
Consig|iori collected $2.50 from pot
Consig|iori: doesn't show hand 
*** SUMMARY ***
Total pot $2.50 | Rake $0 
Seat 5: billystreet14
Seat 1: Supermegopro folded before Flop (didn't bet)
Seat 2: Consig|iori collected ($2.50)
Seat 3: Rysiff (button) folded before Flop (didn't bet)
Seat 4: Manifestorr (small blind) folded before Flop
Seat 6: BeauParleur (big blind) folded before Flop



PokerStars Hand #254256193269:  Hold'em No Limit ($0.50/$1.00 USD) - 2025/01/07 2:23:42 WET [2025/01/07 21:23:42 ET]
Table 'Philosophia II' 6-max Seat #4 is the button
Seat 5: billystreet14 ($0 in chips) is sitting out
Seat 1: Supermegopro ($152.10 in chips) 
Seat 2: Consig|iori ($137.47 in chips) 
Seat 3: Rysiff ($215.92 in chips) 
Seat 4: Manifestorr ($300.62 in chips) 
Seat 6: BeauParleur ($100 in chips) 
BeauParleur: posts small blind $0.50
Supermegopro: posts big blind $1
*** HOLE CARDS ***
Consig|iori: folds 
Rysiff: raises $1.50 to $2.50
Manifestorr: folds 
BeauParleur: folds 
Supermegopro: folds 
Uncalled bet ($1.50) returned to Rysiff
Rysiff collected $2.50 from pot
Rysiff: doesn't show hand 
*** SUMMARY ***
Total pot $2.50 | Rake $0 
Seat 5: billystreet14
Seat 1: Supermegopro (big blind) folded before Flop
Seat 2: Consig|iori folded before Flop (didn't bet)
Seat 3: Rysiff collected ($2.50)
Seat 4: Manifestorr (button) folded before Flop (didn't bet)
Seat 6: BeauParleur (small blind) folded before Flop



PokerStars Hand #254256196086:  Hold'em No Limit ($0.50/$1.00 USD) - 2025/01/07 2:23:59 WET [2025/01/07 21:23:59 ET]
Table 'Philosophia II' 6-max Seat #6 is the button
Seat 5: billystreet14 ($0 in chips) is sitting out
Seat 1: Supermegopro ($151.10 in chips) 
Seat 2: Consig|iori ($137.47 in chips) 
Seat 3: Rysiff ($217.42 in chips) 
Seat 4: Manifestorr ($300.62 in chips) 
Seat 6: BeauParleur ($100 in chips) 
Supermegopro: posts small blind $0.50
Consig|iori: posts big blind $1
*** HOLE CARDS ***
Rysiff: folds 
Manifestorr: folds 
BeauParleur: folds 
Supermegopro: folds 
Uncalled bet ($0.50) returned to Consig|iori
Consig|iori collected $1 from pot
Consig|iori: doesn't show hand 
*** SUMMARY ***
Total pot $1 | Rake $0 
Seat 5: billystreet14
Seat 1: Supermegopro (small blind) folded before Flop
Seat 2: Consig|iori (big blind) collected ($1)
Seat 3: Rysiff folded before Flop (didn't bet)
Seat 4: Manifestorr folded before Flop (didn't bet)
Seat 6: BeauParleur (button) folded before Flop (didn't bet)



PokerStars Hand #254256197914:  Hold'em No Limit ($0.50/$1.00 USD) - 2025/01/07 2:24:11 WET [2025/01/07 21:24:11 ET]
Table 'Philosophia II' 6-max Seat #1 is the button
Seat 5: billystreet14 ($0 in chips) is sitting out
Seat 1: Supermegopro ($150.60 in chips) 
Seat 2: Consig|iori ($137.97 in chips) 
Seat 3: Rysiff ($217.42 in chips) 
Seat 4: Manifestorr ($300.62 in chips) 
Seat 6: BeauParleur ($100 in chips) 
Consig|iori: posts small blind $0.50
Rysiff: posts big blind $1
*** HOLE CARDS ***
Manifestorr: folds 
BeauParleur: raises $1.25 to $2.25
Supermegopro: raises $5.25 to $7.50
Consig|iori: folds 
Rysiff: folds 
BeauParleur: folds 
Uncalled bet ($5.25) returned to Supermegopro
Supermegopro collected $6 from pot
Supermegopro: doesn't show hand 
*** SUMMARY ***
Total pot $6 | Rake $0 
Seat 5: billystreet14
Seat 1: Supermegopro (button) collected ($6)
Seat 2: Consig|iori (small blind) folded before Flop
Seat 3: Rysiff (big blind) folded before Flop
Seat 4: Manifestorr folded before Flop (didn't bet)
Seat 6: BeauParleur folded before Flop



PokerStars Hand #254256200916:  Hold'em No Limit ($0.50/$1.00 USD) - 2025/01/07 2:24:30 WET [2025/01/07 21:24:30 ET]
Table 'Philosophia II' 6-max Seat #2 is the button
Seat 5: billystreet14 ($0 in chips) is sitting out
Seat 1: Supermegopro ($154.35 in chips) 
Seat 2: Consig|iori ($137.47 in chips) 
Seat 3: Rysiff ($216.42 in chips) 
Seat 4: Manifestorr ($300.62 in chips) 
Seat 6: BeauParleur ($100 in chips) 
Rysiff: posts small blind $0.50
Manifestorr: posts big blind $1
*** HOLE CARDS ***
BeauParleur: folds 
Supermegopro: folds 
Consig|iori: raises $1.40 to $2.40
Rysiff: folds 
Manifestorr: folds 
Uncalled bet ($1.40) returned to Consig|iori
Consig|iori collected $2.50 from pot
Consig|iori: doesn't show hand 
*** SUMMARY ***
Total pot $2.50 | Rake $0 
Seat 5: billystreet14
Seat 1: Supermegopro folded before Flop (didn't bet)
Seat 2: Consig|iori (button) collected ($2.50)
Seat 3: Rysiff (small blind) folded before Flop
Seat 4: Manifestorr (big blind) folded before Flop
Seat 6: BeauParleur folded before Flop (didn't bet)



PokerStars Hand #254256203203:  Hold'em No Limit ($0.50/$1.00 USD) - 2025/01/07 2:24:44 WET [2025/01/07 21:24:44 ET]
Table 'Philosophia II' 6-max Seat #3 is the button
Seat 5: billystreet14 ($0 in chips) is sitting out
Seat 1: Supermegopro ($154.35 in chips) 
Seat 2: Consig|iori ($138.97 in chips) 
Seat 3: Rysiff ($215.92 in chips) 
Seat 4: Manifestorr ($299.62 in chips) 
Seat 6: BeauParleur ($100 in chips) 
Manifestorr: posts small blind $0.50
BeauParleur: posts big blind $1
*** HOLE CARDS ***
Supermegopro: folds 
Consig|iori: folds 
Rysiff: folds 
Manifestorr: raises $2 to $3
BeauParleur: calls $2
*** FLOP *** [Ks 3s Th]
Manifestorr: checks 
BeauParleur: checks 
*** TURN *** [Ks 3s Th] [8d]
Manifestorr: checks 
BeauParleur: bets $4.28
Manifestorr: calls $4.28
*** RIVER *** [Ks 3s Th 8d] [6h]
Manifestorr: checks 
BeauParleur: checks 
*** SHOW DOWN ***
Manifestorr: shows [Td 9c] (a pair of Tens)
BeauParleur: mucks hand 
Manifestorr collected $13.83 from pot
*** SUMMARY ***
Total pot $14.56 | Rake $0.73 
Board [Ks 3s Th 8d 6h]
Seat 5: billystreet14
Seat 1: Supermegopro folded before Flop (didn't bet)
Seat 2: Consig|iori folded before Flop (didn't bet)
Seat 3: Rysiff (button) folded before Flop (didn't bet)
Seat 4: Manifestorr (small blind) showed [Td 9c] and won ($13.83) with a pair of Tens
Seat 6: BeauParleur (big blind) mucked



PokerStars Hand #254256214000:  Hold'em No Limit ($0.50/$1.00 USD) - 2025/01/07 2:25:52 WET [2025/01/07 21:25:52 ET]
Table 'Philosophia II' 6-max Seat #4 is the button
Seat 5: billystreet14 ($0 in chips) is sitting out
Seat 1: Supermegopro ($154.35 in chips) 
Seat 2: Consig|iori ($138.97 in chips) 
Seat 3: Rysiff ($215.92 in chips) 
Seat 4: Manifestorr ($306.17 in chips) 
Seat 6: BeauParleur ($100 in chips) 
BeauParleur: posts small blind $0.50
Supermegopro: posts big blind $1
*** HOLE CARDS ***
Consig|iori: folds 
Rysiff: folds 
Manifestorr: raises $1.20 to $2.20
BeauParleur: folds 
Supermegopro: folds 
Uncalled bet ($1.20) returned to Manifestorr
Manifestorr collected $2.50 from pot
*** SUMMARY ***
Total pot $2.50 | Rake $0 
Seat 5: billystreet14
Seat 1: Supermegopro (big blind) folded before Flop
Seat 2: Consig|iori folded before Flop (didn't bet)
Seat 3: Rysiff folded before Flop (didn't bet)
Seat 4: Manifestorr (button) collected ($2.50)
Seat 6: BeauParleur (small blind) folded before Flop



PokerStars Hand #254256216146:  Hold'em No Limit ($0.50/$1.00 USD) - 2025/01/07 2:26:06 WET [2025/01/07 21:26:06 ET]
Table 'Philosophia II' 6-max Seat #6 is the button
Seat 5: billystreet14 ($0 in chips) is sitting out
Seat 1: Supermegopro ($153.35 in chips) 
Seat 2: Consig|iori ($138.97 in chips) 
Seat 3: Rysiff ($215.92 in chips) 
Seat 4: Manifestorr ($307.67 in chips) 
Seat 6: BeauParleur ($100 in chips) 
Supermegopro: posts small blind $0.50
Consig|iori: posts big blind $1
*** HOLE CARDS ***
Rysiff: folds 
Manifestorr: raises $1.20 to $2.20
BeauParleur: folds 
Supermegopro: folds 
Consig|iori: folds 
Uncalled bet ($1.20) returned to Manifestorr
Manifestorr collected $2.50 from pot
*** SUMMARY ***
Total pot $2.50 | Rake $0 
Seat 5: billystreet14
Seat 1: Supermegopro (small blind) folded before Flop
Seat 2: Consig|iori (big blind) folded before Flop
Seat 3: Rysiff folded before Flop (didn't bet)
Seat 4: Manifestorr collected ($2.50)
Seat 6: BeauParleur (button) folded before Flop (didn't bet)



PokerStars Hand #254256219188:  Hold'em No Limit ($0.50/$1.00 USD) - 2025/01/07 2:26:25 WET [2025/01/07 21:26:25 ET]
Table 'Philosophia II' 6-max Seat #1 is the button
Seat 5: billystreet14 ($0 in chips) is sitting out
Seat 1: Supermegopro ($152.85 in chips) 
Seat 2: Consig|iori ($137.97 in chips) 
Seat 3: Rysiff ($215.92 in chips) 
Seat 4: Manifestorr ($309.17 in chips) 
Seat 6: BeauParleur ($100 in chips) 
Consig|iori: posts small blind $0.50
Rysiff: posts big blind $1
*** HOLE CARDS ***
Manifestorr: folds 
BeauParleur: folds 
Supermegopro: folds 
Consig|iori: folds 
Uncalled bet ($0.50) returned to Rysiff
Rysiff collected $1 from pot
Rysiff: doesn't show hand 
*** SUMMARY ***
Total pot $1 | Rake $0 
Seat 5: billystreet14
Seat 1: Supermegopro (button) folded before Flop (didn't bet)
Seat 2: Consig|iori (small blind) folded before Flop
Seat 3: Rysiff (big blind) collected ($1)
Seat 4: Manifestorr folded before Flop (didn't bet)
Seat 6: BeauParleur folded before Flop (didn't bet)



PokerStars Hand #254256221737:  Hold'em No Limit ($0.50/$1.00 USD) - 2025/01/07 2:26:41 WET [2025/01/07 21:26:41 ET]
Table 'Philosophia II' 6-max Seat #2 is the button
Seat 4: Manifestorr ($309.17 in chips) is sitting out
Seat 5: billystreet14 ($0 in chips) is sitting out
Seat 1: Supermegopro ($152.85 in chips) 
Seat 2: Consig|iori ($137.47 in chips) 
Seat 3: Rysiff ($216.42 in chips) 
Seat 6: BeauParleur ($100 in chips) 
Rysiff: posts small blind $0.50
Manifestorr: is sitting out 
BeauParleur: posts big blind $1
*** HOLE CARDS ***
Supermegopro: folds 
Manifestorr leaves the table
Consig|iori: raises $1.40 to $2.40
Rysiff: folds 
BeauParleur: folds 
Uncalled bet ($1.40) returned to Consig|iori
Consig|iori collected $2.50 from pot
Consig|iori: doesn't show hand 
*** SUMMARY ***
Total pot $2.50 | Rake $0 
Seat 4: Manifestorr
Seat 5: billystreet14
Seat 1: Supermegopro folded before Flop (didn't bet)
Seat 2: Consig|iori (button) collected ($2.50)
Seat 3: Rysiff (small blind) folded before Flop
Seat 6: BeauParleur (big blind) folded before Flop



PokerStars Hand #254256224943:  Hold'em No Limit ($0.50/$1.00 USD) - 2025/01/07 2:27:01 WET [2025/01/07 21:27:01 ET]
Table 'Philosophia II' 6-max Seat #3 is the button
Seat 5: billystreet14 ($0 in chips) is sitting out
Seat 1: Supermegopro ($152.85 in chips) 
Seat 2: Consig|iori ($138.97 in chips) 
Seat 3: Rysiff ($215.92 in chips) 
Seat 6: BeauParleur ($100 in chips) 
BeauParleur: posts small blind $0.50
Supermegopro: posts big blind $1
*** HOLE CARDS ***
Consig|iori: raises $1.40 to $2.40
Rysiff: folds 
ALLnBOCAS joins the table at seat #4 
BeauParleur: raises $9.60 to $12
Supermegopro: folds 
Consig|iori: calls $9.60
*** FLOP *** [4h 9h Qh]
BeauParleur: bets $7.92
Consig|iori: folds 
Uncalled bet ($7.92) returned to BeauParleur
BeauParleur collected $24 from pot
BeauParleur: doesn't show hand 
*** SUMMARY ***
Total pot $25 | Rake $1 
Board [4h 9h Qh]
Seat 5: billystreet14
Seat 1: Supermegopro (big blind) folded before Flop
Seat 2: Consig|iori folded on the Flop
Seat 3: Rysiff (button) folded before Flop (didn't bet)
Seat 6: BeauParleur (small blind) collected ($24)



PokerStars Hand #254256235175:  Hold'em No Limit ($0.50/$1.00 USD) - 2025/01/07 2:28:06 WET [2025/01/07 21:28:06 ET]
Table 'Philosophia II' 6-max Seat #6 is the button
Seat 4: ALLnBOCAS ($56 in chips) is sitting out
Seat 5: billystreet14 ($0 in chips) is sitting out
Seat 1: Supermegopro ($151.85 in chips) 
Seat 2: Consig|iori ($126.97 in chips) 
Seat 3: Rysiff ($215.92 in chips) 
Seat 6: BeauParleur ($112 in chips) 
Supermegopro: posts small blind $0.50
Consig|iori: posts big blind $1
ALLnBOCAS: sits out 
*** HOLE CARDS ***
Rysiff: folds 
BeauParleur: folds 
Supermegopro: folds 
Uncalled bet ($0.50) returned to Consig|iori
Consig|iori collected $1 from pot
Consig|iori: doesn't show hand 
*** SUMMARY ***
Total pot $1 | Rake $0 
Seat 4: ALLnBOCAS
Seat 5: billystreet14
Seat 1: Supermegopro (small blind) folded before Flop
Seat 2: Consig|iori (big blind) collected ($1)
Seat 3: Rysiff folded before Flop (didn't bet)
Seat 6: BeauParleur (button) folded before Flop (didn't bet)



PokerStars Hand #254256238019:  Hold'em No Limit ($0.50/$1.00 USD) - 2025/01/07 2:28:25 WET [2025/01/07 21:28:25 ET]
Table 'Philosophia II' 6-max Seat #1 is the button
Seat 4: ALLnBOCAS ($56 in chips) is sitting out
Seat 5: billystreet14 ($0 in chips) is sitting out
Seat 1: Supermegopro ($151.35 in chips) 
Seat 2: Consig|iori ($127.47 in chips) 
Seat 3: Rysiff ($215.92 in chips) 
Seat 6: BeauParleur ($112 in chips) 
Consig|iori: posts small blind $0.50
Rysiff: posts big blind $1
ALLnBOCAS: sits out 
*** HOLE CARDS ***
BeauParleur: folds 
Supermegopro: folds 
Consig|iori: folds 
Uncalled bet ($0.50) returned to Rysiff
Rysiff collected $1 from pot
Rysiff: doesn't show hand 
*** SUMMARY ***
Total pot $1 | Rake $0 
Seat 4: ALLnBOCAS
Seat 5: billystreet14
Seat 1: Supermegopro (button) folded before Flop (didn't bet)
Seat 2: Consig|iori (small blind) folded before Flop
Seat 3: Rysiff (big blind) collected ($1)
Seat 6: BeauParleur folded before Flop (didn't bet)



PokerStars Hand #254256239490:  Hold'em No Limit ($0.50/$1.00 USD) - 2025/01/07 2:28:35 WET [2025/01/07 21:28:35 ET]
Table 'Philosophia II' 6-max Seat #2 is the button
Seat 5: billystreet14 ($0 in chips) is sitting out
Seat 1: Supermegopro ($151.35 in chips) 
Seat 2: Consig|iori ($126.97 in chips) 
Seat 3: Rysiff ($216.42 in chips) 
Seat 4: ALLnBOCAS ($56 in chips) 
Seat 6: BeauParleur ($112 in chips) 
Rysiff: posts small blind $0.50
ALLnBOCAS: posts big blind $1
*** HOLE CARDS ***
BeauParleur: folds 
Supermegopro: folds 
Consig|iori: folds 
Rysiff: folds 
Uncalled bet ($0.50) returned to ALLnBOCAS
ALLnBOCAS collected $1 from pot
*** SUMMARY ***
Total pot $1 | Rake $0 
Seat 5: billystreet14
Seat 1: Supermegopro folded before Flop (didn't bet)
Seat 2: Consig|iori (button) folded before Flop (didn't bet)
Seat 3: Rysiff (small blind) folded before Flop
Seat 4: ALLnBOCAS (big blind) collected ($1)
Seat 6: BeauParleur folded before Flop (didn't bet)



PokerStars Hand #254256241395:  Hold'em No Limit ($0.50/$1.00 USD) - 2025/01/07 2:28:47 WET [2025/01/07 21:28:47 ET]
Table 'Philosophia II' 6-max Seat #3 is the button
Seat 5: billystreet14 ($0 in chips) is sitting out
Seat 1: Supermegopro ($151.35 in chips) 
Seat 2: Consig|iori ($126.97 in chips) 
Seat 3: Rysiff ($215.92 in chips) 
Seat 4: ALLnBOCAS ($56.50 in chips) 
Seat 6: BeauParleur ($112 in chips) 
ALLnBOCAS: posts small blind $0.50
BeauParleur: posts big blind $1
*** HOLE CARDS ***
Supermegopro: folds 
Consig|iori: folds 
Rysiff: raises $1.50 to $2.50
ALLnBOCAS: calls $2
BeauParleur: folds 
*** FLOP *** [7h 5h Qc]
ALLnBOCAS: checks 
Rysiff: bets $2.85
ALLnBOCAS: folds 
Uncalled bet ($2.85) returned to Rysiff
Rysiff collected $5.70 from pot
billystreet14 leaves the table
Rysiff: doesn't show hand 
*** SUMMARY ***
Total pot $6 | Rake $0.30 
Board [7h 5h Qc]
Seat 5: billystreet14
Seat 1: Supermegopro folded before Flop (didn't bet)
Seat 2: Consig|iori folded before Flop (didn't bet)
Seat 3: Rysiff (button) collected ($5.70)
Seat 4: ALLnBOCAS (small blind) folded on the Flop
Seat 6: BeauParleur (big blind) folded before Flop



PokerStars Hand #254256249419:  Hold'em No Limit ($0.50/$1.00 USD) - 2025/01/07 2:29:39 WET [2025/01/07 21:29:39 ET]
Table 'Philosophia II' 6-max Seat #4 is the button
Seat 2: Consig|iori ($126.97 in chips) is sitting out
Seat 1: Supermegopro ($151.35 in chips) 
Seat 3: Rysiff ($219.12 in chips) 
Seat 4: ALLnBOCAS ($54 in chips) 
Seat 6: BeauParleur ($111 in chips) 
BeauParleur: posts small blind $0.50
Supermegopro: posts big blind $1
*** HOLE CARDS ***
Rysiff: folds 
ru_ruu_ru joins the table at seat #5 
ALLnBOCAS: folds 
BeauParleur: folds 
Uncalled bet ($0.50) returned to Supermegopro
Supermegopro collected $1 from pot
Supermegopro: doesn't show hand 
*** SUMMARY ***
Total pot $1 | Rake $0 
Seat 2: Consig|iori
Seat 1: Supermegopro (big blind) collected ($1)
Seat 3: Rysiff folded before Flop (didn't bet)
Seat 4: ALLnBOCAS (button) folded before Flop (didn't bet)
Seat 6: BeauParleur (small blind) folded before Flop



PokerStars Hand #254256251372:  Hold'em No Limit ($0.50/$1.00 USD) - 2025/01/07 2:29:51 WET [2025/01/07 21:29:51 ET]
Table 'Philosophia II' 6-max Seat #6 is the button
Seat 2: Consig|iori ($126.97 in chips) is sitting out
Seat 5: ru_ruu_ru ($100 in chips) is sitting out
Seat 1: Supermegopro ($151.85 in chips) 
Seat 3: Rysiff ($219.12 in chips) 
Seat 4: ALLnBOCAS ($54 in chips) 
Seat 6: BeauParleur ($110.50 in chips) 
Supermegopro: posts small blind $0.50
Rysiff: posts big blind $1
ru_ruu_ru: sits out 
*** HOLE CARDS ***
ALLnBOCAS: calls $1
BeauParleur: folds 
Supermegopro: folds 
Rysiff: checks 
*** FLOP *** [Td 9d Qs]
Rysiff: checks 
ALLnBOCAS: bets $1
Rysiff: calls $1
*** TURN *** [Td 9d Qs] [Th]
Rysiff: checks 
ALLnBOCAS: checks 
*** RIVER *** [Td 9d Qs Th] [9s]
Rysiff: bets $6
ALLnBOCAS: calls $6
*** SHOW DOWN ***
Rysiff: shows [Ts 7c] (a full house, Tens full of Nines)
ALLnBOCAS: mucks hand 
Rysiff collected $15.68 from pot
*** SUMMARY ***
Total pot $16.50 | Rake $0.82 
Board [Td 9d Qs Th 9s]
Seat 2: Consig|iori
Seat 5: ru_ruu_ru
Seat 1: Supermegopro (small blind) folded before Flop
Seat 3: Rysiff (big blind) showed [Ts 7c] and won ($15.68) with a full house, Tens full of Nines
Seat 4: ALLnBOCAS mucked
Seat 6: BeauParleur (button) folded before Flop (didn't bet)



PokerStars Hand #254256259206:  Hold'em No Limit ($0.50/$1.00 USD) - 2025/01/07 2:30:43 WET [2025/01/07 21:30:43 ET]
Table 'Philosophia II' 6-max Seat #1 is the button
Seat 2: Consig|iori ($126.97 in chips) is sitting out
Seat 5: ru_ruu_ru ($100 in chips) is sitting out
Seat 1: Supermegopro ($151.35 in chips) 
Seat 3: Rysiff ($226.80 in chips) 
Seat 4: ALLnBOCAS ($46 in chips) 
Seat 6: BeauParleur ($110.50 in chips) 
Rysiff: posts small blind $0.50
ALLnBOCAS: posts big blind $1
ru_ruu_ru: sits out 
*** HOLE CARDS ***
BeauParleur: folds 
Supermegopro: raises $1.50 to $2.50
Rysiff: folds 
ALLnBOCAS: calls $1.50
*** FLOP *** [Kh Qh Ks]
ALLnBOCAS: checks 
Supermegopro: bets $3.48
ALLnBOCAS: folds 
Uncalled bet ($3.48) returned to Supermegopro
Supermegopro collected $5.22 from pot
Supermegopro: doesn't show hand 
*** SUMMARY ***
Total pot $5.50 | Rake $0.28 
Board [Kh Qh Ks]
Seat 2: Consig|iori
Seat 5: ru_ruu_ru
Seat 1: Supermegopro (button) collected ($5.22)
Seat 3: Rysiff (small blind) folded before Flop
Seat 4: ALLnBOCAS (big blind) folded on the Flop
Seat 6: BeauParleur folded before Flop (didn't bet)



PokerStars Hand #254256263439:  Hold'em No Limit ($0.50/$1.00 USD) - 2025/01/07 2:31:10 WET [2025/01/07 21:31:10 ET]
Table 'Philosophia II' 6-max Seat #3 is the button
Seat 2: Consig|iori ($126.97 in chips) is sitting out
Seat 1: Supermegopro ($154.07 in chips) 
Seat 3: Rysiff ($226.30 in chips) 
Seat 4: ALLnBOCAS ($43.50 in chips) 
Seat 5: ru_ruu_ru ($100 in chips) 
Seat 6: BeauParleur ($110.50 in chips) 
ALLnBOCAS: posts small blind $0.50
ru_ruu_ru: posts big blind $1
Consig|iori: sits out 
*** HOLE CARDS ***
BeauParleur: folds 
Supermegopro: folds 
Rysiff: raises $1.50 to $2.50
ALLnBOCAS: calls $2
ru_ruu_ru: folds 
*** FLOP *** [9c 9h 2h]
ALLnBOCAS: checks 
Rysiff: bets $1.88
ALLnBOCAS: calls $1.88
*** TURN *** [9c 9h 2h] [Qc]
ALLnBOCAS: bets $1
Rysiff: raises $5.64 to $6.64
ALLnBOCAS: folds 
Uncalled bet ($5.64) returned to Rysiff
Rysiff collected $11.17 from pot
Rysiff: doesn't show hand 
*** SUMMARY ***
Total pot $11.76 | Rake $0.59 
Board [9c 9h 2h Qc]
Seat 2: Consig|iori
Seat 1: Supermegopro folded before Flop (didn't bet)
Seat 3: Rysiff (button) collected ($11.17)
Seat 4: ALLnBOCAS (small blind) folded on the Turn
Seat 5: ru_ruu_ru (big blind) folded before Flop
Seat 6: BeauParleur folded before Flop (didn't bet)



PokerStars Hand #254256270828:  Hold'em No Limit ($0.50/$1.00 USD) - 2025/01/07 2:31:58 WET [2025/01/07 21:31:58 ET]
Table 'Philosophia II' 6-max Seat #4 is the button
Seat 2: Consig|iori ($126.97 in chips) is sitting out
Seat 1: Supermegopro ($154.07 in chips) 
Seat 3: Rysiff ($232.09 in chips) 
Seat 4: ALLnBOCAS ($38.12 in chips) 
Seat 5: ru_ruu_ru ($100 in chips) 
Seat 6: BeauParleur ($110.50 in chips) 
ru_ruu_ru: posts small blind $0.50
BeauParleur: posts big blind $1
Consig|iori: sits out 
*** HOLE CARDS ***
Supermegopro: folds 
Rysiff: raises $1.50 to $2.50
ALLnBOCAS: folds 
ru_ruu_ru: folds 
BeauParleur: folds 
Uncalled bet ($1.50) returned to Rysiff
Rysiff collected $2.50 from pot
Rysiff: doesn't show hand 
*** SUMMARY ***
Total pot $2.50 | Rake $0 
Seat 2: Consig|iori
Seat 1: Supermegopro folded before Flop (didn't bet)
Seat 3: Rysiff collected ($2.50)
Seat 4: ALLnBOCAS (button) folded before Flop (didn't bet)
Seat 5: ru_ruu_ru (small blind) folded before Flop
Seat 6: BeauParleur (big blind) folded before Flop



PokerStars Hand #254256273510:  Hold'em No Limit ($0.50/$1.00 USD) - 2025/01/07 2:32:16 WET [2025/01/07 21:32:16 ET]
Table 'Philosophia II' 6-max Seat #5 is the button
Seat 2: Consig|iori ($126.97 in chips) is sitting out
Seat 1: Supermegopro ($154.07 in chips) 
Seat 3: Rysiff ($233.59 in chips) 
Seat 4: ALLnBOCAS ($38.12 in chips) 
Seat 5: ru_ruu_ru ($100 in chips) 
Seat 6: BeauParleur ($109.50 in chips) 
BeauParleur: posts small blind $0.50
Supermegopro: posts big blind $1
Consig|iori: sits out 
*** HOLE CARDS ***
Rysiff: folds 
ALLnBOCAS: calls $1
ru_ruu_ru: folds 
BeauParleur: folds 
Supermegopro: checks 
*** FLOP *** [Ts 2h Qh]
Supermegopro: checks 
ALLnBOCAS: checks 
*** TURN *** [Ts 2h Qh] [Ks]
Supermegopro: checks 
ALLnBOCAS: bets $2.38
Supermegopro: folds 
Uncalled bet ($2.38) returned to ALLnBOCAS
ALLnBOCAS collected $2.38 from pot
*** SUMMARY ***
Total pot $2.50 | Rake $0.12 
Board [Ts 2h Qh Ks]
Seat 2: Consig|iori
Seat 1: Supermegopro (big blind) folded on the Turn
Seat 3: Rysiff folded before Flop (didn't bet)
Seat 4: ALLnBOCAS collected ($2.38)
Seat 5: ru_ruu_ru (button) folded before Flop (didn't bet)
Seat 6: BeauParleur (small blind) folded before Flop



PokerStars Hand #254256278678:  Hold'em No Limit ($0.50/$1.00 USD) - 2025/01/07 2:32:49 WET [2025/01/07 21:32:49 ET]
Table 'Philosophia II' 6-max Seat #6 is the button
Seat 1: Supermegopro ($153.07 in chips) 
Seat 2: Consig|iori ($126.97 in chips) 
Seat 3: Rysiff ($233.59 in chips) 
Seat 4: ALLnBOCAS ($39.50 in chips) 
Seat 5: ru_ruu_ru ($100 in chips) 
Seat 6: BeauParleur ($109 in chips) 
Supermegopro: posts small blind $0.50
Consig|iori: posts big blind $1
*** HOLE CARDS ***
Rysiff: folds 
ALLnBOCAS: calls $1
ru_ruu_ru: raises $3 to $4
BeauParleur: folds 
Supermegopro: calls $3.50
Consig|iori: folds 
ALLnBOCAS: calls $3
*** FLOP *** [4h Ad Kh]
Supermegopro: checks 
ALLnBOCAS: checks 
ru_ruu_ru: bets $4.08
Supermegopro: calls $4.08
ALLnBOCAS: folds 
*** TURN *** [4h Ad Kh] [Th]
Supermegopro: checks 
ru_ruu_ru: bets $15.07
Supermegopro: folds 
Uncalled bet ($15.07) returned to ru_ruu_ru
ru_ruu_ru collected $20.10 from pot
ru_ruu_ru: doesn't show hand 
*** SUMMARY ***
Total pot $21.16 | Rake $1.06 
Board [4h Ad Kh Th]
Seat 1: Supermegopro (small blind) folded on the Turn
Seat 2: Consig|iori (big blind) folded before Flop
Seat 3: Rysiff folded before Flop (didn't bet)
Seat 4: ALLnBOCAS folded on the Flop
Seat 5: ru_ruu_ru collected ($20.10)
Seat 6: BeauParleur (button) folded before Flop (didn't bet)



PokerStars Hand #254256287401:  Hold'em No Limit ($0.50/$1.00 USD) - 2025/01/07 2:33:47 WET [2025/01/07 21:33:47 ET]
Table 'Philosophia II' 6-max Seat #1 is the button
Seat 1: Supermegopro ($144.99 in chips) 
Seat 2: Consig|iori ($125.97 in chips) 
Seat 3: Rysiff ($233.59 in chips) 
Seat 4: ALLnBOCAS ($35.50 in chips) 
Seat 5: ru_ruu_ru ($112.02 in chips) 
Seat 6: BeauParleur ($109 in chips) 
Consig|iori: posts small blind $0.50
Rysiff: posts big blind $1
*** HOLE CARDS ***
ALLnBOCAS: folds 
ru_ruu_ru: raises $1.20 to $2.20
BeauParleur: folds 
Supermegopro: folds 
Consig|iori: folds 
Rysiff: calls $1.20
*** FLOP *** [3s Jc 3c]
Rysiff: checks 
ru_ruu_ru: checks 
*** TURN *** [3s Jc 3c] [7d]
Rysiff: bets $3.73
ru_ruu_ru: calls $3.73
*** RIVER *** [3s Jc 3c 7d] [3h]
Rysiff: checks 
ru_ruu_ru: checks 
*** SHOW DOWN ***
Rysiff: shows [9c Kc] (three of a kind, Threes)
ru_ruu_ru: shows [As Qc] (three of a kind, Threes - Ace kicker)
ru_ruu_ru collected $11.74 from pot
*** SUMMARY ***
Total pot $12.36 | Rake $0.62 
Board [3s Jc 3c 7d 3h]
Seat 1: Supermegopro (button) folded before Flop (didn't bet)
Seat 2: Consig|iori (small blind) folded before Flop
Seat 3: Rysiff (big blind) showed [9c Kc] and lost with three of a kind, Threes
Seat 4: ALLnBOCAS folded before Flop (didn't bet)
Seat 5: ru_ruu_ru showed [As Qc] and won ($11.74) with three of a kind, Threes
Seat 6: BeauParleur folded before Flop (didn't bet)



PokerStars Hand #254256298187:  Hold'em No Limit ($0.50/$1.00 USD) - 2025/01/07 2:34:59 WET [2025/01/07 21:34:59 ET]
Table 'Philosophia II' 6-max Seat #2 is the button
Seat 1: Supermegopro ($144.99 in chips) 
Seat 2: Consig|iori ($125.47 in chips) 
Seat 3: Rysiff ($227.66 in chips) 
Seat 4: ALLnBOCAS ($35.50 in chips) 
Seat 5: ru_ruu_ru ($117.83 in chips) 
Seat 6: BeauParleur ($109 in chips) 
Rysiff: posts small blind $0.50
ALLnBOCAS: posts big blind $1
*** HOLE CARDS ***
ru_ruu_ru: folds 
BeauParleur: folds 
Supermegopro: folds 
Consig|iori: folds 
Rysiff: raises $2 to $3
ALLnBOCAS: calls $2
*** FLOP *** [8s 7h 8c]
Rysiff: checks 
ALLnBOCAS: checks 
*** TURN *** [8s 7h 8c] [7s]
Rysiff: checks 
ALLnBOCAS: checks 
*** RIVER *** [8s 7h 8c 7s] [2s]
Rysiff: checks 
ALLnBOCAS: checks 
*** SHOW DOWN ***
Rysiff: shows [Tc Ks] (two pair, Eights and Sevens)
ALLnBOCAS: mucks hand 
Rysiff collected $5.70 from pot
*** SUMMARY ***
Total pot $6 | Rake $0.30 
Board [8s 7h 8c 7s 2s]
Seat 1: Supermegopro folded before Flop (didn't bet)
Seat 2: Consig|iori (button) folded before Flop (didn't bet)
Seat 3: Rysiff (small blind) showed [Tc Ks] and won ($5.70) with two pair, Eights and Sevens
Seat 4: ALLnBOCAS (big blind) mucked
Seat 5: ru_ruu_ru folded before Flop (didn't bet)
Seat 6: BeauParleur folded before Flop (didn't bet)



PokerStars Hand #254256305584:  Hold'em No Limit ($0.50/$1.00 USD) - 2025/01/07 2:35:46 WET [2025/01/07 21:35:46 ET]
Table 'Philosophia II' 6-max Seat #3 is the button
Seat 1: Supermegopro ($144.99 in chips) 
Seat 2: Consig|iori ($125.47 in chips) 
Seat 3: Rysiff ($230.36 in chips) 
Seat 4: ALLnBOCAS ($32.50 in chips) 
Seat 5: ru_ruu_ru ($117.83 in chips) 
Seat 6: BeauParleur ($109 in chips) 
ALLnBOCAS: posts small blind $0.50
ru_ruu_ru: posts big blind $1
*** HOLE CARDS ***
BeauParleur: folds 
Supermegopro: folds 
Consig|iori: folds 
Rysiff: folds 
ALLnBOCAS: calls $0.50
ru_ruu_ru: checks 
*** FLOP *** [2c 2d Qd]
ALLnBOCAS: checks 
ru_ruu_ru: bets $1
ALLnBOCAS: folds 
Uncalled bet ($1) returned to ru_ruu_ru
ru_ruu_ru collected $1.90 from pot
ru_ruu_ru: doesn't show hand 
*** SUMMARY ***
Total pot $2 | Rake $0.10 
Board [2c 2d Qd]
Seat 1: Supermegopro folded before Flop (didn't bet)
Seat 2: Consig|iori folded before Flop (didn't bet)
Seat 3: Rysiff (button) folded before Flop (didn't bet)
Seat 4: ALLnBOCAS (small blind) folded on the Flop
Seat 5: ru_ruu_ru (big blind) collected ($1.90)
Seat 6: BeauParleur folded before Flop (didn't bet)



PokerStars Hand #254256310174:  Hold'em No Limit ($0.50/$1.00 USD) - 2025/01/07 2:36:16 WET [2025/01/07 21:36:16 ET]
Table 'Philosophia II' 6-max Seat #4 is the button
Seat 1: Supermegopro ($144.99 in chips) 
Seat 2: Consig|iori ($125.47 in chips) 
Seat 3: Rysiff ($230.36 in chips) 
Seat 4: ALLnBOCAS ($31.50 in chips) 
Seat 5: ru_ruu_ru ($118.73 in chips) 
Seat 6: BeauParleur ($109 in chips) 
ru_ruu_ru: posts small blind $0.50
BeauParleur: posts big blind $1
*** HOLE CARDS ***
Supermegopro: folds 
Consig|iori: folds 
Rysiff: folds 
ALLnBOCAS: folds 
ru_ruu_ru: raises $2 to $3
BeauParleur: raises $7 to $10
ru_ruu_ru: raises $13 to $23
BeauParleur: folds 
Uncalled bet ($13) returned to ru_ruu_ru
ru_ruu_ru collected $20 from pot
ru_ruu_ru: doesn't show hand 
*** SUMMARY ***
Total pot $20 | Rake $0 
Seat 1: Supermegopro folded before Flop (didn't bet)
Seat 2: Consig|iori folded before Flop (didn't bet)
Seat 3: Rysiff folded before Flop (didn't bet)
Seat 4: ALLnBOCAS (button) folded before Flop (didn't bet)
Seat 5: ru_ruu_ru (small blind) collected ($20)
Seat 6: BeauParleur (big blind) folded before Flop



PokerStars Hand #254256316294:  Hold'em No Limit ($0.50/$1.00 USD) - 2025/01/07 2:36:55 WET [2025/01/07 21:36:55 ET]
Table 'Philosophia II' 6-max Seat #5 is the button
Seat 1: Supermegopro ($144.99 in chips) 
Seat 2: Consig|iori ($125.47 in chips) 
Seat 3: Rysiff ($230.36 in chips) 
Seat 4: ALLnBOCAS ($31.50 in chips) 
Seat 5: ru_ruu_ru ($128.73 in chips) 
Seat 6: BeauParleur ($100 in chips) 
BeauParleur: posts small blind $0.50
Supermegopro: posts big blind $1
*** HOLE CARDS ***
Consig|iori: folds 
Rysiff: folds 
ALLnBOCAS: calls $1
ru_ruu_ru: folds 
BeauParleur: folds 
Supermegopro: checks 
*** FLOP *** [3d 7s Kd]
Supermegopro: bets $1.59
ALLnBOCAS: calls $1.59
*** TURN *** [3d 7s Kd] [Ad]
Supermegopro: bets $1
ALLnBOCAS: calls $1
*** RIVER *** [3d 7s Kd Ad] [3s]
Supermegopro: bets $1
ALLnBOCAS: raises $1 to $2
Supermegopro: calls $1
*** SHOW DOWN ***
ALLnBOCAS: shows [2c 3c] (three of a kind, Threes)
Supermegopro: mucks hand 
ALLnBOCAS collected $11.10 from pot
*** SUMMARY ***
Total pot $11.68 | Rake $0.58 
Board [3d 7s Kd Ad 3s]
Seat 1: Supermegopro (big blind) mucked
Seat 2: Consig|iori folded before Flop (didn't bet)
Seat 3: Rysiff folded before Flop (didn't bet)
Seat 4: ALLnBOCAS showed [2c 3c] and won ($11.10) with three of a kind, Threes
Seat 5: ru_ruu_ru (button) folded before Flop (didn't bet)
Seat 6: BeauParleur (small blind) folded before Flop



PokerStars Hand #254256321504:  Hold'em No Limit ($0.50/$1.00 USD) - 2025/01/07 2:37:28 WET [2025/01/07 21:37:28 ET]
Table 'Philosophia II' 6-max Seat #6 is the button
Seat 1: Supermegopro ($139.40 in chips) 
Seat 2: Consig|iori ($125.47 in chips) 
Seat 3: Rysiff ($230.36 in chips) 
Seat 4: ALLnBOCAS ($37.01 in chips) 
Seat 5: ru_ruu_ru ($128.73 in chips) 
Seat 6: BeauParleur ($100 in chips) 
Supermegopro: posts small blind $0.50
Consig|iori: posts big blind $1
*** HOLE CARDS ***
Rysiff: folds 
ALLnBOCAS: folds 
ru_ruu_ru: folds 
BeauParleur: folds 
Supermegopro: folds 
Uncalled bet ($0.50) returned to Consig|iori
Consig|iori collected $1 from pot
Consig|iori: doesn't show hand 
*** SUMMARY ***
Total pot $1 | Rake $0 
Seat 1: Supermegopro (small blind) folded before Flop
Seat 2: Consig|iori (big blind) collected ($1)
Seat 3: Rysiff folded before Flop (didn't bet)
Seat 4: ALLnBOCAS folded before Flop (didn't bet)
Seat 5: ru_ruu_ru folded before Flop (didn't bet)
Seat 6: BeauParleur (button) folded before Flop (didn't bet)



PokerStars Hand #254256324257:  Hold'em No Limit ($0.50/$1.00 USD) - 2025/01/07 2:37:46 WET [2025/01/07 21:37:46 ET]
Table 'Philosophia II' 6-max Seat #1 is the button
Seat 1: Supermegopro ($138.90 in chips) 
Seat 2: Consig|iori ($125.97 in chips) 
Seat 3: Rysiff ($230.36 in chips) 
Seat 4: ALLnBOCAS ($37.01 in chips) 
Seat 5: ru_ruu_ru ($128.73 in chips) 
Seat 6: BeauParleur ($100 in chips) 
Consig|iori: posts small blind $0.50
Rysiff: posts big blind $1
*** HOLE CARDS ***
ALLnBOCAS: folds 
ru_ruu_ru: folds 
BeauParleur: raises $1.25 to $2.25
Supermegopro: folds 
Consig|iori: raises $9.25 to $11.50
Rysiff: folds 
BeauParleur: folds 
Uncalled bet ($9.25) returned to Consig|iori
Consig|iori collected $5.50 from pot
Consig|iori: doesn't show hand 
*** SUMMARY ***
Total pot $5.50 | Rake $0 
Seat 1: Supermegopro (button) folded before Flop (didn't bet)
Seat 2: Consig|iori (small blind) collected ($5.50)
Seat 3: Rysiff (big blind) folded before Flop
Seat 4: ALLnBOCAS folded before Flop (didn't bet)
Seat 5: ru_ruu_ru folded before Flop (didn't bet)
Seat 6: BeauParleur folded before Flop



PokerStars Hand #254256328482:  Hold'em No Limit ($0.50/$1.00 USD) - 2025/01/07 2:38:13 WET [2025/01/07 21:38:13 ET]
Table 'Philosophia II' 6-max Seat #2 is the button
Seat 1: Supermegopro ($138.90 in chips) 
Seat 2: Consig|iori ($129.22 in chips) 
Seat 3: Rysiff ($229.36 in chips) 
Seat 4: ALLnBOCAS ($37.01 in chips) 
Seat 5: ru_ruu_ru ($128.73 in chips) 
Seat 6: BeauParleur ($100 in chips) 
Rysiff: posts small blind $0.50
ALLnBOCAS: posts big blind $1
*** HOLE CARDS ***
ru_ruu_ru: folds 
BeauParleur: folds 
Supermegopro: raises $1.50 to $2.50
Consig|iori: folds 
Rysiff: folds 
ALLnBOCAS: calls $1.50
*** FLOP *** [8h 2s Tc]
ALLnBOCAS: checks 
Supermegopro: checks 
*** TURN *** [8h 2s Tc] [Ts]
ALLnBOCAS: checks 
Supermegopro: checks 
*** RIVER *** [8h 2s Tc Ts] [Jc]
ALLnBOCAS: bets $1
Supermegopro: folds 
Uncalled bet ($1) returned to ALLnBOCAS
ALLnBOCAS collected $5.22 from pot
*** SUMMARY ***
Total pot $5.50 | Rake $0.28 
Board [8h 2s Tc Ts Jc]
Seat 1: Supermegopro folded on the River
Seat 2: Consig|iori (button) folded before Flop (didn't bet)
Seat 3: Rysiff (small blind) folded before Flop
Seat 4: ALLnBOCAS (big blind) collected ($5.22)
Seat 5: ru_ruu_ru folded before Flop (didn't bet)
Seat 6: BeauParleur folded before Flop (didn't bet)



PokerStars Hand #254256334274:  Hold'em No Limit ($0.50/$1.00 USD) - 2025/01/07 2:38:50 WET [2025/01/07 21:38:50 ET]
Table 'Philosophia II' 6-max Seat #3 is the button
Seat 1: Supermegopro ($136.40 in chips) 
Seat 2: Consig|iori ($129.22 in chips) 
Seat 3: Rysiff ($228.86 in chips) 
Seat 4: ALLnBOCAS ($39.73 in chips) 
Seat 5: ru_ruu_ru ($128.73 in chips) 
Seat 6: BeauParleur ($100 in chips) 
ALLnBOCAS: posts small blind $0.50
ru_ruu_ru: posts big blind $1
*** HOLE CARDS ***
BeauParleur: raises $1 to $2
Supermegopro: folds 
Consig|iori: raises $4 to $6
Rysiff: folds 
ALLnBOCAS: calls $5.50
ru_ruu_ru: folds 
BeauParleur: calls $4
*** FLOP *** [As Th 8c]
ALLnBOCAS: checks 
BeauParleur: checks 
Consig|iori: checks 
*** TURN *** [As Th 8c] [3d]
ALLnBOCAS: checks 
BeauParleur: bets $13.54
Consig|iori: folds 
ALLnBOCAS: folds 
Uncalled bet ($13.54) returned to BeauParleur
BeauParleur collected $18.05 from pot
BeauParleur: doesn't show hand 
*** SUMMARY ***
Total pot $19 | Rake $0.95 
Board [As Th 8c 3d]
Seat 1: Supermegopro folded before Flop (didn't bet)
Seat 2: Consig|iori folded on the Turn
Seat 3: Rysiff (button) folded before Flop (didn't bet)
Seat 4: ALLnBOCAS (small blind) folded on the Turn
Seat 5: ru_ruu_ru (big blind) folded before Flop
Seat 6: BeauParleur collected ($18.05)



PokerStars Hand #254256344256:  Hold'em No Limit ($0.50/$1.00 USD) - 2025/01/07 2:39:54 WET [2025/01/07 21:39:54 ET]
Table 'Philosophia II' 6-max Seat #4 is the button
Seat 1: Supermegopro ($136.40 in chips) 
Seat 2: Consig|iori ($123.22 in chips) 
Seat 3: Rysiff ($228.86 in chips) 
Seat 4: ALLnBOCAS ($33.73 in chips) 
Seat 5: ru_ruu_ru ($127.73 in chips) 
Seat 6: BeauParleur ($112.05 in chips) 
ru_ruu_ru: posts small blind $0.50
BeauParleur: posts big blind $1
*** HOLE CARDS ***
Supermegopro: folds 
Consig|iori: folds 
Rysiff: folds 
ALLnBOCAS: folds 
ru_ruu_ru: raises $2 to $3
BeauParleur: calls $2
*** FLOP *** [6s 8s 7s]
ru_ruu_ru: checks 
BeauParleur: bets $2.85
ru_ruu_ru: folds 
Uncalled bet ($2.85) returned to BeauParleur
BeauParleur collected $5.70 from pot
BeauParleur: doesn't show hand 
*** SUMMARY ***
Total pot $6 | Rake $0.30 
Board [6s 8s 7s]
Seat 1: Supermegopro folded before Flop (didn't bet)
Seat 2: Consig|iori folded before Flop (didn't bet)
Seat 3: Rysiff folded before Flop (didn't bet)
Seat 4: ALLnBOCAS (button) folded before Flop (didn't bet)
Seat 5: ru_ruu_ru (small blind) folded on the Flop
Seat 6: BeauParleur (big blind) collected ($5.70)



PokerStars Hand #254256350061:  Hold'em No Limit ($0.50/$1.00 USD) - 2025/01/07 2:40:31 WET [2025/01/07 21:40:31 ET]
Table 'Philosophia II' 6-max Seat #5 is the button
Seat 1: Supermegopro ($136.40 in chips) 
Seat 2: Consig|iori ($123.22 in chips) 
Seat 3: Rysiff ($228.86 in chips) 
Seat 4: ALLnBOCAS ($33.73 in chips) 
Seat 5: ru_ruu_ru ($124.73 in chips) 
Seat 6: BeauParleur ($114.75 in chips) 
BeauParleur: posts small blind $0.50
Supermegopro: posts big blind $1
*** HOLE CARDS ***
Consig|iori: folds 
Rysiff: raises $1.50 to $2.50
ALLnBOCAS: folds 
ru_ruu_ru: folds 
BeauParleur: folds 
Supermegopro: folds 
Uncalled bet ($1.50) returned to Rysiff
Rysiff collected $2.50 from pot
Rysiff: doesn't show hand 
*** SUMMARY ***
Total pot $2.50 | Rake $0 
Seat 1: Supermegopro (big blind) folded before Flop
Seat 2: Consig|iori folded before Flop (didn't bet)
Seat 3: Rysiff collected ($2.50)
Seat 4: ALLnBOCAS folded before Flop (didn't bet)
Seat 5: ru_ruu_ru (button) folded before Flop (didn't bet)
Seat 6: BeauParleur (small blind) folded before Flop



PokerStars Hand #254256353139:  Hold'em No Limit ($0.50/$1.00 USD) - 2025/01/07 2:40:51 WET [2025/01/07 21:40:51 ET]
Table 'Philosophia II' 6-max Seat #6 is the button
Seat 1: Supermegopro ($135.40 in chips) 
Seat 2: Consig|iori ($123.22 in chips) 
Seat 3: Rysiff ($230.36 in chips) 
Seat 4: ALLnBOCAS ($33.73 in chips) 
Seat 5: ru_ruu_ru ($124.73 in chips) 
Seat 6: BeauParleur ($114.25 in chips) 
Supermegopro: posts small blind $0.50
Consig|iori: posts big blind $1
*** HOLE CARDS ***
Rysiff: folds 
ALLnBOCAS: folds 
ru_ruu_ru: raises $1.50 to $2.50
BeauParleur: folds 
Supermegopro: folds 
Consig|iori: folds 
Uncalled bet ($1.50) returned to ru_ruu_ru
ru_ruu_ru collected $2.50 from pot
ru_ruu_ru: doesn't show hand 
*** SUMMARY ***
Total pot $2.50 | Rake $0 
Seat 1: Supermegopro (small blind) folded before Flop
Seat 2: Consig|iori (big blind) folded before Flop
Seat 3: Rysiff folded before Flop (didn't bet)
Seat 4: ALLnBOCAS folded before Flop (didn't bet)
Seat 5: ru_ruu_ru collected ($2.50)
Seat 6: BeauParleur (button) folded before Flop (didn't bet)



PokerStars Hand #254256358259:  Hold'em No Limit ($0.50/$1.00 USD) - 2025/01/07 2:41:24 WET [2025/01/07 21:41:24 ET]
Table 'Philosophia II' 6-max Seat #1 is the button
Seat 1: Supermegopro ($134.90 in chips) 
Seat 2: Consig|iori ($122.22 in chips) 
Seat 3: Rysiff ($230.36 in chips) 
Seat 4: ALLnBOCAS ($33.73 in chips) 
Seat 5: ru_ruu_ru ($126.23 in chips) 
Seat 6: BeauParleur ($114.25 in chips) 
Consig|iori: posts small blind $0.50
Rysiff: posts big blind $1
*** HOLE CARDS ***
ALLnBOCAS: folds 
ru_ruu_ru: folds 
BeauParleur: raises $1.25 to $2.25
Supermegopro: folds 
Consig|iori: folds 
Rysiff: raises $8.75 to $11
BeauParleur: folds 
Uncalled bet ($8.75) returned to Rysiff
Rysiff collected $5 from pot
Rysiff: doesn't show hand 
*** SUMMARY ***
Total pot $5 | Rake $0 
Seat 1: Supermegopro (button) folded before Flop (didn't bet)
Seat 2: Consig|iori (small blind) folded before Flop
Seat 3: Rysiff (big blind) collected ($5)
Seat 4: ALLnBOCAS folded before Flop (didn't bet)
Seat 5: ru_ruu_ru folded before Flop (didn't bet)
Seat 6: BeauParleur folded before Flop



PokerStars Hand #254256363162:  Hold'em No Limit ($0.50/$1.00 USD) - 2025/01/07 2:41:56 WET [2025/01/07 21:41:56 ET]
Table 'Philosophia II' 6-max Seat #2 is the button
Seat 1: Supermegopro ($134.90 in chips) 
Seat 2: Consig|iori ($121.72 in chips) 
Seat 3: Rysiff ($233.11 in chips) 
Seat 4: ALLnBOCAS ($33.73 in chips) 
Seat 5: ru_ruu_ru ($126.23 in chips) 
Seat 6: BeauParleur ($112 in chips) 
Rysiff: posts small blind $0.50
ALLnBOCAS: posts big blind $1
*** HOLE CARDS ***
ru_ruu_ru: folds 
BeauParleur: folds 
Supermegopro: raises $1.50 to $2.50
Consig|iori: folds 
Rysiff: raises $8.50 to $11
ALLnBOCAS: folds 
Supermegopro: raises $14 to $25
Rysiff: calls $14
*** FLOP *** [9s Th 5s]
Rysiff: checks 
Supermegopro: checks 
*** TURN *** [9s Th 5s] [Kc]
Rysiff: checks 
Supermegopro: checks 
*** RIVER *** [9s Th 5s Kc] [Ks]
Rysiff: checks 
Supermegopro: checks 
*** SHOW DOWN ***
Rysiff: shows [Jc Ac] (a pair of Kings)
Supermegopro: shows [Kd Qs] (three of a kind, Kings)
Supermegopro collected $48.50 from pot
*** SUMMARY ***
Total pot $51 | Rake $2.50 
Board [9s Th 5s Kc Ks]
Seat 1: Supermegopro showed [Kd Qs] and won ($48.50) with three of a kind, Kings
Seat 2: Consig|iori (button) folded before Flop (didn't bet)
Seat 3: Rysiff (small blind) showed [Jc Ac] and lost with a pair of Kings
Seat 4: ALLnBOCAS (big blind) folded before Flop
Seat 5: ru_ruu_ru folded before Flop (didn't bet)
Seat 6: BeauParleur folded before Flop (didn't bet)



PokerStars Hand #254256375602:  Hold'em No Limit ($0.50/$1.00 USD) - 2025/01/07 2:43:17 WET [2025/01/07 21:43:17 ET]
Table 'Philosophia II' 6-max Seat #3 is the button
Seat 1: Supermegopro ($158.40 in chips) 
Seat 2: Consig|iori ($121.72 in chips) 
Seat 3: Rysiff ($208.11 in chips) 
Seat 4: ALLnBOCAS ($32.73 in chips) 
Seat 5: ru_ruu_ru ($126.23 in chips) 
Seat 6: BeauParleur ($112 in chips) 
ALLnBOCAS: posts small blind $0.50
ru_ruu_ru: posts big blind $1
*** HOLE CARDS ***
BeauParleur: folds 
Supermegopro: folds 
Consig|iori: folds 
Rysiff: raises $1.50 to $2.50
ALLnBOCAS: folds 
ru_ruu_ru: folds 
Uncalled bet ($1.50) returned to Rysiff
Rysiff collected $2.50 from pot
Rysiff: doesn't show hand 
*** SUMMARY ***
Total pot $2.50 | Rake $0 
Seat 1: Supermegopro folded before Flop (didn't bet)
Seat 2: Consig|iori folded before Flop (didn't bet)
Seat 3: Rysiff (button) collected ($2.50)
Seat 4: ALLnBOCAS (small blind) folded before Flop
Seat 5: ru_ruu_ru (big blind) folded before Flop
Seat 6: BeauParleur folded before Flop (didn't bet)



PokerStars Hand #254256378157:  Hold'em No Limit ($0.50/$1.00 USD) - 2025/01/07 2:43:34 WET [2025/01/07 21:43:34 ET]
Table 'Philosophia II' 6-max Seat #4 is the button
Seat 1: Supermegopro ($158.40 in chips) 
Seat 2: Consig|iori ($121.72 in chips) 
Seat 3: Rysiff ($209.61 in chips) 
Seat 4: ALLnBOCAS ($32.23 in chips) 
Seat 5: ru_ruu_ru ($125.23 in chips) 
Seat 6: BeauParleur ($112 in chips) 
ru_ruu_ru: posts small blind $0.50
BeauParleur: posts big blind $1
*** HOLE CARDS ***
Supermegopro: folds 
Consig|iori: folds 
Rysiff: raises $1.50 to $2.50
ALLnBOCAS: folds 
ru_ruu_ru: folds 
BeauParleur: folds 
Uncalled bet ($1.50) returned to Rysiff
Rysiff collected $2.50 from pot
Rysiff: doesn't show hand 
*** SUMMARY ***
Total pot $2.50 | Rake $0 
Seat 1: Supermegopro folded before Flop (didn't bet)
Seat 2: Consig|iori folded before Flop (didn't bet)
Seat 3: Rysiff collected ($2.50)
Seat 4: ALLnBOCAS (button) folded before Flop (didn't bet)
Seat 5: ru_ruu_ru (small blind) folded before Flop
Seat 6: BeauParleur (big blind) folded before Flop



PokerStars Hand #254256383147:  Hold'em No Limit ($0.50/$1.00 USD) - 2025/01/07 2:44:06 WET [2025/01/07 21:44:06 ET]
Table 'Philosophia II' 6-max Seat #5 is the button
Seat 1: Supermegopro ($158.40 in chips) 
Seat 2: Consig|iori ($121.72 in chips) 
Seat 3: Rysiff ($211.11 in chips) 
Seat 4: ALLnBOCAS ($32.23 in chips) 
Seat 5: ru_ruu_ru ($124.73 in chips) 
Seat 6: BeauParleur ($111 in chips) 
BeauParleur: posts small blind $0.50
Supermegopro: posts big blind $1
*** HOLE CARDS ***
Consig|iori: folds 
Rysiff: folds 
ALLnBOCAS: folds 
ru_ruu_ru: raises $1.50 to $2.50
BeauParleur: raises $9.50 to $12
Supermegopro: folds 
ru_ruu_ru: folds 
Uncalled bet ($9.50) returned to BeauParleur
BeauParleur collected $6 from pot
BeauParleur: doesn't show hand 
*** SUMMARY ***
Total pot $6 | Rake $0 
Seat 1: Supermegopro (big blind) folded before Flop
Seat 2: Consig|iori folded before Flop (didn't bet)
Seat 3: Rysiff folded before Flop (didn't bet)
Seat 4: ALLnBOCAS folded before Flop (didn't bet)
Seat 5: ru_ruu_ru (button) folded before Flop
Seat 6: BeauParleur (small blind) collected ($6)



PokerStars Hand #254256386971:  Hold'em No Limit ($0.50/$1.00 USD) - 2025/01/07 2:44:32 WET [2025/01/07 21:44:32 ET]
Table 'Philosophia II' 6-max Seat #6 is the button
Seat 1: Supermegopro ($157.40 in chips) 
Seat 2: Consig|iori ($121.72 in chips) 
Seat 3: Rysiff ($211.11 in chips) 
Seat 4: ALLnBOCAS ($32.23 in chips) 
Seat 5: ru_ruu_ru ($122.23 in chips) 
Seat 6: BeauParleur ($114.50 in chips) 
Supermegopro: posts small blind $0.50
Consig|iori: posts big blind $1
*** HOLE CARDS ***
Rysiff: raises $1.50 to $2.50
ALLnBOCAS: folds 
ru_ruu_ru: folds 
BeauParleur: folds 
Supermegopro: folds 
Consig|iori: folds 
Uncalled bet ($1.50) returned to Rysiff
Rysiff collected $2.50 from pot
Rysiff: doesn't show hand 
*** SUMMARY ***
Total pot $2.50 | Rake $0 
Seat 1: Supermegopro (small blind) folded before Flop
Seat 2: Consig|iori (big blind) folded before Flop
Seat 3: Rysiff collected ($2.50)
Seat 4: ALLnBOCAS folded before Flop (didn't bet)
Seat 5: ru_ruu_ru folded before Flop (didn't bet)
Seat 6: BeauParleur (button) folded before Flop (didn't bet)



PokerStars Hand #254256390138:  Hold'em No Limit ($0.50/$1.00 USD) - 2025/01/07 2:44:53 WET [2025/01/07 21:44:53 ET]
Table 'Philosophia II' 6-max Seat #1 is the button
Seat 1: Supermegopro ($156.90 in chips) 
Seat 2: Consig|iori ($120.72 in chips) 
Seat 3: Rysiff ($212.61 in chips) 
Seat 4: ALLnBOCAS ($32.23 in chips) 
Seat 5: ru_ruu_ru ($122.23 in chips) 
Seat 6: BeauParleur ($114.50 in chips) 
Consig|iori: posts small blind $0.50
Rysiff: posts big blind $1
*** HOLE CARDS ***
ALLnBOCAS: raises $1 to $2
ru_ruu_ru: folds 
BeauParleur: folds 
Supermegopro: calls $2
Consig|iori: folds 
Rysiff: folds 
*** FLOP *** [4s 2s 7s]
ALLnBOCAS: checks 
Supermegopro: bets $2.61
ALLnBOCAS: raises $2.61 to $5.22
Supermegopro: folds 
Uncalled bet ($2.61) returned to ALLnBOCAS
ALLnBOCAS collected $10.18 from pot
*** SUMMARY ***
Total pot $10.72 | Rake $0.54 
Board [4s 2s 7s]
Seat 1: Supermegopro (button) folded on the Flop
Seat 2: Consig|iori (small blind) folded before Flop
Seat 3: Rysiff (big blind) folded before Flop
Seat 4: ALLnBOCAS collected ($10.18)
Seat 5: ru_ruu_ru folded before Flop (didn't bet)
Seat 6: BeauParleur folded before Flop (didn't bet)



PokerStars Hand #254256396872:  Hold'em No Limit ($0.50/$1.00 USD) - 2025/01/07 2:45:37 WET [2025/01/07 21:45:37 ET]
Table 'Philosophia II' 6-max Seat #2 is the button
Seat 1: Supermegopro ($152.29 in chips) 
Seat 2: Consig|iori ($120.22 in chips) 
Seat 3: Rysiff ($211.61 in chips) 
Seat 4: ALLnBOCAS ($37.80 in chips) 
Seat 5: ru_ruu_ru ($122.23 in chips) 
Seat 6: BeauParleur ($114.50 in chips) 
Rysiff: posts small blind $0.50
ALLnBOCAS: posts big blind $1
*** HOLE CARDS ***
ru_ruu_ru: folds 
BeauParleur: folds 
Supermegopro: folds 
Consig|iori: raises $1.40 to $2.40
Rysiff: folds 
ALLnBOCAS: calls $1.40
*** FLOP *** [7h 8c 4c]
ALLnBOCAS: checks 
Consig|iori: bets $3.28
ALLnBOCAS: folds 
Uncalled bet ($3.28) returned to Consig|iori
Consig|iori collected $5.04 from pot
Consig|iori: doesn't show hand 
*** SUMMARY ***
Total pot $5.30 | Rake $0.26 
Board [7h 8c 4c]
Seat 1: Supermegopro folded before Flop (didn't bet)
Seat 2: Consig|iori (button) collected ($5.04)
Seat 3: Rysiff (small blind) folded before Flop
Seat 4: ALLnBOCAS (big blind) folded on the Flop
Seat 5: ru_ruu_ru folded before Flop (didn't bet)
Seat 6: BeauParleur folded before Flop (didn't bet)



PokerStars Hand #254256402815:  Hold'em No Limit ($0.50/$1.00 USD) - 2025/01/07 2:46:16 WET [2025/01/07 21:46:16 ET]
Table 'Philosophia II' 6-max Seat #3 is the button
Seat 1: Supermegopro ($152.29 in chips) 
Seat 2: Consig|iori ($122.86 in chips) 
Seat 3: Rysiff ($211.11 in chips) 
Seat 4: ALLnBOCAS ($35.40 in chips) 
Seat 5: ru_ruu_ru ($122.23 in chips) 
Seat 6: BeauParleur ($114.50 in chips) 
ALLnBOCAS: posts small blind $0.50
ru_ruu_ru: posts big blind $1
*** HOLE CARDS ***
BeauParleur: folds 
Supermegopro: folds 
Consig|iori: folds 
Rysiff: folds 
ALLnBOCAS: calls $0.50
ru_ruu_ru: checks 
*** FLOP *** [Qs Ks 4d]
ALLnBOCAS: checks 
ru_ruu_ru: bets $1.25
ALLnBOCAS: folds 
Uncalled bet ($1.25) returned to ru_ruu_ru
ru_ruu_ru collected $1.90 from pot
ru_ruu_ru: doesn't show hand 
*** SUMMARY ***
Total pot $2 | Rake $0.10 
Board [Qs Ks 4d]
Seat 1: Supermegopro folded before Flop (didn't bet)
Seat 2: Consig|iori folded before Flop (didn't bet)
Seat 3: Rysiff (button) folded before Flop (didn't bet)
Seat 4: ALLnBOCAS (small blind) folded on the Flop
Seat 5: ru_ruu_ru (big blind) collected ($1.90)
Seat 6: BeauParleur folded before Flop (didn't bet)



PokerStars Hand #254256408227:  Hold'em No Limit ($0.50/$1.00 USD) - 2025/01/07 2:46:51 WET [2025/01/07 21:46:51 ET]
Table 'Philosophia II' 6-max Seat #4 is the button
Seat 1: Supermegopro ($152.29 in chips) 
Seat 2: Consig|iori ($122.86 in chips) 
Seat 3: Rysiff ($211.11 in chips) 
Seat 4: ALLnBOCAS ($34.40 in chips) 
Seat 5: ru_ruu_ru ($123.13 in chips) 
Seat 6: BeauParleur ($114.50 in chips) 
ru_ruu_ru: posts small blind $0.50
BeauParleur: posts big blind $1
*** HOLE CARDS ***
Supermegopro: folds 
Consig|iori: raises $1.40 to $2.40
Rysiff: folds 
ALLnBOCAS: calls $2.40
ru_ruu_ru: folds 
BeauParleur: folds 
*** FLOP *** [6d Tc 6s]
Consig|iori: bets $1.97
ALLnBOCAS: calls $1.97
*** TURN *** [6d Tc 6s] [Kd]
Consig|iori: bets $6.32
ALLnBOCAS: calls $6.32
*** RIVER *** [6d Tc 6s Kd] [2d]
Consig|iori: bets $7.17
ALLnBOCAS: calls $7.17
*** SHOW DOWN ***
Consig|iori: shows [As Kc] (two pair, Kings and Sixes)
ALLnBOCAS: mucks hand 
Consig|iori collected $35.36 from pot
*** SUMMARY ***
Total pot $37.22 | Rake $1.86 
Board [6d Tc 6s Kd 2d]
Seat 1: Supermegopro folded before Flop (didn't bet)
Seat 2: Consig|iori showed [As Kc] and won ($35.36) with two pair, Kings and Sixes
Seat 3: Rysiff folded before Flop (didn't bet)
Seat 4: ALLnBOCAS (button) mucked
Seat 5: ru_ruu_ru (small blind) folded before Flop
Seat 6: BeauParleur (big blind) folded before Flop



PokerStars Hand #254256417695:  Hold'em No Limit ($0.50/$1.00 USD) - 2025/01/07 2:47:54 WET [2025/01/07 21:47:54 ET]
Table 'Philosophia II' 6-max Seat #5 is the button
Seat 1: Supermegopro ($152.29 in chips) 
Seat 2: Consig|iori ($140.36 in chips) 
Seat 3: Rysiff ($211.11 in chips) 
Seat 4: ALLnBOCAS ($16.54 in chips) 
Seat 5: ru_ruu_ru ($122.63 in chips) 
Seat 6: BeauParleur ($113.50 in chips) 
BeauParleur: posts small blind $0.50
Supermegopro: posts big blind $1
*** HOLE CARDS ***
Consig|iori: folds 
Rysiff: raises $1.50 to $2.50
ALLnBOCAS: folds 
ru_ruu_ru: folds 
BeauParleur: folds 
Supermegopro: folds 
Uncalled bet ($1.50) returned to Rysiff
Rysiff collected $2.50 from pot
Rysiff: doesn't show hand 
*** SUMMARY ***
Total pot $2.50 | Rake $0 
Seat 1: Supermegopro (big blind) folded before Flop
Seat 2: Consig|iori folded before Flop (didn't bet)
Seat 3: Rysiff collected ($2.50)
Seat 4: ALLnBOCAS folded before Flop (didn't bet)
Seat 5: ru_ruu_ru (button) folded before Flop (didn't bet)
Seat 6: BeauParleur (small blind) folded before Flop



PokerStars Hand #254256419694:  Hold'em No Limit ($0.50/$1.00 USD) - 2025/01/07 2:48:07 WET [2025/01/07 21:48:07 ET]
Table 'Philosophia II' 6-max Seat #6 is the button
Seat 2: Consig|iori ($140.36 in chips) is sitting out
Seat 1: Supermegopro ($151.29 in chips) 
Seat 3: Rysiff ($212.61 in chips) 
Seat 4: ALLnBOCAS ($16.54 in chips) 
Seat 5: ru_ruu_ru ($122.63 in chips) 
Seat 6: BeauParleur ($113 in chips) 
Supermegopro: posts small blind $0.50
Consig|iori: is sitting out 
Rysiff: posts big blind $1
*** HOLE CARDS ***
ALLnBOCAS: calls $1
ru_ruu_ru: folds 
BeauParleur: folds 
Supermegopro: calls $0.50
Rysiff: checks 
*** FLOP *** [3s Ac 7h]
Supermegopro: checks 
Rysiff: checks 
ALLnBOCAS: checks 
*** TURN *** [3s Ac 7h] [4d]
Supermegopro: checks 
Rysiff: bets $2
Consig|iori leaves the table
ALLnBOCAS: folds 
Supermegopro: folds 
Uncalled bet ($2) returned to Rysiff
Rysiff collected $2.85 from pot
Rysiff: doesn't show hand 
*** SUMMARY ***
Total pot $3 | Rake $0.15 
Board [3s Ac 7h 4d]
Seat 2: Consig|iori
Seat 1: Supermegopro (small blind) folded on the Turn
Seat 3: Rysiff (big blind) collected ($2.85)
Seat 4: ALLnBOCAS folded on the Turn
Seat 5: ru_ruu_ru folded before Flop (didn't bet)
Seat 6: BeauParleur (button) folded before Flop (didn't bet)



PokerStars Hand #254256425319:  Hold'em No Limit ($0.50/$1.00 USD) - 2025/01/07 2:48:44 WET [2025/01/07 21:48:44 ET]
Table 'Philosophia II' 6-max Seat #1 is the button
Seat 1: Supermegopro ($150.29 in chips) 
Seat 3: Rysiff ($214.46 in chips) 
Seat 4: ALLnBOCAS ($15.54 in chips) 
Seat 5: ru_ruu_ru ($122.63 in chips) 
Seat 6: BeauParleur ($113 in chips) 
Rysiff: posts small blind $0.50
ALLnBOCAS: posts big blind $1
*** HOLE CARDS ***
ru_ruu_ru: raises $1.20 to $2.20
BeauParleur: folds 
Supermegopro: folds 
Rysiff: folds 
ALLnBOCAS: calls $1.20
*** FLOP *** [4d 9c 3s]
ALLnBOCAS: checks 
ru_ruu_ru: bets $2.33
ALLnBOCAS: raises $9.32 to $11.65
ru_ruu_ru: folds 
Uncalled bet ($9.32) returned to ALLnBOCAS
ALLnBOCAS collected $9.08 from pot
*** SUMMARY ***
Total pot $9.56 | Rake $0.48 
Board [4d 9c 3s]
Seat 1: Supermegopro (button) folded before Flop (didn't bet)
Seat 3: Rysiff (small blind) folded before Flop
Seat 4: ALLnBOCAS (big blind) collected ($9.08)
Seat 5: ru_ruu_ru folded on the Flop
Seat 6: BeauParleur folded before Flop (didn't bet)



PokerStars Hand #254256429914:  Hold'em No Limit ($0.50/$1.00 USD) - 2025/01/07 2:49:15 WET [2025/01/07 21:49:15 ET]
Table 'Philosophia II' 6-max Seat #3 is the button
Seat 1: Supermegopro ($150.29 in chips) 
Seat 3: Rysiff ($213.96 in chips) 
Seat 4: ALLnBOCAS ($20.09 in chips) 
Seat 5: ru_ruu_ru ($118.10 in chips) 
Seat 6: BeauParleur ($113 in chips) 
ALLnBOCAS: posts small blind $0.50
ru_ruu_ru: posts big blind $1
*** HOLE CARDS ***
BeauParleur: folds 
Supermegopro: folds 
Rysiff: folds 
ALLnBOCAS: calls $0.50
ru_ruu_ru: checks 
*** FLOP *** [8h 3d 7c]
ALLnBOCAS: bets $1
ru_ruu_ru: folds 
Uncalled bet ($1) returned to ALLnBOCAS
ALLnBOCAS collected $1.90 from pot
*** SUMMARY ***
Total pot $2 | Rake $0.10 
Board [8h 3d 7c]
Seat 1: Supermegopro folded before Flop (didn't bet)
Seat 3: Rysiff (button) folded before Flop (didn't bet)
Seat 4: ALLnBOCAS (small blind) collected ($1.90)
Seat 5: ru_ruu_ru (big blind) folded on the Flop
Seat 6: BeauParleur folded before Flop (didn't bet)



PokerStars Hand #254256433331:  Hold'em No Limit ($0.50/$1.00 USD) - 2025/01/07 2:49:38 WET [2025/01/07 21:49:38 ET]
Table 'Philosophia II' 6-max Seat #4 is the button
Seat 1: Supermegopro ($150.29 in chips) 
Seat 3: Rysiff ($213.96 in chips) 
Seat 4: ALLnBOCAS ($20.99 in chips) 
Seat 5: ru_ruu_ru ($117.10 in chips) 
Seat 6: BeauParleur ($113 in chips) 
ru_ruu_ru: posts small blind $0.50
BeauParleur: posts big blind $1
*** HOLE CARDS ***
Supermegopro: folds 
Rysiff: raises $1.50 to $2.50
ALLnBOCAS: folds 
ru_ruu_ru: raises $7.50 to $10
BeauParleur: folds 
Rysiff: folds 
Uncalled bet ($7.50) returned to ru_ruu_ru
ru_ruu_ru collected $6 from pot
ru_ruu_ru: doesn't show hand 
*** SUMMARY ***
Total pot $6 | Rake $0 
Seat 1: Supermegopro folded before Flop (didn't bet)
Seat 3: Rysiff folded before Flop
Seat 4: ALLnBOCAS (button) folded before Flop (didn't bet)
Seat 5: ru_ruu_ru (small blind) collected ($6)
Seat 6: BeauParleur (big blind) folded before Flop



PokerStars Hand #254256436545:  Hold'em No Limit ($0.50/$1.00 USD) - 2025/01/07 2:50:00 WET [2025/01/07 21:50:00 ET]
Table 'Philosophia II' 6-max Seat #5 is the button
Seat 1: Supermegopro ($150.29 in chips) 
Seat 3: Rysiff ($211.46 in chips) 
Seat 4: ALLnBOCAS ($20.99 in chips) 
Seat 5: ru_ruu_ru ($120.60 in chips) 
Seat 6: BeauParleur ($112 in chips) 
BeauParleur: posts small blind $0.50
Supermegopro: posts big blind $1
*** HOLE CARDS ***
Rysiff: folds 
ALLnBOCAS: folds 
ru_ruu_ru: folds 
BeauParleur: folds 
Uncalled bet ($0.50) returned to Supermegopro
Supermegopro collected $1 from pot
Supermegopro: doesn't show hand 
*** SUMMARY ***
Total pot $1 | Rake $0 
Seat 1: Supermegopro (big blind) collected ($1)
Seat 3: Rysiff folded before Flop (didn't bet)
Seat 4: ALLnBOCAS folded before Flop (didn't bet)
Seat 5: ru_ruu_ru (button) folded before Flop (didn't bet)
Seat 6: BeauParleur (small blind) folded before Flop



PokerStars Hand #254256438966:  Hold'em No Limit ($0.50/$1.00 USD) - 2025/01/07 2:50:16 WET [2025/01/07 21:50:16 ET]
Table 'Philosophia II' 6-max Seat #6 is the button
Seat 1: Supermegopro ($150.79 in chips) 
Seat 3: Rysiff ($211.46 in chips) 
Seat 4: ALLnBOCAS ($20.99 in chips) 
Seat 5: ru_ruu_ru ($120.60 in chips) 
Seat 6: BeauParleur ($111.50 in chips) 
Supermegopro: posts small blind $0.50
Rysiff: posts big blind $1
*** HOLE CARDS ***
ALLnBOCAS: calls $1
ru_ruu_ru: folds 
BeauParleur: folds 
Supermegopro: calls $0.50
Rysiff: checks 
*** FLOP *** [8h Qc 7h]
Supermegopro: bets $2
Rysiff: calls $2
ALLnBOCAS: raises $2 to $4
Supermegopro: raises $10.92 to $14.92
Rysiff: folds 
ALLnBOCAS: raises $5.07 to $19.99 and is all-in
Supermegopro: calls $5.07
reeqar joins the table at seat #2 
*** TURN *** [8h Qc 7h] [8s]
*** RIVER *** [8h Qc 7h 8s] [5s]
*** SHOW DOWN ***
Supermegopro: shows [Ad As] (two pair, Aces and Eights)
ALLnBOCAS: shows [9c Qs] (two pair, Queens and Eights)
Supermegopro collected $42.73 from pot
*** SUMMARY ***
Total pot $44.98 | Rake $2.25 
Board [8h Qc 7h 8s 5s]
Seat 1: Supermegopro (small blind) showed [Ad As] and won ($42.73) with two pair, Aces and Eights
Seat 3: Rysiff (big blind) folded on the Flop
Seat 4: ALLnBOCAS showed [9c Qs] and lost with two pair, Queens and Eights
Seat 5: ru_ruu_ru folded before Flop (didn't bet)
Seat 6: BeauParleur (button) folded before Flop (didn't bet)



PokerStars Hand #254256447270:  Hold'em No Limit ($0.50/$1.00 USD) - 2025/01/07 2:51:12 WET [2025/01/07 21:51:12 ET]
Table 'Philosophia II' 6-max Seat #1 is the button
Seat 2: reeqar ($100 in chips) is sitting out
Seat 4: ALLnBOCAS ($0 in chips) is sitting out
Seat 1: Supermegopro ($172.53 in chips) 
Seat 3: Rysiff ($208.46 in chips) 
Seat 5: ru_ruu_ru ($120.60 in chips) 
Seat 6: BeauParleur ($111.50 in chips) 
Rysiff: posts small blind $0.50
ru_ruu_ru: posts big blind $1
*** HOLE CARDS ***
BeauParleur: folds 
Supermegopro: raises $1.50 to $2.50
Rysiff: folds 
ru_ruu_ru: calls $1.50
*** FLOP *** [Qc 8s 6c]
ru_ruu_ru: checks 
Supermegopro: checks 
*** TURN *** [Qc 8s 6c] [4s]
ALLnBOCAS leaves the table
ru_ruu_ru: checks 
reeqar leaves the table
Supermegopro: checks 
*** RIVER *** [Qc 8s 6c 4s] [4d]
ru_ruu_ru: bets $6.26
Supermegopro: folds 
Uncalled bet ($6.26) returned to ru_ruu_ru
ru_ruu_ru collected $5.22 from pot
ru_ruu_ru: doesn't show hand 
*** SUMMARY ***
Total pot $5.50 | Rake $0.28 
Board [Qc 8s 6c 4s 4d]
Seat 2: reeqar
Seat 4: ALLnBOCAS
Seat 1: Supermegopro (button) folded on the River
Seat 3: Rysiff (small blind) folded before Flop
Seat 5: ru_ruu_ru (big blind) collected ($5.22)
Seat 6: BeauParleur folded before Flop (didn't bet)



PokerStars Hand #254256453797:  Hold'em No Limit ($0.50/$1.00 USD) - 2025/01/07 2:51:56 WET [2025/01/07 21:51:56 ET]
Table 'Philosophia II' 6-max Seat #3 is the button
Seat 1: Supermegopro ($170.03 in chips) 
Seat 3: Rysiff ($207.96 in chips) 
Seat 5: ru_ruu_ru ($123.32 in chips) 
Seat 6: BeauParleur ($111.50 in chips) 
ru_ruu_ru: posts small blind $0.50
BeauParleur: posts big blind $1
*** HOLE CARDS ***
Supermegopro: folds 
Rysiff: folds 
Supermegopro leaves the table
Rysiff leaves the table
ru_ruu_ru: raises $2 to $3
BeauParleur: calls $2
*** FLOP *** [Qh 9c 6c]
ru_ruu_ru: bets $1.42
BeauParleur: calls $1.42
*** TURN *** [Qh 9c 6c] [Js]
ru_ruu_ru: checks 
BeauParleur: bets $6.30
ru_ruu_ru: calls $6.30
*** RIVER *** [Qh 9c 6c Js] [6h]
ru_ruu_ru: checks 
BeauParleur: bets $25.55
ru_ruu_ru: calls $25.55
*** SHOW DOWN ***
BeauParleur: shows [Qd Jd] (two pair, Queens and Jacks)
ru_ruu_ru: mucks hand 
BeauParleur collected $71.54 from pot
*** SUMMARY ***
Total pot $72.54 | Rake $1 
Board [Qh 9c 6c Js 6h]
Seat 1: Supermegopro folded before Flop (didn't bet)
Seat 3: Rysiff (button) folded before Flop (didn't bet)
Seat 5: ru_ruu_ru (small blind) mucked
Seat 6: BeauParleur (big blind) showed [Qd Jd] and won ($71.54) with two pair, Queens and Jacks



