PokerStars Hand #254250042559:  Hold'em No Limit ($0.50/$1.00 USD) - 2025/01/07 19:52:04 WET [2025/01/07 14:52:04 ET]
Table 'Ithaka II' 6-max Seat #1 is the button
Seat 1: Xenicide ($100 in chips) 
Seat 2: IcanDodgeYou ($15.61 in chips) 
Seat 3: illarins ($100 in chips) 
IcanDodgeYou: posts small blind $0.50
illarins: posts big blind $1
*** HOLE CARDS ***
Xenicide: raises $1.25 to $2.25
IcanDodgeYou: calls $1.75
illarins: raises $9.75 to $12
Xenicide: calls $9.75
IcanDodgeYou: folds 
*** FLOP *** [As 5d 3c]
illarins: bets $16
Xenicide: folds 
Uncalled bet ($16) returned to illarins
illarins collected $25.25 from pot
illarins: doesn't show hand 
*** SUMMARY ***
Total pot $26.25 | Rake $1 
Board [As 5d 3c]
Seat 1: Xenicide (button) folded on the Flop
Seat 2: IcanDodgeYou (small blind) folded before Flop
Seat 3: illarins (big blind) collected ($25.25)



PokerStars Hand #254250058095:  Hold'em No Limit ($0.50/$1.00 USD) - 2025/01/07 19:52:53 WET [2025/01/07 14:52:53 ET]
Table 'Ithaka II' 6-max Seat #2 is the button
Seat 1: Xenicide ($100 in chips) 
Seat 2: IcanDodgeYou ($13.36 in chips) 
Seat 3: illarins ($113.25 in chips) 
illarins: posts small blind $0.50
Xenicide: posts big blind $1
*** HOLE CARDS ***
IcanDodgeYou: folds 
illarins: folds 
Uncalled bet ($0.50) returned to Xenicide
Xenicide collected $1 from pot
*** SUMMARY ***
Total pot $1 | Rake $0 
Seat 1: Xenicide (big blind) collected ($1)
Seat 2: IcanDodgeYou (button) folded before Flop (didn't bet)
Seat 3: illarins (small blind) folded before Flop



PokerStars Hand #254250062449:  Hold'em No Limit ($0.50/$1.00 USD) - 2025/01/07 19:53:06 WET [2025/01/07 14:53:06 ET]
Table 'Ithaka II' 6-max Seat #3 is the button
Seat 1: Xenicide ($100.50 in chips) 
Seat 2: IcanDodgeYou ($13.36 in chips) 
Seat 3: illarins ($112.75 in chips) 
Xenicide: posts small blind $0.50
IcanDodgeYou: posts big blind $1
*** HOLE CARDS ***
illarins: folds 
Xenicide: folds 
Uncalled bet ($0.50) returned to IcanDodgeYou
IcanDodgeYou collected $1 from pot
IcanDodgeYou: doesn't show hand 
*** SUMMARY ***
Total pot $1 | Rake $0 
Seat 1: Xenicide (small blind) folded before Flop
Seat 2: IcanDodgeYou (big blind) collected ($1)
Seat 3: illarins (button) folded before Flop (didn't bet)



PokerStars Hand #254250068355:  Hold'em No Limit ($0.50/$1.00 USD) - 2025/01/07 19:53:25 WET [2025/01/07 14:53:25 ET]
Table 'Ithaka II' 6-max Seat #1 is the button
Seat 1: Xenicide ($100 in chips) 
Seat 2: IcanDodgeYou ($13.86 in chips) 
Seat 3: illarins ($112.75 in chips) 
IcanDodgeYou: posts small blind $0.50
illarins: posts big blind $1
*** HOLE CARDS ***
Xenicide: folds 
IcanDodgeYou: calls $0.50
illarins: checks 
*** FLOP *** [8d 3s 7c]
IcanDodgeYou: checks 
illarins: bets $1
IcanDodgeYou: calls $1
*** TURN *** [8d 3s 7c] [6s]
IcanDodgeYou: checks 
illarins: bets $2.50
IcanDodgeYou: folds 
Uncalled bet ($2.50) returned to illarins
illarins collected $3.80 from pot
illarins: doesn't show hand 
*** SUMMARY ***
Total pot $4 | Rake $0.20 
Board [8d 3s 7c 6s]
Seat 1: Xenicide (button) folded before Flop (didn't bet)
Seat 2: IcanDodgeYou (small blind) folded on the Turn
Seat 3: illarins (big blind) collected ($3.80)



PokerStars Hand #254250086704:  Hold'em No Limit ($0.50/$1.00 USD) - 2025/01/07 19:54:23 WET [2025/01/07 14:54:23 ET]
Table 'Ithaka II' 6-max Seat #2 is the button
Seat 1: Xenicide ($100 in chips) 
Seat 2: IcanDodgeYou ($11.86 in chips) 
Seat 3: illarins ($114.55 in chips) 
illarins: posts small blind $0.50
Xenicide: posts big blind $1
*** HOLE CARDS ***
IcanDodgeYou: folds 
illarins: folds 
Uncalled bet ($0.50) returned to Xenicide
Xenicide collected $1 from pot
*** SUMMARY ***
Total pot $1 | Rake $0 
Seat 1: Xenicide (big blind) collected ($1)
Seat 2: IcanDodgeYou (button) folded before Flop (didn't bet)
Seat 3: illarins (small blind) folded before Flop



PokerStars Hand #254250090127:  Hold'em No Limit ($0.50/$1.00 USD) - 2025/01/07 19:54:34 WET [2025/01/07 14:54:34 ET]
Table 'Ithaka II' 6-max Seat #3 is the button
Seat 1: Xenicide ($100.50 in chips) 
Seat 2: IcanDodgeYou ($11.86 in chips) 
Seat 3: illarins ($114.05 in chips) 
Xenicide: posts small blind $0.50
IcanDodgeYou: posts big blind $1
*** HOLE CARDS ***
illarins: raises $1 to $2
Xenicide: raises $7.50 to $9.50
IcanDodgeYou: folds 
illarins: folds 
Uncalled bet ($7.50) returned to Xenicide
Xenicide collected $5 from pot
*** SUMMARY ***
Total pot $5 | Rake $0 
Seat 1: Xenicide (small blind) collected ($5)
Seat 2: IcanDodgeYou (big blind) folded before Flop
Seat 3: illarins (button) folded before Flop



PokerStars Hand #254250096976:  Hold'em No Limit ($0.50/$1.00 USD) - 2025/01/07 19:54:56 WET [2025/01/07 14:54:56 ET]
Table 'Ithaka II' 6-max Seat #2 is the button
Seat 3: illarins ($112.05 in chips) is sitting out
Seat 1: Xenicide ($103.50 in chips) 
Seat 2: IcanDodgeYou ($10.86 in chips) 
IcanDodgeYou: posts small blind $0.50
illarins: is sitting out 
Xenicide: posts big blind $1
*** HOLE CARDS ***
illarins leaves the table
IcanDodgeYou: calls $0.50
Xenicide: checks 
*** FLOP *** [Tc Kd 4h]
Xenicide: checks 
IcanDodgeYou: checks 
*** TURN *** [Tc Kd 4h] [4c]
Xenicide: checks 
IcanDodgeYou: checks 
*** RIVER *** [Tc Kd 4h 4c] [3h]
Xenicide: checks 
IcanDodgeYou: bets $1
Xenicide: folds 
Uncalled bet ($1) returned to IcanDodgeYou
IcanDodgeYou collected $1.90 from pot
IcanDodgeYou: doesn't show hand 
*** SUMMARY ***
Total pot $2 | Rake $0.10 
Board [Tc Kd 4h 4c 3h]
Seat 3: illarins
Seat 1: Xenicide (big blind) folded on the River
Seat 2: IcanDodgeYou (button) (small blind) collected ($1.90)



PokerStars Hand #254250112119:  Hold'em No Limit ($0.50/$1.00 USD) - 2025/01/07 19:55:58 WET [2025/01/07 14:55:58 ET]
Table 'Ithaka II' 6-max Seat #1 is the button
Seat 1: Xenicide ($102.50 in chips) 
Seat 2: IcanDodgeYou ($11.76 in chips) 
Xenicide: posts small blind $0.50
IcanDodgeYou: posts big blind $1
*** HOLE CARDS ***
Alehandr0777 joins the table at seat #5 
Alehandr0777 is disconnected 
Xenicide: raises $1.25 to $2.25
IcanDodgeYou: raises $9.51 to $11.76 and is all-in
Xenicide: folds 
Uncalled bet ($9.51) returned to IcanDodgeYou
IcanDodgeYou collected $4.50 from pot
IcanDodgeYou: doesn't show hand 
*** SUMMARY ***
Total pot $4.50 | Rake $0 
Seat 1: Xenicide (button) (small blind) folded before Flop
Seat 2: IcanDodgeYou (big blind) collected ($4.50)



PokerStars Hand #254250116227:  Hold'em No Limit ($0.50/$1.00 USD) - 2025/01/07 19:56:17 WET [2025/01/07 14:56:17 ET]
Table 'Ithaka II' 6-max Seat #1 is the button
Seat 1: Xenicide ($100.25 in chips) 
Seat 2: IcanDodgeYou ($14.01 in chips) 
Seat 5: Alehandr0777 ($10 in chips) 
IcanDodgeYou: posts small blind $0.50
Alehandr0777: posts big blind $1
*** HOLE CARDS ***
Xenicide: folds 
IcanDodgeYou: folds 
Uncalled bet ($0.50) returned to Alehandr0777
Alehandr0777 collected $1 from pot
*** SUMMARY ***
Total pot $1 | Rake $0 
Seat 1: Xenicide (button) folded before Flop (didn't bet)
Seat 2: IcanDodgeYou (small blind) folded before Flop
Seat 5: Alehandr0777 (big blind) collected ($1)



PokerStars Hand #254250117818:  Hold'em No Limit ($0.50/$1.00 USD) - 2025/01/07 19:56:24 WET [2025/01/07 14:56:24 ET]
Table 'Ithaka II' 6-max Seat #2 is the button
Seat 1: Xenicide ($100.25 in chips) 
Seat 2: IcanDodgeYou ($13.51 in chips) 
Seat 5: Alehandr0777 ($10.50 in chips) 
Alehandr0777: posts small blind $0.50
Xenicide: posts big blind $1
*** HOLE CARDS ***
IcanDodgeYou: folds 
Alehandr0777: folds 
Uncalled bet ($0.50) returned to Xenicide
Xenicide collected $1 from pot
*** SUMMARY ***
Total pot $1 | Rake $0 
Seat 1: Xenicide (big blind) collected ($1)
Seat 2: IcanDodgeYou (button) folded before Flop (didn't bet)
Seat 5: Alehandr0777 (small blind) folded before Flop



PokerStars Hand #254250119297:  Hold'em No Limit ($0.50/$1.00 USD) - 2025/01/07 19:56:31 WET [2025/01/07 14:56:31 ET]
Table 'Ithaka II' 6-max Seat #5 is the button
Seat 1: Xenicide ($100.75 in chips) 
Seat 2: IcanDodgeYou ($13.51 in chips) 
Seat 5: Alehandr0777 ($10 in chips) 
Xenicide: posts small blind $0.50
IcanDodgeYou: posts big blind $1
*** HOLE CARDS ***
Alehandr0777: raises $1 to $2
Xenicide: folds 
IcanDodgeYou: calls $1
*** FLOP *** [Qs 5h 5c]
IcanDodgeYou: checks 
Alehandr0777: bets $2
IcanDodgeYou: folds 
Uncalled bet ($2) returned to Alehandr0777
Alehandr0777 collected $4.28 from pot
*** SUMMARY ***
Total pot $4.50 | Rake $0.22 
Board [Qs 5h 5c]
Seat 1: Xenicide (small blind) folded before Flop
Seat 2: IcanDodgeYou (big blind) folded on the Flop
Seat 5: Alehandr0777 (button) collected ($4.28)



PokerStars Hand #254250126227:  Hold'em No Limit ($0.50/$1.00 USD) - 2025/01/07 19:57:02 WET [2025/01/07 14:57:02 ET]
Table 'Ithaka II' 6-max Seat #1 is the button
Seat 1: Xenicide ($100.25 in chips) 
Seat 2: IcanDodgeYou ($11.51 in chips) 
Seat 5: Alehandr0777 ($12.28 in chips) 
IcanDodgeYou: posts small blind $0.50
Alehandr0777: posts big blind $1
*** HOLE CARDS ***
Xenicide: folds 
IcanDodgeYou: calls $0.50
Alehandr0777: checks 
*** FLOP *** [5h 8h Jh]
IcanDodgeYou: checks 
Alehandr0777: checks 
*** TURN *** [5h 8h Jh] [Js]
IcanDodgeYou: bets $1
Alehandr0777: folds 
Uncalled bet ($1) returned to IcanDodgeYou
IcanDodgeYou collected $1.90 from pot
IcanDodgeYou: doesn't show hand 
*** SUMMARY ***
Total pot $2 | Rake $0.10 
Board [5h 8h Jh Js]
Seat 1: Xenicide (button) folded before Flop (didn't bet)
Seat 2: IcanDodgeYou (small blind) collected ($1.90)
Seat 5: Alehandr0777 (big blind) folded on the Turn



PokerStars Hand #254250133169:  Hold'em No Limit ($0.50/$1.00 USD) - 2025/01/07 19:57:33 WET [2025/01/07 14:57:33 ET]
Table 'Ithaka II' 6-max Seat #2 is the button
Seat 1: Xenicide ($100.25 in chips) 
Seat 2: IcanDodgeYou ($12.41 in chips) 
Seat 5: Alehandr0777 ($11.28 in chips) 
Alehandr0777: posts small blind $0.50
Xenicide: posts big blind $1
*** HOLE CARDS ***
IcanDodgeYou: folds 
Alehandr0777: raises $1 to $2
Xenicide: calls $1
*** FLOP *** [Ac 7h Js]
Alehandr0777: bets $2
chinokevin13 joins the table at seat #3 
aoish30 joins the table at seat #4 
Xenicide: folds 
Uncalled bet ($2) returned to Alehandr0777
Alehandr0777 collected $3.80 from pot
*** SUMMARY ***
Total pot $4 | Rake $0.20 
Board [Ac 7h Js]
Seat 1: Xenicide (big blind) folded on the Flop
Seat 2: IcanDodgeYou (button) folded before Flop (didn't bet)
Seat 5: Alehandr0777 (small blind) collected ($3.80)



PokerStars Hand #254250139020:  Hold'em No Limit ($0.50/$1.00 USD) - 2025/01/07 19:57:59 WET [2025/01/07 14:57:59 ET]
Table 'Ithaka II' 6-max Seat #5 is the button
Seat 3: chinokevin13 ($100 in chips) is sitting out
Seat 4: aoish30 ($100 in chips) is sitting out
Seat 1: Xenicide ($100 in chips) 
Seat 2: IcanDodgeYou ($12.41 in chips) 
Seat 5: Alehandr0777 ($13.08 in chips) 
Xenicide: posts small blind $0.50
IcanDodgeYou: posts big blind $1
chinokevin13: sits out 
aoish30: sits out 
*** HOLE CARDS ***
Alehandr0777: folds 
Xenicide: raises $2.50 to $3.50
IcanDodgeYou: folds 
Uncalled bet ($2.50) returned to Xenicide
Xenicide collected $2 from pot
*** SUMMARY ***
Total pot $2 | Rake $0 
Seat 3: chinokevin13
Seat 4: aoish30
Seat 1: Xenicide (small blind) collected ($2)
Seat 2: IcanDodgeYou (big blind) folded before Flop
Seat 5: Alehandr0777 (button) folded before Flop (didn't bet)



PokerStars Hand #254250142530:  Hold'em No Limit ($0.50/$1.00 USD) - 2025/01/07 19:58:15 WET [2025/01/07 14:58:15 ET]
Table 'Ithaka II' 6-max Seat #1 is the button
Seat 4: aoish30 ($100 in chips) is sitting out
Seat 1: Xenicide ($101 in chips) 
Seat 2: IcanDodgeYou ($11.41 in chips) 
Seat 3: chinokevin13 ($100 in chips) 
Seat 5: Alehandr0777 ($13.08 in chips) 
IcanDodgeYou: posts small blind $0.50
chinokevin13: posts big blind $1
aoish30: sits out 
*** HOLE CARDS ***
Alehandr0777: raises $1 to $2
Xenicide: folds 
IcanDodgeYou: calls $1.50
chinokevin13: folds 
*** FLOP *** [7d As 5c]
IcanDodgeYou: checks 
Alehandr0777: bets $2
IcanDodgeYou: calls $2
*** TURN *** [7d As 5c] [4h]
IcanDodgeYou: checks 
Alehandr0777: checks 
*** RIVER *** [7d As 5c 4h] [Ah]
IcanDodgeYou: bets $7.41 and is all-in
Alehandr0777: folds 
Uncalled bet ($7.41) returned to IcanDodgeYou
IcanDodgeYou collected $8.55 from pot
IcanDodgeYou: doesn't show hand 
*** SUMMARY ***
Total pot $9 | Rake $0.45 
Board [7d As 5c 4h Ah]
Seat 4: aoish30
Seat 1: Xenicide (button) folded before Flop (didn't bet)
Seat 2: IcanDodgeYou (small blind) collected ($8.55)
Seat 3: chinokevin13 (big blind) folded before Flop
Seat 5: Alehandr0777 folded on the River



PokerStars Hand #254250150372:  Hold'em No Limit ($0.50/$1.00 USD) - 2025/01/07 19:58:50 WET [2025/01/07 14:58:50 ET]
Table 'Ithaka II' 6-max Seat #2 is the button
Seat 1: Xenicide ($101 in chips) 
Seat 2: IcanDodgeYou ($15.96 in chips) 
Seat 3: chinokevin13 ($100 in chips) 
Seat 4: aoish30 ($100 in chips) 
Seat 5: Alehandr0777 ($9.08 in chips) 
chinokevin13: posts small blind $0.50
aoish30: posts big blind $1
*** HOLE CARDS ***
Alehandr0777: raises $1 to $2
Xenicide: folds 
IcanDodgeYou: folds 
chinokevin13: folds 
aoish30: folds 
Uncalled bet ($1) returned to Alehandr0777
Alehandr0777 collected $2.50 from pot
*** SUMMARY ***
Total pot $2.50 | Rake $0 
Seat 1: Xenicide folded before Flop (didn't bet)
Seat 2: IcanDodgeYou (button) folded before Flop (didn't bet)
Seat 3: chinokevin13 (small blind) folded before Flop
Seat 4: aoish30 (big blind) folded before Flop
Seat 5: Alehandr0777 collected ($2.50)



PokerStars Hand #254250153074:  Hold'em No Limit ($0.50/$1.00 USD) - 2025/01/07 19:59:02 WET [2025/01/07 14:59:02 ET]
Table 'Ithaka II' 6-max Seat #3 is the button
Seat 1: Xenicide ($101 in chips) 
Seat 2: IcanDodgeYou ($15.96 in chips) 
Seat 3: chinokevin13 ($100 in chips) 
Seat 4: aoish30 ($100 in chips) 
Seat 5: Alehandr0777 ($10.58 in chips) 
aoish30: posts small blind $0.50
Alehandr0777: posts big blind $1
*** HOLE CARDS ***
Xenicide: raises $1 to $2
IcanDodgeYou: folds 
chinokevin13: folds 
aoish30: raises $8.50 to $10.50
Alehandr0777: folds 
Xenicide: folds 
Uncalled bet ($8.50) returned to aoish30
aoish30 collected $5 from pot
aoish30: doesn't show hand 
*** SUMMARY ***
Total pot $5 | Rake $0 
Seat 1: Xenicide folded before Flop
Seat 2: IcanDodgeYou folded before Flop (didn't bet)
Seat 3: chinokevin13 (button) folded before Flop (didn't bet)
Seat 4: aoish30 (small blind) collected ($5)
Seat 5: Alehandr0777 (big blind) folded before Flop



PokerStars Hand #254250162587:  Hold'em No Limit ($0.50/$1.00 USD) - 2025/01/07 19:59:43 WET [2025/01/07 14:59:43 ET]
Table 'Ithaka II' 6-max Seat #4 is the button
Seat 1: Xenicide ($100 in chips) 
Seat 2: IcanDodgeYou ($15.96 in chips) 
Seat 3: chinokevin13 ($100 in chips) 
Seat 4: aoish30 ($103 in chips) 
Seat 5: Alehandr0777 ($9.58 in chips) 
Alehandr0777: posts small blind $0.50
Xenicide: posts big blind $1
*** HOLE CARDS ***
IcanDodgeYou: folds 
chinokevin13: folds 
aoish30: folds 
Alehandr0777: folds 
Uncalled bet ($0.50) returned to Xenicide
Xenicide collected $1 from pot
*** SUMMARY ***
Total pot $1 | Rake $0 
Seat 1: Xenicide (big blind) collected ($1)
Seat 2: IcanDodgeYou folded before Flop (didn't bet)
Seat 3: chinokevin13 folded before Flop (didn't bet)
Seat 4: aoish30 (button) folded before Flop (didn't bet)
Seat 5: Alehandr0777 (small blind) folded before Flop



PokerStars Hand #254250165446:  Hold'em No Limit ($0.50/$1.00 USD) - 2025/01/07 19:59:55 WET [2025/01/07 14:59:55 ET]
Table 'Ithaka II' 6-max Seat #5 is the button
Seat 1: Xenicide ($100.50 in chips) 
Seat 2: IcanDodgeYou ($15.96 in chips) 
Seat 3: chinokevin13 ($100 in chips) 
Seat 4: aoish30 ($103 in chips) 
Seat 5: Alehandr0777 ($9.08 in chips) 
Xenicide: posts small blind $0.50
IcanDodgeYou is connected 
IcanDodgeYou: posts big blind $1
*** HOLE CARDS ***
chinokevin13: folds 
aoish30: raises $1.50 to $2.50
Alehandr0777: calls $2.50
Xenicide: raises $10.50 to $13
IcanDodgeYou is connected 
IcanDodgeYou: folds 
omar2967 joins the table at seat #6 
omar2967 is disconnected 
aoish30: calls $10.50
Alehandr0777: folds 
*** FLOP *** [2d Ac Kc]
Xenicide: bets $7
aoish30: folds 
Uncalled bet ($7) returned to Xenicide
Xenicide collected $28.02 from pot
*** SUMMARY ***
Total pot $29.50 | Rake $1.48 
Board [2d Ac Kc]
Seat 1: Xenicide (small blind) collected ($28.02)
Seat 2: IcanDodgeYou (big blind) folded before Flop
Seat 3: chinokevin13 folded before Flop (didn't bet)
Seat 4: aoish30 folded on the Flop
Seat 5: Alehandr0777 (button) folded before Flop



PokerStars Hand #254250180664:  Hold'em No Limit ($0.50/$1.00 USD) - 2025/01/07 20:00:58 WET [2025/01/07 15:00:58 ET]
Table 'Ithaka II' 6-max Seat #1 is the button
Seat 1: Xenicide ($115.52 in chips) 
Seat 2: IcanDodgeYou ($14.96 in chips) 
Seat 3: chinokevin13 ($100 in chips) 
Seat 4: aoish30 ($100 in chips) 
Seat 5: Alehandr0777 ($6.58 in chips) 
Seat 6: omar2967 ($30.01 in chips) 
IcanDodgeYou: posts small blind $0.50
chinokevin13: posts big blind $1
omar2967: posts big blind $1
*** HOLE CARDS ***
aoish30: folds 
Alehandr0777: folds 
omar2967: checks 
Xenicide: folds 
IcanDodgeYou: calls $0.50
chinokevin13: checks 
*** FLOP *** [Qh Td Qd]
IcanDodgeYou: checks 
chinokevin13: checks 
omar2967: checks 
*** TURN *** [Qh Td Qd] [7d]
IcanDodgeYou: checks 
chinokevin13: bets $2.14
omar2967: folds 
IcanDodgeYou: folds 
Uncalled bet ($2.14) returned to chinokevin13
chinokevin13 collected $2.85 from pot
chinokevin13: doesn't show hand 
*** SUMMARY ***
Total pot $3 | Rake $0.15 
Board [Qh Td Qd 7d]
Seat 1: Xenicide (button) folded before Flop (didn't bet)
Seat 2: IcanDodgeYou (small blind) folded on the Turn
Seat 3: chinokevin13 (big blind) collected ($2.85)
Seat 4: aoish30 folded before Flop (didn't bet)
Seat 5: Alehandr0777 folded before Flop (didn't bet)
Seat 6: omar2967 folded on the Turn (didn't bet)



PokerStars Hand #254250193243:  Hold'em No Limit ($0.50/$1.00 USD) - 2025/01/07 20:01:43 WET [2025/01/07 15:01:43 ET]
Table 'Ithaka II' 6-max Seat #2 is the button
Seat 1: Xenicide ($115.52 in chips) 
Seat 2: IcanDodgeYou ($13.96 in chips) 
Seat 3: chinokevin13 ($101.85 in chips) 
Seat 4: aoish30 ($100 in chips) 
Seat 5: Alehandr0777 ($6.58 in chips) 
Seat 6: omar2967 ($29.01 in chips) 
chinokevin13: posts small blind $0.50
aoish30: posts big blind $1
*** HOLE CARDS ***
Alehandr0777: folds 
omar2967: calls $1
Xenicide: folds 
IcanDodgeYou: raises $1 to $2
chinokevin13: folds 
aoish30: folds 
omar2967: raises $5.50 to $7.50
IcanDodgeYou: folds 
Uncalled bet ($5.50) returned to omar2967
omar2967 collected $5.50 from pot
*** SUMMARY ***
Total pot $5.50 | Rake $0 
Seat 1: Xenicide folded before Flop (didn't bet)
Seat 2: IcanDodgeYou (button) folded before Flop
Seat 3: chinokevin13 (small blind) folded before Flop
Seat 4: aoish30 (big blind) folded before Flop
Seat 5: Alehandr0777 folded before Flop (didn't bet)
Seat 6: omar2967 collected ($5.50)



PokerStars Hand #254250202129:  Hold'em No Limit ($0.50/$1.00 USD) - 2025/01/07 20:02:12 WET [2025/01/07 15:02:12 ET]
Table 'Ithaka II' 6-max Seat #3 is the button
Seat 1: Xenicide ($115.52 in chips) 
Seat 2: IcanDodgeYou ($11.96 in chips) 
Seat 3: chinokevin13 ($101.35 in chips) 
Seat 4: aoish30 ($100 in chips) 
Seat 5: Alehandr0777 ($6.58 in chips) 
Seat 6: omar2967 ($32.51 in chips) 
aoish30: posts small blind $0.50
Alehandr0777: posts big blind $1
*** HOLE CARDS ***
omar2967: calls $1
Xenicide: raises $2.50 to $3.50
IcanDodgeYou: folds 
chinokevin13: calls $3.50
aoish30: folds 
Alehandr0777: folds 
omar2967: calls $2.50
*** FLOP *** [Ac Ks 6s]
omar2967: checks 
Xenicide: bets $5.70
chinokevin13: folds 
omar2967: folds 
Uncalled bet ($5.70) returned to Xenicide
Xenicide collected $11.40 from pot
*** SUMMARY ***
Total pot $12 | Rake $0.60 
Board [Ac Ks 6s]
Seat 1: Xenicide collected ($11.40)
Seat 2: IcanDodgeYou folded before Flop (didn't bet)
Seat 3: chinokevin13 (button) folded on the Flop
Seat 4: aoish30 (small blind) folded before Flop
Seat 5: Alehandr0777 (big blind) folded before Flop
Seat 6: omar2967 folded on the Flop



PokerStars Hand #254250216100:  Hold'em No Limit ($0.50/$1.00 USD) - 2025/01/07 20:02:58 WET [2025/01/07 15:02:58 ET]
Table 'Ithaka II' 6-max Seat #4 is the button
Seat 1: Xenicide ($123.42 in chips) 
Seat 2: IcanDodgeYou ($11.96 in chips) 
Seat 3: chinokevin13 ($100 in chips) 
Seat 4: aoish30 ($100 in chips) 
Seat 5: Alehandr0777 ($5.58 in chips) 
Seat 6: omar2967 ($29.01 in chips) 
Alehandr0777: posts small blind $0.50
omar2967: posts big blind $1
*** HOLE CARDS ***
Xenicide: folds 
IcanDodgeYou: folds 
chinokevin13: folds 
aoish30: folds 
Alehandr0777: folds 
Uncalled bet ($0.50) returned to omar2967
omar2967 collected $1 from pot
omar2967: doesn't show hand 
*** SUMMARY ***
Total pot $1 | Rake $0 
Seat 1: Xenicide folded before Flop (didn't bet)
Seat 2: IcanDodgeYou folded before Flop (didn't bet)
Seat 3: chinokevin13 folded before Flop (didn't bet)
Seat 4: aoish30 (button) folded before Flop (didn't bet)
Seat 5: Alehandr0777 (small blind) folded before Flop
Seat 6: omar2967 (big blind) collected ($1)



PokerStars Hand #254250219798:  Hold'em No Limit ($0.50/$1.00 USD) - 2025/01/07 20:03:11 WET [2025/01/07 15:03:11 ET]
Table 'Ithaka II' 6-max Seat #5 is the button
Seat 1: Xenicide ($123.42 in chips) 
Seat 2: IcanDodgeYou ($11.96 in chips) 
Seat 3: chinokevin13 ($100 in chips) 
Seat 4: aoish30 ($100 in chips) 
Seat 5: Alehandr0777 ($5.08 in chips) 
Seat 6: omar2967 ($29.51 in chips) 
omar2967: posts small blind $0.50
Xenicide: posts big blind $1
*** HOLE CARDS ***
IcanDodgeYou: folds 
chinokevin13: raises $1.20 to $2.20
aoish30: folds 
Alehandr0777: folds 
omar2967: calls $1.70
Xenicide: raises $10.30 to $12.50
chinokevin13: folds 
omar2967: folds 
Uncalled bet ($10.30) returned to Xenicide
Xenicide collected $6.60 from pot
*** SUMMARY ***
Total pot $6.60 | Rake $0 
Seat 1: Xenicide (big blind) collected ($6.60)
Seat 2: IcanDodgeYou folded before Flop (didn't bet)
Seat 3: chinokevin13 folded before Flop
Seat 4: aoish30 folded before Flop (didn't bet)
Seat 5: Alehandr0777 (button) folded before Flop (didn't bet)
Seat 6: omar2967 (small blind) folded before Flop



PokerStars Hand #254250230157:  Hold'em No Limit ($0.50/$1.00 USD) - 2025/01/07 20:03:44 WET [2025/01/07 15:03:44 ET]
Table 'Ithaka II' 6-max Seat #6 is the button
Seat 1: Xenicide ($127.82 in chips) 
Seat 2: IcanDodgeYou ($11.96 in chips) 
Seat 3: chinokevin13 ($100 in chips) 
Seat 4: aoish30 ($100 in chips) 
Seat 5: Alehandr0777 ($5.08 in chips) 
Seat 6: omar2967 ($27.31 in chips) 
Xenicide: posts small blind $0.50
IcanDodgeYou: posts big blind $1
*** HOLE CARDS ***
chinokevin13: folds 
aoish30: raises $1.10 to $2.10
Alehandr0777: raises $2.98 to $5.08 and is all-in
omar2967: folds 
Xenicide: folds 
IcanDodgeYou: folds 
aoish30: calls $2.98
*** FLOP *** [4h 3h 3d]
*** TURN *** [4h 3h 3d] [2d]
*** RIVER *** [4h 3h 3d 2d] [9s]
*** SHOW DOWN ***
aoish30: shows [Ad Th] (a pair of Threes)
Alehandr0777: shows [5h 5d] (two pair, Fives and Threes)
Alehandr0777 collected $11.08 from pot
*** SUMMARY ***
Total pot $11.66 | Rake $0.58 
Board [4h 3h 3d 2d 9s]
Seat 1: Xenicide (small blind) folded before Flop
Seat 2: IcanDodgeYou (big blind) folded before Flop
Seat 3: chinokevin13 folded before Flop (didn't bet)
Seat 4: aoish30 showed [Ad Th] and lost with a pair of Threes
Seat 5: Alehandr0777 showed [5h 5d] and won ($11.08) with two pair, Fives and Threes
Seat 6: omar2967 (button) folded before Flop (didn't bet)



PokerStars Hand #254250240036:  Hold'em No Limit ($0.50/$1.00 USD) - 2025/01/07 20:04:15 WET [2025/01/07 15:04:15 ET]
Table 'Ithaka II' 6-max Seat #1 is the button
Seat 1: Xenicide ($127.32 in chips) 
Seat 2: IcanDodgeYou ($10.96 in chips) 
Seat 3: chinokevin13 ($100 in chips) 
Seat 4: aoish30 ($100 in chips) 
Seat 5: Alehandr0777 ($11.08 in chips) 
Seat 6: omar2967 ($27.31 in chips) 
IcanDodgeYou: posts small blind $0.50
chinokevin13: posts big blind $1
*** HOLE CARDS ***
aoish30: raises $1.10 to $2.10
Alehandr0777: folds 
omar2967: calls $2.10
Xenicide: raises $6.90 to $9
IcanDodgeYou: folds 
chinokevin13: folds 
aoish30: folds 
omar2967: folds 
Uncalled bet ($6.90) returned to Xenicide
Xenicide collected $7.80 from pot
*** SUMMARY ***
Total pot $7.80 | Rake $0 
Seat 1: Xenicide (button) collected ($7.80)
Seat 2: IcanDodgeYou (small blind) folded before Flop
Seat 3: chinokevin13 (big blind) folded before Flop
Seat 4: aoish30 folded before Flop
Seat 5: Alehandr0777 folded before Flop (didn't bet)
Seat 6: omar2967 folded before Flop



PokerStars Hand #254250249067:  Hold'em No Limit ($0.50/$1.00 USD) - 2025/01/07 20:04:44 WET [2025/01/07 15:04:44 ET]
Table 'Ithaka II' 6-max Seat #2 is the button
Seat 1: Xenicide ($133.02 in chips) 
Seat 2: IcanDodgeYou ($10.46 in chips) 
Seat 3: chinokevin13 ($100 in chips) 
Seat 4: aoish30 ($100 in chips) 
Seat 5: Alehandr0777 ($11.08 in chips) 
Seat 6: omar2967 ($25.21 in chips) 
chinokevin13: posts small blind $0.50
aoish30: posts big blind $1
*** HOLE CARDS ***
Alehandr0777: folds 
omar2967: calls $1
Xenicide: raises $3 to $4
IcanDodgeYou: folds 
chinokevin13: folds 
aoish30: raises $12 to $16
omar2967: folds 
Xenicide: folds 
Uncalled bet ($12) returned to aoish30
aoish30 collected $9.50 from pot
aoish30: doesn't show hand 
*** SUMMARY ***
Total pot $9.50 | Rake $0 
Seat 1: Xenicide folded before Flop
Seat 2: IcanDodgeYou (button) folded before Flop (didn't bet)
Seat 3: chinokevin13 (small blind) folded before Flop
Seat 4: aoish30 (big blind) collected ($9.50)
Seat 5: Alehandr0777 folded before Flop (didn't bet)
Seat 6: omar2967 folded before Flop



PokerStars Hand #254250261682:  Hold'em No Limit ($0.50/$1.00 USD) - 2025/01/07 20:05:22 WET [2025/01/07 15:05:22 ET]
Table 'Ithaka II' 6-max Seat #3 is the button
Seat 1: Xenicide ($129.02 in chips) 
Seat 2: IcanDodgeYou ($10.46 in chips) 
Seat 3: chinokevin13 ($100 in chips) 
Seat 4: aoish30 ($105.50 in chips) 
Seat 5: Alehandr0777 ($11.08 in chips) 
Seat 6: omar2967 ($24.21 in chips) 
aoish30: posts small blind $0.50
Alehandr0777: posts big blind $1
*** HOLE CARDS ***
omar2967: calls $1
Xenicide: folds 
IcanDodgeYou: calls $1
chinokevin13: raises $6 to $7
aoish30: folds 
Alehandr0777: folds 
omar2967: calls $6
IcanDodgeYou: folds 
*** FLOP *** [8d 8h 3d]
omar2967: checks 
chinokevin13: bets $31.40
omar2967: calls $17.21 and is all-in
Uncalled bet ($14.19) returned to chinokevin13
*** TURN *** [8d 8h 3d] [8s]
*** RIVER *** [8d 8h 3d 8s] [2d]
*** SHOW DOWN ***
omar2967: shows [5d Qd] (a flush, Queen high)
chinokevin13: shows [Th Tc] (a full house, Eights full of Tens)
chinokevin13 collected $48.42 from pot
*** SUMMARY ***
Total pot $50.92 | Rake $2.50 
Board [8d 8h 3d 8s 2d]
Seat 1: Xenicide folded before Flop (didn't bet)
Seat 2: IcanDodgeYou folded before Flop
Seat 3: chinokevin13 (button) showed [Th Tc] and won ($48.42) with a full house, Eights full of Tens
Seat 4: aoish30 (small blind) folded before Flop
Seat 5: Alehandr0777 (big blind) folded before Flop
Seat 6: omar2967 showed [5d Qd] and lost with a flush, Queen high



PokerStars Hand #254250280238:  Hold'em No Limit ($0.50/$1.00 USD) - 2025/01/07 20:06:18 WET [2025/01/07 15:06:18 ET]
Table 'Ithaka II' 6-max Seat #4 is the button
Seat 6: omar2967 ($0 in chips) is sitting out
Seat 1: Xenicide ($129.02 in chips) 
Seat 2: IcanDodgeYou ($9.46 in chips) 
Seat 3: chinokevin13 ($124.21 in chips) 
Seat 4: aoish30 ($105 in chips) 
Seat 5: Alehandr0777 ($10.08 in chips) 
Alehandr0777: posts small blind $0.50
Xenicide: posts big blind $1
*** HOLE CARDS ***
IcanDodgeYou: folds 
chinokevin13: folds 
aoish30: raises $1.50 to $2.50
Alehandr0777: folds 
Xenicide: folds 
Uncalled bet ($1.50) returned to aoish30
aoish30 collected $2.50 from pot
aoish30: doesn't show hand 
*** SUMMARY ***
Total pot $2.50 | Rake $0 
Seat 6: omar2967
Seat 1: Xenicide (big blind) folded before Flop
Seat 2: IcanDodgeYou folded before Flop (didn't bet)
Seat 3: chinokevin13 folded before Flop (didn't bet)
Seat 4: aoish30 (button) collected ($2.50)
Seat 5: Alehandr0777 (small blind) folded before Flop



PokerStars Hand #254250286051:  Hold'em No Limit ($0.50/$1.00 USD) - 2025/01/07 20:06:36 WET [2025/01/07 15:06:36 ET]
Table 'Ithaka II' 6-max Seat #5 is the button
Seat 6: omar2967 ($0 in chips) is sitting out
Seat 1: Xenicide ($128.02 in chips) 
Seat 2: IcanDodgeYou ($9.46 in chips) 
Seat 3: chinokevin13 ($124.21 in chips) 
Seat 4: aoish30 ($106.50 in chips) 
Seat 5: Alehandr0777 ($9.58 in chips) 
Xenicide: posts small blind $0.50
IcanDodgeYou: posts big blind $1
*** HOLE CARDS ***
chinokevin13: raises $1.20 to $2.20
aoish30: folds 
Alehandr0777: folds 
Xenicide: folds 
IcanDodgeYou: calls $1.20
*** FLOP *** [Th 6d 7s]
IcanDodgeYou: bets $7.26 and is all-in
chinokevin13: calls $7.26
*** TURN *** [Th 6d 7s] [3c]
*** RIVER *** [Th 6d 7s 3c] [Jh]
*** SHOW DOWN ***
IcanDodgeYou: shows [6s 3s] (two pair, Sixes and Threes)
chinokevin13: shows [6h Ah] (a pair of Sixes)
IcanDodgeYou collected $18.45 from pot
*** SUMMARY ***
Total pot $19.42 | Rake $0.97 
Board [Th 6d 7s 3c Jh]
Seat 6: omar2967
Seat 1: Xenicide (small blind) folded before Flop
Seat 2: IcanDodgeYou (big blind) showed [6s 3s] and won ($18.45) with two pair, Sixes and Threes
Seat 3: chinokevin13 showed [6h Ah] and lost with a pair of Sixes
Seat 4: aoish30 folded before Flop (didn't bet)
Seat 5: Alehandr0777 (button) folded before Flop (didn't bet)



PokerStars Hand #254250293237:  Hold'em No Limit ($0.50/$1.00 USD) - 2025/01/07 20:06:57 WET [2025/01/07 15:06:57 ET]
Table 'Ithaka II' 6-max Seat #1 is the button
Seat 1: Xenicide ($127.52 in chips) 
Seat 2: IcanDodgeYou ($18.45 in chips) 
Seat 3: chinokevin13 ($114.75 in chips) 
Seat 4: aoish30 ($106.50 in chips) 
Seat 5: Alehandr0777 ($9.58 in chips) 
Seat 6: omar2967 ($63.28 in chips) 
IcanDodgeYou: posts small blind $0.50
chinokevin13: posts big blind $1
omar2967: posts small & big blinds $1.50
*** HOLE CARDS ***
aoish30: folds 
Alehandr0777: folds 
omar2967: checks 
Xenicide: folds 
IcanDodgeYou: calls $0.50
chinokevin13: raises $19 to $20
omar2967: folds 
IcanDodgeYou: folds 
Uncalled bet ($19) returned to chinokevin13
chinokevin13 collected $3.50 from pot
chinokevin13: doesn't show hand 
*** SUMMARY ***
Total pot $3.50 | Rake $0 
Seat 1: Xenicide (button) folded before Flop (didn't bet)
Seat 2: IcanDodgeYou (small blind) folded before Flop
Seat 3: chinokevin13 (big blind) collected ($3.50)
Seat 4: aoish30 folded before Flop (didn't bet)
Seat 5: Alehandr0777 folded before Flop (didn't bet)
Seat 6: omar2967 folded before Flop (didn't bet)



PokerStars Hand #254250311555:  Hold'em No Limit ($0.50/$1.00 USD) - 2025/01/07 20:07:52 WET [2025/01/07 15:07:52 ET]
Table 'Ithaka II' 6-max Seat #2 is the button
Seat 1: Xenicide ($127.52 in chips) 
Seat 2: IcanDodgeYou ($17.45 in chips) 
Seat 3: chinokevin13 ($117.25 in chips) 
Seat 4: aoish30 ($106.50 in chips) 
Seat 5: Alehandr0777 ($9.58 in chips) 
Seat 6: omar2967 ($61.78 in chips) 
chinokevin13: posts small blind $0.50
aoish30: posts big blind $1
*** HOLE CARDS ***
Alehandr0777: raises $1 to $2
omar2967: calls $2
Xenicide: folds 
IcanDodgeYou: folds 
chinokevin13: folds 
aoish30: calls $1
*** FLOP *** [3d Ad 5s]
aoish30: checks 
Alehandr0777: bets $2
omar2967: folds 
aoish30: calls $2
*** TURN *** [3d Ad 5s] [9h]
aoish30: checks 
Alehandr0777: checks 
*** RIVER *** [3d Ad 5s 9h] [3h]
aoish30: bets $7
Alehandr0777: folds 
Uncalled bet ($7) returned to aoish30
aoish30 collected $9.98 from pot
aoish30: doesn't show hand 
*** SUMMARY ***
Total pot $10.50 | Rake $0.52 
Board [3d Ad 5s 9h 3h]
Seat 1: Xenicide folded before Flop (didn't bet)
Seat 2: IcanDodgeYou (button) folded before Flop (didn't bet)
Seat 3: chinokevin13 (small blind) folded before Flop
Seat 4: aoish30 (big blind) collected ($9.98)
Seat 5: Alehandr0777 folded on the River
Seat 6: omar2967 folded on the Flop



PokerStars Hand #254250326571:  Hold'em No Limit ($0.50/$1.00 USD) - 2025/01/07 20:08:36 WET [2025/01/07 15:08:36 ET]
Table 'Ithaka II' 6-max Seat #3 is the button
Seat 1: Xenicide ($127.52 in chips) 
Seat 2: IcanDodgeYou ($17.45 in chips) 
Seat 3: chinokevin13 ($116.75 in chips) 
Seat 4: aoish30 ($112.48 in chips) 
Seat 5: Alehandr0777 ($5.58 in chips) 
Seat 6: omar2967 ($59.78 in chips) 
aoish30: posts small blind $0.50
Alehandr0777: posts big blind $1
*** HOLE CARDS ***
omar2967: calls $1
Xenicide: folds 
IcanDodgeYou is connected 
IcanDodgeYou: calls $1
chinokevin13: folds 
aoish30: folds 
Alehandr0777: raises $4.58 to $5.58 and is all-in
omar2967: folds 
IcanDodgeYou: calls $4.58
*** FLOP *** [2h 8s 9s]
*** TURN *** [2h 8s 9s] [8c]
*** RIVER *** [2h 8s 9s 8c] [3s]
*** SHOW DOWN ***
Alehandr0777: shows [3c As] (two pair, Eights and Threes)
IcanDodgeYou: shows [8h Ah] (three of a kind, Eights)
IcanDodgeYou collected $12.03 from pot
*** SUMMARY ***
Total pot $12.66 | Rake $0.63 
Board [2h 8s 9s 8c 3s]
Seat 1: Xenicide folded before Flop (didn't bet)
Seat 2: IcanDodgeYou showed [8h Ah] and won ($12.03) with three of a kind, Eights
Seat 3: chinokevin13 (button) folded before Flop (didn't bet)
Seat 4: aoish30 (small blind) folded before Flop
Seat 5: Alehandr0777 (big blind) showed [3c As] and lost with two pair, Eights and Threes
Seat 6: omar2967 folded before Flop



PokerStars Hand #254250336901:  Hold'em No Limit ($0.50/$1.00 USD) - 2025/01/07 20:09:07 WET [2025/01/07 15:09:07 ET]
Table 'Ithaka II' 6-max Seat #4 is the button
Seat 5: Alehandr0777 ($0 in chips) is sitting out
Seat 1: Xenicide ($127.52 in chips) 
Seat 2: IcanDodgeYou ($23.90 in chips) 
Seat 3: chinokevin13 ($116.75 in chips) 
Seat 4: aoish30 ($111.98 in chips) 
Seat 6: omar2967 ($58.78 in chips) 
omar2967: posts small blind $0.50
Xenicide: posts big blind $1
*** HOLE CARDS ***
IcanDodgeYou has timed out
IcanDodgeYou: folds 
chinokevin13: folds 
aoish30: folds 
omar2967: calls $0.50
Xenicide: raises $3.50 to $4.50
omar2967: calls $3.50
*** FLOP *** [Kd 3d 4h]
omar2967: checks 
Xenicide: bets $2.65
omar2967: calls $2.65
*** TURN *** [Kd 3d 4h] [6s]
omar2967: checks 
Xenicide: checks 
*** RIVER *** [Kd 3d 4h 6s] [Ac]
omar2967: checks 
Xenicide: bets $7.47
IcanDodgeYou is disconnected 
omar2967: calls $7.47
*** SHOW DOWN ***
Xenicide: shows [Ah 2s] (a pair of Aces)
omar2967: mucks hand 
Xenicide collected $27.78 from pot
*** SUMMARY ***
Total pot $29.24 | Rake $1.46 
Board [Kd 3d 4h 6s Ac]
Seat 5: Alehandr0777
Seat 1: Xenicide (big blind) showed [Ah 2s] and won ($27.78) with a pair of Aces
Seat 2: IcanDodgeYou folded before Flop (didn't bet)
Seat 3: chinokevin13 folded before Flop (didn't bet)
Seat 4: aoish30 (button) folded before Flop (didn't bet)
Seat 6: omar2967 (small blind) mucked



PokerStars Hand #254250362633:  Hold'em No Limit ($0.50/$1.00 USD) - 2025/01/07 20:10:24 WET [2025/01/07 15:10:24 ET]
Table 'Ithaka II' 6-max Seat #6 is the button
Seat 2: IcanDodgeYou ($23.90 in chips) is sitting out
Seat 1: Xenicide ($140.68 in chips) 
Seat 3: chinokevin13 ($116.75 in chips) 
Seat 4: aoish30 ($111.98 in chips) 
Seat 5: Alehandr0777 ($10 in chips) 
Seat 6: omar2967 ($44.16 in chips) 
Xenicide: posts small blind $0.50
chinokevin13: posts big blind $1
Alehandr0777: posts small blind $0.50
*** HOLE CARDS ***
aoish30: folds 
Alehandr0777: raises $1 to $2
omar2967: calls $2
Xenicide: folds 
chinokevin13: folds 
*** FLOP *** [Ks 3d 5c]
Alehandr0777: checks 
omar2967: checks 
*** TURN *** [Ks 3d 5c] [Kh]
Alehandr0777: checks 
omar2967: checks 
*** RIVER *** [Ks 3d 5c Kh] [7c]
Alehandr0777: checks 
omar2967: checks 
*** SHOW DOWN ***
Alehandr0777: shows [Jd Qh] (a pair of Kings)
omar2967: shows [7h 8h] (two pair, Kings and Sevens)
omar2967 collected $5.70 from pot
*** SUMMARY ***
Total pot $6 | Rake $0.30 
Board [Ks 3d 5c Kh 7c]
Seat 2: IcanDodgeYou
Seat 1: Xenicide (small blind) folded before Flop
Seat 3: chinokevin13 (big blind) folded before Flop
Seat 4: aoish30 folded before Flop (didn't bet)
Seat 5: Alehandr0777 showed [Jd Qh] and lost with a pair of Kings
Seat 6: omar2967 (button) showed [7h 8h] and won ($5.70) with two pair, Kings and Sevens



PokerStars Hand #254250381699:  Hold'em No Limit ($0.50/$1.00 USD) - 2025/01/07 20:11:20 WET [2025/01/07 15:11:20 ET]
Table 'Ithaka II' 6-max Seat #1 is the button
Seat 2: IcanDodgeYou ($23.90 in chips) is sitting out
Seat 1: Xenicide ($140.18 in chips) 
Seat 3: chinokevin13 ($115.75 in chips) 
Seat 4: aoish30 ($111.98 in chips) 
Seat 5: Alehandr0777 ($7.50 in chips) 
Seat 6: omar2967 ($47.86 in chips) 
chinokevin13: posts small blind $0.50
aoish30: posts big blind $1
*** HOLE CARDS ***
Alehandr0777: raises $6.50 to $7.50 and is all-in
omar2967: folds 
Xenicide: folds 
chinokevin13: folds 
aoish30: folds 
Uncalled bet ($6.50) returned to Alehandr0777
Alehandr0777 collected $2.50 from pot
*** SUMMARY ***
Total pot $2.50 | Rake $0 
Seat 2: IcanDodgeYou
Seat 1: Xenicide (button) folded before Flop (didn't bet)
Seat 3: chinokevin13 (small blind) folded before Flop
Seat 4: aoish30 (big blind) folded before Flop
Seat 5: Alehandr0777 collected ($2.50)
Seat 6: omar2967 folded before Flop (didn't bet)



PokerStars Hand #254250386248:  Hold'em No Limit ($0.50/$1.00 USD) - 2025/01/07 20:11:34 WET [2025/01/07 15:11:34 ET]
Table 'Ithaka II' 6-max Seat #3 is the button
Seat 2: IcanDodgeYou ($23.90 in chips) is sitting out
Seat 1: Xenicide ($140.18 in chips) 
Seat 3: chinokevin13 ($115.25 in chips) 
Seat 4: aoish30 ($110.98 in chips) 
Seat 5: Alehandr0777 ($9 in chips) 
Seat 6: omar2967 ($47.86 in chips) 
aoish30: posts small blind $0.50
Alehandr0777: posts big blind $1
*** HOLE CARDS ***
omar2967: calls $1
Xenicide: folds 
chinokevin13: raises $2 to $3
aoish30: folds 
Alehandr0777: folds 
omar2967: calls $2
*** FLOP *** [4c Jc Jd]
omar2967: checks 
chinokevin13: bets $2.35
omar2967: folds 
Uncalled bet ($2.35) returned to chinokevin13
chinokevin13 collected $7.12 from pot
chinokevin13: doesn't show hand 
*** SUMMARY ***
Total pot $7.50 | Rake $0.38 
Board [4c Jc Jd]
Seat 2: IcanDodgeYou
Seat 1: Xenicide folded before Flop (didn't bet)
Seat 3: chinokevin13 (button) collected ($7.12)
Seat 4: aoish30 (small blind) folded before Flop
Seat 5: Alehandr0777 (big blind) folded before Flop
Seat 6: omar2967 folded on the Flop



PokerStars Hand #254250401406:  Hold'em No Limit ($0.50/$1.00 USD) - 2025/01/07 20:12:18 WET [2025/01/07 15:12:18 ET]
Table 'Ithaka II' 6-max Seat #4 is the button
Seat 2: IcanDodgeYou ($23.90 in chips) is sitting out
Seat 1: Xenicide ($140.18 in chips) 
Seat 3: chinokevin13 ($119.37 in chips) 
Seat 4: aoish30 ($110.48 in chips) 
Seat 5: Alehandr0777 ($8 in chips) 
Seat 6: omar2967 ($44.86 in chips) 
Alehandr0777: posts small blind $0.50
omar2967: posts big blind $1
*** HOLE CARDS ***
Xenicide: raises $1 to $2
chinokevin13: raises $5 to $7
aoish30: folds 
Alehandr0777: folds 
omar2967: calls $6
Xenicide: raises $15 to $22
chinokevin13: raises $97.37 to $119.37 and is all-in
omar2967: folds 
Xenicide: folds 
Uncalled bet ($97.37) returned to chinokevin13
chinokevin13 collected $51.50 from pot
chinokevin13: doesn't show hand 
*** SUMMARY ***
Total pot $51.50 | Rake $0 
Seat 2: IcanDodgeYou
Seat 1: Xenicide folded before Flop
Seat 3: chinokevin13 collected ($51.50)
Seat 4: aoish30 (button) folded before Flop (didn't bet)
Seat 5: Alehandr0777 (small blind) folded before Flop
Seat 6: omar2967 (big blind) folded before Flop



PokerStars Hand #254250419787:  Hold'em No Limit ($0.50/$1.00 USD) - 2025/01/07 20:13:13 WET [2025/01/07 15:13:13 ET]
Table 'Ithaka II' 6-max Seat #5 is the button
Seat 2: IcanDodgeYou ($23.90 in chips) is sitting out
Seat 1: Xenicide ($118.18 in chips) 
Seat 3: chinokevin13 ($148.87 in chips) 
Seat 4: aoish30 ($110.48 in chips) 
Seat 5: Alehandr0777 ($7.50 in chips) 
Seat 6: omar2967 ($37.86 in chips) 
omar2967: posts small blind $0.50
Xenicide: posts big blind $1
*** HOLE CARDS ***
chinokevin13: folds 
aoish30: folds 
Alehandr0777: raises $1 to $2
omar2967: calls $1.50
Xenicide: folds 
*** FLOP *** [8d 6s As]
omar2967: checks 
Alehandr0777: bets $2
omar2967: calls $2
*** TURN *** [8d 6s As] [5d]
omar2967: checks 
Alehandr0777: bets $3.50 and is all-in
omar2967: calls $3.50
*** RIVER *** [8d 6s As 5d] [7c]
*** SHOW DOWN ***
omar2967: shows [6h Tc] (a pair of Sixes)
Alehandr0777: shows [Kh Qc] (high card Ace)
omar2967 collected $15.20 from pot
*** SUMMARY ***
Total pot $16 | Rake $0.80 
Board [8d 6s As 5d 7c]
Seat 2: IcanDodgeYou
Seat 1: Xenicide (big blind) folded before Flop
Seat 3: chinokevin13 folded before Flop (didn't bet)
Seat 4: aoish30 folded before Flop (didn't bet)
Seat 5: Alehandr0777 (button) showed [Kh Qc] and lost with high card Ace
Seat 6: omar2967 (small blind) showed [6h Tc] and won ($15.20) with a pair of Sixes



PokerStars Hand #254250433135:  Hold'em No Limit ($0.50/$1.00 USD) - 2025/01/07 20:13:52 WET [2025/01/07 15:13:52 ET]
Table 'Ithaka II' 6-max Seat #6 is the button
Seat 2: IcanDodgeYou ($23.90 in chips) is sitting out
Seat 5: Alehandr0777 ($0 in chips) is sitting out
Seat 1: Xenicide ($117.18 in chips) 
Seat 3: chinokevin13 ($148.87 in chips) 
Seat 4: aoish30 ($110.48 in chips) 
Seat 6: omar2967 ($45.56 in chips) 
Xenicide: posts small blind $0.50
chinokevin13: posts big blind $1
*** HOLE CARDS ***
aoish30: folds 
omar2967: calls $1
Xenicide: raises $4.50 to $5.50
chinokevin13: raises $9.50 to $15
omar2967: folds 
Xenicide: folds 
Uncalled bet ($9.50) returned to chinokevin13
chinokevin13 collected $12 from pot
chinokevin13: doesn't show hand 
*** SUMMARY ***
Total pot $12 | Rake $0 
Seat 2: IcanDodgeYou
Seat 5: Alehandr0777
Seat 1: Xenicide (small blind) folded before Flop
Seat 3: chinokevin13 (big blind) collected ($12)
Seat 4: aoish30 folded before Flop (didn't bet)
Seat 6: omar2967 (button) folded before Flop



PokerStars Hand #254250442819:  Hold'em No Limit ($0.50/$1.00 USD) - 2025/01/07 20:14:20 WET [2025/01/07 15:14:20 ET]
Table 'Ithaka II' 6-max Seat #1 is the button
Seat 2: IcanDodgeYou ($23.90 in chips) is sitting out
Seat 5: Alehandr0777 ($0 in chips) is sitting out
Seat 1: Xenicide ($111.68 in chips) 
Seat 3: chinokevin13 ($155.37 in chips) 
Seat 4: aoish30 ($110.48 in chips) 
Seat 6: omar2967 ($44.56 in chips) 
chinokevin13: posts small blind $0.50
aoish30: posts big blind $1
*** HOLE CARDS ***
omar2967: calls $1
Xenicide: folds 
chinokevin13: folds 
aoish30: checks 
*** FLOP *** [7h 6h Jd]
aoish30: checks 
omar2967: bets $1
aoish30: raises $3 to $4
omar2967: calls $3
*** TURN *** [7h 6h Jd] [Kd]
aoish30: bets $9.98
omar2967: calls $9.98
*** RIVER *** [7h 6h Jd Kd] [Jc]
aoish30: bets $29.46
omar2967: folds 
Uncalled bet ($29.46) returned to aoish30
aoish30 collected $29.46 from pot
aoish30: doesn't show hand 
*** SUMMARY ***
Total pot $30.46 | Rake $1 
Board [7h 6h Jd Kd Jc]
Seat 2: IcanDodgeYou
Seat 5: Alehandr0777
Seat 1: Xenicide (button) folded before Flop (didn't bet)
Seat 3: chinokevin13 (small blind) folded before Flop
Seat 4: aoish30 (big blind) collected ($29.46)
Seat 6: omar2967 folded on the River



PokerStars Hand #254250459444:  Hold'em No Limit ($0.50/$1.00 USD) - 2025/01/07 20:15:10 WET [2025/01/07 15:15:10 ET]
Table 'Ithaka II' 6-max Seat #3 is the button
Seat 2: IcanDodgeYou ($23.90 in chips) is sitting out
Seat 1: Xenicide ($111.68 in chips) 
Seat 3: chinokevin13 ($154.87 in chips) 
Seat 4: aoish30 ($124.96 in chips) 
Seat 5: Alehandr0777 ($10 in chips) 
Seat 6: omar2967 ($29.58 in chips) 
aoish30: posts small blind $0.50
Alehandr0777: posts big blind $1
*** HOLE CARDS ***
omar2967: calls $1
Xenicide: folds 
chinokevin13: folds 
aoish30: folds 
Alehandr0777: checks 
*** FLOP *** [Ah Ac Qd]
Alehandr0777: checks 
omar2967: checks 
*** TURN *** [Ah Ac Qd] [8h]
Alehandr0777: checks 
omar2967: checks 
*** RIVER *** [Ah Ac Qd 8h] [Jd]
Alehandr0777: bets $2.38
omar2967: calls $2.38
*** SHOW DOWN ***
Alehandr0777: shows [9h Tc] (a straight, Eight to Queen)
omar2967: mucks hand 
Alehandr0777 collected $6.90 from pot
*** SUMMARY ***
Total pot $7.26 | Rake $0.36 
Board [Ah Ac Qd 8h Jd]
Seat 2: IcanDodgeYou
Seat 1: Xenicide folded before Flop (didn't bet)
Seat 3: chinokevin13 (button) folded before Flop (didn't bet)
Seat 4: aoish30 (small blind) folded before Flop
Seat 5: Alehandr0777 (big blind) showed [9h Tc] and won ($6.90) with a straight, Eight to Queen
Seat 6: omar2967 mucked



PokerStars Hand #254250475118:  Hold'em No Limit ($0.50/$1.00 USD) - 2025/01/07 20:15:56 WET [2025/01/07 15:15:56 ET]
Table 'Ithaka II' 6-max Seat #4 is the button
Seat 2: IcanDodgeYou ($23.90 in chips) is sitting out
Seat 1: Xenicide ($111.68 in chips) 
Seat 3: chinokevin13 ($154.87 in chips) 
Seat 4: aoish30 ($124.46 in chips) 
Seat 5: Alehandr0777 ($13.52 in chips) 
Seat 6: omar2967 ($26.20 in chips) 
Alehandr0777: posts small blind $0.50
omar2967: posts big blind $1
*** HOLE CARDS ***
Xenicide: folds 
chinokevin13: folds 
aoish30: folds 
Alehandr0777: folds 
Uncalled bet ($0.50) returned to omar2967
omar2967 collected $1 from pot
*** SUMMARY ***
Total pot $1 | Rake $0 
Seat 2: IcanDodgeYou
Seat 1: Xenicide folded before Flop (didn't bet)
Seat 3: chinokevin13 folded before Flop (didn't bet)
Seat 4: aoish30 (button) folded before Flop (didn't bet)
Seat 5: Alehandr0777 (small blind) folded before Flop
Seat 6: omar2967 (big blind) collected ($1)



PokerStars Hand #254250479067:  Hold'em No Limit ($0.50/$1.00 USD) - 2025/01/07 20:16:08 WET [2025/01/07 15:16:08 ET]
Table 'Ithaka II' 6-max Seat #5 is the button
Seat 2: IcanDodgeYou ($23.90 in chips) is sitting out
Seat 1: Xenicide ($111.68 in chips) 
Seat 3: chinokevin13 ($154.87 in chips) 
Seat 4: aoish30 ($124.46 in chips) 
Seat 5: Alehandr0777 ($13.02 in chips) 
Seat 6: omar2967 ($26.70 in chips) 
omar2967: posts small blind $0.50
Xenicide: posts big blind $1
*** HOLE CARDS ***
chinokevin13: folds 
aoish30: folds 
Alehandr0777: folds 
omar2967: calls $0.50
Xenicide: raises $3.50 to $4.50
omar2967: calls $3.50
*** FLOP *** [8s 7c Jh]
omar2967: checks 
Xenicide: bets $2.99
omar2967: folds 
Uncalled bet ($2.99) returned to Xenicide
Xenicide collected $8.55 from pot
*** SUMMARY ***
Total pot $9 | Rake $0.45 
Board [8s 7c Jh]
Seat 2: IcanDodgeYou
Seat 1: Xenicide (big blind) collected ($8.55)
Seat 3: chinokevin13 folded before Flop (didn't bet)
Seat 4: aoish30 folded before Flop (didn't bet)
Seat 5: Alehandr0777 (button) folded before Flop (didn't bet)
Seat 6: omar2967 (small blind) folded on the Flop



PokerStars Hand #254250488251:  Hold'em No Limit ($0.50/$1.00 USD) - 2025/01/07 20:16:35 WET [2025/01/07 15:16:35 ET]
Table 'Ithaka II' 6-max Seat #6 is the button
Seat 2: IcanDodgeYou ($23.90 in chips) is sitting out
Seat 1: Xenicide ($115.73 in chips) 
Seat 3: chinokevin13 ($154.87 in chips) 
Seat 4: aoish30 ($124.46 in chips) 
Seat 5: Alehandr0777 ($13.02 in chips) 
Seat 6: omar2967 ($22.20 in chips) 
Xenicide: posts small blind $0.50
chinokevin13: posts big blind $1
*** HOLE CARDS ***
aoish30: folds 
Alehandr0777: folds 
omar2967: calls $1
Xenicide: folds 
chinokevin13: checks 
*** FLOP *** [Th 3d Td]
chinokevin13: bets $1
omar2967: folds 
Uncalled bet ($1) returned to chinokevin13
chinokevin13 collected $2.38 from pot
chinokevin13: doesn't show hand 
*** SUMMARY ***
Total pot $2.50 | Rake $0.12 
Board [Th 3d Td]
Seat 2: IcanDodgeYou
Seat 1: Xenicide (small blind) folded before Flop
Seat 3: chinokevin13 (big blind) collected ($2.38)
Seat 4: aoish30 folded before Flop (didn't bet)
Seat 5: Alehandr0777 folded before Flop (didn't bet)
Seat 6: omar2967 (button) folded on the Flop



PokerStars Hand #254250496022:  Hold'em No Limit ($0.50/$1.00 USD) - 2025/01/07 20:16:58 WET [2025/01/07 15:16:58 ET]
Table 'Ithaka II' 6-max Seat #1 is the button
Seat 2: IcanDodgeYou ($23.90 in chips) is sitting out
Seat 1: Xenicide ($115.23 in chips) 
Seat 3: chinokevin13 ($156.25 in chips) 
Seat 4: aoish30 ($124.46 in chips) 
Seat 5: Alehandr0777 ($13.02 in chips) 
Seat 6: omar2967 ($21.20 in chips) 
chinokevin13: posts small blind $0.50
aoish30: posts big blind $1
*** HOLE CARDS ***
Alehandr0777: folds 
omar2967: calls $1
Xenicide: raises $3.50 to $4.50
chinokevin13: folds 
aoish30: folds 
omar2967: calls $3.50
*** FLOP *** [3c 6d As]
omar2967: checks 
Xenicide: bets $2.50
omar2967: calls $2.50
*** TURN *** [3c 6d As] [8s]
omar2967: checks 
Xenicide: bets $5.15
omar2967: calls $5.15
*** RIVER *** [3c 6d As 8s] [Jc]
omar2967: checks 
Xenicide: bets $9.50
omar2967: folds 
Uncalled bet ($9.50) returned to Xenicide
Xenicide collected $24.51 from pot
*** SUMMARY ***
Total pot $25.80 | Rake $1.29 
Board [3c 6d As 8s Jc]
Seat 2: IcanDodgeYou
Seat 1: Xenicide (button) collected ($24.51)
Seat 3: chinokevin13 (small blind) folded before Flop
Seat 4: aoish30 (big blind) folded before Flop
Seat 5: Alehandr0777 folded before Flop (didn't bet)
Seat 6: omar2967 folded on the River



PokerStars Hand #254250515107:  Hold'em No Limit ($0.50/$1.00 USD) - 2025/01/07 20:17:54 WET [2025/01/07 15:17:54 ET]
Table 'Ithaka II' 6-max Seat #3 is the button
Seat 2: IcanDodgeYou ($23.90 in chips) is sitting out
Seat 1: Xenicide ($127.59 in chips) 
Seat 3: chinokevin13 ($155.75 in chips) 
Seat 4: aoish30 ($123.46 in chips) 
Seat 5: Alehandr0777 ($13.02 in chips) 
Seat 6: omar2967 ($9.05 in chips) 
aoish30: posts small blind $0.50
Alehandr0777: posts big blind $1
*** HOLE CARDS ***
omar2967: calls $1
Xenicide: folds 
chinokevin13: raises $3 to $4
aoish30: folds 
Alehandr0777: folds 
omar2967: raises $5.05 to $9.05 and is all-in
chinokevin13: calls $5.05
*** FLOP *** [As 9s 5h]
*** TURN *** [As 9s 5h] [Ac]
*** RIVER *** [As 9s 5h Ac] [9c]
*** SHOW DOWN ***
omar2967: shows [8d 6d] (two pair, Aces and Nines)
chinokevin13: shows [Ah Jd] (a full house, Aces full of Nines)
chinokevin13 collected $18.62 from pot
*** SUMMARY ***
Total pot $19.60 | Rake $0.98 
Board [As 9s 5h Ac 9c]
Seat 2: IcanDodgeYou
Seat 1: Xenicide folded before Flop (didn't bet)
Seat 3: chinokevin13 (button) showed [Ah Jd] and won ($18.62) with a full house, Aces full of Nines
Seat 4: aoish30 (small blind) folded before Flop
Seat 5: Alehandr0777 (big blind) folded before Flop
Seat 6: omar2967 showed [8d 6d] and lost with two pair, Aces and Nines



PokerStars Hand #254250525638:  Hold'em No Limit ($0.50/$1.00 USD) - 2025/01/07 20:18:25 WET [2025/01/07 15:18:25 ET]
Table 'Ithaka II' 6-max Seat #4 is the button
Seat 2: IcanDodgeYou ($23.90 in chips) is sitting out
Seat 6: omar2967 ($0 in chips) is sitting out
Seat 1: Xenicide ($127.59 in chips) 
Seat 3: chinokevin13 ($165.32 in chips) 
Seat 4: aoish30 ($122.96 in chips) 
Seat 5: Alehandr0777 ($12.02 in chips) 
Alehandr0777: posts small blind $0.50
Xenicide: posts big blind $1
*** HOLE CARDS ***
chinokevin13: folds 
aoish30: folds 
Alehandr0777: calls $0.50
Xenicide: raises $11 to $12
Alehandr0777: raises $0.02 to $12.02 and is all-in
Xenicide: calls $0.02
*** FLOP *** [8s Th 4d]
omar2967 is disconnected 
*** TURN *** [8s Th 4d] [Jc]
*** RIVER *** [8s Th 4d Jc] [Qs]
*** SHOW DOWN ***
Alehandr0777: shows [Ac 2d] (high card Ace)
Xenicide: shows [Ah Js] (a pair of Jacks)
Xenicide collected $23.04 from pot
*** SUMMARY ***
Total pot $24.04 | Rake $1 
Board [8s Th 4d Jc Qs]
Seat 2: IcanDodgeYou
Seat 6: omar2967
Seat 1: Xenicide (big blind) showed [Ah Js] and won ($23.04) with a pair of Jacks
Seat 3: chinokevin13 folded before Flop (didn't bet)
Seat 4: aoish30 (button) folded before Flop (didn't bet)
Seat 5: Alehandr0777 (small blind) showed [Ac 2d] and lost with high card Ace



PokerStars Hand #254250536348:  Hold'em No Limit ($0.50/$1.00 USD) - 2025/01/07 20:18:57 WET [2025/01/07 15:18:57 ET]
Table 'Ithaka II' 6-max Seat #1 is the button
Seat 2: IcanDodgeYou ($23.90 in chips) is sitting out
Seat 5: Alehandr0777 ($0 in chips) is sitting out
Seat 6: omar2967 ($0 in chips) is sitting out
Seat 1: Xenicide ($138.61 in chips) 
Seat 3: chinokevin13 ($165.32 in chips) 
Seat 4: aoish30 ($122.96 in chips) 
chinokevin13: posts small blind $0.50
aoish30: posts big blind $1
*** HOLE CARDS ***
Xenicide: folds 
IcanDodgeYou is disconnected 
chinokevin13: raises $2 to $3
aoish30: folds 
Uncalled bet ($2) returned to chinokevin13
chinokevin13 collected $2 from pot
chinokevin13: doesn't show hand 
*** SUMMARY ***
Total pot $2 | Rake $0 
Seat 2: IcanDodgeYou
Seat 5: Alehandr0777
Seat 6: omar2967
Seat 1: Xenicide (button) folded before Flop (didn't bet)
Seat 3: chinokevin13 (small blind) collected ($2)
Seat 4: aoish30 (big blind) folded before Flop



PokerStars Hand #254250539816:  Hold'em No Limit ($0.50/$1.00 USD) - 2025/01/07 20:19:07 WET [2025/01/07 15:19:07 ET]
Table 'Ithaka II' 6-max Seat #3 is the button
Seat 2: IcanDodgeYou ($23.90 in chips) is sitting out
Seat 5: Alehandr0777 ($0 in chips) is sitting out
Seat 6: omar2967 ($0 in chips) is sitting out
Seat 1: Xenicide ($138.61 in chips) 
Seat 3: chinokevin13 ($166.32 in chips) 
Seat 4: aoish30 ($121.96 in chips) 
aoish30: posts small blind $0.50
Xenicide: posts big blind $1
*** HOLE CARDS ***
chinokevin13: folds 
aoish30: folds 
Uncalled bet ($0.50) returned to Xenicide
Xenicide collected $1 from pot
*** SUMMARY ***
Total pot $1 | Rake $0 
Seat 2: IcanDodgeYou
Seat 5: Alehandr0777
Seat 6: omar2967
Seat 1: Xenicide (big blind) collected ($1)
Seat 3: chinokevin13 (button) folded before Flop (didn't bet)
Seat 4: aoish30 (small blind) folded before Flop



PokerStars Hand #254250542531:  Hold'em No Limit ($0.50/$1.00 USD) - 2025/01/07 20:19:15 WET [2025/01/07 15:19:15 ET]
Table 'Ithaka II' 6-max Seat #4 is the button
Seat 2: IcanDodgeYou ($23.90 in chips) is sitting out
Seat 5: Alehandr0777 ($0 in chips) is sitting out
Seat 6: omar2967 ($0 in chips) is sitting out
Seat 1: Xenicide ($139.11 in chips) 
Seat 3: chinokevin13 ($166.32 in chips) 
Seat 4: aoish30 ($121.46 in chips) 
Xenicide: posts small blind $0.50
chinokevin13: posts big blind $1
*** HOLE CARDS ***
aoish30: folds 
Xenicide: raises $2.50 to $3.50
chinokevin13: calls $2.50
*** FLOP *** [As Jd Th]
Xenicide: checks 
chinokevin13: checks 
*** TURN *** [As Jd Th] [3c]
Xenicide: checks 
chinokevin13: checks 
*** RIVER *** [As Jd Th 3c] [Qh]
IcanDodgeYou leaves the table
Xenicide: bets $8.31
chinokevin13: calls $8.31
*** SHOW DOWN ***
Xenicide: shows [Ts 7s] (a pair of Tens)
chinokevin13: shows [Ad 4c] (a pair of Aces)
chinokevin13 collected $22.62 from pot
*** SUMMARY ***
Total pot $23.62 | Rake $1 
Board [As Jd Th 3c Qh]
Seat 2: IcanDodgeYou
Seat 5: Alehandr0777
Seat 6: omar2967
Seat 1: Xenicide (small blind) showed [Ts 7s] and lost with a pair of Tens
Seat 3: chinokevin13 (big blind) showed [Ad 4c] and won ($22.62) with a pair of Aces
Seat 4: aoish30 (button) folded before Flop (didn't bet)



PokerStars Hand #254250570550:  Hold'em No Limit ($0.50/$1.00 USD) - 2025/01/07 20:20:39 WET [2025/01/07 15:20:39 ET]
Table 'Ithaka II' 6-max Seat #3 is the button
Seat 4: aoish30 ($121.46 in chips) is sitting out
Seat 5: Alehandr0777 ($0 in chips) is sitting out
Seat 6: omar2967 ($0 in chips) is sitting out
Seat 1: Xenicide ($127.30 in chips) 
Seat 3: chinokevin13 ($177.13 in chips) 
chinokevin13: posts small blind $0.50
aoish30: is sitting out 
Xenicide: posts big blind $1
*** HOLE CARDS ***
aoish30 leaves the table
chinokevin13: raises $2 to $3
Xenicide: calls $2
*** FLOP *** [4s Jd 2c]
Alehandr0777 is disconnected 
Xenicide: checks 
chinokevin13: bets $1.88
Xenicide: calls $1.88
*** TURN *** [4s Jd 2c] [Qh]
illarins joins the table at seat #2 
Xenicide: checks 
BallerXOne joins the table at seat #4 
chinokevin13: checks 
*** RIVER *** [4s Jd 2c Qh] [3h]
Xenicide: checks 
chinokevin13: bets $6.95
Xenicide: raises $19.69 to $26.64
chinokevin13: folds 
Uncalled bet ($19.69) returned to Xenicide
Xenicide collected $22.66 from pot
Xenicide: doesn't show hand 
*** SUMMARY ***
Total pot $23.66 | Rake $1 
Board [4s Jd 2c Qh 3h]
Seat 4: aoish30
Seat 5: Alehandr0777
Seat 6: omar2967
Seat 1: Xenicide (big blind) collected ($22.66)
Seat 3: chinokevin13 (button) (small blind) folded on the River



PokerStars Hand #254250614228:  Hold'em No Limit ($0.50/$1.00 USD) - 2025/01/07 20:22:48 WET [2025/01/07 15:22:48 ET]
Table 'Ithaka II' 6-max Seat #1 is the button
Seat 2: illarins ($112.05 in chips) is sitting out
Seat 5: Alehandr0777 ($0 in chips) is sitting out
Seat 6: omar2967 ($0 in chips) is sitting out
Seat 1: Xenicide ($138.13 in chips) 
Seat 3: chinokevin13 ($165.30 in chips) 
Seat 4: BallerXOne ($100 in chips) 
chinokevin13: posts small blind $0.50
BallerXOne: posts big blind $1
*** HOLE CARDS ***
Xenicide: folds 
chinokevin13: raises $2 to $3
BallerXOne: folds 
Uncalled bet ($2) returned to chinokevin13
chinokevin13 collected $2 from pot
chinokevin13: doesn't show hand 
*** SUMMARY ***
Total pot $2 | Rake $0 
Seat 2: illarins
Seat 5: Alehandr0777
Seat 6: omar2967
Seat 1: Xenicide (button) folded before Flop (didn't bet)
Seat 3: chinokevin13 (small blind) collected ($2)
Seat 4: BallerXOne (big blind) folded before Flop



PokerStars Hand #254250617548:  Hold'em No Limit ($0.50/$1.00 USD) - 2025/01/07 20:22:57 WET [2025/01/07 15:22:57 ET]
Table 'Ithaka II' 6-max Seat #3 is the button
Seat 2: illarins ($112.05 in chips) is sitting out
Seat 5: Alehandr0777 ($0 in chips) is sitting out
Seat 6: omar2967 ($0 in chips) is sitting out
Seat 1: Xenicide ($138.13 in chips) 
Seat 3: chinokevin13 ($166.30 in chips) 
Seat 4: BallerXOne ($100 in chips) 
BallerXOne: posts small blind $0.50
Xenicide: posts big blind $1
illarins: sits out 
*** HOLE CARDS ***
chinokevin13: raises $1.50 to $2.50
BallerXOne: folds 
Xenicide: raises $7.50 to $10
chinokevin13: raises $13 to $23
Xenicide: calls $13
*** FLOP *** [Js Jh 7d]
Xenicide: checks 
chinokevin13: bets $15.02
Xenicide: folds 
Uncalled bet ($15.02) returned to chinokevin13
chinokevin13 collected $45.50 from pot
chinokevin13: doesn't show hand 
*** SUMMARY ***
Total pot $46.50 | Rake $1 
Board [Js Jh 7d]
Seat 2: illarins
Seat 5: Alehandr0777
Seat 6: omar2967
Seat 1: Xenicide (big blind) folded on the Flop
Seat 3: chinokevin13 (button) collected ($45.50)
Seat 4: BallerXOne (small blind) folded before Flop



PokerStars Hand #254250644849:  Hold'em No Limit ($0.50/$1.00 USD) - 2025/01/07 20:24:18 WET [2025/01/07 15:24:18 ET]
Table 'Ithaka II' 6-max Seat #4 is the button
Seat 5: Alehandr0777 ($0 in chips) is sitting out
Seat 6: omar2967 ($0 in chips) is sitting out
Seat 1: Xenicide ($115.13 in chips) 
Seat 2: illarins ($112.05 in chips) 
Seat 3: chinokevin13 ($188.80 in chips) 
Seat 4: BallerXOne ($100 in chips) 
Xenicide: posts small blind $0.50
illarins: posts big blind $1
*** HOLE CARDS ***
chinokevin13: folds 
BallerXOne: raises $1.50 to $2.50
Xenicide: folds 
illarins: folds 
Uncalled bet ($1.50) returned to BallerXOne
BallerXOne collected $2.50 from pot
BallerXOne: doesn't show hand 
*** SUMMARY ***
Total pot $2.50 | Rake $0 
Seat 5: Alehandr0777
Seat 6: omar2967
Seat 1: Xenicide (small blind) folded before Flop
Seat 2: illarins (big blind) folded before Flop
Seat 3: chinokevin13 folded before Flop (didn't bet)
Seat 4: BallerXOne (button) collected ($2.50)



PokerStars Hand #254250649859:  Hold'em No Limit ($0.50/$1.00 USD) - 2025/01/07 20:24:33 WET [2025/01/07 15:24:33 ET]
Table 'Ithaka II' 6-max Seat #1 is the button
Seat 5: Alehandr0777 ($0 in chips) is sitting out
Seat 6: omar2967 ($0 in chips) is sitting out
Seat 1: Xenicide ($114.63 in chips) 
Seat 2: illarins ($111.05 in chips) 
Seat 3: chinokevin13 ($188.80 in chips) 
Seat 4: BallerXOne ($101.50 in chips) 
illarins: posts small blind $0.50
chinokevin13: posts big blind $1
*** HOLE CARDS ***
BallerXOne: folds 
Xenicide: folds 
illarins: folds 
Uncalled bet ($0.50) returned to chinokevin13
chinokevin13 collected $1 from pot
chinokevin13: doesn't show hand 
*** SUMMARY ***
Total pot $1 | Rake $0 
Seat 5: Alehandr0777
Seat 6: omar2967
Seat 1: Xenicide (button) folded before Flop (didn't bet)
Seat 2: illarins (small blind) folded before Flop
Seat 3: chinokevin13 (big blind) collected ($1)
Seat 4: BallerXOne folded before Flop (didn't bet)



PokerStars Hand #254250652739:  Hold'em No Limit ($0.50/$1.00 USD) - 2025/01/07 20:24:41 WET [2025/01/07 15:24:41 ET]
Table 'Ithaka II' 6-max Seat #2 is the button
Seat 5: Alehandr0777 ($0 in chips) is sitting out
Seat 6: omar2967 ($0 in chips) is sitting out
Seat 1: Xenicide ($114.63 in chips) 
Seat 2: illarins ($110.55 in chips) 
Seat 3: chinokevin13 ($189.30 in chips) 
Seat 4: BallerXOne ($101.50 in chips) 
chinokevin13: posts small blind $0.50
BallerXOne: posts big blind $1
*** HOLE CARDS ***
Xenicide: raises $1 to $2
illarins: folds 
chinokevin13: folds 
BallerXOne: folds 
Uncalled bet ($1) returned to Xenicide
Xenicide collected $2.50 from pot
*** SUMMARY ***
Total pot $2.50 | Rake $0 
Seat 5: Alehandr0777
Seat 6: omar2967
Seat 1: Xenicide collected ($2.50)
Seat 2: illarins (button) folded before Flop (didn't bet)
Seat 3: chinokevin13 (small blind) folded before Flop
Seat 4: BallerXOne (big blind) folded before Flop



PokerStars Hand #254250658634:  Hold'em No Limit ($0.50/$1.00 USD) - 2025/01/07 20:24:59 WET [2025/01/07 15:24:59 ET]
Table 'Ithaka II' 6-max Seat #3 is the button
Seat 5: Alehandr0777 ($0 in chips) is sitting out
Seat 6: omar2967 ($0 in chips) is sitting out
Seat 1: Xenicide ($116.13 in chips) 
Seat 2: illarins ($110.55 in chips) 
Seat 3: chinokevin13 ($188.80 in chips) 
Seat 4: BallerXOne ($100.50 in chips) 
BallerXOne: posts small blind $0.50
Xenicide: posts big blind $1
*** HOLE CARDS ***
illarins: folds 
chinokevin13: raises $1.50 to $2.50
BallerXOne: folds 
Xenicide: raises $11.50 to $14
chinokevin13: folds 
Uncalled bet ($11.50) returned to Xenicide
Xenicide collected $5.50 from pot
Xenicide: doesn't show hand 
*** SUMMARY ***
Total pot $5.50 | Rake $0 
Seat 5: Alehandr0777
Seat 6: omar2967
Seat 1: Xenicide (big blind) collected ($5.50)
Seat 2: illarins folded before Flop (didn't bet)
Seat 3: chinokevin13 (button) folded before Flop
Seat 4: BallerXOne (small blind) folded before Flop



PokerStars Hand #254250668133:  Hold'em No Limit ($0.50/$1.00 USD) - 2025/01/07 20:25:28 WET [2025/01/07 15:25:28 ET]
Table 'Ithaka II' 6-max Seat #4 is the button
Seat 5: Alehandr0777 ($0 in chips) is sitting out
Seat 6: omar2967 ($0 in chips) is sitting out
Seat 1: Xenicide ($119.13 in chips) 
Seat 2: illarins ($110.55 in chips) 
Seat 3: chinokevin13 ($186.30 in chips) 
Seat 4: BallerXOne ($100 in chips) 
Xenicide: posts small blind $0.50
illarins: posts big blind $1
*** HOLE CARDS ***
chinokevin13: folds 
BallerXOne: folds 
Xenicide: folds 
Uncalled bet ($0.50) returned to illarins
illarins collected $1 from pot
illarins: doesn't show hand 
*** SUMMARY ***
Total pot $1 | Rake $0 
Seat 5: Alehandr0777
Seat 6: omar2967
Seat 1: Xenicide (small blind) folded before Flop
Seat 2: illarins (big blind) collected ($1)
Seat 3: chinokevin13 folded before Flop (didn't bet)
Seat 4: BallerXOne (button) folded before Flop (didn't bet)



PokerStars Hand #254250670598:  Hold'em No Limit ($0.50/$1.00 USD) - 2025/01/07 20:25:35 WET [2025/01/07 15:25:35 ET]
Table 'Ithaka II' 6-max Seat #1 is the button
Seat 5: Alehandr0777 ($0 in chips) is sitting out
Seat 6: omar2967 ($0 in chips) is sitting out
Seat 1: Xenicide ($118.63 in chips) 
Seat 2: illarins ($111.05 in chips) 
Seat 3: chinokevin13 ($186.30 in chips) 
Seat 4: BallerXOne ($100 in chips) 
illarins: posts small blind $0.50
chinokevin13: posts big blind $1
*** HOLE CARDS ***
BallerXOne: folds 
Xenicide: folds 
illarins: folds 
Uncalled bet ($0.50) returned to chinokevin13
chinokevin13 collected $1 from pot
chinokevin13: doesn't show hand 
*** SUMMARY ***
Total pot $1 | Rake $0 
Seat 5: Alehandr0777
Seat 6: omar2967
Seat 1: Xenicide (button) folded before Flop (didn't bet)
Seat 2: illarins (small blind) folded before Flop
Seat 3: chinokevin13 (big blind) collected ($1)
Seat 4: BallerXOne folded before Flop (didn't bet)



PokerStars Hand #254250673932:  Hold'em No Limit ($0.50/$1.00 USD) - 2025/01/07 20:25:45 WET [2025/01/07 15:25:45 ET]
Table 'Ithaka II' 6-max Seat #2 is the button
Seat 5: Alehandr0777 ($0 in chips) is sitting out
Seat 6: omar2967 ($0 in chips) is sitting out
Seat 1: Xenicide ($118.63 in chips) 
Seat 2: illarins ($110.55 in chips) 
Seat 3: chinokevin13 ($186.80 in chips) 
Seat 4: BallerXOne ($100 in chips) 
chinokevin13: posts small blind $0.50
BallerXOne: posts big blind $1
*** HOLE CARDS ***
Xenicide: folds 
illarins: folds 
chinokevin13: raises $2 to $3
BallerXOne: raises $6 to $9
chinokevin13: folds 
Uncalled bet ($6) returned to BallerXOne
BallerXOne collected $6 from pot
BallerXOne: doesn't show hand 
*** SUMMARY ***
Total pot $6 | Rake $0 
Seat 5: Alehandr0777
Seat 6: omar2967
Seat 1: Xenicide folded before Flop (didn't bet)
Seat 2: illarins (button) folded before Flop (didn't bet)
Seat 3: chinokevin13 (small blind) folded before Flop
Seat 4: BallerXOne (big blind) collected ($6)



PokerStars Hand #254250681209:  Hold'em No Limit ($0.50/$1.00 USD) - 2025/01/07 20:26:07 WET [2025/01/07 15:26:07 ET]
Table 'Ithaka II' 6-max Seat #3 is the button
Seat 5: Alehandr0777 ($0 in chips) is sitting out
Seat 6: omar2967 ($0 in chips) is sitting out
Seat 1: Xenicide ($118.63 in chips) 
Seat 2: illarins ($110.55 in chips) 
Seat 3: chinokevin13 ($183.80 in chips) 
Seat 4: BallerXOne ($103 in chips) 
BallerXOne: posts small blind $0.50
Xenicide: posts big blind $1
*** HOLE CARDS ***
illarins: folds 
chinokevin13: folds 
BallerXOne: folds 
Uncalled bet ($0.50) returned to Xenicide
Xenicide collected $1 from pot
Alehandr0777 leaves the table
omar2967 leaves the table
*** SUMMARY ***
Total pot $1 | Rake $0 
Seat 5: Alehandr0777
Seat 6: omar2967
Seat 1: Xenicide (big blind) collected ($1)
Seat 2: illarins folded before Flop (didn't bet)
Seat 3: chinokevin13 (button) folded before Flop (didn't bet)
Seat 4: BallerXOne (small blind) folded before Flop



PokerStars Hand #254250683663:  Hold'em No Limit ($0.50/$1.00 USD) - 2025/01/07 20:26:15 WET [2025/01/07 15:26:15 ET]
Table 'Ithaka II' 6-max Seat #4 is the button
Seat 1: Xenicide ($119.13 in chips) 
Seat 2: illarins ($110.55 in chips) 
Seat 3: chinokevin13 ($183.80 in chips) 
Seat 4: BallerXOne ($102.50 in chips) 
Xenicide: posts small blind $0.50
illarins: posts big blind $1
*** HOLE CARDS ***
chinokevin13: raises $1.50 to $2.50
BallerXOne: folds 
Xenicide: folds 
illarins: folds 
Uncalled bet ($1.50) returned to chinokevin13
chinokevin13 collected $2.50 from pot
chinokevin13: doesn't show hand 
*** SUMMARY ***
Total pot $2.50 | Rake $0 
Seat 1: Xenicide (small blind) folded before Flop
Seat 2: illarins (big blind) folded before Flop
Seat 3: chinokevin13 collected ($2.50)
Seat 4: BallerXOne (button) folded before Flop (didn't bet)



PokerStars Hand #254250689670:  Hold'em No Limit ($0.50/$1.00 USD) - 2025/01/07 20:26:33 WET [2025/01/07 15:26:33 ET]
Table 'Ithaka II' 6-max Seat #2 is the button
Seat 3: chinokevin13 ($185.30 in chips) is sitting out
Seat 4: BallerXOne ($102.50 in chips) is sitting out
Seat 1: Xenicide ($118.63 in chips) 
Seat 2: illarins ($109.55 in chips) 
illarins: posts small blind $0.50
chinokevin13: is sitting out 
BallerXOne: is sitting out 
Xenicide: posts big blind $1
*** HOLE CARDS ***
illarins: raises $1.50 to $2.50
BallerXOne leaves the table
chinokevin13 leaves the table
Xenicide: folds 
Uncalled bet ($1.50) returned to illarins
illarins collected $2 from pot
illarins: doesn't show hand 
*** SUMMARY ***
Total pot $2 | Rake $0 
Seat 3: chinokevin13
Seat 4: BallerXOne
Seat 1: Xenicide (big blind) folded before Flop
Seat 2: illarins (button) (small blind) collected ($2)



PokerStars Hand #254250702368:  Hold'em No Limit ($0.50/$1.00 USD) - 2025/01/07 20:27:11 WET [2025/01/07 15:27:11 ET]
Table 'Ithaka II' 6-max Seat #5 is the button
Seat 1: Xenicide ($117.63 in chips) 
Seat 2: rao999 ($100 in chips) 
Seat 5: Scofala ($10 in chips) 
Seat 6: CichiChanMarian ($100 in chips) 
CichiChanMarian: posts small blind $0.50
Xenicide: posts big blind $1
*** HOLE CARDS ***
rao999: folds 
Scofala: calls $1
illarins joins the table at seat #3 
XneferX joins the table at seat #4 
CichiChanMarian: raises $9 to $10
Xenicide: raises $10 to $20
Scofala: folds 
CichiChanMarian: folds 
Uncalled bet ($10) returned to Xenicide
Xenicide collected $21 from pot
Xenicide: doesn't show hand 
*** SUMMARY ***
Total pot $21 | Rake $0 
Seat 1: Xenicide (big blind) collected ($21)
Seat 2: rao999 folded before Flop (didn't bet)
Seat 5: Scofala (button) folded before Flop
Seat 6: CichiChanMarian (small blind) folded before Flop



PokerStars Hand #254250718343:  Hold'em No Limit ($0.50/$1.00 USD) - 2025/01/07 20:27:58 WET [2025/01/07 15:27:58 ET]
Table 'Ithaka II' 6-max Seat #6 is the button
Seat 3: illarins ($110.55 in chips) is sitting out
Seat 4: XneferX ($100 in chips) is sitting out
Seat 1: Xenicide ($128.63 in chips) 
Seat 2: rao999 ($100 in chips) 
Seat 5: Scofala ($9 in chips) 
Seat 6: CichiChanMarian ($100 in chips) 
Xenicide: posts small blind $0.50
rao999: posts big blind $1
illarins: sits out 
XneferX: sits out 
*** HOLE CARDS ***
Scofala: calls $1
CichiChanMarian: folds 
Xenicide: folds 
rao999: checks 
*** FLOP *** [8h 8c 2d]
rao999: checks 
Scofala: bets $2
rao999: raises $97 to $99 and is all-in
Scofala: calls $6 and is all-in
Uncalled bet ($91) returned to rao999
*** TURN *** [8h 8c 2d] [6d]
*** RIVER *** [8h 8c 2d 6d] [6s]
*** SHOW DOWN ***
rao999: shows [2c Tc] (two pair, Eights and Sixes)
Scofala: shows [8d 5d] (a full house, Eights full of Sixes)
Scofala collected $17.58 from pot
rao999 cashed out the hand for $0.71 | Cash Out Fee $0.01
*** SUMMARY ***
Total pot $18.50 | Rake $0.92 
Board [8h 8c 2d 6d 6s]
Seat 3: illarins
Seat 4: XneferX
Seat 1: Xenicide (small blind) folded before Flop
Seat 2: rao999 (big blind) showed [2c Tc] and lost with two pair, Eights and Sixes (cashed out).
Seat 5: Scofala showed [8d 5d] and won ($17.58) with a full house, Eights full of Sixes
Seat 6: CichiChanMarian (button) folded before Flop (didn't bet)



PokerStars Hand #254250731636:  Hold'em No Limit ($0.50/$1.00 USD) - 2025/01/07 20:28:38 WET [2025/01/07 15:28:38 ET]
Table 'Ithaka II' 6-max Seat #1 is the button
Seat 4: XneferX ($100 in chips) is sitting out
Seat 1: Xenicide ($128.13 in chips) 
Seat 2: rao999 ($100 in chips) 
Seat 3: illarins ($110.55 in chips) 
Seat 5: Scofala ($17.58 in chips) 
Seat 6: CichiChanMarian ($100 in chips) 
rao999: posts small blind $0.50
illarins: posts big blind $1
XneferX: sits out 
*** HOLE CARDS ***
Scofala: folds 
Scofala leaves the table
CichiChanMarian: folds 
chinokevin13 joins the table at seat #5 
Xenicide: raises $1.25 to $2.25
rao999: folds 
illarins: folds 
Uncalled bet ($1.25) returned to Xenicide
chinokevin13 leaves the table
Xenicide collected $2.50 from pot
*** SUMMARY ***
Total pot $2.50 | Rake $0 
Seat 4: XneferX
Seat 1: Xenicide (button) collected ($2.50)
Seat 2: rao999 (small blind) folded before Flop
Seat 3: illarins (big blind) folded before Flop
Seat 5: Scofala folded before Flop (didn't bet)
Seat 6: CichiChanMarian folded before Flop (didn't bet)



PokerStars Hand #254250740073:  Hold'em No Limit ($0.50/$1.00 USD) - 2025/01/07 20:29:03 WET [2025/01/07 15:29:03 ET]
Table 'Ithaka II' 6-max Seat #2 is the button
Seat 1: Xenicide ($129.63 in chips) 
Seat 2: rao999 ($100 in chips) 
Seat 3: illarins ($109.55 in chips) 
Seat 4: XneferX ($100 in chips) 
Seat 6: CichiChanMarian ($100 in chips) 
illarins: posts small blind $0.50
XneferX: posts big blind $1
*** HOLE CARDS ***
CichiChanMarian: folds 
Xenicide: folds 
70peppino joins the table at seat #5 
rao999: raises $1 to $2
illarins: folds 
XneferX: folds 
Uncalled bet ($1) returned to rao999
rao999 collected $2.50 from pot
rao999: doesn't show hand 
*** SUMMARY ***
Total pot $2.50 | Rake $0 
Seat 1: Xenicide folded before Flop (didn't bet)
Seat 2: rao999 (button) collected ($2.50)
Seat 3: illarins (small blind) folded before Flop
Seat 4: XneferX (big blind) folded before Flop
Seat 6: CichiChanMarian folded before Flop (didn't bet)



PokerStars Hand #254250748474:  Hold'em No Limit ($0.50/$1.00 USD) - 2025/01/07 20:29:28 WET [2025/01/07 15:29:28 ET]
Table 'Ithaka II' 6-max Seat #3 is the button
Seat 1: Xenicide ($129.63 in chips) 
Seat 2: rao999 ($101.50 in chips) 
Seat 3: illarins ($109.05 in chips) 
Seat 4: XneferX ($100 in chips) 
Seat 5: 70peppino ($100 in chips) 
Seat 6: CichiChanMarian ($100 in chips) 
XneferX: posts small blind $0.50
70peppino: posts big blind $1
*** HOLE CARDS ***
CichiChanMarian: folds 
Xenicide: folds 
rao999: folds 
illarins: folds 
XneferX: folds 
Uncalled bet ($0.50) returned to 70peppino
70peppino collected $1 from pot
70peppino: doesn't show hand 
*** SUMMARY ***
Total pot $1 | Rake $0 
Seat 1: Xenicide folded before Flop (didn't bet)
Seat 2: rao999 folded before Flop (didn't bet)
Seat 3: illarins (button) folded before Flop (didn't bet)
Seat 4: XneferX (small blind) folded before Flop
Seat 5: 70peppino (big blind) collected ($1)
Seat 6: CichiChanMarian folded before Flop (didn't bet)



PokerStars Hand #254250753384:  Hold'em No Limit ($0.50/$1.00 USD) - 2025/01/07 20:29:43 WET [2025/01/07 15:29:43 ET]
Table 'Ithaka II' 6-max Seat #4 is the button
Seat 1: Xenicide ($129.63 in chips) is sitting out
Seat 6: CichiChanMarian ($100 in chips) is sitting out
Seat 2: rao999 ($101.50 in chips) 
Seat 3: illarins ($109.05 in chips) 
Seat 4: XneferX ($100 in chips) 
Seat 5: 70peppino ($100.50 in chips) 
70peppino: posts small blind $0.50
CichiChanMarian: is sitting out 
Xenicide: is sitting out 
rao999: posts big blind $1
*** HOLE CARDS ***
Xenicide leaves the table
illarins: folds 
XneferX: folds 
70peppino: folds 
Uncalled bet ($0.50) returned to rao999
CichiChanMarian leaves the table
rao999 collected $1 from pot
rao999: doesn't show hand 
*** SUMMARY ***
Total pot $1 | Rake $0 
Seat 1: Xenicide
Seat 6: CichiChanMarian
Seat 2: rao999 (big blind) collected ($1)
Seat 3: illarins folded before Flop (didn't bet)
Seat 4: XneferX (button) folded before Flop (didn't bet)
Seat 5: 70peppino (small blind) folded before Flop



PokerStars Hand #254250756778:  Hold'em No Limit ($0.50/$1.00 USD) - 2025/01/07 20:29:53 WET [2025/01/07 15:29:53 ET]
Table 'Ithaka II' 6-max Seat #2 is the button
Seat 3: illarins ($109.05 in chips) is sitting out
Seat 4: XneferX ($100 in chips) is sitting out
Seat 2: rao999 ($102 in chips) 
Seat 5: 70peppino ($100 in chips) 
rao999: posts small blind $0.50
illarins: is sitting out 
XneferX: is sitting out 
70peppino: posts big blind $1
*** HOLE CARDS ***
rao999: raises $2 to $3
XneferX leaves the table
70peppino: raises $11 to $14
illarins leaves the table
rao999: folds 
Uncalled bet ($11) returned to 70peppino
70peppino collected $6 from pot
70peppino: doesn't show hand 
*** SUMMARY ***
Total pot $6 | Rake $0 
Seat 3: illarins
Seat 4: XneferX
Seat 2: rao999 (button) (small blind) folded before Flop
Seat 5: 70peppino (big blind) collected ($6)



