PokerStars Hand #254256841117:  Hold'em No Limit ($0.50/$1.00 USD) - 2025/01/08 3:41:01 WET [2025/01/07 22:41:01 ET]
Table 'Hypatia II' 6-max Seat #3 is the button
Seat 1: B1GBankroll ($100 in chips) 
Seat 2: Bakao2 ($39.52 in chips) 
Seat 3: Rysiff ($113.77 in chips) 
Seat 4: joaquin612 ($106.24 in chips) 
Seat 5: avlee1 ($128.64 in chips) 
Seat 6: G.HANSEN333 ($103.86 in chips) 
joaquin612: posts small blind $0.50
avlee1: posts big blind $1
*** HOLE CARDS ***
G.HANSEN333: folds 
B1GBankroll: raises $1.50 to $2.50
Bakao2: folds 
Rysiff: folds 
joaquin612: folds 
avlee1: folds 
Uncalled bet ($1.50) returned to B1GBankroll
B1GBankroll collected $2.50 from pot
B1GBankroll: doesn't show hand 
*** SUMMARY ***
Total pot $2.50 | Rake $0 
Seat 1: B1GBankroll collected ($2.50)
Seat 2: Bakao2 folded before Flop (didn't bet)
Seat 3: Rysiff (button) folded before Flop (didn't bet)
Seat 4: joaquin612 (small blind) folded before Flop
Seat 5: avlee1 (big blind) folded before Flop
Seat 6: G.HANSEN333 folded before Flop (didn't bet)



PokerStars Hand #254256843756:  Hold'em No Limit ($0.50/$1.00 USD) - 2025/01/08 3:41:22 WET [2025/01/07 22:41:22 ET]
Table 'Hypatia II' 6-max Seat #4 is the button
Seat 1: B1GBankroll ($101.50 in chips) 
Seat 2: Bakao2 ($39.52 in chips) 
Seat 3: Rysiff ($113.77 in chips) 
Seat 4: joaquin612 ($105.74 in chips) 
Seat 5: avlee1 ($127.64 in chips) 
Seat 6: G.HANSEN333 ($103.86 in chips) 
avlee1: posts small blind $0.50
G.HANSEN333: posts big blind $1
*** HOLE CARDS ***
B1GBankroll: folds 
Bakao2: raises $2 to $3
Rysiff: folds 
joaquin612: folds 
avlee1: folds 
G.HANSEN333: folds 
Uncalled bet ($2) returned to Bakao2
Bakao2 collected $2.50 from pot
*** SUMMARY ***
Total pot $2.50 | Rake $0 
Seat 1: B1GBankroll folded before Flop (didn't bet)
Seat 2: Bakao2 collected ($2.50)
Seat 3: Rysiff folded before Flop (didn't bet)
Seat 4: joaquin612 (button) folded before Flop (didn't bet)
Seat 5: avlee1 (small blind) folded before Flop
Seat 6: G.HANSEN333 (big blind) folded before Flop



PokerStars Hand #254256846230:  Hold'em No Limit ($0.50/$1.00 USD) - 2025/01/08 3:41:41 WET [2025/01/07 22:41:41 ET]
Table 'Hypatia II' 6-max Seat #5 is the button
Seat 1: B1GBankroll ($101.50 in chips) 
Seat 2: Bakao2 ($41.02 in chips) 
Seat 3: Rysiff ($113.77 in chips) 
Seat 4: joaquin612 ($105.74 in chips) 
Seat 5: avlee1 ($127.14 in chips) 
Seat 6: G.HANSEN333 ($102.86 in chips) 
G.HANSEN333: posts small blind $0.50
B1GBankroll: posts big blind $1
*** HOLE CARDS ***
Bakao2: raises $2 to $3
Rysiff: folds 
joaquin612: folds 
avlee1: folds 
G.HANSEN333: folds 
B1GBankroll: folds 
Uncalled bet ($2) returned to Bakao2
Bakao2 collected $2.50 from pot
*** SUMMARY ***
Total pot $2.50 | Rake $0 
Seat 1: B1GBankroll (big blind) folded before Flop
Seat 2: Bakao2 collected ($2.50)
Seat 3: Rysiff folded before Flop (didn't bet)
Seat 4: joaquin612 folded before Flop (didn't bet)
Seat 5: avlee1 (button) folded before Flop (didn't bet)
Seat 6: G.HANSEN333 (small blind) folded before Flop



PokerStars Hand #254256848443:  Hold'em No Limit ($0.50/$1.00 USD) - 2025/01/08 3:42:00 WET [2025/01/07 22:42:00 ET]
Table 'Hypatia II' 6-max Seat #6 is the button
Seat 1: B1GBankroll ($100.50 in chips) 
Seat 2: Bakao2 ($42.52 in chips) 
Seat 3: Rysiff ($113.77 in chips) 
Seat 4: joaquin612 ($105.74 in chips) 
Seat 5: avlee1 ($127.14 in chips) 
Seat 6: G.HANSEN333 ($102.36 in chips) 
B1GBankroll: posts small blind $0.50
Bakao2: posts big blind $1
*** HOLE CARDS ***
Rysiff: folds 
joaquin612: raises $2 to $3
avlee1: folds 
G.HANSEN333: folds 
B1GBankroll: folds 
Bakao2: calls $2
*** FLOP *** [5c Kd Qs]
Bakao2: checks 
joaquin612: bets $3.09
Bakao2: folds 
Uncalled bet ($3.09) returned to joaquin612
joaquin612 collected $6.18 from pot
joaquin612: doesn't show hand 
*** SUMMARY ***
Total pot $6.50 | Rake $0.32 
Board [5c Kd Qs]
Seat 1: B1GBankroll (small blind) folded before Flop
Seat 2: Bakao2 (big blind) folded on the Flop
Seat 3: Rysiff folded before Flop (didn't bet)
Seat 4: joaquin612 collected ($6.18)
Seat 5: avlee1 folded before Flop (didn't bet)
Seat 6: G.HANSEN333 (button) folded before Flop (didn't bet)



PokerStars Hand #254256851836:  Hold'em No Limit ($0.50/$1.00 USD) - 2025/01/08 3:42:27 WET [2025/01/07 22:42:27 ET]
Table 'Hypatia II' 6-max Seat #1 is the button
Seat 1: B1GBankroll ($100 in chips) 
Seat 2: Bakao2 ($39.52 in chips) 
Seat 3: Rysiff ($113.77 in chips) 
Seat 4: joaquin612 ($108.92 in chips) 
Seat 5: avlee1 ($127.14 in chips) 
Seat 6: G.HANSEN333 ($102.36 in chips) 
Bakao2: posts small blind $0.50
Rysiff: posts big blind $1
*** HOLE CARDS ***
joaquin612: folds 
avlee1: raises $1.50 to $2.50
G.HANSEN333: folds 
B1GBankroll: raises $5 to $7.50
Bakao2: raises $32.02 to $39.52 and is all-in
Rysiff: folds 
avlee1: raises $87.62 to $127.14 and is all-in
B1GBankroll: folds 
Uncalled bet ($87.62) returned to avlee1
*** FLOP *** [Js 6d 8c]
*** TURN *** [Js 6d 8c] [Qc]
*** RIVER *** [Js 6d 8c Qc] [8h]
*** SHOW DOWN ***
Bakao2: shows [Kh 5s] (a pair of Eights)
avlee1: shows [Kd Ad] (a pair of Eights - Ace kicker)
avlee1 collected $85.04 from pot
*** SUMMARY ***
Total pot $87.54 | Rake $2.50 
Board [Js 6d 8c Qc 8h]
Seat 1: B1GBankroll (button) folded before Flop
Seat 2: Bakao2 (small blind) showed [Kh 5s] and lost with a pair of Eights
Seat 3: Rysiff (big blind) folded before Flop
Seat 4: joaquin612 folded before Flop (didn't bet)
Seat 5: avlee1 showed [Kd Ad] and won ($85.04) with a pair of Eights
Seat 6: G.HANSEN333 folded before Flop (didn't bet)



PokerStars Hand #254256859203:  Hold'em No Limit ($0.50/$1.00 USD) - 2025/01/08 3:43:28 WET [2025/01/07 22:43:28 ET]
Table 'Hypatia II' 6-max Seat #3 is the button
Seat 2: Bakao2 ($0 in chips) is sitting out
Seat 1: B1GBankroll ($100 in chips) 
Seat 3: Rysiff ($112.77 in chips) 
Seat 4: joaquin612 ($108.92 in chips) 
Seat 5: avlee1 ($172.66 in chips) 
Seat 6: G.HANSEN333 ($102.36 in chips) 
joaquin612: posts small blind $0.50
avlee1: posts big blind $1
*** HOLE CARDS ***
G.HANSEN333: folds 
B1GBankroll: folds 
Bakao2 leaves the table
Rysiff: raises $1.50 to $2.50
joaquin612: raises $8.50 to $11
avlee1: folds 
Rysiff: calls $8.50
*** FLOP *** [Qs Ts As]
joaquin612: checks 
Rysiff: checks 
*** TURN *** [Qs Ts As] [7c]
joaquin612: bets $7.21
Rysiff: calls $7.21
*** RIVER *** [Qs Ts As 7c] [2s]
joaquin612: checks 
Rysiff: checks 
*** SHOW DOWN ***
joaquin612: shows [Ah Jh] (a pair of Aces)
Rysiff: shows [Tc Qc] (two pair, Queens and Tens)
Rysiff collected $35.55 from pot
*** SUMMARY ***
Total pot $37.42 | Rake $1.87 
Board [Qs Ts As 7c 2s]
Seat 2: Bakao2
Seat 1: B1GBankroll folded before Flop (didn't bet)
Seat 3: Rysiff (button) showed [Tc Qc] and won ($35.55) with two pair, Queens and Tens
Seat 4: joaquin612 (small blind) showed [Ah Jh] and lost with a pair of Aces
Seat 5: avlee1 (big blind) folded before Flop
Seat 6: G.HANSEN333 folded before Flop (didn't bet)



PokerStars Hand #254256867151:  Hold'em No Limit ($0.50/$1.00 USD) - 2025/01/08 3:44:43 WET [2025/01/07 22:44:43 ET]
Table 'Hypatia II' 6-max Seat #5 is the button
Seat 1: B1GBankroll ($100 in chips) is sitting out
Seat 3: Rysiff ($130.11 in chips) 
Seat 5: avlee1 ($171.66 in chips) 
Seat 6: G.HANSEN333 ($102.36 in chips) 
G.HANSEN333: posts small blind $0.50
B1GBankroll: is sitting out 
Rysiff: posts big blind $1
*** HOLE CARDS ***
avlee1: folds 
G.HANSEN333: folds 
Uncalled bet ($0.50) returned to Rysiff
Rysiff collected $1 from pot
Rysiff: doesn't show hand 
*** SUMMARY ***
Total pot $1 | Rake $0 
Seat 1: B1GBankroll
Seat 3: Rysiff (big blind) collected ($1)
Seat 5: avlee1 (button) folded before Flop (didn't bet)
Seat 6: G.HANSEN333 (small blind) folded before Flop



PokerStars Hand #254256867600:  Hold'em No Limit ($0.50/$1.00 USD) - 2025/01/08 3:44:50 WET [2025/01/07 22:44:50 ET]
Table 'Hypatia II' 6-max Seat #3 is the button
Seat 1: B1GBankroll ($100 in chips) is sitting out
Seat 5: avlee1 ($171.66 in chips) is sitting out
Seat 3: Rysiff ($130.61 in chips) 
Seat 6: G.HANSEN333 ($101.86 in chips) 
Rysiff: posts small blind $0.50
avlee1: is sitting out 
G.HANSEN333: posts big blind $1
*** HOLE CARDS ***
B1GBankroll leaves the table
Rysiff: raises $1.50 to $2.50
G.HANSEN333: folds 
Uncalled bet ($1.50) returned to Rysiff
Rysiff collected $2 from pot
Rysiff: doesn't show hand 
*** SUMMARY ***
Total pot $2 | Rake $0 
Seat 1: B1GBankroll
Seat 5: avlee1
Seat 3: Rysiff (button) (small blind) collected ($2)
Seat 6: G.HANSEN333 (big blind) folded before Flop



PokerStars Hand #254256868456:  Hold'em No Limit ($0.50/$1.00 USD) - 2025/01/08 3:44:59 WET [2025/01/07 22:44:59 ET]
Table 'Hypatia II' 6-max Seat #6 is the button
Seat 5: avlee1 ($171.66 in chips) is sitting out
Seat 3: Rysiff ($131.61 in chips) 
Seat 6: G.HANSEN333 ($100.86 in chips) 
G.HANSEN333: posts small blind $0.50
Rysiff: posts big blind $1
*** HOLE CARDS ***
G.HANSEN333: folds 
Uncalled bet ($0.50) returned to Rysiff
Rysiff collected $1 from pot
Rysiff: doesn't show hand 
*** SUMMARY ***
Total pot $1 | Rake $0 
Seat 5: avlee1
Seat 3: Rysiff (big blind) collected ($1)
Seat 6: G.HANSEN333 (button) (small blind) folded before Flop



PokerStars Hand #254256869946:  Hold'em No Limit ($0.50/$1.00 USD) - 2025/01/08 3:45:08 WET [2025/01/07 22:45:08 ET]
Table 'Hypatia II' 6-max Seat #3 is the button
Seat 5: avlee1 ($171.66 in chips) is sitting out
Seat 3: Rysiff ($132.11 in chips) 
Seat 6: G.HANSEN333 ($100.36 in chips) 
Rysiff: posts small blind $0.50
G.HANSEN333: posts big blind $1
*** HOLE CARDS ***
Rysiff: folds 
Uncalled bet ($0.50) returned to G.HANSEN333
G.HANSEN333 collected $1 from pot
G.HANSEN333: doesn't show hand 
*** SUMMARY ***
Total pot $1 | Rake $0 
Seat 5: avlee1
Seat 3: Rysiff (button) (small blind) folded before Flop
Seat 6: G.HANSEN333 (big blind) collected ($1)



PokerStars Hand #254256870653:  Hold'em No Limit ($0.50/$1.00 USD) - 2025/01/08 3:45:14 WET [2025/01/07 22:45:14 ET]
Table 'Hypatia II' 6-max Seat #6 is the button
Seat 5: avlee1 ($171.66 in chips) is sitting out
Seat 3: Rysiff ($131.61 in chips) 
Seat 6: G.HANSEN333 ($100.86 in chips) 
G.HANSEN333: posts small blind $0.50
Rysiff: posts big blind $1
*** HOLE CARDS ***
avlee1 leaves the table
G.HANSEN333: raises $2 to $3
Rysiff: calls $2
*** FLOP *** [8d Qh 2h]
Rysiff: checks 
G.HANSEN333: checks 
*** TURN *** [8d Qh 2h] [Ks]
Rysiff: checks 
G.HANSEN333: checks 
*** RIVER *** [8d Qh 2h Ks] [7d]
Rysiff: checks 
G.HANSEN333: bets $3
Rysiff: folds 
Uncalled bet ($3) returned to G.HANSEN333
G.HANSEN333 collected $5.70 from pot
G.HANSEN333: doesn't show hand 
*** SUMMARY ***
Total pot $6 | Rake $0.30 
Board [8d Qh 2h Ks 7d]
Seat 5: avlee1
Seat 3: Rysiff (big blind) folded on the River
Seat 6: G.HANSEN333 (button) (small blind) collected ($5.70)



PokerStars Hand #254256876484:  Hold'em No Limit ($0.50/$1.00 USD) - 2025/01/08 3:46:03 WET [2025/01/07 22:46:03 ET]
Table 'Hypatia II' 6-max Seat #3 is the button
Seat 3: Rysiff ($128.61 in chips) 
Seat 6: G.HANSEN333 ($103.56 in chips) 
Rysiff: posts small blind $0.50
G.HANSEN333: posts big blind $1
*** HOLE CARDS ***
Rysiff: folds 
Uncalled bet ($0.50) returned to G.HANSEN333
G.HANSEN333 collected $1 from pot
G.HANSEN333: doesn't show hand 
*** SUMMARY ***
Total pot $1 | Rake $0 
Seat 3: Rysiff (button) (small blind) folded before Flop
Seat 6: G.HANSEN333 (big blind) collected ($1)



PokerStars Hand #254256889518:  Hold'em No Limit ($0.50/$1.00 USD) - 2025/01/08 3:47:51 WET [2025/01/07 22:47:51 ET]
Table 'Hypatia II' 6-max Seat #6 is the button
Seat 2: jeilsons ($100 in chips) 
Seat 6: G.HANSEN333 ($104.06 in chips) 
G.HANSEN333: posts small blind $0.50
jeilsons: posts big blind $1
*** HOLE CARDS ***
G.HANSEN333: raises $2 to $3
jeilsons: folds 
Uncalled bet ($2) returned to G.HANSEN333
G.HANSEN333 collected $2 from pot
G.HANSEN333: doesn't show hand 
*** SUMMARY ***
Total pot $2 | Rake $0 
Seat 2: jeilsons (big blind) folded before Flop
Seat 6: G.HANSEN333 (button) (small blind) collected ($2)



PokerStars Hand #254256891048:  Hold'em No Limit ($0.50/$1.00 USD) - 2025/01/08 3:48:04 WET [2025/01/07 22:48:04 ET]
Table 'Hypatia II' 6-max Seat #2 is the button
Seat 2: jeilsons ($100 in chips) 
Seat 6: G.HANSEN333 ($105.06 in chips) 
jeilsons: posts small blind $0.50
G.HANSEN333: posts big blind $1
*** HOLE CARDS ***
jeilsons: raises $2 to $3
G.HANSEN333: folds 
Uncalled bet ($2) returned to jeilsons
jeilsons collected $2 from pot
jeilsons: doesn't show hand 
*** SUMMARY ***
Total pot $2 | Rake $0 
Seat 2: jeilsons (button) (small blind) collected ($2)
Seat 6: G.HANSEN333 (big blind) folded before Flop



PokerStars Hand #254256891827:  Hold'em No Limit ($0.50/$1.00 USD) - 2025/01/08 3:48:11 WET [2025/01/07 22:48:11 ET]
Table 'Hypatia II' 6-max Seat #6 is the button
Seat 2: jeilsons ($101 in chips) 
Seat 6: G.HANSEN333 ($104.06 in chips) 
G.HANSEN333: posts small blind $0.50
jeilsons: posts big blind $1
*** HOLE CARDS ***
G.HANSEN333: raises $2 to $3
jeilsons: calls $2
*** FLOP *** [Th 3s 6s]
jeilsons: checks 
G.HANSEN333: bets $3.71
jeilsons: calls $3.71
*** TURN *** [Th 3s 6s] [Ah]
jeilsons: checks 
G.HANSEN333: bets $19.13
jeilsons: folds 
Uncalled bet ($19.13) returned to G.HANSEN333
G.HANSEN333 collected $12.75 from pot
G.HANSEN333: doesn't show hand 
*** SUMMARY ***
Total pot $13.42 | Rake $0.67 
Board [Th 3s 6s Ah]
Seat 2: jeilsons (big blind) folded on the Turn
Seat 6: G.HANSEN333 (button) (small blind) collected ($12.75)



PokerStars Hand #254256894639:  Hold'em No Limit ($0.50/$1.00 USD) - 2025/01/08 3:48:34 WET [2025/01/07 22:48:34 ET]
Table 'Hypatia II' 6-max Seat #2 is the button
Seat 2: jeilsons ($100 in chips) 
Seat 6: G.HANSEN333 ($110.10 in chips) 
jeilsons: posts small blind $0.50
G.HANSEN333: posts big blind $1
*** HOLE CARDS ***
jeilsons: folds 
Uncalled bet ($0.50) returned to G.HANSEN333
G.HANSEN333 collected $1 from pot
G.HANSEN333: doesn't show hand 
*** SUMMARY ***
Total pot $1 | Rake $0 
Seat 2: jeilsons (button) (small blind) folded before Flop
Seat 6: G.HANSEN333 (big blind) collected ($1)



PokerStars Hand #254258097391:  Hold'em No Limit ($0.50/$1.00 USD) - 2025/01/08 7:47:21 WET [2025/01/08 2:47:21 ET]
Table 'Hypatia II' 6-max Seat #5 is the button
Seat 4: JoeBlack_MS ($100 in chips) is sitting out
Seat 2: 3EPH ($101 in chips) 
Seat 5: G.HANSEN333 ($102.50 in chips) 
G.HANSEN333: posts small blind $0.50
3EPH: posts big blind $1
*** HOLE CARDS ***
G.HANSEN333: raises $2 to $3
3EPH: calls $2
*** FLOP *** [8s 7h Kc]
3EPH: checks 
G.HANSEN333: bets $3.71
3EPH: calls $3.71
*** TURN *** [8s 7h Kc] [3c]
3EPH: checks 
G.HANSEN333: checks 
*** RIVER *** [8s 7h Kc 3c] [6s]
3EPH: bets $8.58
G.HANSEN333: folds 
Uncalled bet ($8.58) returned to 3EPH
3EPH collected $12.75 from pot
3EPH: doesn't show hand 
*** SUMMARY ***
Total pot $13.42 | Rake $0.67 
Board [8s 7h Kc 3c 6s]
Seat 4: JoeBlack_MS
Seat 2: 3EPH (big blind) collected ($12.75)
Seat 5: G.HANSEN333 (button) (small blind) folded on the River



PokerStars Hand #254258101452:  Hold'em No Limit ($0.50/$1.00 USD) - 2025/01/08 7:48:17 WET [2025/01/08 2:48:17 ET]
Table 'Hypatia II' 6-max Seat #2 is the button
Seat 4: JoeBlack_MS ($100 in chips) is sitting out
Seat 2: 3EPH ($107.04 in chips) 
Seat 5: G.HANSEN333 ($100 in chips) 
3EPH: posts small blind $0.50
G.HANSEN333: posts big blind $1
*** HOLE CARDS ***
3EPH: raises $1.50 to $2.50
G.HANSEN333: raises $8.50 to $11
3EPH: folds 
Uncalled bet ($8.50) returned to G.HANSEN333
G.HANSEN333 collected $5 from pot
G.HANSEN333: doesn't show hand 
*** SUMMARY ***
Total pot $5 | Rake $0 
Seat 4: JoeBlack_MS
Seat 2: 3EPH (button) (small blind) folded before Flop
Seat 5: G.HANSEN333 (big blind) collected ($5)



PokerStars Hand #254258102463:  Hold'em No Limit ($0.50/$1.00 USD) - 2025/01/08 7:48:31 WET [2025/01/08 2:48:31 ET]
Table 'Hypatia II' 6-max Seat #5 is the button
Seat 4: JoeBlack_MS ($100 in chips) is sitting out
Seat 2: 3EPH ($104.54 in chips) 
Seat 5: G.HANSEN333 ($102.50 in chips) 
G.HANSEN333: posts small blind $0.50
3EPH: posts big blind $1
*** HOLE CARDS ***
G.HANSEN333: folds 
Uncalled bet ($0.50) returned to 3EPH
3EPH collected $1 from pot
3EPH: doesn't show hand 
*** SUMMARY ***
Total pot $1 | Rake $0 
Seat 4: JoeBlack_MS
Seat 2: 3EPH (big blind) collected ($1)
Seat 5: G.HANSEN333 (button) (small blind) folded before Flop



PokerStars Hand #254258102882:  Hold'em No Limit ($0.50/$1.00 USD) - 2025/01/08 7:48:37 WET [2025/01/08 2:48:37 ET]
Table 'Hypatia II' 6-max Seat #2 is the button
Seat 4: JoeBlack_MS ($100 in chips) is sitting out
Seat 2: 3EPH ($105.04 in chips) 
Seat 5: G.HANSEN333 ($102 in chips) 
3EPH: posts small blind $0.50
G.HANSEN333: posts big blind $1
*** HOLE CARDS ***
3EPH: raises $1.50 to $2.50
G.HANSEN333: calls $1.50
*** FLOP *** [8h 6s Kc]
G.HANSEN333: checks 
3EPH: bets $1.57
G.HANSEN333: calls $1.57
*** TURN *** [8h 6s Kc] [3c]
G.HANSEN333: checks 
3EPH: bets $11.60
G.HANSEN333: folds 
Uncalled bet ($11.60) returned to 3EPH
3EPH collected $7.73 from pot
3EPH: doesn't show hand 
*** SUMMARY ***
Total pot $8.14 | Rake $0.41 
Board [8h 6s Kc 3c]
Seat 4: JoeBlack_MS
Seat 2: 3EPH (button) (small blind) collected ($7.73)
Seat 5: G.HANSEN333 (big blind) folded on the Turn



PokerStars Hand #254258105339:  Hold'em No Limit ($0.50/$1.00 USD) - 2025/01/08 7:49:10 WET [2025/01/08 2:49:10 ET]
Table 'Hypatia II' 6-max Seat #5 is the button
Seat 4: JoeBlack_MS ($100 in chips) is sitting out
Seat 2: 3EPH ($108.70 in chips) 
Seat 5: G.HANSEN333 ($100 in chips) 
G.HANSEN333: posts small blind $0.50
3EPH: posts big blind $1
*** HOLE CARDS ***
G.HANSEN333: raises $2 to $3
3EPH: folds 
Uncalled bet ($2) returned to G.HANSEN333
G.HANSEN333 collected $2 from pot
G.HANSEN333: doesn't show hand 
*** SUMMARY ***
Total pot $2 | Rake $0 
Seat 4: JoeBlack_MS
Seat 2: 3EPH (big blind) folded before Flop
Seat 5: G.HANSEN333 (button) (small blind) collected ($2)



PokerStars Hand #254258106152:  Hold'em No Limit ($0.50/$1.00 USD) - 2025/01/08 7:49:21 WET [2025/01/08 2:49:21 ET]
Table 'Hypatia II' 6-max Seat #2 is the button
Seat 4: JoeBlack_MS ($100 in chips) is sitting out
Seat 2: 3EPH ($107.70 in chips) 
Seat 5: G.HANSEN333 ($101 in chips) 
3EPH: posts small blind $0.50
G.HANSEN333: posts big blind $1
*** HOLE CARDS ***
3EPH: raises $1.50 to $2.50
G.HANSEN333: folds 
Uncalled bet ($1.50) returned to 3EPH
3EPH collected $2 from pot
3EPH: doesn't show hand 
*** SUMMARY ***
Total pot $2 | Rake $0 
Seat 4: JoeBlack_MS
Seat 2: 3EPH (button) (small blind) collected ($2)
Seat 5: G.HANSEN333 (big blind) folded before Flop



PokerStars Hand #254258109887:  Hold'em No Limit ($0.50/$1.00 USD) - 2025/01/08 7:50:11 WET [2025/01/08 2:50:11 ET]
Table 'Hypatia II' 6-max Seat #5 is the button
Seat 4: JoeBlack_MS ($100 in chips) is sitting out
Seat 2: KarP93 ($100 in chips) 
Seat 5: G.HANSEN333 ($100 in chips) 
G.HANSEN333: posts small blind $0.50
KarP93: posts big blind $1
*** HOLE CARDS ***
G.HANSEN333: raises $2 to $3
KarP93: folds 
Uncalled bet ($2) returned to G.HANSEN333
G.HANSEN333 collected $2 from pot
G.HANSEN333: doesn't show hand 
*** SUMMARY ***
Total pot $2 | Rake $0 
Seat 4: JoeBlack_MS
Seat 2: KarP93 (big blind) folded before Flop
Seat 5: G.HANSEN333 (button) (small blind) collected ($2)



PokerStars Hand #254258110579:  Hold'em No Limit ($0.50/$1.00 USD) - 2025/01/08 7:50:21 WET [2025/01/08 2:50:21 ET]
Table 'Hypatia II' 6-max Seat #2 is the button
Seat 4: JoeBlack_MS ($100 in chips) is sitting out
Seat 2: KarP93 ($100 in chips) 
Seat 5: G.HANSEN333 ($101 in chips) 
KarP93: posts small blind $0.50
G.HANSEN333: posts big blind $1
*** HOLE CARDS ***
KarP93: raises $1.50 to $2.50
G.HANSEN333: folds 
Uncalled bet ($1.50) returned to KarP93
KarP93 collected $2 from pot
KarP93: doesn't show hand 
*** SUMMARY ***
Total pot $2 | Rake $0 
Seat 4: JoeBlack_MS
Seat 2: KarP93 (button) (small blind) collected ($2)
Seat 5: G.HANSEN333 (big blind) folded before Flop



PokerStars Hand #254258111243:  Hold'em No Limit ($0.50/$1.00 USD) - 2025/01/08 7:50:30 WET [2025/01/08 2:50:30 ET]
Table 'Hypatia II' 6-max Seat #5 is the button
Seat 4: JoeBlack_MS ($100 in chips) is sitting out
Seat 2: KarP93 ($101 in chips) 
Seat 5: G.HANSEN333 ($100 in chips) 
G.HANSEN333: posts small blind $0.50
KarP93: posts big blind $1
*** HOLE CARDS ***
G.HANSEN333: folds 
Uncalled bet ($0.50) returned to KarP93
KarP93 collected $1 from pot
KarP93: doesn't show hand 
*** SUMMARY ***
Total pot $1 | Rake $0 
Seat 4: JoeBlack_MS
Seat 2: KarP93 (big blind) collected ($1)
Seat 5: G.HANSEN333 (button) (small blind) folded before Flop



PokerStars Hand #254258111750:  Hold'em No Limit ($0.50/$1.00 USD) - 2025/01/08 7:50:37 WET [2025/01/08 2:50:37 ET]
Table 'Hypatia II' 6-max Seat #2 is the button
Seat 4: JoeBlack_MS ($100 in chips) is sitting out
Seat 2: KarP93 ($101.50 in chips) 
Seat 5: G.HANSEN333 ($100 in chips) 
KarP93: posts small blind $0.50
G.HANSEN333: posts big blind $1
*** HOLE CARDS ***
KarP93: folds 
Uncalled bet ($0.50) returned to G.HANSEN333
G.HANSEN333 collected $1 from pot
G.HANSEN333: doesn't show hand 
*** SUMMARY ***
Total pot $1 | Rake $0 
Seat 4: JoeBlack_MS
Seat 2: KarP93 (button) (small blind) folded before Flop
Seat 5: G.HANSEN333 (big blind) collected ($1)



PokerStars Hand #254258112567:  Hold'em No Limit ($0.50/$1.00 USD) - 2025/01/08 7:50:47 WET [2025/01/08 2:50:47 ET]
Table 'Hypatia II' 6-max Seat #5 is the button
Seat 4: JoeBlack_MS ($100 in chips) is sitting out
Seat 2: KarP93 ($101 in chips) 
Seat 5: G.HANSEN333 ($100.50 in chips) 
G.HANSEN333: posts small blind $0.50
KarP93: posts big blind $1
*** HOLE CARDS ***
G.HANSEN333: folds 
Uncalled bet ($0.50) returned to KarP93
KarP93 collected $1 from pot
KarP93: doesn't show hand 
*** SUMMARY ***
Total pot $1 | Rake $0 
Seat 4: JoeBlack_MS
Seat 2: KarP93 (big blind) collected ($1)
Seat 5: G.HANSEN333 (button) (small blind) folded before Flop



PokerStars Hand #254258112977:  Hold'em No Limit ($0.50/$1.00 USD) - 2025/01/08 7:50:53 WET [2025/01/08 2:50:53 ET]
Table 'Hypatia II' 6-max Seat #2 is the button
Seat 4: JoeBlack_MS ($100 in chips) is sitting out
Seat 2: KarP93 ($101.50 in chips) 
Seat 5: G.HANSEN333 ($100 in chips) 
KarP93: posts small blind $0.50
G.HANSEN333: posts big blind $1
*** HOLE CARDS ***
KarP93: raises $1.50 to $2.50
G.HANSEN333: folds 
Uncalled bet ($1.50) returned to KarP93
KarP93 collected $2 from pot
KarP93: doesn't show hand 
*** SUMMARY ***
Total pot $2 | Rake $0 
Seat 4: JoeBlack_MS
Seat 2: KarP93 (button) (small blind) collected ($2)
Seat 5: G.HANSEN333 (big blind) folded before Flop



PokerStars Hand #254258113835:  Hold'em No Limit ($0.50/$1.00 USD) - 2025/01/08 7:51:04 WET [2025/01/08 2:51:04 ET]
Table 'Hypatia II' 6-max Seat #5 is the button
Seat 4: JoeBlack_MS ($100 in chips) is sitting out
Seat 2: KarP93 ($102.50 in chips) 
Seat 5: G.HANSEN333 ($100 in chips) 
G.HANSEN333: posts small blind $0.50
KarP93: posts big blind $1
*** HOLE CARDS ***
G.HANSEN333: folds 
Uncalled bet ($0.50) returned to KarP93
KarP93 collected $1 from pot
KarP93: doesn't show hand 
*** SUMMARY ***
Total pot $1 | Rake $0 
Seat 4: JoeBlack_MS
Seat 2: KarP93 (big blind) collected ($1)
Seat 5: G.HANSEN333 (button) (small blind) folded before Flop



PokerStars Hand #254258114300:  Hold'em No Limit ($0.50/$1.00 USD) - 2025/01/08 7:51:10 WET [2025/01/08 2:51:10 ET]
Table 'Hypatia II' 6-max Seat #2 is the button
Seat 4: JoeBlack_MS ($100 in chips) is sitting out
Seat 2: KarP93 ($103 in chips) 
Seat 5: G.HANSEN333 ($100 in chips) 
KarP93: posts small blind $0.50
G.HANSEN333: posts big blind $1
*** HOLE CARDS ***
KarP93: folds 
Uncalled bet ($0.50) returned to G.HANSEN333
G.HANSEN333 collected $1 from pot
G.HANSEN333: doesn't show hand 
*** SUMMARY ***
Total pot $1 | Rake $0 
Seat 4: JoeBlack_MS
Seat 2: KarP93 (button) (small blind) folded before Flop
Seat 5: G.HANSEN333 (big blind) collected ($1)



PokerStars Hand #254258115101:  Hold'em No Limit ($0.50/$1.00 USD) - 2025/01/08 7:51:21 WET [2025/01/08 2:51:21 ET]
Table 'Hypatia II' 6-max Seat #5 is the button
Seat 4: JoeBlack_MS ($100 in chips) is sitting out
Seat 2: KarP93 ($102.50 in chips) 
Seat 5: G.HANSEN333 ($100.50 in chips) 
G.HANSEN333: posts small blind $0.50
KarP93: posts big blind $1
*** HOLE CARDS ***
G.HANSEN333: raises $2 to $3
KarP93: folds 
Uncalled bet ($2) returned to G.HANSEN333
G.HANSEN333 collected $2 from pot
G.HANSEN333: doesn't show hand 
*** SUMMARY ***
Total pot $2 | Rake $0 
Seat 4: JoeBlack_MS
Seat 2: KarP93 (big blind) folded before Flop
Seat 5: G.HANSEN333 (button) (small blind) collected ($2)



PokerStars Hand #254258116011:  Hold'em No Limit ($0.50/$1.00 USD) - 2025/01/08 7:51:34 WET [2025/01/08 2:51:34 ET]
Table 'Hypatia II' 6-max Seat #2 is the button
Seat 4: JoeBlack_MS ($100 in chips) is sitting out
Seat 2: KarP93 ($101.50 in chips) 
Seat 5: G.HANSEN333 ($101.50 in chips) 
KarP93: posts small blind $0.50
G.HANSEN333: posts big blind $1
*** HOLE CARDS ***
KarP93: raises $1.50 to $2.50
G.HANSEN333: folds 
Uncalled bet ($1.50) returned to KarP93
KarP93 collected $2 from pot
KarP93: doesn't show hand 
*** SUMMARY ***
Total pot $2 | Rake $0 
Seat 4: JoeBlack_MS
Seat 2: KarP93 (button) (small blind) collected ($2)
Seat 5: G.HANSEN333 (big blind) folded before Flop



PokerStars Hand #254258116652:  Hold'em No Limit ($0.50/$1.00 USD) - 2025/01/08 7:51:42 WET [2025/01/08 2:51:42 ET]
Table 'Hypatia II' 6-max Seat #5 is the button
Seat 4: JoeBlack_MS ($100 in chips) is sitting out
Seat 2: KarP93 ($102.50 in chips) 
Seat 5: G.HANSEN333 ($100.50 in chips) 
G.HANSEN333: posts small blind $0.50
KarP93: posts big blind $1
*** HOLE CARDS ***
G.HANSEN333: raises $2 to $3
KarP93: calls $2
*** FLOP *** [Jc 4c Jh]
KarP93: checks 
G.HANSEN333: bets $3.71
KarP93: folds 
Uncalled bet ($3.71) returned to G.HANSEN333
G.HANSEN333 collected $5.70 from pot
G.HANSEN333: doesn't show hand 
*** SUMMARY ***
Total pot $6 | Rake $0.30 
Board [Jc 4c Jh]
Seat 4: JoeBlack_MS
Seat 2: KarP93 (big blind) folded on the Flop
Seat 5: G.HANSEN333 (button) (small blind) collected ($5.70)



PokerStars Hand #254258118431:  Hold'em No Limit ($0.50/$1.00 USD) - 2025/01/08 7:52:05 WET [2025/01/08 2:52:05 ET]
Table 'Hypatia II' 6-max Seat #2 is the button
Seat 4: JoeBlack_MS ($100 in chips) is sitting out
Seat 2: KarP93 ($100 in chips) 
Seat 5: G.HANSEN333 ($103.20 in chips) 
KarP93: posts small blind $0.50
G.HANSEN333: posts big blind $1
*** HOLE CARDS ***
KarP93: folds 
Uncalled bet ($0.50) returned to G.HANSEN333
G.HANSEN333 collected $1 from pot
G.HANSEN333: doesn't show hand 
*** SUMMARY ***
Total pot $1 | Rake $0 
Seat 4: JoeBlack_MS
Seat 2: KarP93 (button) (small blind) folded before Flop
Seat 5: G.HANSEN333 (big blind) collected ($1)



PokerStars Hand #254258118915:  Hold'em No Limit ($0.50/$1.00 USD) - 2025/01/08 7:52:12 WET [2025/01/08 2:52:12 ET]
Table 'Hypatia II' 6-max Seat #5 is the button
Seat 4: JoeBlack_MS ($100 in chips) is sitting out
Seat 2: KarP93 ($100 in chips) 
Seat 5: G.HANSEN333 ($103.70 in chips) 
G.HANSEN333: posts small blind $0.50
KarP93: posts big blind $1
*** HOLE CARDS ***
G.HANSEN333: folds 
Uncalled bet ($0.50) returned to KarP93
KarP93 collected $1 from pot
KarP93: doesn't show hand 
*** SUMMARY ***
Total pot $1 | Rake $0 
Seat 4: JoeBlack_MS
Seat 2: KarP93 (big blind) collected ($1)
Seat 5: G.HANSEN333 (button) (small blind) folded before Flop



PokerStars Hand #254258119352:  Hold'em No Limit ($0.50/$1.00 USD) - 2025/01/08 7:52:17 WET [2025/01/08 2:52:17 ET]
Table 'Hypatia II' 6-max Seat #2 is the button
Seat 4: JoeBlack_MS ($100 in chips) is sitting out
Seat 2: KarP93 ($100.50 in chips) 
Seat 5: G.HANSEN333 ($103.20 in chips) 
KarP93: posts small blind $0.50
G.HANSEN333: posts big blind $1
*** HOLE CARDS ***
KarP93: folds 
Uncalled bet ($0.50) returned to G.HANSEN333
G.HANSEN333 collected $1 from pot
G.HANSEN333: doesn't show hand 
*** SUMMARY ***
Total pot $1 | Rake $0 
Seat 4: JoeBlack_MS
Seat 2: KarP93 (button) (small blind) folded before Flop
Seat 5: G.HANSEN333 (big blind) collected ($1)



PokerStars Hand #254258119818:  Hold'em No Limit ($0.50/$1.00 USD) - 2025/01/08 7:52:23 WET [2025/01/08 2:52:23 ET]
Table 'Hypatia II' 6-max Seat #5 is the button
Seat 4: JoeBlack_MS ($100 in chips) is sitting out
Seat 2: KarP93 ($100 in chips) 
Seat 5: G.HANSEN333 ($103.70 in chips) 
G.HANSEN333: posts small blind $0.50
KarP93: posts big blind $1
*** HOLE CARDS ***
G.HANSEN333: folds 
Uncalled bet ($0.50) returned to KarP93
KarP93 collected $1 from pot
KarP93: doesn't show hand 
*** SUMMARY ***
Total pot $1 | Rake $0 
Seat 4: JoeBlack_MS
Seat 2: KarP93 (big blind) collected ($1)
Seat 5: G.HANSEN333 (button) (small blind) folded before Flop



PokerStars Hand #254258120281:  Hold'em No Limit ($0.50/$1.00 USD) - 2025/01/08 7:52:30 WET [2025/01/08 2:52:30 ET]
Table 'Hypatia II' 6-max Seat #2 is the button
Seat 4: JoeBlack_MS ($100 in chips) is sitting out
Seat 2: KarP93 ($100.50 in chips) 
Seat 5: G.HANSEN333 ($103.20 in chips) 
KarP93: posts small blind $0.50
G.HANSEN333: posts big blind $1
*** HOLE CARDS ***
KarP93: folds 
Uncalled bet ($0.50) returned to G.HANSEN333
G.HANSEN333 collected $1 from pot
G.HANSEN333: doesn't show hand 
*** SUMMARY ***
Total pot $1 | Rake $0 
Seat 4: JoeBlack_MS
Seat 2: KarP93 (button) (small blind) folded before Flop
Seat 5: G.HANSEN333 (big blind) collected ($1)



PokerStars Hand #254258120769:  Hold'em No Limit ($0.50/$1.00 USD) - 2025/01/08 7:52:36 WET [2025/01/08 2:52:36 ET]
Table 'Hypatia II' 6-max Seat #5 is the button
Seat 4: JoeBlack_MS ($100 in chips) is sitting out
Seat 2: KarP93 ($100 in chips) 
Seat 5: G.HANSEN333 ($103.70 in chips) 
G.HANSEN333: posts small blind $0.50
KarP93: posts big blind $1
*** HOLE CARDS ***
G.HANSEN333: folds 
Uncalled bet ($0.50) returned to KarP93
KarP93 collected $1 from pot
KarP93: doesn't show hand 
*** SUMMARY ***
Total pot $1 | Rake $0 
Seat 4: JoeBlack_MS
Seat 2: KarP93 (big blind) collected ($1)
Seat 5: G.HANSEN333 (button) (small blind) folded before Flop



PokerStars Hand #254258121200:  Hold'em No Limit ($0.50/$1.00 USD) - 2025/01/08 7:52:42 WET [2025/01/08 2:52:42 ET]
Table 'Hypatia II' 6-max Seat #2 is the button
Seat 4: JoeBlack_MS ($100 in chips) is sitting out
Seat 2: KarP93 ($100.50 in chips) 
Seat 5: G.HANSEN333 ($103.20 in chips) 
KarP93: posts small blind $0.50
G.HANSEN333: posts big blind $1
*** HOLE CARDS ***
KarP93: folds 
Uncalled bet ($0.50) returned to G.HANSEN333
G.HANSEN333 collected $1 from pot
G.HANSEN333: doesn't show hand 
*** SUMMARY ***
Total pot $1 | Rake $0 
Seat 4: JoeBlack_MS
Seat 2: KarP93 (button) (small blind) folded before Flop
Seat 5: G.HANSEN333 (big blind) collected ($1)



PokerStars Hand #254258211679:  Hold'em No Limit ($0.50/$1.00 USD) - 2025/01/08 8:13:18 WET [2025/01/08 3:13:18 ET]
Table 'Hypatia II' 6-max Seat #5 is the button
Seat 1: BarnyukAV ($100 in chips) 
Seat 2: KarP93 ($117.33 in chips) 
Seat 3: DamjanD ($124.26 in chips) 
Seat 4: kumara1234 ($15.46 in chips) 
Seat 5: G.HANSEN333 ($104.88 in chips) 
Seat 6: Kreayshawn ($100 in chips) 
Kreayshawn: posts small blind $0.50
BarnyukAV: posts big blind $1
*** HOLE CARDS ***
KarP93: folds 
DamjanD: folds 
kumara1234: folds 
G.HANSEN333: folds 
Kreayshawn: raises $2 to $3
BarnyukAV: calls $2
*** FLOP *** [Th 8s Jd]
Kreayshawn: checks 
BarnyukAV: bets $1.88
Kreayshawn: folds 
Uncalled bet ($1.88) returned to BarnyukAV
BarnyukAV collected $5.70 from pot
*** SUMMARY ***
Total pot $6 | Rake $0.30 
Board [Th 8s Jd]
Seat 1: BarnyukAV (big blind) collected ($5.70)
Seat 2: KarP93 folded before Flop (didn't bet)
Seat 3: DamjanD folded before Flop (didn't bet)
Seat 4: kumara1234 folded before Flop (didn't bet)
Seat 5: G.HANSEN333 (button) folded before Flop (didn't bet)
Seat 6: Kreayshawn (small blind) folded on the Flop



PokerStars Hand #254258216628:  Hold'em No Limit ($0.50/$1.00 USD) - 2025/01/08 8:14:22 WET [2025/01/08 3:14:22 ET]
Table 'Hypatia II' 6-max Seat #6 is the button
Seat 1: BarnyukAV ($102.70 in chips) 
Seat 2: KarP93 ($117.33 in chips) 
Seat 3: DamjanD ($124.26 in chips) 
Seat 4: kumara1234 ($15.46 in chips) 
Seat 5: G.HANSEN333 ($104.88 in chips) 
Seat 6: Kreayshawn ($100 in chips) 
BarnyukAV: posts small blind $0.50
KarP93: posts big blind $1
*** HOLE CARDS ***
DamjanD: folds 
kumara1234: calls $1
G.HANSEN333: folds 
Kreayshawn: folds 
BarnyukAV: folds 
KarP93: checks 
*** FLOP *** [Ah 7h 7s]
KarP93: checks 
kumara1234: bets $1
KarP93: folds 
Uncalled bet ($1) returned to kumara1234
kumara1234 collected $2.38 from pot
kumara1234: doesn't show hand 
*** SUMMARY ***
Total pot $2.50 | Rake $0.12 
Board [Ah 7h 7s]
Seat 1: BarnyukAV (small blind) folded before Flop
Seat 2: KarP93 (big blind) folded on the Flop
Seat 3: DamjanD folded before Flop (didn't bet)
Seat 4: kumara1234 collected ($2.38)
Seat 5: G.HANSEN333 folded before Flop (didn't bet)
Seat 6: Kreayshawn (button) folded before Flop (didn't bet)



PokerStars Hand #254258219643:  Hold'em No Limit ($0.50/$1.00 USD) - 2025/01/08 8:15:02 WET [2025/01/08 3:15:02 ET]
Table 'Hypatia II' 6-max Seat #1 is the button
Seat 1: BarnyukAV ($102.20 in chips) 
Seat 2: KarP93 ($116.33 in chips) 
Seat 3: DamjanD ($124.26 in chips) 
Seat 4: kumara1234 ($16.84 in chips) 
Seat 5: G.HANSEN333 ($104.88 in chips) 
Seat 6: Kreayshawn ($100 in chips) 
KarP93: posts small blind $0.50
DamjanD: posts big blind $1
*** HOLE CARDS ***
kumara1234: calls $1
G.HANSEN333: folds 
Kreayshawn: folds 
BarnyukAV: folds 
KarP93: folds 
DamjanD: raises $2.50 to $3.50
kumara1234: calls $2.50
*** FLOP *** [Kd Kc 2d]
DamjanD: bets $2.35
kumara1234: folds 
Uncalled bet ($2.35) returned to DamjanD
DamjanD collected $7.12 from pot
DamjanD: doesn't show hand 
*** SUMMARY ***
Total pot $7.50 | Rake $0.38 
Board [Kd Kc 2d]
Seat 1: BarnyukAV (button) folded before Flop (didn't bet)
Seat 2: KarP93 (small blind) folded before Flop
Seat 3: DamjanD (big blind) collected ($7.12)
Seat 4: kumara1234 folded on the Flop
Seat 5: G.HANSEN333 folded before Flop (didn't bet)
Seat 6: Kreayshawn folded before Flop (didn't bet)



PokerStars Hand #254258222387:  Hold'em No Limit ($0.50/$1.00 USD) - 2025/01/08 8:15:38 WET [2025/01/08 3:15:38 ET]
Table 'Hypatia II' 6-max Seat #2 is the button
Seat 1: BarnyukAV ($102.20 in chips) 
Seat 2: KarP93 ($115.83 in chips) 
Seat 3: DamjanD ($127.88 in chips) 
Seat 4: kumara1234 ($13.34 in chips) 
Seat 5: G.HANSEN333 ($104.88 in chips) 
Seat 6: Kreayshawn ($100 in chips) 
DamjanD: posts small blind $0.50
kumara1234: posts big blind $1
*** HOLE CARDS ***
G.HANSEN333: folds 
Kreayshawn: folds 
BarnyukAV: raises $1.50 to $2.50
KarP93: folds 
DamjanD: folds 
kumara1234: calls $1.50
*** FLOP *** [Jd Ah Js]
kumara1234: checks 
BarnyukAV: checks 
*** TURN *** [Jd Ah Js] [Qh]
kumara1234: checks 
BarnyukAV: bets $1.72
kumara1234: calls $1.72
*** RIVER *** [Jd Ah Js Qh] [2d]
kumara1234: checks 
BarnyukAV: bets $10
kumara1234: folds 
Uncalled bet ($10) returned to BarnyukAV
BarnyukAV collected $8.49 from pot
*** SUMMARY ***
Total pot $8.94 | Rake $0.45 
Board [Jd Ah Js Qh 2d]
Seat 1: BarnyukAV collected ($8.49)
Seat 2: KarP93 (button) folded before Flop (didn't bet)
Seat 3: DamjanD (small blind) folded before Flop
Seat 4: kumara1234 (big blind) folded on the River
Seat 5: G.HANSEN333 folded before Flop (didn't bet)
Seat 6: Kreayshawn folded before Flop (didn't bet)



PokerStars Hand #254258225832:  Hold'em No Limit ($0.50/$1.00 USD) - 2025/01/08 8:16:24 WET [2025/01/08 3:16:24 ET]
Table 'Hypatia II' 6-max Seat #3 is the button
Seat 1: BarnyukAV ($106.47 in chips) 
Seat 2: KarP93 ($115.83 in chips) 
Seat 3: DamjanD ($127.38 in chips) 
Seat 4: kumara1234 ($9.12 in chips) 
Seat 5: G.HANSEN333 ($104.88 in chips) 
Seat 6: Kreayshawn ($100 in chips) 
kumara1234: posts small blind $0.50
G.HANSEN333: posts big blind $1
*** HOLE CARDS ***
Kreayshawn: folds 
BarnyukAV: folds 
KarP93: folds 
DamjanD: folds 
kumara1234: calls $0.50
G.HANSEN333: raises $5.50 to $6.50
kumara1234: folds 
Uncalled bet ($5.50) returned to G.HANSEN333
G.HANSEN333 collected $2 from pot
G.HANSEN333: doesn't show hand 
*** SUMMARY ***
Total pot $2 | Rake $0 
Seat 1: BarnyukAV folded before Flop (didn't bet)
Seat 2: KarP93 folded before Flop (didn't bet)
Seat 3: DamjanD (button) folded before Flop (didn't bet)
Seat 4: kumara1234 (small blind) folded before Flop
Seat 5: G.HANSEN333 (big blind) collected ($2)
Seat 6: Kreayshawn folded before Flop (didn't bet)



PokerStars Hand #254258227470:  Hold'em No Limit ($0.50/$1.00 USD) - 2025/01/08 8:16:46 WET [2025/01/08 3:16:46 ET]
Table 'Hypatia II' 6-max Seat #4 is the button
Seat 1: BarnyukAV ($106.47 in chips) 
Seat 2: KarP93 ($115.83 in chips) 
Seat 3: DamjanD ($127.38 in chips) 
Seat 4: kumara1234 ($8.12 in chips) 
Seat 5: G.HANSEN333 ($105.88 in chips) 
Seat 6: Kreayshawn ($100 in chips) 
G.HANSEN333: posts small blind $0.50
Kreayshawn: posts big blind $1
*** HOLE CARDS ***
BarnyukAV: folds 
KarP93: folds 
DamjanD: folds 
kumara1234: calls $1
G.HANSEN333: folds 
Kreayshawn: checks 
*** FLOP *** [5c Qc 2d]
Kreayshawn: checks 
kumara1234: checks 
*** TURN *** [5c Qc 2d] [6s]
Kreayshawn: checks 
kumara1234: bets $1
Kreayshawn: folds 
Uncalled bet ($1) returned to kumara1234
kumara1234 collected $2.38 from pot
kumara1234: doesn't show hand 
*** SUMMARY ***
Total pot $2.50 | Rake $0.12 
Board [5c Qc 2d 6s]
Seat 1: BarnyukAV folded before Flop (didn't bet)
Seat 2: KarP93 folded before Flop (didn't bet)
Seat 3: DamjanD folded before Flop (didn't bet)
Seat 4: kumara1234 (button) collected ($2.38)
Seat 5: G.HANSEN333 (small blind) folded before Flop
Seat 6: Kreayshawn (big blind) folded on the Turn



PokerStars Hand #254258231813:  Hold'em No Limit ($0.50/$1.00 USD) - 2025/01/08 8:17:44 WET [2025/01/08 3:17:44 ET]
Table 'Hypatia II' 6-max Seat #5 is the button
Seat 1: BarnyukAV ($106.47 in chips) 
Seat 2: KarP93 ($115.83 in chips) 
Seat 3: DamjanD ($127.38 in chips) 
Seat 4: kumara1234 ($9.50 in chips) 
Seat 5: G.HANSEN333 ($105.38 in chips) 
Seat 6: Kreayshawn ($100 in chips) 
Kreayshawn: posts small blind $0.50
BarnyukAV: posts big blind $1
*** HOLE CARDS ***
KarP93: folds 
DamjanD: raises $1 to $2
kumara1234: calls $2
G.HANSEN333: folds 
Kreayshawn: folds 
BarnyukAV: folds 
*** FLOP *** [Qs 6c 6s]
DamjanD: bets $1.72
kumara1234: calls $1.72
*** TURN *** [Qs 6c 6s] [7d]
DamjanD: checks 
kumara1234: bets $1
DamjanD: calls $1
*** RIVER *** [Qs 6c 6s 7d] [7s]
DamjanD: checks 
kumara1234: bets $2
DamjanD: folds 
Uncalled bet ($2) returned to kumara1234
kumara1234 collected $10.39 from pot
kumara1234: doesn't show hand 
*** SUMMARY ***
Total pot $10.94 | Rake $0.55 
Board [Qs 6c 6s 7d 7s]
Seat 1: BarnyukAV (big blind) folded before Flop
Seat 2: KarP93 folded before Flop (didn't bet)
Seat 3: DamjanD folded on the River
Seat 4: kumara1234 collected ($10.39)
Seat 5: G.HANSEN333 (button) folded before Flop (didn't bet)
Seat 6: Kreayshawn (small blind) folded before Flop



PokerStars Hand #254258236698:  Hold'em No Limit ($0.50/$1.00 USD) - 2025/01/08 8:18:47 WET [2025/01/08 3:18:47 ET]
Table 'Hypatia II' 6-max Seat #6 is the button
Seat 1: BarnyukAV ($105.47 in chips) 
Seat 2: KarP93 ($115.83 in chips) 
Seat 3: DamjanD ($122.66 in chips) 
Seat 4: kumara1234 ($15.17 in chips) 
Seat 5: G.HANSEN333 ($105.38 in chips) 
Seat 6: Kreayshawn ($100 in chips) 
BarnyukAV: posts small blind $0.50
KarP93: posts big blind $1
*** HOLE CARDS ***
DamjanD: folds 
kumara1234: calls $1
G.HANSEN333: folds 
Kreayshawn: folds 
BarnyukAV: folds 
KarP93: checks 
*** FLOP *** [Kh 9c 7d]
KarP93: checks 
kumara1234: checks 
*** TURN *** [Kh 9c 7d] [Jh]
KarP93: checks 
kumara1234: checks 
*** RIVER *** [Kh 9c 7d Jh] [7c]
KarP93: bets $1
kumara1234: folds 
Uncalled bet ($1) returned to KarP93
KarP93 collected $2.38 from pot
KarP93: doesn't show hand 
*** SUMMARY ***
Total pot $2.50 | Rake $0.12 
Board [Kh 9c 7d Jh 7c]
Seat 1: BarnyukAV (small blind) folded before Flop
Seat 2: KarP93 (big blind) collected ($2.38)
Seat 3: DamjanD folded before Flop (didn't bet)
Seat 4: kumara1234 folded on the River
Seat 5: G.HANSEN333 folded before Flop (didn't bet)
Seat 6: Kreayshawn (button) folded before Flop (didn't bet)



PokerStars Hand #254258242163:  Hold'em No Limit ($0.50/$1.00 USD) - 2025/01/08 8:19:57 WET [2025/01/08 3:19:57 ET]
Table 'Hypatia II' 6-max Seat #1 is the button
Seat 1: BarnyukAV ($104.97 in chips) 
Seat 2: KarP93 ($117.21 in chips) 
Seat 3: DamjanD ($122.66 in chips) 
Seat 4: kumara1234 ($14.17 in chips) 
Seat 5: G.HANSEN333 ($105.38 in chips) 
Seat 6: Kreayshawn ($100 in chips) 
KarP93: posts small blind $0.50
DamjanD: posts big blind $1
*** HOLE CARDS ***
kumara1234: calls $1
G.HANSEN333: folds 
Kreayshawn: folds 
BarnyukAV: folds 
KarP93: raises $3 to $4
DamjanD: raises $12 to $16
kumara1234: folds 
KarP93: folds 
Uncalled bet ($12) returned to DamjanD
DamjanD collected $9 from pot
DamjanD: doesn't show hand 
*** SUMMARY ***
Total pot $9 | Rake $0 
Seat 1: BarnyukAV (button) folded before Flop (didn't bet)
Seat 2: KarP93 (small blind) folded before Flop
Seat 3: DamjanD (big blind) collected ($9)
Seat 4: kumara1234 folded before Flop
Seat 5: G.HANSEN333 folded before Flop (didn't bet)
Seat 6: Kreayshawn folded before Flop (didn't bet)



PokerStars Hand #254258244764:  Hold'em No Limit ($0.50/$1.00 USD) - 2025/01/08 8:20:32 WET [2025/01/08 3:20:32 ET]
Table 'Hypatia II' 6-max Seat #2 is the button
Seat 1: BarnyukAV ($104.97 in chips) 
Seat 2: KarP93 ($113.21 in chips) 
Seat 3: DamjanD ($127.66 in chips) 
Seat 4: kumara1234 ($13.17 in chips) 
Seat 5: G.HANSEN333 ($105.38 in chips) 
Seat 6: Kreayshawn ($100 in chips) 
DamjanD: posts small blind $0.50
kumara1234: posts big blind $1
*** HOLE CARDS ***
G.HANSEN333: raises $1.50 to $2.50
Kreayshawn: folds 
BarnyukAV: folds 
KarP93: folds 
DamjanD: folds 
kumara1234: calls $1.50
*** FLOP *** [2d Kd 4h]
kumara1234: checks 
G.HANSEN333: bets $3.39
kumara1234: folds 
Uncalled bet ($3.39) returned to G.HANSEN333
G.HANSEN333 collected $5.22 from pot
G.HANSEN333: doesn't show hand 
*** SUMMARY ***
Total pot $5.50 | Rake $0.28 
Board [2d Kd 4h]
Seat 1: BarnyukAV folded before Flop (didn't bet)
Seat 2: KarP93 (button) folded before Flop (didn't bet)
Seat 3: DamjanD (small blind) folded before Flop
Seat 4: kumara1234 (big blind) folded on the Flop
Seat 5: G.HANSEN333 collected ($5.22)
Seat 6: Kreayshawn folded before Flop (didn't bet)



PokerStars Hand #254258246288:  Hold'em No Limit ($0.50/$1.00 USD) - 2025/01/08 8:20:51 WET [2025/01/08 3:20:51 ET]
Table 'Hypatia II' 6-max Seat #3 is the button
Seat 1: BarnyukAV ($104.97 in chips) 
Seat 2: KarP93 ($113.21 in chips) 
Seat 3: DamjanD ($127.16 in chips) 
Seat 4: kumara1234 ($10.67 in chips) 
Seat 5: G.HANSEN333 ($108.10 in chips) 
Seat 6: Kreayshawn ($100 in chips) 
kumara1234: posts small blind $0.50
G.HANSEN333: posts big blind $1
*** HOLE CARDS ***
Kreayshawn: folds 
BarnyukAV: raises $1 to $2
KarP93: folds 
DamjanD: folds 
kumara1234: calls $1.50
G.HANSEN333: folds 
*** FLOP *** [4c Jd 9d]
kumara1234: checks 
BarnyukAV: bets $2.38
kumara1234: calls $2.38
*** TURN *** [4c Jd 9d] [4s]
kumara1234: checks 
BarnyukAV: bets $7
kumara1234: calls $6.29 and is all-in
Uncalled bet ($0.71) returned to BarnyukAV
*** RIVER *** [4c Jd 9d 4s] [6h]
*** SHOW DOWN ***
kumara1234: shows [5d 4h] (three of a kind, Fours)
BarnyukAV: shows [Ah Js] (two pair, Jacks and Fours)
kumara1234 cashed out the hand for $19.85 | Cash Out Fee $0.41
*** SUMMARY ***
Total pot $22.34 | Rake $1.12 
Board [4c Jd 9d 4s 6h]
Seat 1: BarnyukAV showed [Ah Js] and lost with two pair, Jacks and Fours
Seat 2: KarP93 folded before Flop (didn't bet)
Seat 3: DamjanD (button) folded before Flop (didn't bet)
Seat 4: kumara1234 (small blind) showed [5d 4h] and won ($21.22) with three of a kind, Fours (pot not awarded as player cashed out)
Seat 5: G.HANSEN333 (big blind) folded before Flop
Seat 6: Kreayshawn folded before Flop (didn't bet)



PokerStars Hand #254258250042:  Hold'em No Limit ($0.50/$1.00 USD) - 2025/01/08 8:21:41 WET [2025/01/08 3:21:41 ET]
Table 'Hypatia II' 6-max Seat #4 is the button
Seat 1: BarnyukAV ($100 in chips) 
Seat 2: KarP93 ($113.21 in chips) 
Seat 3: DamjanD ($127.16 in chips) 
Seat 4: kumara1234 ($19.85 in chips) 
Seat 5: G.HANSEN333 ($107.10 in chips) 
Seat 6: Kreayshawn ($100 in chips) 
G.HANSEN333: posts small blind $0.50
Kreayshawn: posts big blind $1
*** HOLE CARDS ***
BarnyukAV: folds 
KarP93: folds 
DamjanD: folds 
kumara1234: calls $1
G.HANSEN333: raises $4.50 to $5.50
Kreayshawn: folds 
kumara1234: folds 
Uncalled bet ($4.50) returned to G.HANSEN333
G.HANSEN333 collected $3 from pot
G.HANSEN333: doesn't show hand 
*** SUMMARY ***
Total pot $3 | Rake $0 
Seat 1: BarnyukAV folded before Flop (didn't bet)
Seat 2: KarP93 folded before Flop (didn't bet)
Seat 3: DamjanD folded before Flop (didn't bet)
Seat 4: kumara1234 (button) folded before Flop
Seat 5: G.HANSEN333 (small blind) collected ($3)
Seat 6: Kreayshawn (big blind) folded before Flop



PokerStars Hand #254258252499:  Hold'em No Limit ($0.50/$1.00 USD) - 2025/01/08 8:22:14 WET [2025/01/08 3:22:14 ET]
Table 'Hypatia II' 6-max Seat #5 is the button
Seat 1: BarnyukAV ($100 in chips) 
Seat 2: KarP93 ($113.21 in chips) 
Seat 3: DamjanD ($127.16 in chips) 
Seat 4: kumara1234 ($18.85 in chips) 
Seat 5: G.HANSEN333 ($109.10 in chips) 
Seat 6: Kreayshawn ($100 in chips) 
Kreayshawn: posts small blind $0.50
BarnyukAV: posts big blind $1
*** HOLE CARDS ***
KarP93: folds 
DamjanD: folds 
kumara1234: calls $1
G.HANSEN333: folds 
Kreayshawn: folds 
BarnyukAV: raises $3 to $4
kumara1234: calls $3
*** FLOP *** [9c 9h Kd]
BarnyukAV: bets $4.04
kumara1234: calls $4.04
*** TURN *** [9c 9h Kd] [Qd]
BarnyukAV: bets $11
kumara1234: calls $10.81 and is all-in
Uncalled bet ($0.19) returned to BarnyukAV
*** RIVER *** [9c 9h Kd Qd] [2h]
*** SHOW DOWN ***
BarnyukAV: shows [Ks Tc] (two pair, Kings and Nines)
kumara1234: shows [Qc 9d] (a full house, Nines full of Queens)
kumara1234 cashed out the hand for $33.95 | Cash Out Fee $0.69
*** SUMMARY ***
Total pot $38.20 | Rake $1.91 
Board [9c 9h Kd Qd 2h]
Seat 1: BarnyukAV (big blind) showed [Ks Tc] and lost with two pair, Kings and Nines
Seat 2: KarP93 folded before Flop (didn't bet)
Seat 3: DamjanD folded before Flop (didn't bet)
Seat 4: kumara1234 showed [Qc 9d] and won ($36.29) with a full house, Nines full of Queens (pot not awarded as player cashed out)
Seat 5: G.HANSEN333 (button) folded before Flop (didn't bet)
Seat 6: Kreayshawn (small blind) folded before Flop



PokerStars Hand #254258256151:  Hold'em No Limit ($0.50/$1.00 USD) - 2025/01/08 8:23:02 WET [2025/01/08 3:23:02 ET]
Table 'Hypatia II' 6-max Seat #6 is the button
Seat 1: BarnyukAV ($100 in chips) 
Seat 2: KarP93 ($113.21 in chips) 
Seat 3: DamjanD ($127.16 in chips) 
Seat 4: kumara1234 ($33.95 in chips) 
Seat 5: G.HANSEN333 ($109.10 in chips) 
Seat 6: Kreayshawn ($100 in chips) 
BarnyukAV: posts small blind $0.50
KarP93: posts big blind $1
*** HOLE CARDS ***
DamjanD: folds 
kumara1234: calls $1
G.HANSEN333: folds 
Kreayshawn: folds 
BarnyukAV: folds 
KarP93: checks 
*** FLOP *** [4c 3d 7d]
KarP93: checks 
kumara1234: checks 
*** TURN *** [4c 3d 7d] [3c]
KarP93: bets $2.38
kumara1234: calls $2.38
*** RIVER *** [4c 3d 7d 3c] [Td]
KarP93: bets $6.90
kumara1234: calls $6.90
*** SHOW DOWN ***
KarP93: shows [4h 3h] (a full house, Threes full of Fours)
kumara1234: mucks hand 
KarP93 collected $20.01 from pot
*** SUMMARY ***
Total pot $21.06 | Rake $1.05 
Board [4c 3d 7d 3c Td]
Seat 1: BarnyukAV (small blind) folded before Flop
Seat 2: KarP93 (big blind) showed [4h 3h] and won ($20.01) with a full house, Threes full of Fours
Seat 3: DamjanD folded before Flop (didn't bet)
Seat 4: kumara1234 mucked
Seat 5: G.HANSEN333 folded before Flop (didn't bet)
Seat 6: Kreayshawn (button) folded before Flop (didn't bet)



PokerStars Hand #254258259892:  Hold'em No Limit ($0.50/$1.00 USD) - 2025/01/08 8:23:50 WET [2025/01/08 3:23:50 ET]
Table 'Hypatia II' 6-max Seat #1 is the button
Seat 1: BarnyukAV ($100 in chips) 
Seat 2: KarP93 ($122.94 in chips) 
Seat 3: DamjanD ($127.16 in chips) 
Seat 4: kumara1234 ($23.67 in chips) 
Seat 5: G.HANSEN333 ($109.10 in chips) 
Seat 6: Kreayshawn ($100 in chips) 
KarP93: posts small blind $0.50
DamjanD: posts big blind $1
*** HOLE CARDS ***
kumara1234: calls $1
G.HANSEN333: raises $4 to $5
Kreayshawn: folds 
BarnyukAV: folds 
KarP93: folds 
DamjanD: calls $4
kumara1234: calls $4
*** FLOP *** [3d 7c Ac]
DamjanD: checks 
kumara1234: checks 
G.HANSEN333: bets $11.04
DamjanD: folds 
kumara1234: folds 
Uncalled bet ($11.04) returned to G.HANSEN333
G.HANSEN333 collected $14.72 from pot
G.HANSEN333: doesn't show hand 
*** SUMMARY ***
Total pot $15.50 | Rake $0.78 
Board [3d 7c Ac]
Seat 1: BarnyukAV (button) folded before Flop (didn't bet)
Seat 2: KarP93 (small blind) folded before Flop
Seat 3: DamjanD (big blind) folded on the Flop
Seat 4: kumara1234 folded on the Flop
Seat 5: G.HANSEN333 collected ($14.72)
Seat 6: Kreayshawn folded before Flop (didn't bet)



PokerStars Hand #254258261964:  Hold'em No Limit ($0.50/$1.00 USD) - 2025/01/08 8:24:17 WET [2025/01/08 3:24:17 ET]
Table 'Hypatia II' 6-max Seat #2 is the button
Seat 1: BarnyukAV ($100 in chips) 
Seat 2: KarP93 ($122.44 in chips) 
Seat 3: DamjanD ($122.16 in chips) 
Seat 4: kumara1234 ($18.67 in chips) 
Seat 5: G.HANSEN333 ($118.82 in chips) 
Seat 6: Kreayshawn ($100 in chips) 
DamjanD: posts small blind $0.50
kumara1234: posts big blind $1
*** HOLE CARDS ***
G.HANSEN333: folds 
Kreayshawn has timed out
Kreayshawn: folds 
BarnyukAV: folds 
KarP93: folds 
DamjanD: raises $1.20 to $2.20
kumara1234: calls $1.20
*** FLOP *** [Qc Jc 4h]
DamjanD: bets $1.38
kumara1234: calls $1.38
*** TURN *** [Qc Jc 4h] [8h]
DamjanD: bets $4.49
kumara1234: calls $4.49
*** RIVER *** [Qc Jc 4h 8h] [Kc]
DamjanD: bets $15.33
kumara1234: calls $10.60 and is all-in
Uncalled bet ($4.73) returned to DamjanD
*** SHOW DOWN ***
DamjanD: shows [Js Jh] (three of a kind, Jacks)
kumara1234: shows [Td As] (a straight, Ten to Ace)
kumara1234 collected $35.47 from pot
*** SUMMARY ***
Total pot $37.34 | Rake $1.87 
Board [Qc Jc 4h 8h Kc]
Seat 1: BarnyukAV folded before Flop (didn't bet)
Seat 2: KarP93 (button) folded before Flop (didn't bet)
Seat 3: DamjanD (small blind) showed [Js Jh] and lost with three of a kind, Jacks
Seat 4: kumara1234 (big blind) showed [Td As] and won ($35.47) with a straight, Ten to Ace
Seat 5: G.HANSEN333 folded before Flop (didn't bet)
Seat 6: Kreayshawn folded before Flop (didn't bet)



PokerStars Hand #254258265984:  Hold'em No Limit ($0.50/$1.00 USD) - 2025/01/08 8:25:08 WET [2025/01/08 3:25:08 ET]
Table 'Hypatia II' 6-max Seat #3 is the button
Seat 1: BarnyukAV ($100 in chips) 
Seat 2: KarP93 ($122.44 in chips) 
Seat 3: DamjanD ($103.49 in chips) 
Seat 4: kumara1234 ($35.47 in chips) 
Seat 5: G.HANSEN333 ($118.82 in chips) 
Seat 6: Kreayshawn ($100 in chips) 
kumara1234: posts small blind $0.50
G.HANSEN333: posts big blind $1
*** HOLE CARDS ***
Kreayshawn: folds 
BarnyukAV: raises $1 to $2
KarP93: folds 
DamjanD: folds 
kumara1234: calls $1.50
G.HANSEN333: calls $1
*** FLOP *** [Ac 7h 2h]
kumara1234: checks 
G.HANSEN333: checks 
BarnyukAV: checks 
*** TURN *** [Ac 7h 2h] [Jd]
kumara1234: checks 
G.HANSEN333: checks 
BarnyukAV: checks 
*** RIVER *** [Ac 7h 2h Jd] [3c]
kumara1234: checks 
G.HANSEN333: checks 
BarnyukAV: bets $5.70
kumara1234: folds 
G.HANSEN333: folds 
Uncalled bet ($5.70) returned to BarnyukAV
BarnyukAV collected $5.70 from pot
*** SUMMARY ***
Total pot $6 | Rake $0.30 
Board [Ac 7h 2h Jd 3c]
Seat 1: BarnyukAV collected ($5.70)
Seat 2: KarP93 folded before Flop (didn't bet)
Seat 3: DamjanD (button) folded before Flop (didn't bet)
Seat 4: kumara1234 (small blind) folded on the River
Seat 5: G.HANSEN333 (big blind) folded on the River
Seat 6: Kreayshawn folded before Flop (didn't bet)



PokerStars Hand #254258271361:  Hold'em No Limit ($0.50/$1.00 USD) - 2025/01/08 8:26:17 WET [2025/01/08 3:26:17 ET]
Table 'Hypatia II' 6-max Seat #4 is the button
Seat 1: BarnyukAV ($103.70 in chips) 
Seat 2: KarP93 ($122.44 in chips) 
Seat 3: DamjanD ($103.49 in chips) 
Seat 4: kumara1234 ($33.47 in chips) 
Seat 5: G.HANSEN333 ($116.82 in chips) 
Seat 6: Kreayshawn ($100 in chips) 
G.HANSEN333: posts small blind $0.50
Kreayshawn: posts big blind $1
*** HOLE CARDS ***
BarnyukAV: raises $1 to $2
KarP93: folds 
DamjanD: folds 
kumara1234: calls $2
G.HANSEN333: folds 
Kreayshawn: folds 
*** FLOP *** [Qd Qc 2h]
BarnyukAV: bets $3.92
kumara1234: calls $3.92
*** TURN *** [Qd Qc 2h] [6s]
BarnyukAV: bets $9.50
kumara1234: calls $9.50
*** RIVER *** [Qd Qc 2h 6s] [Jd]
BarnyukAV: bets $19
kumara1234: folds 
Uncalled bet ($19) returned to BarnyukAV
BarnyukAV collected $30.72 from pot
*** SUMMARY ***
Total pot $32.34 | Rake $1.62 
Board [Qd Qc 2h 6s Jd]
Seat 1: BarnyukAV collected ($30.72)
Seat 2: KarP93 folded before Flop (didn't bet)
Seat 3: DamjanD folded before Flop (didn't bet)
Seat 4: kumara1234 (button) folded on the River
Seat 5: G.HANSEN333 (small blind) folded before Flop
Seat 6: Kreayshawn (big blind) folded before Flop



PokerStars Hand #254258275535:  Hold'em No Limit ($0.50/$1.00 USD) - 2025/01/08 8:27:09 WET [2025/01/08 3:27:09 ET]
Table 'Hypatia II' 6-max Seat #5 is the button
Seat 1: BarnyukAV ($119 in chips) 
Seat 2: KarP93 ($122.44 in chips) 
Seat 3: DamjanD ($103.49 in chips) 
Seat 4: kumara1234 ($18.05 in chips) 
Seat 5: G.HANSEN333 ($116.32 in chips) 
Seat 6: Kreayshawn ($100 in chips) 
Kreayshawn: posts small blind $0.50
BarnyukAV: posts big blind $1
*** HOLE CARDS ***
KarP93: raises $1.50 to $2.50
DamjanD: folds 
kumara1234: calls $2.50
G.HANSEN333: folds 
Kreayshawn: folds 
BarnyukAV: calls $1.50
*** FLOP *** [7h 9c Ah]
BarnyukAV: checks 
KarP93: bets $2.51
kumara1234: calls $2.51
BarnyukAV: raises $8.49 to $11
KarP93: folds 
kumara1234: calls $8.49
*** TURN *** [7h 9c Ah] [5c]
BarnyukAV: bets $6
kumara1234: calls $4.55 and is all-in
Uncalled bet ($1.45) returned to BarnyukAV
*** RIVER *** [7h 9c Ah 5c] [3s]
*** SHOW DOWN ***
BarnyukAV: shows [9s 7s] (two pair, Nines and Sevens)
kumara1234: shows [Ad 6c] (a pair of Aces)
BarnyukAV collected $39.53 from pot
kumara1234 cashed out the hand for $10.56 | Cash Out Fee $0.22
*** SUMMARY ***
Total pot $41.61 | Rake $2.08 
Board [7h 9c Ah 5c 3s]
Seat 1: BarnyukAV (big blind) showed [9s 7s] and won ($39.53) with two pair, Nines and Sevens
Seat 2: KarP93 folded on the Flop
Seat 3: DamjanD folded before Flop (didn't bet)
Seat 4: kumara1234 showed [Ad 6c] and lost with a pair of Aces (cashed out).
Seat 5: G.HANSEN333 (button) folded before Flop (didn't bet)
Seat 6: Kreayshawn (small blind) folded before Flop



PokerStars Hand #254258302000:  Hold'em No Limit ($0.50/$1.00 USD) - 2025/01/08 8:32:53 WET [2025/01/08 3:32:53 ET]
Table 'Hypatia II' 6-max Seat #5 is the button
Seat 1: BarnyukAV ($143.60 in chips) 
Seat 2: KarP93 ($109.80 in chips) 
Seat 3: DamjanD ($104.79 in chips) 
Seat 4: kumara1234 ($7.07 in chips) 
Seat 5: danuuutz ($100 in chips) 
BarnyukAV: posts small blind $0.50
KarP93: posts big blind $1
*** HOLE CARDS ***
DamjanD: folds 
kumara1234: raises $1 to $2
danuuutz: folds 
BarnyukAV: folds 
KarP93: folds 
Uncalled bet ($1) returned to kumara1234
kumara1234 collected $2.50 from pot
kumara1234: doesn't show hand 
*** SUMMARY ***
Total pot $2.50 | Rake $0 
Seat 1: BarnyukAV (small blind) folded before Flop
Seat 2: KarP93 (big blind) folded before Flop
Seat 3: DamjanD folded before Flop (didn't bet)
Seat 4: kumara1234 collected ($2.50)
Seat 5: danuuutz (button) folded before Flop (didn't bet)



PokerStars Hand #254258304266:  Hold'em No Limit ($0.50/$1.00 USD) - 2025/01/08 8:33:22 WET [2025/01/08 3:33:22 ET]
Table 'Hypatia II' 6-max Seat #1 is the button
Seat 1: BarnyukAV ($143.10 in chips) 
Seat 2: KarP93 ($108.80 in chips) 
Seat 3: DamjanD ($104.79 in chips) 
Seat 4: kumara1234 ($8.57 in chips) 
Seat 5: danuuutz ($100 in chips) 
KarP93: posts small blind $0.50
DamjanD: posts big blind $1
*** HOLE CARDS ***
kumara1234: calls $1
danuuutz: folds 
BarnyukAV: folds 
KarP93: folds 
DamjanD: checks 
*** FLOP *** [9c 6h 7h]
DamjanD: checks 
kumara1234: checks 
*** TURN *** [9c 6h 7h] [Kd]
DamjanD: checks 
kumara1234: checks 
*** RIVER *** [9c 6h 7h Kd] [9h]
DamjanD: checks 
kumara1234: bets $1
DamjanD: folds 
Uncalled bet ($1) returned to kumara1234
kumara1234 collected $2.38 from pot
kumara1234: doesn't show hand 
*** SUMMARY ***
Total pot $2.50 | Rake $0.12 
Board [9c 6h 7h Kd 9h]
Seat 1: BarnyukAV (button) folded before Flop (didn't bet)
Seat 2: KarP93 (small blind) folded before Flop
Seat 3: DamjanD (big blind) folded on the River
Seat 4: kumara1234 collected ($2.38)
Seat 5: danuuutz folded before Flop (didn't bet)



PokerStars Hand #254258306602:  Hold'em No Limit ($0.50/$1.00 USD) - 2025/01/08 8:33:52 WET [2025/01/08 3:33:52 ET]
Table 'Hypatia II' 6-max Seat #2 is the button
Seat 1: BarnyukAV ($143.10 in chips) 
Seat 2: KarP93 ($108.30 in chips) 
Seat 3: DamjanD ($103.79 in chips) 
Seat 4: kumara1234 ($9.95 in chips) 
Seat 5: danuuutz ($100 in chips) 
DamjanD: posts small blind $0.50
kumara1234: posts big blind $1
*** HOLE CARDS ***
danuuutz: folds 
BarnyukAV: folds 
KarP93: folds 
DamjanD: raises $1 to $2
kumara1234: calls $1
*** FLOP *** [4c 9c Jd]
DamjanD: bets $1.25
kumara1234: folds 
Uncalled bet ($1.25) returned to DamjanD
DamjanD collected $3.80 from pot
DamjanD: doesn't show hand 
*** SUMMARY ***
Total pot $4 | Rake $0.20 
Board [4c 9c Jd]
Seat 1: BarnyukAV folded before Flop (didn't bet)
Seat 2: KarP93 (button) folded before Flop (didn't bet)
Seat 3: DamjanD (small blind) collected ($3.80)
Seat 4: kumara1234 (big blind) folded on the Flop
Seat 5: danuuutz folded before Flop (didn't bet)



PokerStars Hand #254258308878:  Hold'em No Limit ($0.50/$1.00 USD) - 2025/01/08 8:34:20 WET [2025/01/08 3:34:20 ET]
Table 'Hypatia II' 6-max Seat #3 is the button
Seat 1: BarnyukAV ($143.10 in chips) 
Seat 2: KarP93 ($108.30 in chips) 
Seat 3: DamjanD ($105.59 in chips) 
Seat 4: kumara1234 ($7.95 in chips) 
Seat 5: danuuutz ($100 in chips) 
kumara1234: posts small blind $0.50
danuuutz: posts big blind $1
*** HOLE CARDS ***
BarnyukAV: raises $1 to $2
KarP93: folds 
DamjanD: raises $5 to $7
ST4LTH joins the table at seat #6 
kumara1234: folds 
danuuutz: folds 
BarnyukAV: folds 
Uncalled bet ($5) returned to DamjanD
DamjanD collected $5.50 from pot
DamjanD: doesn't show hand 
*** SUMMARY ***
Total pot $5.50 | Rake $0 
Seat 1: BarnyukAV folded before Flop
Seat 2: KarP93 folded before Flop (didn't bet)
Seat 3: DamjanD (button) collected ($5.50)
Seat 4: kumara1234 (small blind) folded before Flop
Seat 5: danuuutz (big blind) folded before Flop



PokerStars Hand #254258121686:  Hold'em No Limit ($0.50/$1.00 USD) - 2025/01/08 7:52:49 WET [2025/01/08 2:52:49 ET]
Table 'Hypatia II' 6-max Seat #5 is the button
Seat 4: JoeBlack_MS ($100 in chips) is sitting out
Seat 2: KarP93 ($100 in chips) 
Seat 5: G.HANSEN333 ($103.70 in chips) 
G.HANSEN333: posts small blind $0.50
KarP93: posts big blind $1
*** HOLE CARDS ***
G.HANSEN333: raises $2 to $3
KarP93: raises $9 to $12
G.HANSEN333: calls $9
*** FLOP *** [Ks Ac Jh]
KarP93: checks 
G.HANSEN333: checks 
*** TURN *** [Ks Ac Jh] [9d]
KarP93: checks 
G.HANSEN333: checks 
*** RIVER *** [Ks Ac Jh 9d] [Qs]
KarP93: bets $11.50
G.HANSEN333: folds 
Uncalled bet ($11.50) returned to KarP93
KarP93 collected $23 from pot
KarP93: doesn't show hand 
*** SUMMARY ***
Total pot $24 | Rake $1 
Board [Ks Ac Jh 9d Qs]
Seat 4: JoeBlack_MS
Seat 2: KarP93 (big blind) collected ($23)
Seat 5: G.HANSEN333 (button) (small blind) folded on the River



PokerStars Hand #254258125122:  Hold'em No Limit ($0.50/$1.00 USD) - 2025/01/08 7:53:36 WET [2025/01/08 2:53:36 ET]
Table 'Hypatia II' 6-max Seat #2 is the button
Seat 4: JoeBlack_MS ($100 in chips) is sitting out
Seat 2: KarP93 ($111 in chips) 
Seat 5: G.HANSEN333 ($100 in chips) 
KarP93: posts small blind $0.50
G.HANSEN333: posts big blind $1
*** HOLE CARDS ***
KarP93: raises $1.50 to $2.50
G.HANSEN333: folds 
Uncalled bet ($1.50) returned to KarP93
KarP93 collected $2 from pot
KarP93: doesn't show hand 
*** SUMMARY ***
Total pot $2 | Rake $0 
Seat 4: JoeBlack_MS
Seat 2: KarP93 (button) (small blind) collected ($2)
Seat 5: G.HANSEN333 (big blind) folded before Flop



PokerStars Hand #254258126047:  Hold'em No Limit ($0.50/$1.00 USD) - 2025/01/08 7:53:48 WET [2025/01/08 2:53:48 ET]
Table 'Hypatia II' 6-max Seat #5 is the button
Seat 4: JoeBlack_MS ($100 in chips) is sitting out
Seat 2: KarP93 ($112 in chips) 
Seat 5: G.HANSEN333 ($100 in chips) 
G.HANSEN333: posts small blind $0.50
KarP93: posts big blind $1
*** HOLE CARDS ***
G.HANSEN333: raises $2 to $3
KarP93: calls $2
*** FLOP *** [4h Kd 4c]
KarP93: checks 
G.HANSEN333: bets $3
KarP93: folds 
Uncalled bet ($3) returned to G.HANSEN333
G.HANSEN333 collected $5.70 from pot
G.HANSEN333: doesn't show hand 
*** SUMMARY ***
Total pot $6 | Rake $0.30 
Board [4h Kd 4c]
Seat 4: JoeBlack_MS
Seat 2: KarP93 (big blind) folded on the Flop
Seat 5: G.HANSEN333 (button) (small blind) collected ($5.70)



PokerStars Hand #254258128264:  Hold'em No Limit ($0.50/$1.00 USD) - 2025/01/08 7:54:18 WET [2025/01/08 2:54:18 ET]
Table 'Hypatia II' 6-max Seat #2 is the button
Seat 4: JoeBlack_MS ($100 in chips) is sitting out
Seat 2: KarP93 ($109 in chips) 
Seat 5: G.HANSEN333 ($102.70 in chips) 
KarP93: posts small blind $0.50
G.HANSEN333: posts big blind $1
*** HOLE CARDS ***
KarP93: raises $1.50 to $2.50
G.HANSEN333: folds 
Uncalled bet ($1.50) returned to KarP93
KarP93 collected $2 from pot
KarP93: doesn't show hand 
*** SUMMARY ***
Total pot $2 | Rake $0 
Seat 4: JoeBlack_MS
Seat 2: KarP93 (button) (small blind) collected ($2)
Seat 5: G.HANSEN333 (big blind) folded before Flop



PokerStars Hand #254258128918:  Hold'em No Limit ($0.50/$1.00 USD) - 2025/01/08 7:54:27 WET [2025/01/08 2:54:27 ET]
Table 'Hypatia II' 6-max Seat #5 is the button
Seat 4: JoeBlack_MS ($100 in chips) is sitting out
Seat 2: KarP93 ($110 in chips) 
Seat 5: G.HANSEN333 ($101.70 in chips) 
G.HANSEN333: posts small blind $0.50
KarP93: posts big blind $1
*** HOLE CARDS ***
G.HANSEN333: folds 
Uncalled bet ($0.50) returned to KarP93
KarP93 collected $1 from pot
KarP93: doesn't show hand 
*** SUMMARY ***
Total pot $1 | Rake $0 
Seat 4: JoeBlack_MS
Seat 2: KarP93 (big blind) collected ($1)
Seat 5: G.HANSEN333 (button) (small blind) folded before Flop



PokerStars Hand #254258129391:  Hold'em No Limit ($0.50/$1.00 USD) - 2025/01/08 7:54:33 WET [2025/01/08 2:54:33 ET]
Table 'Hypatia II' 6-max Seat #2 is the button
Seat 4: JoeBlack_MS ($100 in chips) is sitting out
Seat 2: KarP93 ($110.50 in chips) 
Seat 5: G.HANSEN333 ($101.20 in chips) 
KarP93: posts small blind $0.50
G.HANSEN333: posts big blind $1
*** HOLE CARDS ***
KarP93: raises $1.50 to $2.50
G.HANSEN333: calls $1.50
*** FLOP *** [7h Th 6s]
G.HANSEN333: checks 
KarP93: checks 
*** TURN *** [7h Th 6s] [Jh]
G.HANSEN333: checks 
KarP93: checks 
*** RIVER *** [7h Th 6s Jh] [Jc]
G.HANSEN333: checks 
KarP93: bets $2.38
G.HANSEN333: folds 
Uncalled bet ($2.38) returned to KarP93
KarP93 collected $4.75 from pot
KarP93: doesn't show hand 
*** SUMMARY ***
Total pot $5 | Rake $0.25 
Board [7h Th 6s Jh Jc]
Seat 4: JoeBlack_MS
Seat 2: KarP93 (button) (small blind) collected ($4.75)
Seat 5: G.HANSEN333 (big blind) folded on the River



PokerStars Hand #254258131808:  Hold'em No Limit ($0.50/$1.00 USD) - 2025/01/08 7:55:06 WET [2025/01/08 2:55:06 ET]
Table 'Hypatia II' 6-max Seat #5 is the button
Seat 4: JoeBlack_MS ($100 in chips) is sitting out
Seat 2: KarP93 ($112.75 in chips) 
Seat 5: G.HANSEN333 ($100 in chips) 
G.HANSEN333: posts small blind $0.50
KarP93: posts big blind $1
*** HOLE CARDS ***
G.HANSEN333: folds 
Uncalled bet ($0.50) returned to KarP93
KarP93 collected $1 from pot
KarP93: doesn't show hand 
*** SUMMARY ***
Total pot $1 | Rake $0 
Seat 4: JoeBlack_MS
Seat 2: KarP93 (big blind) collected ($1)
Seat 5: G.HANSEN333 (button) (small blind) folded before Flop



PokerStars Hand #254258132151:  Hold'em No Limit ($0.50/$1.00 USD) - 2025/01/08 7:55:11 WET [2025/01/08 2:55:11 ET]
Table 'Hypatia II' 6-max Seat #2 is the button
Seat 4: JoeBlack_MS ($100 in chips) is sitting out
Seat 2: KarP93 ($113.25 in chips) 
Seat 5: G.HANSEN333 ($100 in chips) 
KarP93: posts small blind $0.50
G.HANSEN333: posts big blind $1
*** HOLE CARDS ***
KarP93: raises $1.50 to $2.50
G.HANSEN333: folds 
Uncalled bet ($1.50) returned to KarP93
KarP93 collected $2 from pot
KarP93: doesn't show hand 
*** SUMMARY ***
Total pot $2 | Rake $0 
Seat 4: JoeBlack_MS
Seat 2: KarP93 (button) (small blind) collected ($2)
Seat 5: G.HANSEN333 (big blind) folded before Flop



PokerStars Hand #254258132600:  Hold'em No Limit ($0.50/$1.00 USD) - 2025/01/08 7:55:18 WET [2025/01/08 2:55:18 ET]
Table 'Hypatia II' 6-max Seat #5 is the button
Seat 4: JoeBlack_MS ($100 in chips) is sitting out
Seat 2: KarP93 ($114.25 in chips) 
Seat 5: G.HANSEN333 ($100 in chips) 
G.HANSEN333: posts small blind $0.50
KarP93: posts big blind $1
*** HOLE CARDS ***
G.HANSEN333: raises $2 to $3
KarP93: calls $2
*** FLOP *** [9s 2c Ad]
KarP93: checks 
G.HANSEN333: checks 
*** TURN *** [9s 2c Ad] [2d]
KarP93: bets $1.88
G.HANSEN333: folds 
Uncalled bet ($1.88) returned to KarP93
KarP93 collected $5.70 from pot
KarP93: doesn't show hand 
*** SUMMARY ***
Total pot $6 | Rake $0.30 
Board [9s 2c Ad 2d]
Seat 4: JoeBlack_MS
Seat 2: KarP93 (big blind) collected ($5.70)
Seat 5: G.HANSEN333 (button) (small blind) folded on the Turn



PokerStars Hand #254258135679:  Hold'em No Limit ($0.50/$1.00 USD) - 2025/01/08 7:56:06 WET [2025/01/08 2:56:06 ET]
Table 'Hypatia II' 6-max Seat #2 is the button
Seat 4: JoeBlack_MS ($100 in chips) is sitting out
Seat 2: KarP93 ($116.95 in chips) 
Seat 5: G.HANSEN333 ($100 in chips) 
KarP93: posts small blind $0.50
G.HANSEN333: posts big blind $1
*** HOLE CARDS ***
KarP93: folds 
Uncalled bet ($0.50) returned to G.HANSEN333
G.HANSEN333 collected $1 from pot
G.HANSEN333: doesn't show hand 
*** SUMMARY ***
Total pot $1 | Rake $0 
Seat 4: JoeBlack_MS
Seat 2: KarP93 (button) (small blind) folded before Flop
Seat 5: G.HANSEN333 (big blind) collected ($1)



PokerStars Hand #254258157963:  Hold'em No Limit ($0.50/$1.00 USD) - 2025/01/08 8:01:34 WET [2025/01/08 3:01:34 ET]
Table 'Hypatia II' 6-max Seat #5 is the button
Seat 2: KarP93 ($116.45 in chips) 
Seat 5: G.HANSEN333 ($100.50 in chips) 
G.HANSEN333: posts small blind $0.50
KarP93: posts big blind $1
*** HOLE CARDS ***
G.HANSEN333: raises $2 to $3
KarP93: folds 
Uncalled bet ($2) returned to G.HANSEN333
G.HANSEN333 collected $2 from pot
G.HANSEN333: doesn't show hand 
*** SUMMARY ***
Total pot $2 | Rake $0 
Seat 2: KarP93 (big blind) folded before Flop
Seat 5: G.HANSEN333 (button) (small blind) collected ($2)



PokerStars Hand #254258159149:  Hold'em No Limit ($0.50/$1.00 USD) - 2025/01/08 8:01:50 WET [2025/01/08 3:01:50 ET]
Table 'Hypatia II' 6-max Seat #2 is the button
Seat 2: KarP93 ($115.45 in chips) 
Seat 5: G.HANSEN333 ($101.50 in chips) 
KarP93: posts small blind $0.50
G.HANSEN333: posts big blind $1
*** HOLE CARDS ***
KarP93: raises $1.50 to $2.50
G.HANSEN333: folds 
Uncalled bet ($1.50) returned to KarP93
KarP93 collected $2 from pot
KarP93: doesn't show hand 
*** SUMMARY ***
Total pot $2 | Rake $0 
Seat 2: KarP93 (button) (small blind) collected ($2)
Seat 5: G.HANSEN333 (big blind) folded before Flop



PokerStars Hand #254258185775:  Hold'em No Limit ($0.50/$1.00 USD) - 2025/01/08 8:07:38 WET [2025/01/08 3:07:38 ET]
Table 'Hypatia II' 6-max Seat #3 is the button
Seat 2: KarP93 ($116.45 in chips) is sitting out
Seat 1: BarnyukAV ($100 in chips) 
Seat 3: DamjanD ($100 in chips) 
Seat 4: kumara1234 ($45.40 in chips) 
Seat 5: G.HANSEN333 ($100.50 in chips) 
Kreayshawn joins the table at seat #6 
kumara1234: posts small blind $0.50
G.HANSEN333: posts big blind $1
*** HOLE CARDS ***
BarnyukAV: folds 
DamjanD: folds 
kumara1234: calls $0.50
G.HANSEN333: checks 
*** FLOP *** [5d Ks 7d]
kumara1234: checks 
G.HANSEN333: checks 
*** TURN *** [5d Ks 7d] [Kd]
kumara1234: checks 
G.HANSEN333: bets $1.43
kumara1234: folds 
Uncalled bet ($1.43) returned to G.HANSEN333
G.HANSEN333 collected $1.90 from pot
G.HANSEN333: doesn't show hand 
*** SUMMARY ***
Total pot $2 | Rake $0.10 
Board [5d Ks 7d Kd]
Seat 2: KarP93
Seat 1: BarnyukAV folded before Flop (didn't bet)
Seat 3: DamjanD (button) folded before Flop (didn't bet)
Seat 4: kumara1234 (small blind) folded on the Turn
Seat 5: G.HANSEN333 (big blind) collected ($1.90)



PokerStars Hand #254258187346:  Hold'em No Limit ($0.50/$1.00 USD) - 2025/01/08 8:07:59 WET [2025/01/08 3:07:59 ET]
Table 'Hypatia II' 6-max Seat #4 is the button
Seat 2: KarP93 ($116.45 in chips) is sitting out
Seat 1: BarnyukAV ($100 in chips) 
Seat 3: DamjanD ($100 in chips) 
Seat 4: kumara1234 ($44.40 in chips) 
Seat 5: G.HANSEN333 ($101.40 in chips) 
Seat 6: Kreayshawn ($100 in chips) 
G.HANSEN333: posts small blind $0.50
Kreayshawn: posts big blind $1
KarP93: sits out 
*** HOLE CARDS ***
BarnyukAV: folds 
DamjanD: raises $1.20 to $2.20
kumara1234: calls $2.20
G.HANSEN333: folds 
Kreayshawn: folds 
*** FLOP *** [6h 8h 4h]
DamjanD: bets $1
kumara1234: calls $1
*** TURN *** [6h 8h 4h] [9h]
DamjanD: bets $4.95
kumara1234: calls $4.95
*** RIVER *** [6h 8h 4h 9h] [Jd]
DamjanD: bets $16.91
kumara1234: folds 
Uncalled bet ($16.91) returned to DamjanD
DamjanD collected $16.91 from pot
DamjanD: doesn't show hand 
*** SUMMARY ***
Total pot $17.80 | Rake $0.89 
Board [6h 8h 4h 9h Jd]
Seat 2: KarP93
Seat 1: BarnyukAV folded before Flop (didn't bet)
Seat 3: DamjanD collected ($16.91)
Seat 4: kumara1234 (button) folded on the River
Seat 5: G.HANSEN333 (small blind) folded before Flop
Seat 6: Kreayshawn (big blind) folded before Flop



PokerStars Hand #254258191003:  Hold'em No Limit ($0.50/$1.00 USD) - 2025/01/08 8:08:48 WET [2025/01/08 3:08:48 ET]
Table 'Hypatia II' 6-max Seat #5 is the button
Seat 2: KarP93 ($116.45 in chips) is sitting out
Seat 1: BarnyukAV ($100 in chips) 
Seat 3: DamjanD ($108.76 in chips) 
Seat 4: kumara1234 ($36.25 in chips) 
Seat 5: G.HANSEN333 ($100.90 in chips) 
Seat 6: Kreayshawn ($100 in chips) 
Kreayshawn: posts small blind $0.50
BarnyukAV: posts big blind $1
KarP93: sits out 
*** HOLE CARDS ***
DamjanD: folds 
kumara1234: calls $1
G.HANSEN333: raises $3.50 to $4.50
Kreayshawn: folds 
BarnyukAV: folds 
kumara1234: calls $3.50
*** FLOP *** [7h 3h Tc]
kumara1234: checks 
G.HANSEN333: bets $7.49
kumara1234: folds 
Uncalled bet ($7.49) returned to G.HANSEN333
G.HANSEN333 collected $9.98 from pot
G.HANSEN333: doesn't show hand 
*** SUMMARY ***
Total pot $10.50 | Rake $0.52 
Board [7h 3h Tc]
Seat 2: KarP93
Seat 1: BarnyukAV (big blind) folded before Flop
Seat 3: DamjanD folded before Flop (didn't bet)
Seat 4: kumara1234 folded on the Flop
Seat 5: G.HANSEN333 (button) collected ($9.98)
Seat 6: Kreayshawn (small blind) folded before Flop



PokerStars Hand #254258193358:  Hold'em No Limit ($0.50/$1.00 USD) - 2025/01/08 8:09:19 WET [2025/01/08 3:09:19 ET]
Table 'Hypatia II' 6-max Seat #6 is the button
Seat 1: BarnyukAV ($100 in chips) 
Seat 2: KarP93 ($116.45 in chips) 
Seat 3: DamjanD ($108.76 in chips) 
Seat 4: kumara1234 ($31.75 in chips) 
Seat 5: G.HANSEN333 ($106.38 in chips) 
Seat 6: Kreayshawn ($100 in chips) 
BarnyukAV: posts small blind $0.50
KarP93: posts big blind $1
*** HOLE CARDS ***
DamjanD: folds 
kumara1234: calls $1
G.HANSEN333: folds 
Kreayshawn: folds 
BarnyukAV: folds 
KarP93: checks 
*** FLOP *** [9c 3c Jh]
KarP93: checks 
kumara1234: checks 
*** TURN *** [9c 3c Jh] [Kh]
KarP93: bets $1.79
kumara1234: folds 
Uncalled bet ($1.79) returned to KarP93
KarP93 collected $2.38 from pot
KarP93: doesn't show hand 
*** SUMMARY ***
Total pot $2.50 | Rake $0.12 
Board [9c 3c Jh Kh]
Seat 1: BarnyukAV (small blind) folded before Flop
Seat 2: KarP93 (big blind) collected ($2.38)
Seat 3: DamjanD folded before Flop (didn't bet)
Seat 4: kumara1234 folded on the Turn
Seat 5: G.HANSEN333 folded before Flop (didn't bet)
Seat 6: Kreayshawn (button) folded before Flop (didn't bet)



PokerStars Hand #254258197016:  Hold'em No Limit ($0.50/$1.00 USD) - 2025/01/08 8:10:07 WET [2025/01/08 3:10:07 ET]
Table 'Hypatia II' 6-max Seat #1 is the button
Seat 1: BarnyukAV ($100 in chips) 
Seat 2: KarP93 ($117.83 in chips) 
Seat 3: DamjanD ($108.76 in chips) 
Seat 4: kumara1234 ($30.75 in chips) 
Seat 5: G.HANSEN333 ($106.38 in chips) 
Seat 6: Kreayshawn ($100 in chips) 
KarP93: posts small blind $0.50
DamjanD: posts big blind $1
*** HOLE CARDS ***
kumara1234: calls $1
G.HANSEN333: folds 
Kreayshawn: folds 
BarnyukAV: folds 
KarP93: folds 
DamjanD: raises $4 to $5
kumara1234: calls $4
*** FLOP *** [Qh 8h 9s]
DamjanD: bets $3.29
kumara1234: calls $3.29
*** TURN *** [Qh 8h 9s] [Qs]
DamjanD: checks 
kumara1234: checks 
*** RIVER *** [Qh 8h 9s Qs] [3d]
DamjanD: checks 
kumara1234: checks 
*** SHOW DOWN ***
DamjanD: shows [Kh Ac] (a pair of Queens)
kumara1234: mucks hand 
DamjanD collected $16.23 from pot
*** SUMMARY ***
Total pot $17.08 | Rake $0.85 
Board [Qh 8h 9s Qs 3d]
Seat 1: BarnyukAV (button) folded before Flop (didn't bet)
Seat 2: KarP93 (small blind) folded before Flop
Seat 3: DamjanD (big blind) showed [Kh Ac] and won ($16.23) with a pair of Queens
Seat 4: kumara1234 mucked
Seat 5: G.HANSEN333 folded before Flop (didn't bet)
Seat 6: Kreayshawn folded before Flop (didn't bet)



PokerStars Hand #254258201151:  Hold'em No Limit ($0.50/$1.00 USD) - 2025/01/08 8:11:01 WET [2025/01/08 3:11:01 ET]
Table 'Hypatia II' 6-max Seat #2 is the button
Seat 1: BarnyukAV ($100 in chips) 
Seat 2: KarP93 ($117.33 in chips) 
Seat 3: DamjanD ($116.70 in chips) 
Seat 4: kumara1234 ($22.46 in chips) 
Seat 5: G.HANSEN333 ($106.38 in chips) 
Seat 6: Kreayshawn ($100 in chips) 
DamjanD: posts small blind $0.50
kumara1234: posts big blind $1
*** HOLE CARDS ***
G.HANSEN333: folds 
Kreayshawn: folds 
BarnyukAV: folds 
KarP93: folds 
DamjanD: raises $1.20 to $2.20
kumara1234: calls $1.20
*** FLOP *** [Jd 2c Ks]
DamjanD: bets $1.38
kumara1234: calls $1.38
*** TURN *** [Jd 2c Ks] [Td]
DamjanD: bets $4.49
kumara1234: calls $4.49
*** RIVER *** [Jd 2c Ks Td] [2h]
DamjanD: bets $5.06
kumara1234: calls $5.06
*** SHOW DOWN ***
DamjanD: shows [Qc Kh] (two pair, Kings and Deuces)
kumara1234: mucks hand 
DamjanD collected $24.95 from pot
*** SUMMARY ***
Total pot $26.26 | Rake $1.31 
Board [Jd 2c Ks Td 2h]
Seat 1: BarnyukAV folded before Flop (didn't bet)
Seat 2: KarP93 (button) folded before Flop (didn't bet)
Seat 3: DamjanD (small blind) showed [Qc Kh] and won ($24.95) with two pair, Kings and Deuces
Seat 4: kumara1234 (big blind) mucked
Seat 5: G.HANSEN333 folded before Flop (didn't bet)
Seat 6: Kreayshawn folded before Flop (didn't bet)



PokerStars Hand #254258204960:  Hold'em No Limit ($0.50/$1.00 USD) - 2025/01/08 8:11:51 WET [2025/01/08 3:11:51 ET]
Table 'Hypatia II' 6-max Seat #3 is the button
Seat 1: BarnyukAV ($100 in chips) 
Seat 2: KarP93 ($117.33 in chips) 
Seat 3: DamjanD ($128.52 in chips) 
Seat 4: kumara1234 ($9.33 in chips) 
Seat 5: G.HANSEN333 ($106.38 in chips) 
Seat 6: Kreayshawn ($100 in chips) 
kumara1234: posts small blind $0.50
G.HANSEN333: posts big blind $1
*** HOLE CARDS ***
Kreayshawn: folds 
BarnyukAV: folds 
KarP93: folds 
DamjanD: raises $1.50 to $2.50
kumara1234: calls $2
G.HANSEN333: folds 
*** FLOP *** [3s Tc 9h]
kumara1234: checks 
DamjanD: bets $2.26
kumara1234: calls $2.26
*** TURN *** [3s Tc 9h] [8s]
kumara1234: checks 
DamjanD: checks 
*** RIVER *** [3s Tc 9h 8s] [Qd]
kumara1234: bets $1
DamjanD: calls $1
*** SHOW DOWN ***
kumara1234: shows [Qc As] (a pair of Queens)
DamjanD: mucks hand 
kumara1234 collected $11.89 from pot
*** SUMMARY ***
Total pot $12.52 | Rake $0.63 
Board [3s Tc 9h 8s Qd]
Seat 1: BarnyukAV folded before Flop (didn't bet)
Seat 2: KarP93 folded before Flop (didn't bet)
Seat 3: DamjanD (button) mucked
Seat 4: kumara1234 (small blind) showed [Qc As] and won ($11.89) with a pair of Queens
Seat 5: G.HANSEN333 (big blind) folded before Flop
Seat 6: Kreayshawn folded before Flop (didn't bet)



PokerStars Hand #254258208324:  Hold'em No Limit ($0.50/$1.00 USD) - 2025/01/08 8:12:35 WET [2025/01/08 3:12:35 ET]
Table 'Hypatia II' 6-max Seat #4 is the button
Seat 1: BarnyukAV ($100 in chips) 
Seat 2: KarP93 ($117.33 in chips) 
Seat 3: DamjanD ($122.76 in chips) 
Seat 4: kumara1234 ($15.46 in chips) 
Seat 5: G.HANSEN333 ($105.38 in chips) 
Seat 6: Kreayshawn ($100 in chips) 
G.HANSEN333: posts small blind $0.50
Kreayshawn: posts big blind $1
*** HOLE CARDS ***
BarnyukAV: folds 
KarP93: folds 
DamjanD: raises $1.20 to $2.20
kumara1234: folds 
G.HANSEN333: folds 
Kreayshawn: folds 
Uncalled bet ($1.20) returned to DamjanD
DamjanD collected $2.50 from pot
DamjanD: doesn't show hand 
*** SUMMARY ***
Total pot $2.50 | Rake $0 
Seat 1: BarnyukAV folded before Flop (didn't bet)
Seat 2: KarP93 folded before Flop (didn't bet)
Seat 3: DamjanD collected ($2.50)
Seat 4: kumara1234 (button) folded before Flop (didn't bet)
Seat 5: G.HANSEN333 (small blind) folded before Flop
Seat 6: Kreayshawn (big blind) folded before Flop



PokerStars Hand #254258312297:  Hold'em No Limit ($0.50/$1.00 USD) - 2025/01/08 8:35:02 WET [2025/01/08 3:35:02 ET]
Table 'Hypatia II' 6-max Seat #4 is the button
Seat 1: BarnyukAV ($141.10 in chips) 
Seat 2: KarP93 ($108.30 in chips) 
Seat 3: DamjanD ($109.09 in chips) 
Seat 4: kumara1234 ($7.45 in chips) 
Seat 5: danuuutz ($100 in chips) 
Seat 6: ST4LTH ($100 in chips) 
danuuutz: posts small blind $0.50
ST4LTH: posts big blind $1
*** HOLE CARDS ***
BarnyukAV: raises $1 to $2
KarP93: raises $4 to $6
DamjanD: folds 
kumara1234: calls $6
danuuutz: folds 
ST4LTH: folds 
BarnyukAV: folds 
*** FLOP *** [4c 6h Jd]
KarP93: bets $7.36
kumara1234: calls $1.45 and is all-in
Uncalled bet ($5.91) returned to KarP93
*** TURN *** [4c 6h Jd] [2s]
*** RIVER *** [4c 6h Jd 2s] [3d]
*** SHOW DOWN ***
KarP93: shows [As Jh] (a pair of Jacks)
kumara1234: shows [Ac Qs] (high card Ace)
KarP93 collected $17.48 from pot
*** SUMMARY ***
Total pot $18.40 | Rake $0.92 
Board [4c 6h Jd 2s 3d]
Seat 1: BarnyukAV folded before Flop
Seat 2: KarP93 showed [As Jh] and won ($17.48) with a pair of Jacks
Seat 3: DamjanD folded before Flop (didn't bet)
Seat 4: kumara1234 (button) showed [Ac Qs] and lost with high card Ace
Seat 5: danuuutz (small blind) folded before Flop
Seat 6: ST4LTH (big blind) folded before Flop



PokerStars Hand #254258317992:  Hold'em No Limit ($0.50/$1.00 USD) - 2025/01/08 8:36:14 WET [2025/01/08 3:36:14 ET]
Table 'Hypatia II' 6-max Seat #5 is the button
Seat 4: kumara1234 ($0 in chips) is sitting out
Seat 1: BarnyukAV ($139.10 in chips) 
Seat 2: KarP93 ($118.33 in chips) 
Seat 3: DamjanD ($109.09 in chips) 
Seat 5: danuuutz ($100 in chips) 
Seat 6: ST4LTH ($100 in chips) 
ST4LTH: posts small blind $0.50
BarnyukAV: posts big blind $1
*** HOLE CARDS ***
KarP93: folds 
DamjanD: folds 
kumara1234 leaves the table
danuuutz: raises $1.10 to $2.10
ST4LTH: folds 
BarnyukAV: calls $1.10
*** FLOP *** [Qd Jc Jh]
BarnyukAV: checks 
danuuutz: checks 
*** TURN *** [Qd Jc Jh] [6d]
BarnyukAV: bets $3.34
danuuutz: calls $3.34
*** RIVER *** [Qd Jc Jh 6d] [Tc]
Dearic99 joins the table at seat #4 
BarnyukAV: bets $12.76
danuuutz: raises $81.80 to $94.56 and is all-in
BarnyukAV: folds 
Uncalled bet ($81.80) returned to danuuutz
danuuutz collected $35.06 from pot
danuuutz: doesn't show hand 
*** SUMMARY ***
Total pot $36.90 | Rake $1.84 
Board [Qd Jc Jh 6d Tc]
Seat 4: kumara1234
Seat 1: BarnyukAV (big blind) folded on the River
Seat 2: KarP93 folded before Flop (didn't bet)
Seat 3: DamjanD folded before Flop (didn't bet)
Seat 5: danuuutz (button) collected ($35.06)
Seat 6: ST4LTH (small blind) folded before Flop



PokerStars Hand #254258325872:  Hold'em No Limit ($0.50/$1.00 USD) - 2025/01/08 8:37:51 WET [2025/01/08 3:37:51 ET]
Table 'Hypatia II' 6-max Seat #6 is the button
Seat 4: Dearic99 ($100 in chips) is sitting out
Seat 1: BarnyukAV ($120.90 in chips) 
Seat 2: KarP93 ($118.33 in chips) 
Seat 3: DamjanD ($109.09 in chips) 
Seat 5: danuuutz ($116.86 in chips) 
Seat 6: ST4LTH ($100 in chips) 
BarnyukAV: posts small blind $0.50
KarP93: posts big blind $1
Dearic99: sits out 
*** HOLE CARDS ***
DamjanD: raises $1 to $2
danuuutz: folds 
ST4LTH: folds 
BarnyukAV: folds 
KarP93: folds 
Uncalled bet ($1) returned to DamjanD
DamjanD collected $2.50 from pot
DamjanD: doesn't show hand 
*** SUMMARY ***
Total pot $2.50 | Rake $0 
Seat 4: Dearic99
Seat 1: BarnyukAV (small blind) folded before Flop
Seat 2: KarP93 (big blind) folded before Flop
Seat 3: DamjanD collected ($2.50)
Seat 5: danuuutz folded before Flop (didn't bet)
Seat 6: ST4LTH (button) folded before Flop (didn't bet)



PokerStars Hand #254258327900:  Hold'em No Limit ($0.50/$1.00 USD) - 2025/01/08 8:38:16 WET [2025/01/08 3:38:16 ET]
Table 'Hypatia II' 6-max Seat #1 is the button
Seat 4: Dearic99 ($100 in chips) is sitting out
Seat 1: BarnyukAV ($120.40 in chips) 
Seat 2: KarP93 ($117.33 in chips) 
Seat 3: DamjanD ($110.59 in chips) 
Seat 5: danuuutz ($116.86 in chips) 
Seat 6: ST4LTH ($100 in chips) 
KarP93: posts small blind $0.50
DamjanD: posts big blind $1
Dearic99: sits out 
*** HOLE CARDS ***
danuuutz: folds 
ST4LTH: folds 
Dearic99 leaves the table
BarnyukAV: folds 
KarP93: raises $2 to $3
DamjanD: folds 
Uncalled bet ($2) returned to KarP93
KarP93 collected $2 from pot
KarP93: doesn't show hand 
*** SUMMARY ***
Total pot $2 | Rake $0 
Seat 4: Dearic99
Seat 1: BarnyukAV (button) folded before Flop (didn't bet)
Seat 2: KarP93 (small blind) collected ($2)
Seat 3: DamjanD (big blind) folded before Flop
Seat 5: danuuutz folded before Flop (didn't bet)
Seat 6: ST4LTH folded before Flop (didn't bet)



PokerStars Hand #254258329335:  Hold'em No Limit ($0.50/$1.00 USD) - 2025/01/08 8:38:34 WET [2025/01/08 3:38:34 ET]
Table 'Hypatia II' 6-max Seat #2 is the button
Seat 5: danuuutz ($116.86 in chips) is sitting out
Seat 1: BarnyukAV ($120.40 in chips) 
Seat 2: KarP93 ($118.33 in chips) 
Seat 3: DamjanD ($109.59 in chips) 
Seat 6: ST4LTH ($100 in chips) 
DamjanD: posts small blind $0.50
danuuutz: is sitting out 
ST4LTH: posts big blind $1
*** HOLE CARDS ***
BarnyukAV: folds 
KarP93: folds 
BarnyukAV leaves the table
DamjanD: raises $2 to $3
danuuutz leaves the table
ST4LTH: calls $2
*** FLOP *** [2c 6c Qc]
DamjanD: bets $1
ST4LTH: calls $1
*** TURN *** [2c 6c Qc] [Kc]
DamjanD: bets $2.51
ST4LTH: folds 
Uncalled bet ($2.51) returned to DamjanD
DamjanD collected $7.60 from pot
DamjanD: doesn't show hand 
*** SUMMARY ***
Total pot $8 | Rake $0.40 
Board [2c 6c Qc Kc]
Seat 5: danuuutz
Seat 1: BarnyukAV folded before Flop (didn't bet)
Seat 2: KarP93 (button) folded before Flop (didn't bet)
Seat 3: DamjanD (small blind) collected ($7.60)
Seat 6: ST4LTH (big blind) folded on the Turn



PokerStars Hand #254258333309:  Hold'em No Limit ($0.50/$1.00 USD) - 2025/01/08 8:39:23 WET [2025/01/08 3:39:23 ET]
Table 'Hypatia II' 6-max Seat #6 is the button
Seat 2: KarP93 ($118.33 in chips) is sitting out
Seat 3: DamjanD ($113.19 in chips) 
Seat 6: ST4LTH ($100 in chips) 
ST4LTH: posts small blind $0.50
KarP93: is sitting out 
DamjanD: posts big blind $1
*** HOLE CARDS ***
ST4LTH: raises $1 to $2
DamjanD: calls $1
*** FLOP *** [3d Qs As]
DamjanD: checks 
ST4LTH: bets $5.22
DamjanD: folds 
Uncalled bet ($5.22) returned to ST4LTH
ST4LTH collected $3.80 from pot
ST4LTH: doesn't show hand 
*** SUMMARY ***
Total pot $4 | Rake $0.20 
Board [3d Qs As]
Seat 2: KarP93
Seat 3: DamjanD (big blind) folded on the Flop
Seat 6: ST4LTH (button) (small blind) collected ($3.80)



PokerStars Hand #254258335465:  Hold'em No Limit ($0.50/$1.00 USD) - 2025/01/08 8:39:50 WET [2025/01/08 3:39:50 ET]
Table 'Hypatia II' 6-max Seat #3 is the button
Seat 2: KarP93 ($118.33 in chips) is sitting out
Seat 3: DamjanD ($111.19 in chips) 
Seat 6: ST4LTH ($101.80 in chips) 
DamjanD: posts small blind $0.50
ST4LTH: posts big blind $1
*** HOLE CARDS ***
DamjanD: folds 
Uncalled bet ($0.50) returned to ST4LTH
ST4LTH collected $1 from pot
ST4LTH: doesn't show hand 
*** SUMMARY ***
Total pot $1 | Rake $0 
Seat 2: KarP93
Seat 3: DamjanD (button) (small blind) folded before Flop
Seat 6: ST4LTH (big blind) collected ($1)



