PokerStars Hand #254271725867:  Hold'em No Limit ($0.50/$1.00 USD) - 2025/01/08 0:22:53 WET [2025/01/08 19:22:53 ET]
Table 'Dibaj II' 6-max Seat #1 is the button
Seat 1: LuckyShikari ($100 in chips) 
Seat 4: BeauParleur ($109 in chips) 
Seat 6: nikalas22 ($100 in chips) 
BeauParleur: posts small blind $0.50
nikalas22: posts big blind $1
*** HOLE CARDS ***
LuckyShikari: raises $1.25 to $2.25
BeauParleur: folds 
nikalas22: calls $1.25
*** FLOP *** [7d 7s 4h]
nikalas22: checks 
LuckyShikari: bets $4.75
nikalas22: folds 
Uncalled bet ($4.75) returned to LuckyShikari
LuckyShikari collected $4.75 from pot
LuckyShikari: doesn't show hand 
*** SUMMARY ***
Total pot $5 | Rake $0.25 
Board [7d 7s 4h]
Seat 1: LuckyShikari (button) collected ($4.75)
Seat 4: BeauParleur (small blind) folded before Flop
Seat 6: nikalas22 (big blind) folded on the Flop



PokerStars Hand #254271731384:  Hold'em No Limit ($0.50/$1.00 USD) - 2025/01/08 0:23:19 WET [2025/01/08 19:23:19 ET]
Table 'Dibaj II' 6-max Seat #4 is the button
Seat 1: LuckyShikari ($102.50 in chips) 
Seat 4: BeauParleur ($108.50 in chips) 
Seat 6: nikalas22 ($100 in chips) 
nikalas22: posts small blind $0.50
LuckyShikari: posts big blind $1
*** HOLE CARDS ***
BeauParleur: raises $1.50 to $2.50
nikalas22: folds 
LuckyShikari: raises $8.25 to $10.75
BeauParleur: calls $8.25
*** FLOP *** [3s 3c 7h]
LuckyShikari: bets $21
BeauParleur: folds 
Uncalled bet ($21) returned to LuckyShikari
LuckyShikari collected $21 from pot
LuckyShikari: doesn't show hand 
*** SUMMARY ***
Total pot $22 | Rake $1 
Board [3s 3c 7h]
Seat 1: LuckyShikari (big blind) collected ($21)
Seat 4: BeauParleur (button) folded on the Flop
Seat 6: nikalas22 (small blind) folded before Flop



PokerStars Hand #254271735428:  Hold'em No Limit ($0.50/$1.00 USD) - 2025/01/08 0:23:37 WET [2025/01/08 19:23:37 ET]
Table 'Dibaj II' 6-max Seat #6 is the button
Seat 1: LuckyShikari ($112.75 in chips) 
Seat 4: BeauParleur ($100 in chips) 
Seat 6: nikalas22 ($100 in chips) 
LuckyShikari: posts small blind $0.50
BeauParleur: posts big blind $1
*** HOLE CARDS ***
nikalas22: raises $1.50 to $2.50
LuckyShikari: folds 
BeauParleur: raises $10.50 to $13
nikalas22: folds 
Uncalled bet ($10.50) returned to BeauParleur
BeauParleur collected $5.50 from pot
BeauParleur: doesn't show hand 
*** SUMMARY ***
Total pot $5.50 | Rake $0 
Seat 1: LuckyShikari (small blind) folded before Flop
Seat 4: BeauParleur (big blind) collected ($5.50)
Seat 6: nikalas22 (button) folded before Flop



PokerStars Hand #254271739523:  Hold'em No Limit ($0.50/$1.00 USD) - 2025/01/08 0:23:57 WET [2025/01/08 19:23:57 ET]
Table 'Dibaj II' 6-max Seat #1 is the button
Seat 1: LuckyShikari ($112.25 in chips) 
Seat 4: BeauParleur ($103 in chips) 
Seat 6: nikalas22 ($100 in chips) 
BeauParleur: posts small blind $0.50
nikalas22: posts big blind $1
*** HOLE CARDS ***
LuckyShikari: folds 
BeauParleur: raises $2 to $3
nikalas22: calls $2
*** FLOP *** [8h 6s 5c]
BeauParleur: checks 
nikalas22: checks 
*** TURN *** [8h 6s 5c] [4h]
BeauParleur: checks 
nikalas22: checks 
*** RIVER *** [8h 6s 5c 4h] [Jd]
BeauParleur: bets $1.88
nikalas22: calls $1.88
*** SHOW DOWN ***
BeauParleur: shows [6h Ad] (a pair of Sixes)
nikalas22: shows [Kd Js] (a pair of Jacks)
nikalas22 collected $9.27 from pot
*** SUMMARY ***
Total pot $9.76 | Rake $0.49 
Board [8h 6s 5c 4h Jd]
Seat 1: LuckyShikari (button) folded before Flop (didn't bet)
Seat 4: BeauParleur (small blind) showed [6h Ad] and lost with a pair of Sixes
Seat 6: nikalas22 (big blind) showed [Kd Js] and won ($9.27) with a pair of Jacks



PokerStars Hand #254271751248:  Hold'em No Limit ($0.50/$1.00 USD) - 2025/01/08 0:24:52 WET [2025/01/08 19:24:52 ET]
Table 'Dibaj II' 6-max Seat #4 is the button
Seat 1: LuckyShikari ($112.25 in chips) 
Seat 4: BeauParleur ($100 in chips) 
Seat 6: nikalas22 ($104.39 in chips) 
nikalas22: posts small blind $0.50
LuckyShikari: posts big blind $1
*** HOLE CARDS ***
BeauParleur: folds 
nikalas22: folds 
Uncalled bet ($0.50) returned to LuckyShikari
LuckyShikari collected $1 from pot
LuckyShikari: doesn't show hand 
*** SUMMARY ***
Total pot $1 | Rake $0 
Seat 1: LuckyShikari (big blind) collected ($1)
Seat 4: BeauParleur (button) folded before Flop (didn't bet)
Seat 6: nikalas22 (small blind) folded before Flop



PokerStars Hand #254271752883:  Hold'em No Limit ($0.50/$1.00 USD) - 2025/01/08 0:25:00 WET [2025/01/08 19:25:00 ET]
Table 'Dibaj II' 6-max Seat #6 is the button
Seat 1: LuckyShikari ($112.75 in chips) 
Seat 4: BeauParleur ($100 in chips) 
Seat 6: nikalas22 ($103.89 in chips) 
LuckyShikari: posts small blind $0.50
BeauParleur: posts big blind $1
*** HOLE CARDS ***
nikalas22: raises $1.50 to $2.50
LuckyShikari: folds 
BeauParleur: calls $1.50
*** FLOP *** [6d Kh 6s]
BeauParleur: checks 
nikalas22: bets $1.57
BeauParleur: calls $1.57
*** TURN *** [6d Kh 6s] [Qs]
BeauParleur: checks 
nikalas22: checks 
*** RIVER *** [6d Kh 6s Qs] [Qd]
BeauParleur: checks 
nikalas22: bets $2.46
BeauParleur: calls $2.46
*** SHOW DOWN ***
nikalas22: shows [Td Ks] (two pair, Kings and Queens)
BeauParleur: mucks hand 
nikalas22 collected $12.88 from pot
*** SUMMARY ***
Total pot $13.56 | Rake $0.68 
Board [6d Kh 6s Qs Qd]
Seat 1: LuckyShikari (small blind) folded before Flop
Seat 4: BeauParleur (big blind) mucked
Seat 6: nikalas22 (button) showed [Td Ks] and won ($12.88) with two pair, Kings and Queens



PokerStars Hand #254271768545:  Hold'em No Limit ($0.50/$1.00 USD) - 2025/01/08 0:26:14 WET [2025/01/08 19:26:14 ET]
Table 'Dibaj II' 6-max Seat #1 is the button
Seat 1: LuckyShikari ($112.25 in chips) 
Seat 4: BeauParleur ($100 in chips) 
Seat 6: nikalas22 ($110.24 in chips) 
BeauParleur: posts small blind $0.50
nikalas22: posts big blind $1
*** HOLE CARDS ***
LuckyShikari: raises $3.75 to $4.75
BeauParleur: folds 
nikalas22: folds 
Uncalled bet ($3.75) returned to LuckyShikari
LuckyShikari collected $2.50 from pot
LuckyShikari: doesn't show hand 
*** SUMMARY ***
Total pot $2.50 | Rake $0 
Seat 1: LuckyShikari (button) collected ($2.50)
Seat 4: BeauParleur (small blind) folded before Flop
Seat 6: nikalas22 (big blind) folded before Flop



PokerStars Hand #254271773038:  Hold'em No Limit ($0.50/$1.00 USD) - 2025/01/08 0:26:35 WET [2025/01/08 19:26:35 ET]
Table 'Dibaj II' 6-max Seat #4 is the button
Seat 1: LuckyShikari ($113.75 in chips) 
Seat 4: BeauParleur ($100 in chips) 
Seat 6: nikalas22 ($109.24 in chips) 
nikalas22: posts small blind $0.50
LuckyShikari: posts big blind $1
*** HOLE CARDS ***
BeauParleur: raises $1.50 to $2.50
nikalas22: folds 
Espada Fish joins the table at seat #3 
LuckyShikari: folds 
Uncalled bet ($1.50) returned to BeauParleur
BeauParleur collected $2.50 from pot
BeauParleur: doesn't show hand 
*** SUMMARY ***
Total pot $2.50 | Rake $0 
Seat 1: LuckyShikari (big blind) folded before Flop
Seat 4: BeauParleur (button) collected ($2.50)
Seat 6: nikalas22 (small blind) folded before Flop



PokerStars Hand #254271776711:  Hold'em No Limit ($0.50/$1.00 USD) - 2025/01/08 0:26:52 WET [2025/01/08 19:26:52 ET]
Table 'Dibaj II' 6-max Seat #6 is the button
Seat 1: LuckyShikari ($112.75 in chips) 
Seat 3: Espada Fish ($100 in chips) 
Seat 4: BeauParleur ($101.50 in chips) 
Seat 6: nikalas22 ($108.74 in chips) 
LuckyShikari: posts small blind $0.50
Espada Fish: posts big blind $1
*** HOLE CARDS ***
BeauParleur: folds 
nikalas22: folds 
LuckyShikari: calls $0.50
Espada Fish: checks 
*** FLOP *** [7d Ah As]
Vasikara4 joins the table at seat #2 
LuckyShikari: bets $1
Vasikara4 is disconnected 
equilibrium_tv joins the table at seat #5 
Espada Fish: calls $1
*** TURN *** [7d Ah As] [2d]
LuckyShikari: bets $5.70
Espada Fish: calls $5.70
*** RIVER *** [7d Ah As 2d] [2h]
LuckyShikari: bets $21.95
Espada Fish: calls $21.95
*** SHOW DOWN ***
LuckyShikari: shows [Ad 9c] (a full house, Aces full of Deuces)
Espada Fish: mucks hand 
LuckyShikari collected $58.30 from pot
*** SUMMARY ***
Total pot $59.30 | Rake $1 
Board [7d Ah As 2d 2h]
Seat 1: LuckyShikari (small blind) showed [Ad 9c] and won ($58.30) with a full house, Aces full of Deuces
Seat 3: Espada Fish (big blind) mucked
Seat 4: BeauParleur folded before Flop (didn't bet)
Seat 6: nikalas22 (button) folded before Flop (didn't bet)



PokerStars Hand #254271792543:  Hold'em No Limit ($0.50/$1.00 USD) - 2025/01/08 0:28:07 WET [2025/01/08 19:28:07 ET]
Table 'Dibaj II' 6-max Seat #1 is the button
Seat 2: Vasikara4 ($78.30 in chips) is sitting out
Seat 5: equilibrium_tv ($10 in chips) is sitting out
Seat 1: LuckyShikari ($141.40 in chips) 
Seat 3: Espada Fish ($100 in chips) 
Seat 4: BeauParleur ($101.50 in chips) 
Seat 6: nikalas22 ($108.74 in chips) 
Espada Fish: posts small blind $0.50
BeauParleur: posts big blind $1
equilibrium_tv: sits out 
*** HOLE CARDS ***
nikalas22: raises $1.50 to $2.50
LuckyShikari: folds 
Espada Fish: raises $8.50 to $11
BeauParleur: folds 
nikalas22: folds 
Uncalled bet ($8.50) returned to Espada Fish
Espada Fish collected $6 from pot
Espada Fish: doesn't show hand 
*** SUMMARY ***
Total pot $6 | Rake $0 
Seat 2: Vasikara4
Seat 5: equilibrium_tv
Seat 1: LuckyShikari (button) folded before Flop (didn't bet)
Seat 3: Espada Fish (small blind) collected ($6)
Seat 4: BeauParleur (big blind) folded before Flop
Seat 6: nikalas22 folded before Flop



PokerStars Hand #254271798965:  Hold'em No Limit ($0.50/$1.00 USD) - 2025/01/08 0:28:38 WET [2025/01/08 19:28:38 ET]
Table 'Dibaj II' 6-max Seat #3 is the button
Seat 1: LuckyShikari ($141.40 in chips) 
Seat 2: Vasikara4 ($78.30 in chips) 
Seat 3: Espada Fish ($103.50 in chips) 
Seat 4: BeauParleur ($100.50 in chips) 
Seat 5: equilibrium_tv ($10 in chips) 
Seat 6: nikalas22 ($106.24 in chips) 
BeauParleur: posts small blind $0.50
equilibrium_tv: posts big blind $1
Vasikara4: posts big blind $1
*** HOLE CARDS ***
nikalas22: folds 
LuckyShikari: folds 
Vasikara4: checks 
Espada Fish: folds 
BeauParleur: folds 
equilibrium_tv: checks 
*** FLOP *** [4h 3c 8c]
equilibrium_tv: checks 
Vasikara4: checks 
*** TURN *** [4h 3c 8c] [Jd]
equilibrium_tv: checks 
Vasikara4: checks 
*** RIVER *** [4h 3c 8c Jd] [Qh]
equilibrium_tv: checks 
Vasikara4: bets $4
equilibrium_tv: folds 
Uncalled bet ($4) returned to Vasikara4
Vasikara4 collected $2.38 from pot
*** SUMMARY ***
Total pot $2.50 | Rake $0.12 
Board [4h 3c 8c Jd Qh]
Seat 1: LuckyShikari folded before Flop (didn't bet)
Seat 2: Vasikara4 collected ($2.38)
Seat 3: Espada Fish (button) folded before Flop (didn't bet)
Seat 4: BeauParleur (small blind) folded before Flop
Seat 5: equilibrium_tv (big blind) folded on the River
Seat 6: nikalas22 folded before Flop (didn't bet)



PokerStars Hand #254271809280:  Hold'em No Limit ($0.50/$1.00 USD) - 2025/01/08 0:29:27 WET [2025/01/08 19:29:27 ET]
Table 'Dibaj II' 6-max Seat #4 is the button
Seat 1: LuckyShikari ($141.40 in chips) 
Seat 2: Vasikara4 ($79.68 in chips) 
Seat 3: Espada Fish ($103.50 in chips) 
Seat 4: BeauParleur ($100 in chips) 
Seat 5: equilibrium_tv ($9 in chips) 
Seat 6: nikalas22 ($106.24 in chips) 
equilibrium_tv: posts small blind $0.50
nikalas22: posts big blind $1
*** HOLE CARDS ***
LuckyShikari: raises $1.25 to $2.25
Vasikara4: raises $1.25 to $3.50
Espada Fish: folds 
BeauParleur: folds 
equilibrium_tv: raises $5.50 to $9 and is all-in
nikalas22: folds 
LuckyShikari: folds 
Vasikara4: calls $5.50
*** FLOP *** [8h Ts 2d]
*** TURN *** [8h Ts 2d] [As]
*** RIVER *** [8h Ts 2d As] [Jh]
*** SHOW DOWN ***
equilibrium_tv: shows [9c Ac] (a pair of Aces)
Vasikara4: shows [Td Qd] (a pair of Tens)
equilibrium_tv collected $20.19 from pot
*** SUMMARY ***
Total pot $21.25 | Rake $1.06 
Board [8h Ts 2d As Jh]
Seat 1: LuckyShikari folded before Flop
Seat 2: Vasikara4 showed [Td Qd] and lost with a pair of Tens
Seat 3: Espada Fish folded before Flop (didn't bet)
Seat 4: BeauParleur (button) folded before Flop (didn't bet)
Seat 5: equilibrium_tv (small blind) showed [9c Ac] and won ($20.19) with a pair of Aces
Seat 6: nikalas22 (big blind) folded before Flop



PokerStars Hand #254271817680:  Hold'em No Limit ($0.50/$1.00 USD) - 2025/01/08 0:30:05 WET [2025/01/08 19:30:05 ET]
Table 'Dibaj II' 6-max Seat #5 is the button
Seat 1: LuckyShikari ($139.15 in chips) 
Seat 2: Vasikara4 ($70.68 in chips) 
Seat 3: Espada Fish ($103.50 in chips) 
Seat 4: BeauParleur ($100 in chips) 
Seat 5: equilibrium_tv ($20.19 in chips) 
Seat 6: nikalas22 ($105.24 in chips) 
nikalas22: posts small blind $0.50
LuckyShikari: posts big blind $1
*** HOLE CARDS ***
Vasikara4: calls $1
Espada Fish: folds 
BeauParleur: raises $2.50 to $3.50
equilibrium_tv: folds 
nikalas22: folds 
LuckyShikari: folds 
Vasikara4: folds 
Uncalled bet ($2.50) returned to BeauParleur
BeauParleur collected $3.50 from pot
BeauParleur: doesn't show hand 
*** SUMMARY ***
Total pot $3.50 | Rake $0 
Seat 1: LuckyShikari (big blind) folded before Flop
Seat 2: Vasikara4 folded before Flop
Seat 3: Espada Fish folded before Flop (didn't bet)
Seat 4: BeauParleur collected ($3.50)
Seat 5: equilibrium_tv (button) folded before Flop (didn't bet)
Seat 6: nikalas22 (small blind) folded before Flop



PokerStars Hand #254271825213:  Hold'em No Limit ($0.50/$1.00 USD) - 2025/01/08 0:30:41 WET [2025/01/08 19:30:41 ET]
Table 'Dibaj II' 6-max Seat #6 is the button
Seat 1: LuckyShikari ($138.15 in chips) 
Seat 2: Vasikara4 ($69.68 in chips) 
Seat 3: Espada Fish ($103.50 in chips) 
Seat 4: BeauParleur ($102.50 in chips) 
Seat 5: equilibrium_tv ($20.19 in chips) 
Seat 6: nikalas22 ($104.74 in chips) 
LuckyShikari: posts small blind $0.50
Vasikara4: posts big blind $1
*** HOLE CARDS ***
Espada Fish: folds 
BeauParleur: folds 
equilibrium_tv: raises $1 to $2
nikalas22: raises $5 to $7
LuckyShikari: folds 
Vasikara4: folds 
equilibrium_tv: raises $13.19 to $20.19 and is all-in
nikalas22: calls $13.19
*** FLOP *** [Jh 8d Tc]
*** TURN *** [Jh 8d Tc] [4s]
*** RIVER *** [Jh 8d Tc 4s] [5d]
*** SHOW DOWN ***
equilibrium_tv: shows [As Td] (a pair of Tens)
nikalas22: shows [Jd Ad] (a pair of Jacks)
nikalas22 collected $39.79 from pot
*** SUMMARY ***
Total pot $41.88 | Rake $2.09 
Board [Jh 8d Tc 4s 5d]
Seat 1: LuckyShikari (small blind) folded before Flop
Seat 2: Vasikara4 (big blind) folded before Flop
Seat 3: Espada Fish folded before Flop (didn't bet)
Seat 4: BeauParleur folded before Flop (didn't bet)
Seat 5: equilibrium_tv showed [As Td] and lost with a pair of Tens
Seat 6: nikalas22 (button) showed [Jd Ad] and won ($39.79) with a pair of Jacks



PokerStars Hand #254271834756:  Hold'em No Limit ($0.50/$1.00 USD) - 2025/01/08 0:31:25 WET [2025/01/08 19:31:25 ET]
Table 'Dibaj II' 6-max Seat #1 is the button
Seat 1: LuckyShikari ($137.65 in chips) 
Seat 2: Vasikara4 ($68.68 in chips) 
Seat 3: Espada Fish ($103.50 in chips) 
Seat 4: BeauParleur ($102.50 in chips) 
Seat 5: equilibrium_tv ($10 in chips) 
Seat 6: nikalas22 ($124.34 in chips) 
Vasikara4: posts small blind $0.50
Espada Fish: posts big blind $1
*** HOLE CARDS ***
BeauParleur: folds 
equilibrium_tv: folds 
nikalas22: folds 
LuckyShikari: raises $1.50 to $2.50
Vasikara4: calls $2
Espada Fish: folds 
*** FLOP *** [7d 2d 8c]
Vasikara4: checks 
LuckyShikari: checks 
*** TURN *** [7d 2d 8c] [8s]
Vasikara4: bets $4
LuckyShikari: folds 
Uncalled bet ($4) returned to Vasikara4
Vasikara4 collected $5.70 from pot
*** SUMMARY ***
Total pot $6 | Rake $0.30 
Board [7d 2d 8c 8s]
Seat 1: LuckyShikari (button) folded on the Turn
Seat 2: Vasikara4 (small blind) collected ($5.70)
Seat 3: Espada Fish (big blind) folded before Flop
Seat 4: BeauParleur folded before Flop (didn't bet)
Seat 5: equilibrium_tv folded before Flop (didn't bet)
Seat 6: nikalas22 folded before Flop (didn't bet)



PokerStars Hand #254271844378:  Hold'em No Limit ($0.50/$1.00 USD) - 2025/01/08 0:32:11 WET [2025/01/08 19:32:11 ET]
Table 'Dibaj II' 6-max Seat #2 is the button
Seat 1: LuckyShikari ($135.15 in chips) 
Seat 2: Vasikara4 ($71.88 in chips) 
Seat 3: Espada Fish ($102.50 in chips) 
Seat 4: BeauParleur ($102.50 in chips) 
Seat 5: equilibrium_tv ($10 in chips) 
Seat 6: nikalas22 ($124.34 in chips) 
Espada Fish: posts small blind $0.50
BeauParleur: posts big blind $1
*** HOLE CARDS ***
equilibrium_tv: folds 
equilibrium_tv leaves the table
nikalas22: raises $1.50 to $2.50
LuckyShikari: folds 
Vasikara4: folds 
Espada Fish: folds 
B1GBankroll joins the table at seat #5 
BeauParleur: folds 
Uncalled bet ($1.50) returned to nikalas22
nikalas22 collected $2.50 from pot
nikalas22: doesn't show hand 
*** SUMMARY ***
Total pot $2.50 | Rake $0 
Seat 1: LuckyShikari folded before Flop (didn't bet)
Seat 2: Vasikara4 (button) folded before Flop (didn't bet)
Seat 3: Espada Fish (small blind) folded before Flop
Seat 4: BeauParleur (big blind) folded before Flop
Seat 5: equilibrium_tv folded before Flop (didn't bet)
Seat 6: nikalas22 collected ($2.50)



PokerStars Hand #254271848169:  Hold'em No Limit ($0.50/$1.00 USD) - 2025/01/08 0:32:29 WET [2025/01/08 19:32:29 ET]
Table 'Dibaj II' 6-max Seat #3 is the button
Seat 1: LuckyShikari ($135.15 in chips) 
Seat 2: Vasikara4 ($71.88 in chips) 
Seat 3: Espada Fish ($102 in chips) 
Seat 4: BeauParleur ($101.50 in chips) 
Seat 5: B1GBankroll ($100 in chips) 
Seat 6: nikalas22 ($125.84 in chips) 
BeauParleur: posts small blind $0.50
B1GBankroll: posts big blind $1
*** HOLE CARDS ***
nikalas22: folds 
LuckyShikari: folds 
Vasikara4: calls $1
Espada Fish: folds 
BeauParleur: folds 
B1GBankroll: checks 
*** FLOP *** [9s Qh 6c]
B1GBankroll: checks 
Vasikara4: checks 
*** TURN *** [9s Qh 6c] [Tc]
B1GBankroll: checks 
Vasikara4: bets $3
B1GBankroll: folds 
Uncalled bet ($3) returned to Vasikara4
Vasikara4 collected $2.38 from pot
*** SUMMARY ***
Total pot $2.50 | Rake $0.12 
Board [9s Qh 6c Tc]
Seat 1: LuckyShikari folded before Flop (didn't bet)
Seat 2: Vasikara4 collected ($2.38)
Seat 3: Espada Fish (button) folded before Flop (didn't bet)
Seat 4: BeauParleur (small blind) folded before Flop
Seat 5: B1GBankroll (big blind) folded on the Turn
Seat 6: nikalas22 folded before Flop (didn't bet)



PokerStars Hand #254271862195:  Hold'em No Limit ($0.50/$1.00 USD) - 2025/01/08 0:33:35 WET [2025/01/08 19:33:35 ET]
Table 'Dibaj II' 6-max Seat #4 is the button
Seat 1: LuckyShikari ($135.15 in chips) 
Seat 2: Vasikara4 ($73.26 in chips) 
Seat 3: Espada Fish ($102 in chips) 
Seat 4: BeauParleur ($101 in chips) 
Seat 5: B1GBankroll ($100 in chips) 
Seat 6: nikalas22 ($125.84 in chips) 
B1GBankroll: posts small blind $0.50
nikalas22: posts big blind $1
*** HOLE CARDS ***
LuckyShikari: folds 
Vasikara4: calls $1
Espada Fish: folds 
BeauParleur: folds 
B1GBankroll: raises $3.20 to $4.20
nikalas22: folds 
Vasikara4: calls $3.20
*** FLOP *** [Jc 4s 9s]
B1GBankroll: bets $7.95
Vasikara4: raises $7.95 to $15.90
B1GBankroll: raises $13.85 to $29.75
Vasikara4: calls $13.85
*** TURN *** [Jc 4s 9s] [9d]
B1GBankroll: bets $49.14
Vasikara4: calls $39.31 and is all-in
Uncalled bet ($9.83) returned to B1GBankroll
*** RIVER *** [Jc 4s 9s 9d] [2h]
*** SHOW DOWN ***
B1GBankroll: shows [Qc Qs] (two pair, Queens and Nines)
Vasikara4: shows [As Ah] (two pair, Aces and Nines)
Vasikara4 collected $145.02 from pot
*** SUMMARY ***
Total pot $147.52 | Rake $2.50 
Board [Jc 4s 9s 9d 2h]
Seat 1: LuckyShikari folded before Flop (didn't bet)
Seat 2: Vasikara4 showed [As Ah] and won ($145.02) with two pair, Aces and Nines
Seat 3: Espada Fish folded before Flop (didn't bet)
Seat 4: BeauParleur (button) folded before Flop (didn't bet)
Seat 5: B1GBankroll (small blind) showed [Qc Qs] and lost with two pair, Queens and Nines
Seat 6: nikalas22 (big blind) folded before Flop



PokerStars Hand #254271878255:  Hold'em No Limit ($0.50/$1.00 USD) - 2025/01/08 0:34:51 WET [2025/01/08 19:34:51 ET]
Table 'Dibaj II' 6-max Seat #5 is the button
Seat 1: LuckyShikari ($135.15 in chips) 
Seat 2: Vasikara4 ($145.02 in chips) 
Seat 3: Espada Fish ($102 in chips) 
Seat 4: BeauParleur ($101 in chips) 
Seat 5: B1GBankroll ($100 in chips) 
Seat 6: nikalas22 ($124.84 in chips) 
nikalas22: posts small blind $0.50
LuckyShikari: posts big blind $1
*** HOLE CARDS ***
Vasikara4: calls $1
Espada Fish: folds 
BeauParleur: folds 
B1GBankroll: folds 
nikalas22: folds 
LuckyShikari: checks 
*** FLOP *** [Kc Tc Kd]
LuckyShikari: checks 
Vasikara4: checks 
*** TURN *** [Kc Tc Kd] [5c]
LuckyShikari: checks 
Vasikara4: checks 
*** RIVER *** [Kc Tc Kd 5c] [4d]
LuckyShikari: checks 
Vasikara4: checks 
*** SHOW DOWN ***
LuckyShikari: shows [5s As] (two pair, Kings and Fives)
Vasikara4: shows [Td 2d] (two pair, Kings and Tens)
Vasikara4 collected $2.38 from pot
*** SUMMARY ***
Total pot $2.50 | Rake $0.12 
Board [Kc Tc Kd 5c 4d]
Seat 1: LuckyShikari (big blind) showed [5s As] and lost with two pair, Kings and Fives
Seat 2: Vasikara4 showed [Td 2d] and won ($2.38) with two pair, Kings and Tens
Seat 3: Espada Fish folded before Flop (didn't bet)
Seat 4: BeauParleur folded before Flop (didn't bet)
Seat 5: B1GBankroll (button) folded before Flop (didn't bet)
Seat 6: nikalas22 (small blind) folded before Flop



PokerStars Hand #254271885440:  Hold'em No Limit ($0.50/$1.00 USD) - 2025/01/08 0:35:26 WET [2025/01/08 19:35:26 ET]
Table 'Dibaj II' 6-max Seat #6 is the button
Seat 1: LuckyShikari ($134.15 in chips) 
Seat 2: Vasikara4 ($146.40 in chips) 
Seat 3: Espada Fish ($102 in chips) 
Seat 4: BeauParleur ($101 in chips) 
Seat 5: B1GBankroll ($100 in chips) 
Seat 6: nikalas22 ($124.34 in chips) 
LuckyShikari: posts small blind $0.50
Vasikara4: posts big blind $1
*** HOLE CARDS ***
Espada Fish: folds 
BeauParleur: folds 
B1GBankroll: folds 
nikalas22: folds 
LuckyShikari: raises $2.50 to $3.50
Vasikara4: folds 
Uncalled bet ($2.50) returned to LuckyShikari
LuckyShikari collected $2 from pot
LuckyShikari: doesn't show hand 
*** SUMMARY ***
Total pot $2 | Rake $0 
Seat 1: LuckyShikari (small blind) collected ($2)
Seat 2: Vasikara4 (big blind) folded before Flop
Seat 3: Espada Fish folded before Flop (didn't bet)
Seat 4: BeauParleur folded before Flop (didn't bet)
Seat 5: B1GBankroll folded before Flop (didn't bet)
Seat 6: nikalas22 (button) folded before Flop (didn't bet)



PokerStars Hand #254271890378:  Hold'em No Limit ($0.50/$1.00 USD) - 2025/01/08 0:35:50 WET [2025/01/08 19:35:50 ET]
Table 'Dibaj II' 6-max Seat #1 is the button
Seat 1: LuckyShikari ($135.15 in chips) 
Seat 2: Vasikara4 ($145.40 in chips) 
Seat 3: Espada Fish ($102 in chips) 
Seat 4: BeauParleur ($101 in chips) 
Seat 5: B1GBankroll ($100 in chips) 
Seat 6: nikalas22 ($124.34 in chips) 
Vasikara4: posts small blind $0.50
Espada Fish: posts big blind $1
*** HOLE CARDS ***
BeauParleur: folds 
B1GBankroll: folds 
nikalas22: raises $1.50 to $2.50
LuckyShikari: folds 
Vasikara4: calls $2
Espada Fish: folds 
*** FLOP *** [Tc Qc 8h]
Vasikara4: checks 
nikalas22: checks 
*** TURN *** [Tc Qc 8h] [8d]
Vasikara4: checks 
nikalas22: bets $4.28
Vasikara4: calls $4.28
*** RIVER *** [Tc Qc 8h 8d] [3d]
Vasikara4: checks 
nikalas22: bets $10.37
Vasikara4: folds 
Uncalled bet ($10.37) returned to nikalas22
nikalas22 collected $13.83 from pot
nikalas22: doesn't show hand 
*** SUMMARY ***
Total pot $14.56 | Rake $0.73 
Board [Tc Qc 8h 8d 3d]
Seat 1: LuckyShikari (button) folded before Flop (didn't bet)
Seat 2: Vasikara4 (small blind) folded on the River
Seat 3: Espada Fish (big blind) folded before Flop
Seat 4: BeauParleur folded before Flop (didn't bet)
Seat 5: B1GBankroll folded before Flop (didn't bet)
Seat 6: nikalas22 collected ($13.83)



PokerStars Hand #254271901215:  Hold'em No Limit ($0.50/$1.00 USD) - 2025/01/08 0:36:42 WET [2025/01/08 19:36:42 ET]
Table 'Dibaj II' 6-max Seat #2 is the button
Seat 1: LuckyShikari ($135.15 in chips) 
Seat 2: Vasikara4 ($138.62 in chips) 
Seat 3: Espada Fish ($101 in chips) 
Seat 4: BeauParleur ($101 in chips) 
Seat 5: B1GBankroll ($100 in chips) 
Seat 6: nikalas22 ($131.39 in chips) 
Espada Fish: posts small blind $0.50
BeauParleur: posts big blind $1
*** HOLE CARDS ***
B1GBankroll: folds 
nikalas22: folds 
LuckyShikari: folds 
Vasikara4: calls $1
Espada Fish: folds 
BeauParleur: checks 
*** FLOP *** [Qd As 4d]
BeauParleur: checks 
Vasikara4: checks 
*** TURN *** [Qd As 4d] [Ts]
BeauParleur: bets $2.98
Vasikara4: folds 
Uncalled bet ($2.98) returned to BeauParleur
BeauParleur collected $2.38 from pot
BeauParleur: doesn't show hand 
*** SUMMARY ***
Total pot $2.50 | Rake $0.12 
Board [Qd As 4d Ts]
Seat 1: LuckyShikari folded before Flop (didn't bet)
Seat 2: Vasikara4 (button) folded on the Turn
Seat 3: Espada Fish (small blind) folded before Flop
Seat 4: BeauParleur (big blind) collected ($2.38)
Seat 5: B1GBankroll folded before Flop (didn't bet)
Seat 6: nikalas22 folded before Flop (didn't bet)



PokerStars Hand #254271910565:  Hold'em No Limit ($0.50/$1.00 USD) - 2025/01/08 0:37:28 WET [2025/01/08 19:37:28 ET]
Table 'Dibaj II' 6-max Seat #3 is the button
Seat 1: LuckyShikari ($135.15 in chips) 
Seat 2: Vasikara4 ($137.62 in chips) 
Seat 3: Espada Fish ($100.50 in chips) 
Seat 4: BeauParleur ($102.38 in chips) 
Seat 5: B1GBankroll ($100 in chips) 
Seat 6: nikalas22 ($131.39 in chips) 
BeauParleur: posts small blind $0.50
B1GBankroll: posts big blind $1
*** HOLE CARDS ***
nikalas22: folds 
LuckyShikari: folds 
Vasikara4: calls $1
Espada Fish: raises $2.50 to $3.50
BeauParleur: folds 
B1GBankroll: folds 
Vasikara4: calls $2.50
*** FLOP *** [Tc 5h Ac]
Vasikara4: checks 
Espada Fish: bets $4.12
Vasikara4: calls $4.12
*** TURN *** [Tc 5h Ac] [4d]
Vasikara4: checks 
Espada Fish: checks 
*** RIVER *** [Tc 5h Ac 4d] [3c]
Vasikara4: checks 
Espada Fish: checks 
*** SHOW DOWN ***
Vasikara4: shows [Js Kh] (high card Ace)
Espada Fish: shows [Kd Qs] (high card Ace - King+Queen kicker)
Espada Fish collected $15.90 from pot
*** SUMMARY ***
Total pot $16.74 | Rake $0.84 
Board [Tc 5h Ac 4d 3c]
Seat 1: LuckyShikari folded before Flop (didn't bet)
Seat 2: Vasikara4 showed [Js Kh] and lost with high card Ace
Seat 3: Espada Fish (button) showed [Kd Qs] and won ($15.90) with high card Ace
Seat 4: BeauParleur (small blind) folded before Flop
Seat 5: B1GBankroll (big blind) folded before Flop
Seat 6: nikalas22 folded before Flop (didn't bet)



PokerStars Hand #254271924707:  Hold'em No Limit ($0.50/$1.00 USD) - 2025/01/08 0:38:36 WET [2025/01/08 19:38:36 ET]
Table 'Dibaj II' 6-max Seat #4 is the button
Seat 1: LuckyShikari ($135.15 in chips) 
Seat 2: Vasikara4 ($130 in chips) 
Seat 3: Espada Fish ($108.78 in chips) 
Seat 4: BeauParleur ($101.88 in chips) 
Seat 5: B1GBankroll ($100 in chips) 
Seat 6: nikalas22 ($131.39 in chips) 
B1GBankroll: posts small blind $0.50
nikalas22: posts big blind $1
*** HOLE CARDS ***
LuckyShikari: raises $1 to $2
Vasikara4: calls $2
Espada Fish: raises $9 to $11
BeauParleur: folds 
B1GBankroll: folds 
nikalas22: folds 
LuckyShikari: folds 
Vasikara4: folds 
Uncalled bet ($9) returned to Espada Fish
Espada Fish collected $7.50 from pot
Espada Fish: doesn't show hand 
*** SUMMARY ***
Total pot $7.50 | Rake $0 
Seat 1: LuckyShikari folded before Flop
Seat 2: Vasikara4 folded before Flop
Seat 3: Espada Fish collected ($7.50)
Seat 4: BeauParleur (button) folded before Flop (didn't bet)
Seat 5: B1GBankroll (small blind) folded before Flop
Seat 6: nikalas22 (big blind) folded before Flop



PokerStars Hand #254271932547:  Hold'em No Limit ($0.50/$1.00 USD) - 2025/01/08 0:39:14 WET [2025/01/08 19:39:14 ET]
Table 'Dibaj II' 6-max Seat #5 is the button
Seat 1: LuckyShikari ($133.15 in chips) 
Seat 2: Vasikara4 ($128 in chips) 
Seat 3: Espada Fish ($114.28 in chips) 
Seat 4: BeauParleur ($101.88 in chips) 
Seat 5: B1GBankroll ($100 in chips) 
Seat 6: nikalas22 ($130.39 in chips) 
nikalas22: posts small blind $0.50
LuckyShikari: posts big blind $1
*** HOLE CARDS ***
Vasikara4: raises $1 to $2
Espada Fish: folds 
BeauParleur: folds 
B1GBankroll: folds 
nikalas22: folds 
LuckyShikari: folds 
Uncalled bet ($1) returned to Vasikara4
Vasikara4 collected $2.50 from pot
*** SUMMARY ***
Total pot $2.50 | Rake $0 
Seat 1: LuckyShikari (big blind) folded before Flop
Seat 2: Vasikara4 collected ($2.50)
Seat 3: Espada Fish folded before Flop (didn't bet)
Seat 4: BeauParleur folded before Flop (didn't bet)
Seat 5: B1GBankroll (button) folded before Flop (didn't bet)
Seat 6: nikalas22 (small blind) folded before Flop



PokerStars Hand #254271938665:  Hold'em No Limit ($0.50/$1.00 USD) - 2025/01/08 0:39:44 WET [2025/01/08 19:39:44 ET]
Table 'Dibaj II' 6-max Seat #6 is the button
Seat 1: LuckyShikari ($132.15 in chips) 
Seat 2: Vasikara4 ($129.50 in chips) 
Seat 3: Espada Fish ($114.28 in chips) 
Seat 4: BeauParleur ($101.88 in chips) 
Seat 5: B1GBankroll ($100 in chips) 
Seat 6: nikalas22 ($129.89 in chips) 
LuckyShikari: posts small blind $0.50
Vasikara4: posts big blind $1
*** HOLE CARDS ***
Espada Fish: folds 
BeauParleur: folds 
B1GBankroll: folds 
nikalas22: raises $1.50 to $2.50
LuckyShikari: folds 
Vasikara4: calls $1.50
*** FLOP *** [9c 3c Td]
Vasikara4: checks 
nikalas22: bets $3.92
Vasikara4: calls $3.92
*** TURN *** [9c 3c Td] [7h]
Vasikara4: checks 
nikalas22: checks 
*** RIVER *** [9c 3c Td 7h] [Ks]
Vasikara4: bets $23
nikalas22: folds 
Uncalled bet ($23) returned to Vasikara4
Vasikara4 collected $12.67 from pot
*** SUMMARY ***
Total pot $13.34 | Rake $0.67 
Board [9c 3c Td 7h Ks]
Seat 1: LuckyShikari (small blind) folded before Flop
Seat 2: Vasikara4 (big blind) collected ($12.67)
Seat 3: Espada Fish folded before Flop (didn't bet)
Seat 4: BeauParleur folded before Flop (didn't bet)
Seat 5: B1GBankroll folded before Flop (didn't bet)
Seat 6: nikalas22 (button) folded on the River



PokerStars Hand #254271948658:  Hold'em No Limit ($0.50/$1.00 USD) - 2025/01/08 0:40:32 WET [2025/01/08 19:40:32 ET]
Table 'Dibaj II' 6-max Seat #1 is the button
Seat 1: LuckyShikari ($131.65 in chips) 
Seat 2: Vasikara4 ($135.75 in chips) 
Seat 3: Espada Fish ($114.28 in chips) 
Seat 4: BeauParleur ($101.88 in chips) 
Seat 5: B1GBankroll ($100 in chips) 
Seat 6: nikalas22 ($123.47 in chips) 
Vasikara4: posts small blind $0.50
Espada Fish: posts big blind $1
*** HOLE CARDS ***
BeauParleur: folds 
B1GBankroll: folds 
nikalas22: raises $1.50 to $2.50
LuckyShikari: folds 
Vasikara4: raises $1.50 to $4
Espada Fish: folds 
nikalas22: calls $1.50
*** FLOP *** [3c 4h 5h]
Vasikara4: bets $6
nikalas22: folds 
Uncalled bet ($6) returned to Vasikara4
Vasikara4 collected $8.55 from pot
*** SUMMARY ***
Total pot $9 | Rake $0.45 
Board [3c 4h 5h]
Seat 1: LuckyShikari (button) folded before Flop (didn't bet)
Seat 2: Vasikara4 (small blind) collected ($8.55)
Seat 3: Espada Fish (big blind) folded before Flop
Seat 4: BeauParleur folded before Flop (didn't bet)
Seat 5: B1GBankroll folded before Flop (didn't bet)
Seat 6: nikalas22 folded on the Flop



PokerStars Hand #254271955021:  Hold'em No Limit ($0.50/$1.00 USD) - 2025/01/08 0:41:04 WET [2025/01/08 19:41:04 ET]
Table 'Dibaj II' 6-max Seat #2 is the button
Seat 1: LuckyShikari ($131.65 in chips) 
Seat 2: Vasikara4 ($140.30 in chips) 
Seat 3: Espada Fish ($113.28 in chips) 
Seat 4: BeauParleur ($101.88 in chips) 
Seat 5: B1GBankroll ($100 in chips) 
Seat 6: nikalas22 ($119.47 in chips) 
Espada Fish: posts small blind $0.50
BeauParleur: posts big blind $1
*** HOLE CARDS ***
B1GBankroll: folds 
nikalas22: folds 
LuckyShikari: folds 
Vasikara4: calls $1
Espada Fish: folds 
BeauParleur: raises $4 to $5
Vasikara4: folds 
Uncalled bet ($4) returned to BeauParleur
BeauParleur collected $2.50 from pot
BeauParleur: doesn't show hand 
*** SUMMARY ***
Total pot $2.50 | Rake $0 
Seat 1: LuckyShikari folded before Flop (didn't bet)
Seat 2: Vasikara4 (button) folded before Flop
Seat 3: Espada Fish (small blind) folded before Flop
Seat 4: BeauParleur (big blind) collected ($2.50)
Seat 5: B1GBankroll folded before Flop (didn't bet)
Seat 6: nikalas22 folded before Flop (didn't bet)



PokerStars Hand #254271960768:  Hold'em No Limit ($0.50/$1.00 USD) - 2025/01/08 0:41:31 WET [2025/01/08 19:41:31 ET]
Table 'Dibaj II' 6-max Seat #3 is the button
Seat 1: LuckyShikari ($131.65 in chips) 
Seat 2: Vasikara4 ($139.30 in chips) 
Seat 3: Espada Fish ($112.78 in chips) 
Seat 4: BeauParleur ($103.38 in chips) 
Seat 5: B1GBankroll ($100 in chips) 
Seat 6: nikalas22 ($119.47 in chips) 
BeauParleur: posts small blind $0.50
B1GBankroll: posts big blind $1
*** HOLE CARDS ***
nikalas22: folds 
LuckyShikari: folds 
Vasikara4: raises $1 to $2
Espada Fish: folds 
BeauParleur: folds 
B1GBankroll: calls $1
*** FLOP *** [3c Jc 2h]
B1GBankroll: checks 
Vasikara4: checks 
*** TURN *** [3c Jc 2h] [3s]
B1GBankroll: checks 
Vasikara4: bets $4
B1GBankroll: folds 
Uncalled bet ($4) returned to Vasikara4
Vasikara4 collected $4.28 from pot
*** SUMMARY ***
Total pot $4.50 | Rake $0.22 
Board [3c Jc 2h 3s]
Seat 1: LuckyShikari folded before Flop (didn't bet)
Seat 2: Vasikara4 collected ($4.28)
Seat 3: Espada Fish (button) folded before Flop (didn't bet)
Seat 4: BeauParleur (small blind) folded before Flop
Seat 5: B1GBankroll (big blind) folded on the Turn
Seat 6: nikalas22 folded before Flop (didn't bet)



PokerStars Hand #254271971905:  Hold'em No Limit ($0.50/$1.00 USD) - 2025/01/08 0:42:25 WET [2025/01/08 19:42:25 ET]
Table 'Dibaj II' 6-max Seat #4 is the button
Seat 1: LuckyShikari ($131.65 in chips) 
Seat 2: Vasikara4 ($141.58 in chips) 
Seat 3: Espada Fish ($112.78 in chips) 
Seat 4: BeauParleur ($102.88 in chips) 
Seat 5: B1GBankroll ($100 in chips) 
Seat 6: nikalas22 ($119.47 in chips) 
B1GBankroll: posts small blind $0.50
nikalas22: posts big blind $1
*** HOLE CARDS ***
LuckyShikari: folds 
Vasikara4: raises $1 to $2
Espada Fish: folds 
BeauParleur: folds 
B1GBankroll: folds 
nikalas22: raises $9 to $11
Vasikara4: calls $9
*** FLOP *** [4h Ts 9d]
nikalas22: bets $10.69
Vasikara4: calls $10.69
*** TURN *** [4h Ts 9d] [6c]
nikalas22: bets $20.85
Vasikara4: calls $20.85
*** RIVER *** [4h Ts 9d 6c] [Qh]
nikalas22: bets $76.93 and is all-in
Vasikara4: folds 
Uncalled bet ($76.93) returned to nikalas22
nikalas22 collected $83.08 from pot
nikalas22: doesn't show hand 
*** SUMMARY ***
Total pot $85.58 | Rake $2.50 
Board [4h Ts 9d 6c Qh]
Seat 1: LuckyShikari folded before Flop (didn't bet)
Seat 2: Vasikara4 folded on the River
Seat 3: Espada Fish folded before Flop (didn't bet)
Seat 4: BeauParleur (button) folded before Flop (didn't bet)
Seat 5: B1GBankroll (small blind) folded before Flop
Seat 6: nikalas22 (big blind) collected ($83.08)



PokerStars Hand #254271986858:  Hold'em No Limit ($0.50/$1.00 USD) - 2025/01/08 0:43:38 WET [2025/01/08 19:43:38 ET]
Table 'Dibaj II' 6-max Seat #5 is the button
Seat 1: LuckyShikari ($131.65 in chips) 
Seat 2: Vasikara4 ($99.04 in chips) 
Seat 3: Espada Fish ($112.78 in chips) 
Seat 4: BeauParleur ($102.88 in chips) 
Seat 5: B1GBankroll ($100 in chips) 
Seat 6: nikalas22 ($160.01 in chips) 
nikalas22: posts small blind $0.50
LuckyShikari: posts big blind $1
*** HOLE CARDS ***
Vasikara4: calls $1
Espada Fish: folds 
BeauParleur: folds 
B1GBankroll: raises $3 to $4
nikalas22: raises $10 to $14
LuckyShikari: folds 
Vasikara4: folds 
B1GBankroll: calls $10
*** FLOP *** [4c 7c Ts]
nikalas22: bets $21.38
B1GBankroll: raises $64.62 to $86 and is all-in
nikalas22: calls $64.62
*** TURN *** [4c 7c Ts] [3s]
*** RIVER *** [4c 7c Ts 3s] [5d]
*** SHOW DOWN ***
nikalas22: shows [Kh Kc] (a pair of Kings)
B1GBankroll: shows [Tc Jc] (a pair of Tens)
nikalas22 collected $199.50 from pot
*** SUMMARY ***
Total pot $202 | Rake $2.50 
Board [4c 7c Ts 3s 5d]
Seat 1: LuckyShikari (big blind) folded before Flop
Seat 2: Vasikara4 folded before Flop
Seat 3: Espada Fish folded before Flop (didn't bet)
Seat 4: BeauParleur folded before Flop (didn't bet)
Seat 5: B1GBankroll (button) showed [Tc Jc] and lost with a pair of Tens
Seat 6: nikalas22 (small blind) showed [Kh Kc] and won ($199.50) with a pair of Kings



PokerStars Hand #254272001764:  Hold'em No Limit ($0.50/$1.00 USD) - 2025/01/08 0:44:51 WET [2025/01/08 19:44:51 ET]
Table 'Dibaj II' 6-max Seat #6 is the button
Seat 1: LuckyShikari ($130.65 in chips) 
Seat 2: Vasikara4 ($98.04 in chips) 
Seat 3: Espada Fish ($112.78 in chips) 
Seat 4: BeauParleur ($102.88 in chips) 
Seat 5: B1GBankroll ($100 in chips) 
Seat 6: nikalas22 ($259.51 in chips) 
LuckyShikari: posts small blind $0.50
Vasikara4: posts big blind $1
*** HOLE CARDS ***
Espada Fish: raises $1.20 to $2.20
BeauParleur: folds 
B1GBankroll: folds 
nikalas22: raises $5.80 to $8
LuckyShikari: folds 
Vasikara4: folds 
Espada Fish: calls $5.80
*** FLOP *** [Tc 4d Qh]
Espada Fish: checks 
nikalas22: bets $4.99
Espada Fish: folds 
Uncalled bet ($4.99) returned to nikalas22
nikalas22 collected $16.62 from pot
nikalas22: doesn't show hand 
*** SUMMARY ***
Total pot $17.50 | Rake $0.88 
Board [Tc 4d Qh]
Seat 1: LuckyShikari (small blind) folded before Flop
Seat 2: Vasikara4 (big blind) folded before Flop
Seat 3: Espada Fish folded on the Flop
Seat 4: BeauParleur folded before Flop (didn't bet)
Seat 5: B1GBankroll folded before Flop (didn't bet)
Seat 6: nikalas22 (button) collected ($16.62)



PokerStars Hand #254272012159:  Hold'em No Limit ($0.50/$1.00 USD) - 2025/01/08 0:45:42 WET [2025/01/08 19:45:42 ET]
Table 'Dibaj II' 6-max Seat #1 is the button
Seat 1: LuckyShikari ($130.15 in chips) 
Seat 2: Vasikara4 ($97.04 in chips) 
Seat 3: Espada Fish ($104.78 in chips) 
Seat 4: BeauParleur ($102.88 in chips) 
Seat 5: B1GBankroll ($100 in chips) 
Seat 6: nikalas22 ($268.13 in chips) 
Vasikara4: posts small blind $0.50
Espada Fish: posts big blind $1
*** HOLE CARDS ***
BeauParleur: folds 
B1GBankroll: raises $1.50 to $2.50
nikalas22: folds 
LuckyShikari: folds 
Vasikara4: raises $1.50 to $4
Espada Fish: folds 
B1GBankroll: calls $1.50
*** FLOP *** [2s 9d 5h]
Vasikara4: checks 
B1GBankroll: bets $2.91
Vasikara4: calls $2.91
*** TURN *** [2s 9d 5h] [3d]
Vasikara4: checks 
B1GBankroll: bets $12.53
Vasikara4: calls $12.53
*** RIVER *** [2s 9d 5h 3d] [4d]
Vasikara4: checks 
B1GBankroll: checks 
*** SHOW DOWN ***
Vasikara4: shows [Ah Qh] (a straight, Ace to Five)
B1GBankroll: mucks hand 
Vasikara4 collected $37.89 from pot
*** SUMMARY ***
Total pot $39.88 | Rake $1.99 
Board [2s 9d 5h 3d 4d]
Seat 1: LuckyShikari (button) folded before Flop (didn't bet)
Seat 2: Vasikara4 (small blind) showed [Ah Qh] and won ($37.89) with a straight, Ace to Five
Seat 3: Espada Fish (big blind) folded before Flop
Seat 4: BeauParleur folded before Flop (didn't bet)
Seat 5: B1GBankroll mucked
Seat 6: nikalas22 folded before Flop (didn't bet)



PokerStars Hand #254272026972:  Hold'em No Limit ($0.50/$1.00 USD) - 2025/01/08 0:46:56 WET [2025/01/08 19:46:56 ET]
Table 'Dibaj II' 6-max Seat #2 is the button
Seat 1: LuckyShikari ($130.15 in chips) 
Seat 2: Vasikara4 ($115.49 in chips) 
Seat 3: Espada Fish ($103.78 in chips) 
Seat 4: BeauParleur ($102.88 in chips) 
Seat 5: B1GBankroll ($100 in chips) 
Seat 6: nikalas22 ($268.13 in chips) 
Espada Fish: posts small blind $0.50
BeauParleur: posts big blind $1
*** HOLE CARDS ***
B1GBankroll: folds 
nikalas22: folds 
LuckyShikari: folds 
Vasikara4: calls $1
Espada Fish: folds 
BeauParleur: checks 
*** FLOP *** [4c Qh 9c]
BeauParleur: checks 
Vasikara4: checks 
*** TURN *** [4c Qh 9c] [7c]
BeauParleur: checks 
Vasikara4: checks 
*** RIVER *** [4c Qh 9c 7c] [6s]
BeauParleur: bets $1
Vasikara4: calls $1
*** SHOW DOWN ***
BeauParleur: shows [7d 5s] (a pair of Sevens)
Vasikara4: mucks hand 
BeauParleur collected $4.28 from pot
*** SUMMARY ***
Total pot $4.50 | Rake $0.22 
Board [4c Qh 9c 7c 6s]
Seat 1: LuckyShikari folded before Flop (didn't bet)
Seat 2: Vasikara4 (button) mucked
Seat 3: Espada Fish (small blind) folded before Flop
Seat 4: BeauParleur (big blind) showed [7d 5s] and won ($4.28) with a pair of Sevens
Seat 5: B1GBankroll folded before Flop (didn't bet)
Seat 6: nikalas22 folded before Flop (didn't bet)



PokerStars Hand #254272036423:  Hold'em No Limit ($0.50/$1.00 USD) - 2025/01/08 0:47:43 WET [2025/01/08 19:47:43 ET]
Table 'Dibaj II' 6-max Seat #3 is the button
Seat 1: LuckyShikari ($130.15 in chips) 
Seat 2: Vasikara4 ($113.49 in chips) 
Seat 3: Espada Fish ($103.28 in chips) 
Seat 4: BeauParleur ($105.16 in chips) 
Seat 5: B1GBankroll ($100 in chips) 
Seat 6: nikalas22 ($268.13 in chips) 
BeauParleur: posts small blind $0.50
B1GBankroll: posts big blind $1
*** HOLE CARDS ***
nikalas22: folds 
LuckyShikari: folds 
Vasikara4: raises $1 to $2
Espada Fish: folds 
BeauParleur: folds 
B1GBankroll: calls $1
*** FLOP *** [Jh 3h 2h]
B1GBankroll: checks 
Vasikara4: bets $2
B1GBankroll: calls $2
*** TURN *** [Jh 3h 2h] [9c]
B1GBankroll: checks 
Vasikara4: bets $4
B1GBankroll: folds 
Uncalled bet ($4) returned to Vasikara4
Vasikara4 collected $8.08 from pot
*** SUMMARY ***
Total pot $8.50 | Rake $0.42 
Board [Jh 3h 2h 9c]
Seat 1: LuckyShikari folded before Flop (didn't bet)
Seat 2: Vasikara4 collected ($8.08)
Seat 3: Espada Fish (button) folded before Flop (didn't bet)
Seat 4: BeauParleur (small blind) folded before Flop
Seat 5: B1GBankroll (big blind) folded on the Turn
Seat 6: nikalas22 folded before Flop (didn't bet)



PokerStars Hand #254272044647:  Hold'em No Limit ($0.50/$1.00 USD) - 2025/01/08 0:48:24 WET [2025/01/08 19:48:24 ET]
Table 'Dibaj II' 6-max Seat #4 is the button
Seat 1: LuckyShikari ($130.15 in chips) 
Seat 2: Vasikara4 ($117.57 in chips) 
Seat 3: Espada Fish ($103.28 in chips) 
Seat 4: BeauParleur ($104.66 in chips) 
Seat 5: B1GBankroll ($100 in chips) 
Seat 6: nikalas22 ($268.13 in chips) 
B1GBankroll: posts small blind $0.50
nikalas22: posts big blind $1
*** HOLE CARDS ***
LuckyShikari: raises $1.25 to $2.25
Vasikara4: folds 
Espada Fish: folds 
BeauParleur: folds 
B1GBankroll: folds 
nikalas22: calls $1.25
*** FLOP *** [Ts Ks Jc]
nikalas22: checks 
LuckyShikari: bets $4.13
nikalas22: folds 
Uncalled bet ($4.13) returned to LuckyShikari
LuckyShikari collected $4.75 from pot
LuckyShikari: doesn't show hand 
*** SUMMARY ***
Total pot $5 | Rake $0.25 
Board [Ts Ks Jc]
Seat 1: LuckyShikari collected ($4.75)
Seat 2: Vasikara4 folded before Flop (didn't bet)
Seat 3: Espada Fish folded before Flop (didn't bet)
Seat 4: BeauParleur (button) folded before Flop (didn't bet)
Seat 5: B1GBankroll (small blind) folded before Flop
Seat 6: nikalas22 (big blind) folded on the Flop



PokerStars Hand #254272052817:  Hold'em No Limit ($0.50/$1.00 USD) - 2025/01/08 0:49:06 WET [2025/01/08 19:49:06 ET]
Table 'Dibaj II' 6-max Seat #5 is the button
Seat 1: LuckyShikari ($132.65 in chips) 
Seat 2: Vasikara4 ($117.57 in chips) 
Seat 3: Espada Fish ($103.28 in chips) 
Seat 4: BeauParleur ($104.66 in chips) 
Seat 5: B1GBankroll ($100 in chips) 
Seat 6: nikalas22 ($265.88 in chips) 
nikalas22: posts small blind $0.50
LuckyShikari: posts big blind $1
*** HOLE CARDS ***
Vasikara4: folds 
Espada Fish: folds 
BeauParleur: raises $1.25 to $2.25
B1GBankroll: folds 
nikalas22: folds 
LuckyShikari: folds 
Uncalled bet ($1.25) returned to BeauParleur
BeauParleur collected $2.50 from pot
BeauParleur: doesn't show hand 
*** SUMMARY ***
Total pot $2.50 | Rake $0 
Seat 1: LuckyShikari (big blind) folded before Flop
Seat 2: Vasikara4 folded before Flop (didn't bet)
Seat 3: Espada Fish folded before Flop (didn't bet)
Seat 4: BeauParleur collected ($2.50)
Seat 5: B1GBankroll (button) folded before Flop (didn't bet)
Seat 6: nikalas22 (small blind) folded before Flop



PokerStars Hand #254272059381:  Hold'em No Limit ($0.50/$1.00 USD) - 2025/01/08 0:49:39 WET [2025/01/08 19:49:39 ET]
Table 'Dibaj II' 6-max Seat #6 is the button
Seat 1: LuckyShikari ($131.65 in chips) 
Seat 2: Vasikara4 ($117.57 in chips) 
Seat 3: Espada Fish ($103.28 in chips) 
Seat 4: BeauParleur ($106.16 in chips) 
Seat 5: B1GBankroll ($100 in chips) 
Seat 6: nikalas22 ($265.38 in chips) 
LuckyShikari: posts small blind $0.50
Vasikara4: posts big blind $1
*** HOLE CARDS ***
Espada Fish: folds 
BeauParleur: folds 
B1GBankroll: folds 
nikalas22: folds 
LuckyShikari: folds 
Uncalled bet ($0.50) returned to Vasikara4
Vasikara4 collected $1 from pot
*** SUMMARY ***
Total pot $1 | Rake $0 
Seat 1: LuckyShikari (small blind) folded before Flop
Seat 2: Vasikara4 (big blind) collected ($1)
Seat 3: Espada Fish folded before Flop (didn't bet)
Seat 4: BeauParleur folded before Flop (didn't bet)
Seat 5: B1GBankroll folded before Flop (didn't bet)
Seat 6: nikalas22 (button) folded before Flop (didn't bet)



PokerStars Hand #254272063534:  Hold'em No Limit ($0.50/$1.00 USD) - 2025/01/08 0:50:01 WET [2025/01/08 19:50:01 ET]
Table 'Dibaj II' 6-max Seat #1 is the button
Seat 1: LuckyShikari ($131.15 in chips) 
Seat 2: Vasikara4 ($118.07 in chips) 
Seat 3: Espada Fish ($103.28 in chips) 
Seat 4: BeauParleur ($106.16 in chips) 
Seat 5: B1GBankroll ($100 in chips) 
Seat 6: nikalas22 ($265.38 in chips) 
Vasikara4: posts small blind $0.50
Espada Fish: posts big blind $1
*** HOLE CARDS ***
BeauParleur: folds 
B1GBankroll: raises $1.50 to $2.50
nikalas22: folds 
LuckyShikari: calls $2.50
Vasikara4: calls $2
Espada Fish is disconnected 
Espada Fish is connected 
Espada Fish: calls $1.50
*** FLOP *** [Jd 5d 7c]
Vasikara4: checks 
Espada Fish: checks 
B1GBankroll: checks 
LuckyShikari: checks 
*** TURN *** [Jd 5d 7c] [3h]
Vasikara4: checks 
Espada Fish: checks 
B1GBankroll: checks 
LuckyShikari: checks 
*** RIVER *** [Jd 5d 7c 3h] [Kc]
Vasikara4: bets $5
Espada Fish: calls $5
B1GBankroll: folds 
LuckyShikari: folds 
*** SHOW DOWN ***
Vasikara4: shows [5c Qd] (a pair of Fives)
Espada Fish: shows [Qc Kh] (a pair of Kings)
Espada Fish collected $19 from pot
*** SUMMARY ***
Total pot $20 | Rake $1 
Board [Jd 5d 7c 3h Kc]
Seat 1: LuckyShikari (button) folded on the River
Seat 2: Vasikara4 (small blind) showed [5c Qd] and lost with a pair of Fives
Seat 3: Espada Fish (big blind) showed [Qc Kh] and won ($19) with a pair of Kings
Seat 4: BeauParleur folded before Flop (didn't bet)
Seat 5: B1GBankroll folded on the River
Seat 6: nikalas22 folded before Flop (didn't bet)



PokerStars Hand #254272082070:  Hold'em No Limit ($0.50/$1.00 USD) - 2025/01/08 0:51:35 WET [2025/01/08 19:51:35 ET]
Table 'Dibaj II' 6-max Seat #2 is the button
Seat 1: LuckyShikari ($128.65 in chips) 
Seat 2: Vasikara4 ($110.57 in chips) 
Seat 3: Espada Fish ($114.78 in chips) 
Seat 4: BeauParleur ($106.16 in chips) 
Seat 5: B1GBankroll ($100 in chips) 
Seat 6: nikalas22 ($265.38 in chips) 
Espada Fish: posts small blind $0.50
BeauParleur: posts big blind $1
*** HOLE CARDS ***
B1GBankroll: folds 
nikalas22: folds 
LuckyShikari: folds 
Vasikara4: raises $1 to $2
Espada Fish: folds 
BeauParleur: folds 
Uncalled bet ($1) returned to Vasikara4
Vasikara4 collected $2.50 from pot
*** SUMMARY ***
Total pot $2.50 | Rake $0 
Seat 1: LuckyShikari folded before Flop (didn't bet)
Seat 2: Vasikara4 (button) collected ($2.50)
Seat 3: Espada Fish (small blind) folded before Flop
Seat 4: BeauParleur (big blind) folded before Flop
Seat 5: B1GBankroll folded before Flop (didn't bet)
Seat 6: nikalas22 folded before Flop (didn't bet)



PokerStars Hand #254272085455:  Hold'em No Limit ($0.50/$1.00 USD) - 2025/01/08 0:51:53 WET [2025/01/08 19:51:53 ET]
Table 'Dibaj II' 6-max Seat #3 is the button
Seat 1: LuckyShikari ($128.65 in chips) 
Seat 2: Vasikara4 ($112.07 in chips) 
Seat 3: Espada Fish ($114.28 in chips) 
Seat 4: BeauParleur ($105.16 in chips) 
Seat 5: B1GBankroll ($100 in chips) 
Seat 6: nikalas22 ($265.38 in chips) 
BeauParleur: posts small blind $0.50
B1GBankroll: posts big blind $1
*** HOLE CARDS ***
nikalas22: folds 
LuckyShikari: raises $1.25 to $2.25
Vasikara4: calls $2.25
Espada Fish: folds 
BeauParleur: folds 
B1GBankroll: folds 
*** FLOP *** [Ts Qc 5h]
LuckyShikari: checks 
Vasikara4: checks 
*** TURN *** [Ts Qc 5h] [Kc]
LuckyShikari: bets $3
Vasikara4: calls $3
*** RIVER *** [Ts Qc 5h Kc] [As]
LuckyShikari: checks 
Vasikara4: bets $29
LuckyShikari: folds [2d]
Uncalled bet ($29) returned to Vasikara4
Vasikara4 collected $11.40 from pot
*** SUMMARY ***
Total pot $12 | Rake $0.60 
Board [Ts Qc 5h Kc As]
Seat 1: LuckyShikari folded on the River
Seat 2: Vasikara4 collected ($11.40)
Seat 3: Espada Fish (button) folded before Flop (didn't bet)
Seat 4: BeauParleur (small blind) folded before Flop
Seat 5: B1GBankroll (big blind) folded before Flop
Seat 6: nikalas22 folded before Flop (didn't bet)



PokerStars Hand #254272094598:  Hold'em No Limit ($0.50/$1.00 USD) - 2025/01/08 0:52:40 WET [2025/01/08 19:52:40 ET]
Table 'Dibaj II' 6-max Seat #4 is the button
Seat 1: LuckyShikari ($123.40 in chips) 
Seat 2: Vasikara4 ($118.22 in chips) 
Seat 3: Espada Fish ($114.28 in chips) 
Seat 4: BeauParleur ($104.66 in chips) 
Seat 5: B1GBankroll ($100 in chips) 
Seat 6: nikalas22 ($265.38 in chips) 
B1GBankroll: posts small blind $0.50
nikalas22: posts big blind $1
*** HOLE CARDS ***
LuckyShikari: folds 
Vasikara4: raises $1 to $2
Espada Fish: folds 
BeauParleur: raises $5.50 to $7.50
B1GBankroll: folds 
nikalas22: folds 
Vasikara4: calls $5.50
*** FLOP *** [Ks Ad 8c]
Vasikara4: bets $15
BeauParleur: folds 
Uncalled bet ($15) returned to Vasikara4
Vasikara4 collected $15.68 from pot
*** SUMMARY ***
Total pot $16.50 | Rake $0.82 
Board [Ks Ad 8c]
Seat 1: LuckyShikari folded before Flop (didn't bet)
Seat 2: Vasikara4 collected ($15.68)
Seat 3: Espada Fish folded before Flop (didn't bet)
Seat 4: BeauParleur (button) folded on the Flop
Seat 5: B1GBankroll (small blind) folded before Flop
Seat 6: nikalas22 (big blind) folded before Flop



PokerStars Hand #254272100168:  Hold'em No Limit ($0.50/$1.00 USD) - 2025/01/08 0:53:09 WET [2025/01/08 19:53:09 ET]
Table 'Dibaj II' 6-max Seat #5 is the button
Seat 1: LuckyShikari ($123.40 in chips) 
Seat 2: Vasikara4 ($126.40 in chips) 
Seat 3: Espada Fish ($114.28 in chips) 
Seat 4: BeauParleur ($100 in chips) 
Seat 5: B1GBankroll ($100 in chips) 
Seat 6: nikalas22 ($264.38 in chips) 
nikalas22: posts small blind $0.50
LuckyShikari: posts big blind $1
*** HOLE CARDS ***
Vasikara4: calls $1
Espada Fish: folds 
BeauParleur: raises $2 to $3
B1GBankroll: calls $3
nikalas22: folds 
LuckyShikari: folds 
Vasikara4: calls $2
*** FLOP *** [5h 2c 2d]
Vasikara4: checks 
BeauParleur: bets $3.29
B1GBankroll: folds 
Vasikara4: calls $3.29
*** TURN *** [5h 2c 2d] [Tc]
Vasikara4: checks 
BeauParleur: checks 
*** RIVER *** [5h 2c 2d Tc] [4h]
Vasikara4: checks 
BeauParleur: bets $12.17
Vasikara4: calls $12.17
*** SHOW DOWN ***
BeauParleur: shows [4d 4c] (a full house, Fours full of Deuces)
Vasikara4: mucks hand 
BeauParleur collected $39.35 from pot
*** SUMMARY ***
Total pot $41.42 | Rake $2.07 
Board [5h 2c 2d Tc 4h]
Seat 1: LuckyShikari (big blind) folded before Flop
Seat 2: Vasikara4 mucked
Seat 3: Espada Fish folded before Flop (didn't bet)
Seat 4: BeauParleur showed [4d 4c] and won ($39.35) with a full house, Fours full of Deuces
Seat 5: B1GBankroll (button) folded on the Flop
Seat 6: nikalas22 (small blind) folded before Flop



PokerStars Hand #254272117220:  Hold'em No Limit ($0.50/$1.00 USD) - 2025/01/08 0:54:38 WET [2025/01/08 19:54:38 ET]
Table 'Dibaj II' 6-max Seat #6 is the button
Seat 1: LuckyShikari ($122.40 in chips) 
Seat 2: Vasikara4 ($107.94 in chips) 
Seat 3: Espada Fish ($114.28 in chips) 
Seat 4: BeauParleur ($120.89 in chips) 
Seat 5: B1GBankroll ($100 in chips) 
Seat 6: nikalas22 ($263.88 in chips) 
LuckyShikari: posts small blind $0.50
Vasikara4: posts big blind $1
*** HOLE CARDS ***
Espada Fish: folds 
BeauParleur: folds 
B1GBankroll: folds 
nikalas22: raises $1.50 to $2.50
LuckyShikari: folds 
Vasikara4: calls $1.50
*** FLOP *** [6h 5h 6c]
Vasikara4: checks 
nikalas22: checks 
*** TURN *** [6h 5h 6c] [7h]
Vasikara4: checks 
nikalas22: checks 
*** RIVER *** [6h 5h 6c 7h] [Ks]
Vasikara4: checks 
nikalas22: checks 
*** SHOW DOWN ***
Vasikara4: shows [2h Ts] (a pair of Sixes)
nikalas22: shows [Tc Qs] (a pair of Sixes - King+Queen kicker)
nikalas22 collected $5.22 from pot
*** SUMMARY ***
Total pot $5.50 | Rake $0.28 
Board [6h 5h 6c 7h Ks]
Seat 1: LuckyShikari (small blind) folded before Flop
Seat 2: Vasikara4 (big blind) showed [2h Ts] and lost with a pair of Sixes
Seat 3: Espada Fish folded before Flop (didn't bet)
Seat 4: BeauParleur folded before Flop (didn't bet)
Seat 5: B1GBankroll folded before Flop (didn't bet)
Seat 6: nikalas22 (button) showed [Tc Qs] and won ($5.22) with a pair of Sixes



PokerStars Hand #254272123781:  Hold'em No Limit ($0.50/$1.00 USD) - 2025/01/08 0:55:14 WET [2025/01/08 19:55:14 ET]
Table 'Dibaj II' 6-max Seat #1 is the button
Seat 1: LuckyShikari ($121.90 in chips) 
Seat 2: Vasikara4 ($105.44 in chips) 
Seat 3: Espada Fish ($114.28 in chips) 
Seat 4: BeauParleur ($120.89 in chips) 
Seat 5: B1GBankroll ($100 in chips) 
Seat 6: nikalas22 ($266.60 in chips) 
Vasikara4: posts small blind $0.50
Espada Fish: posts big blind $1
*** HOLE CARDS ***
BeauParleur: folds 
B1GBankroll: folds 
nikalas22: raises $1.50 to $2.50
LuckyShikari: folds 
Vasikara4: calls $2
Espada Fish: folds 
*** FLOP *** [Jc 3c Td]
Vasikara4: checks 
nikalas22: checks 
*** TURN *** [Jc 3c Td] [Jd]
Vasikara4: checks 
nikalas22: bets $4.28
Vasikara4: calls $4.28
*** RIVER *** [Jc 3c Td Jd] [Kc]
Vasikara4: checks 
nikalas22: checks 
*** SHOW DOWN ***
Vasikara4: shows [Qd 8s] (a pair of Jacks)
nikalas22: shows [Th Qc] (two pair, Jacks and Tens)
nikalas22 collected $13.83 from pot
*** SUMMARY ***
Total pot $14.56 | Rake $0.73 
Board [Jc 3c Td Jd Kc]
Seat 1: LuckyShikari (button) folded before Flop (didn't bet)
Seat 2: Vasikara4 (small blind) showed [Qd 8s] and lost with a pair of Jacks
Seat 3: Espada Fish (big blind) folded before Flop
Seat 4: BeauParleur folded before Flop (didn't bet)
Seat 5: B1GBankroll folded before Flop (didn't bet)
Seat 6: nikalas22 showed [Th Qc] and won ($13.83) with two pair, Jacks and Tens



PokerStars Hand #254272129709:  Hold'em No Limit ($0.50/$1.00 USD) - 2025/01/08 0:55:52 WET [2025/01/08 19:55:52 ET]
Table 'Dibaj II' 6-max Seat #2 is the button
Seat 1: LuckyShikari ($121.90 in chips) 
Seat 2: Vasikara4 ($98.66 in chips) 
Seat 3: Espada Fish ($113.28 in chips) 
Seat 4: BeauParleur ($120.89 in chips) 
Seat 5: B1GBankroll ($100 in chips) 
Seat 6: nikalas22 ($273.65 in chips) 
Espada Fish: posts small blind $0.50
BeauParleur: posts big blind $1
*** HOLE CARDS ***
B1GBankroll: folds 
nikalas22: folds 
LuckyShikari: folds 
Vasikara4: calls $1
Espada Fish: raises $3 to $4
BeauParleur: raises $9 to $13
Vasikara4: folds 
Espada Fish: folds 
Uncalled bet ($9) returned to BeauParleur
BeauParleur collected $9 from pot
BeauParleur: doesn't show hand 
*** SUMMARY ***
Total pot $9 | Rake $0 
Seat 1: LuckyShikari folded before Flop (didn't bet)
Seat 2: Vasikara4 (button) folded before Flop
Seat 3: Espada Fish (small blind) folded before Flop
Seat 4: BeauParleur (big blind) collected ($9)
Seat 5: B1GBankroll folded before Flop (didn't bet)
Seat 6: nikalas22 folded before Flop (didn't bet)



PokerStars Hand #254272136117:  Hold'em No Limit ($0.50/$1.00 USD) - 2025/01/08 0:56:33 WET [2025/01/08 19:56:33 ET]
Table 'Dibaj II' 6-max Seat #3 is the button
Seat 1: LuckyShikari ($121.90 in chips) 
Seat 2: Vasikara4 ($97.66 in chips) 
Seat 3: Espada Fish ($109.28 in chips) 
Seat 4: BeauParleur ($125.89 in chips) 
Seat 5: B1GBankroll ($100 in chips) 
Seat 6: nikalas22 ($273.65 in chips) 
BeauParleur: posts small blind $0.50
B1GBankroll: posts big blind $1
*** HOLE CARDS ***
nikalas22: folds 
LuckyShikari: folds 
Vasikara4: calls $1
Espada Fish: folds 
BeauParleur: folds 
B1GBankroll: checks 
*** FLOP *** [Qc Ks Qs]
B1GBankroll: bets $1
Vasikara4: calls $1
*** TURN *** [Qc Ks Qs] [4h]
B1GBankroll: bets $2.10
Vasikara4: calls $2.10
*** RIVER *** [Qc Ks Qs 4h] [2d]
B1GBankroll: checks 
Vasikara4: checks 
*** SHOW DOWN ***
B1GBankroll: shows [Ac Th] (a pair of Queens)
Vasikara4: shows [4d Jh] (two pair, Queens and Fours)
Vasikara4 collected $8.26 from pot
*** SUMMARY ***
Total pot $8.70 | Rake $0.44 
Board [Qc Ks Qs 4h 2d]
Seat 1: LuckyShikari folded before Flop (didn't bet)
Seat 2: Vasikara4 showed [4d Jh] and won ($8.26) with two pair, Queens and Fours
Seat 3: Espada Fish (button) folded before Flop (didn't bet)
Seat 4: BeauParleur (small blind) folded before Flop
Seat 5: B1GBankroll (big blind) showed [Ac Th] and lost with a pair of Queens
Seat 6: nikalas22 folded before Flop (didn't bet)



PokerStars Hand #254272144360:  Hold'em No Limit ($0.50/$1.00 USD) - 2025/01/08 0:57:26 WET [2025/01/08 19:57:26 ET]
Table 'Dibaj II' 6-max Seat #4 is the button
Seat 1: LuckyShikari ($121.90 in chips) 
Seat 2: Vasikara4 ($101.82 in chips) 
Seat 3: Espada Fish ($109.28 in chips) 
Seat 4: BeauParleur ($125.39 in chips) 
Seat 5: B1GBankroll ($100 in chips) 
Seat 6: nikalas22 ($273.65 in chips) 
B1GBankroll: posts small blind $0.50
nikalas22: posts big blind $1
*** HOLE CARDS ***
LuckyShikari: folds 
Vasikara4: raises $1 to $2
Espada Fish: folds 
BeauParleur: folds 
B1GBankroll: folds 
nikalas22: calls $1
*** FLOP *** [Jh Ts 4s]
nikalas22: checks 
Vasikara4: checks 
*** TURN *** [Jh Ts 4s] [2d]
nikalas22: bets $6.42
Vasikara4: calls $6.42
*** RIVER *** [Jh Ts 4s 2d] [6c]
nikalas22: bets $24.71
Vasikara4: folds 
Uncalled bet ($24.71) returned to nikalas22
nikalas22 collected $16.47 from pot
nikalas22: doesn't show hand 
*** SUMMARY ***
Total pot $17.34 | Rake $0.87 
Board [Jh Ts 4s 2d 6c]
Seat 1: LuckyShikari folded before Flop (didn't bet)
Seat 2: Vasikara4 folded on the River
Seat 3: Espada Fish folded before Flop (didn't bet)
Seat 4: BeauParleur (button) folded before Flop (didn't bet)
Seat 5: B1GBankroll (small blind) folded before Flop
Seat 6: nikalas22 (big blind) collected ($16.47)



PokerStars Hand #254272151947:  Hold'em No Limit ($0.50/$1.00 USD) - 2025/01/08 0:58:15 WET [2025/01/08 19:58:15 ET]
Table 'Dibaj II' 6-max Seat #5 is the button
Seat 1: LuckyShikari ($121.90 in chips) 
Seat 2: Vasikara4 ($93.40 in chips) 
Seat 3: Espada Fish ($109.28 in chips) 
Seat 4: BeauParleur ($125.39 in chips) 
Seat 5: B1GBankroll ($100 in chips) 
Seat 6: nikalas22 ($281.70 in chips) 
nikalas22: posts small blind $0.50
LuckyShikari: posts big blind $1
*** HOLE CARDS ***
Vasikara4: calls $1
Espada Fish: folds 
BeauParleur: folds 
B1GBankroll: folds 
nikalas22: folds 
LuckyShikari: checks 
*** FLOP *** [9d 6s 6h]
LuckyShikari: checks 
Vasikara4: bets $1
LuckyShikari: folds 
Uncalled bet ($1) returned to Vasikara4
Vasikara4 collected $2.38 from pot
*** SUMMARY ***
Total pot $2.50 | Rake $0.12 
Board [9d 6s 6h]
Seat 1: LuckyShikari (big blind) folded on the Flop
Seat 2: Vasikara4 collected ($2.38)
Seat 3: Espada Fish folded before Flop (didn't bet)
Seat 4: BeauParleur folded before Flop (didn't bet)
Seat 5: B1GBankroll (button) folded before Flop (didn't bet)
Seat 6: nikalas22 (small blind) folded before Flop



PokerStars Hand #254272202777:  Hold'em No Limit ($0.50/$1.00 USD) - 2025/01/08 1:03:12 WET [2025/01/08 20:03:12 ET]
Table 'Dibaj II' 6-max Seat #5 is the button
Seat 6: nikalas22 ($281.42 in chips) is sitting out
Seat 1: LuckyShikari ($121.72 in chips) 
Seat 2: Vasikara4 ($47.77 in chips) 
Seat 3: Espada Fish ($107.78 in chips) 
Seat 4: BeauParleur ($122.39 in chips) 
Seat 5: B1GBankroll ($147.21 in chips) 
LuckyShikari: posts small blind $0.50
Vasikara4: posts big blind $1
*** HOLE CARDS ***
Espada Fish: folds 
BeauParleur: raises $1.25 to $2.25
B1GBankroll: folds 
LuckyShikari: folds 
Vasikara4: calls $1.25
*** FLOP *** [Qd Td Qc]
Vasikara4: checks 
BeauParleur: bets $1.57
Vasikara4: calls $1.57
*** TURN *** [Qd Td Qc] [Ah]
Vasikara4: checks 
BeauParleur: checks 
*** RIVER *** [Qd Td Qc Ah] [4h]
Vasikara4: checks 
BeauParleur: bets $5.80
Vasikara4: folds 
Uncalled bet ($5.80) returned to BeauParleur
BeauParleur collected $7.73 from pot
BeauParleur: doesn't show hand 
*** SUMMARY ***
Total pot $8.14 | Rake $0.41 
Board [Qd Td Qc Ah 4h]
Seat 6: nikalas22
Seat 1: LuckyShikari (small blind) folded before Flop
Seat 2: Vasikara4 (big blind) folded on the River
Seat 3: Espada Fish folded before Flop (didn't bet)
Seat 4: BeauParleur collected ($7.73)
Seat 5: B1GBankroll (button) folded before Flop (didn't bet)



PokerStars Hand #254272214474:  Hold'em No Limit ($0.50/$1.00 USD) - 2025/01/08 1:04:15 WET [2025/01/08 20:04:15 ET]
Table 'Dibaj II' 6-max Seat #1 is the button
Seat 6: nikalas22 ($281.42 in chips) is sitting out
Seat 1: LuckyShikari ($121.22 in chips) 
Seat 2: Vasikara4 ($43.95 in chips) 
Seat 3: Espada Fish ($107.78 in chips) 
Seat 4: BeauParleur ($126.30 in chips) 
Seat 5: B1GBankroll ($147.21 in chips) 
Vasikara4: posts small blind $0.50
Espada Fish: posts big blind $1
nikalas22: sits out 
*** HOLE CARDS ***
BeauParleur: folds 
B1GBankroll: folds 
LuckyShikari: folds 
Vasikara4: calls $0.50
Espada Fish: raises $2.50 to $3.50
Vasikara4: calls $2.50
*** FLOP *** [Ah 7s Tc]
Vasikara4: checks 
Espada Fish: bets $2.26
Vasikara4: calls $2.26
*** TURN *** [Ah 7s Tc] [5d]
Vasikara4: checks 
Espada Fish: bets $8.10
Vasikara4: raises $8.10 to $16.20
Espada Fish: raises $85.82 to $102.02 and is all-in
Vasikara4: calls $21.99 and is all-in
Uncalled bet ($63.83) returned to Espada Fish
*** RIVER *** [Ah 7s Tc 5d] [3s]
*** SHOW DOWN ***
Vasikara4: shows [5s 7d] (two pair, Sevens and Fives)
Espada Fish: shows [Kc As] (a pair of Aces)
Vasikara4 collected $85.40 from pot
Espada Fish cashed out the hand for $15.21 | Cash Out Fee $0.31
*** SUMMARY ***
Total pot $87.90 | Rake $2.50 
Board [Ah 7s Tc 5d 3s]
Seat 6: nikalas22
Seat 1: LuckyShikari (button) folded before Flop (didn't bet)
Seat 2: Vasikara4 (small blind) showed [5s 7d] and won ($85.40) with two pair, Sevens and Fives
Seat 3: Espada Fish (big blind) showed [Kc As] and lost with a pair of Aces (cashed out).
Seat 4: BeauParleur folded before Flop (didn't bet)
Seat 5: B1GBankroll folded before Flop (didn't bet)



PokerStars Hand #254272229262:  Hold'em No Limit ($0.50/$1.00 USD) - 2025/01/08 1:05:33 WET [2025/01/08 20:05:33 ET]
Table 'Dibaj II' 6-max Seat #2 is the button
Seat 6: nikalas22 ($281.42 in chips) is sitting out
Seat 1: LuckyShikari ($121.22 in chips) 
Seat 2: Vasikara4 ($85.40 in chips) 
Seat 3: Espada Fish ($100 in chips) 
Seat 4: BeauParleur ($126.30 in chips) 
Seat 5: B1GBankroll ($147.21 in chips) 
Espada Fish: posts small blind $0.50
BeauParleur: posts big blind $1
nikalas22: sits out 
*** HOLE CARDS ***
B1GBankroll: folds 
LuckyShikari: folds 
Vasikara4: calls $1
Espada Fish: folds 
BeauParleur: checks 
*** FLOP *** [8d 2d Jc]
BeauParleur: checks 
Vasikara4: checks 
*** TURN *** [8d 2d Jc] [Jh]
BeauParleur: bets $1.79
Vasikara4: folds 
Uncalled bet ($1.79) returned to BeauParleur
BeauParleur collected $2.38 from pot
BeauParleur: doesn't show hand 
*** SUMMARY ***
Total pot $2.50 | Rake $0.12 
Board [8d 2d Jc Jh]
Seat 6: nikalas22
Seat 1: LuckyShikari folded before Flop (didn't bet)
Seat 2: Vasikara4 (button) folded on the Turn
Seat 3: Espada Fish (small blind) folded before Flop
Seat 4: BeauParleur (big blind) collected ($2.38)
Seat 5: B1GBankroll folded before Flop (didn't bet)



PokerStars Hand #254272237362:  Hold'em No Limit ($0.50/$1.00 USD) - 2025/01/08 1:06:16 WET [2025/01/08 20:06:16 ET]
Table 'Dibaj II' 6-max Seat #3 is the button
Seat 6: nikalas22 ($281.42 in chips) is sitting out
Seat 1: LuckyShikari ($121.22 in chips) 
Seat 2: Vasikara4 ($84.40 in chips) 
Seat 3: Espada Fish ($100 in chips) 
Seat 4: BeauParleur ($127.68 in chips) 
Seat 5: B1GBankroll ($147.21 in chips) 
BeauParleur: posts small blind $0.50
B1GBankroll: posts big blind $1
nikalas22: sits out 
*** HOLE CARDS ***
LuckyShikari: folds 
Vasikara4: calls $1
Espada Fish: folds 
BeauParleur: folds 
B1GBankroll: checks 
*** FLOP *** [2s 9h 8h]
B1GBankroll: checks 
Vasikara4: bets $2
B1GBankroll: folds 
Uncalled bet ($2) returned to Vasikara4
Vasikara4 collected $2.38 from pot
*** SUMMARY ***
Total pot $2.50 | Rake $0.12 
Board [2s 9h 8h]
Seat 6: nikalas22
Seat 1: LuckyShikari folded before Flop (didn't bet)
Seat 2: Vasikara4 collected ($2.38)
Seat 3: Espada Fish (button) folded before Flop (didn't bet)
Seat 4: BeauParleur (small blind) folded before Flop
Seat 5: B1GBankroll (big blind) folded on the Flop



PokerStars Hand #254272242380:  Hold'em No Limit ($0.50/$1.00 USD) - 2025/01/08 1:06:42 WET [2025/01/08 20:06:42 ET]
Table 'Dibaj II' 6-max Seat #4 is the button
Seat 1: LuckyShikari ($121.22 in chips) 
Seat 2: Vasikara4 ($85.78 in chips) 
Seat 3: Espada Fish ($100 in chips) 
Seat 4: BeauParleur ($127.18 in chips) 
Seat 5: B1GBankroll ($146.21 in chips) 
Seat 6: nikalas22 ($281.42 in chips) 
B1GBankroll: posts small blind $0.50
nikalas22: posts big blind $1
*** HOLE CARDS ***
LuckyShikari: folds 
Vasikara4: calls $1
Espada Fish: folds 
BeauParleur: folds 
B1GBankroll: folds 
nikalas22: checks 
*** FLOP *** [7d 3h 7s]
nikalas22: checks 
Vasikara4: checks 
*** TURN *** [7d 3h 7s] [8c]
nikalas22: checks 
Vasikara4: bets $4
nikalas22: folds 
Uncalled bet ($4) returned to Vasikara4
Vasikara4 collected $2.38 from pot
*** SUMMARY ***
Total pot $2.50 | Rake $0.12 
Board [7d 3h 7s 8c]
Seat 1: LuckyShikari folded before Flop (didn't bet)
Seat 2: Vasikara4 collected ($2.38)
Seat 3: Espada Fish folded before Flop (didn't bet)
Seat 4: BeauParleur (button) folded before Flop (didn't bet)
Seat 5: B1GBankroll (small blind) folded before Flop
Seat 6: nikalas22 (big blind) folded on the Turn



PokerStars Hand #254272249981:  Hold'em No Limit ($0.50/$1.00 USD) - 2025/01/08 1:07:24 WET [2025/01/08 20:07:24 ET]
Table 'Dibaj II' 6-max Seat #5 is the button
Seat 1: LuckyShikari ($121.22 in chips) 
Seat 2: Vasikara4 ($87.16 in chips) 
Seat 3: Espada Fish ($100 in chips) 
Seat 4: BeauParleur ($127.18 in chips) 
Seat 5: B1GBankroll ($145.71 in chips) 
Seat 6: nikalas22 ($280.42 in chips) 
nikalas22: posts small blind $0.50
LuckyShikari: posts big blind $1
*** HOLE CARDS ***
Vasikara4: calls $1
Espada Fish: folds 
BeauParleur: raises $2 to $3
B1GBankroll: folds 
nikalas22: folds 
LuckyShikari: folds 
Vasikara4: calls $2
*** FLOP *** [Qs 8s 9h]
Vasikara4: checks 
BeauParleur: bets $5.34
Vasikara4: folds 
Uncalled bet ($5.34) returned to BeauParleur
BeauParleur collected $7.12 from pot
BeauParleur: doesn't show hand 
*** SUMMARY ***
Total pot $7.50 | Rake $0.38 
Board [Qs 8s 9h]
Seat 1: LuckyShikari (big blind) folded before Flop
Seat 2: Vasikara4 folded on the Flop
Seat 3: Espada Fish folded before Flop (didn't bet)
Seat 4: BeauParleur collected ($7.12)
Seat 5: B1GBankroll (button) folded before Flop (didn't bet)
Seat 6: nikalas22 (small blind) folded before Flop



PokerStars Hand #254272258930:  Hold'em No Limit ($0.50/$1.00 USD) - 2025/01/08 1:08:12 WET [2025/01/08 20:08:12 ET]
Table 'Dibaj II' 6-max Seat #6 is the button
Seat 1: LuckyShikari ($120.22 in chips) 
Seat 2: Vasikara4 ($84.16 in chips) 
Seat 3: Espada Fish ($100 in chips) 
Seat 4: BeauParleur ($131.30 in chips) 
Seat 5: B1GBankroll ($145.71 in chips) 
Seat 6: nikalas22 ($279.92 in chips) 
LuckyShikari: posts small blind $0.50
Vasikara4: posts big blind $1
*** HOLE CARDS ***
Espada Fish: folds 
BeauParleur: folds 
B1GBankroll: folds 
nikalas22: raises $1.50 to $2.50
LuckyShikari: calls $2
Vasikara4: raises $1.50 to $4
nikalas22: folds 
LuckyShikari: raises $10.50 to $14.50
Vasikara4: calls $10.50
*** FLOP *** [Kd 3h 9h]
LuckyShikari: checks 
Vasikara4: bets $10
LuckyShikari: calls $10
*** TURN *** [Kd 3h 9h] [4h]
LuckyShikari: checks 
Vasikara4: bets $59.66 and is all-in
LuckyShikari: folds 
Uncalled bet ($59.66) returned to Vasikara4
Vasikara4 collected $49 from pot
*** SUMMARY ***
Total pot $51.50 | Rake $2.50 
Board [Kd 3h 9h 4h]
Seat 1: LuckyShikari (small blind) folded on the Turn
Seat 2: Vasikara4 (big blind) collected ($49)
Seat 3: Espada Fish folded before Flop (didn't bet)
Seat 4: BeauParleur folded before Flop (didn't bet)
Seat 5: B1GBankroll folded before Flop (didn't bet)
Seat 6: nikalas22 (button) folded before Flop



PokerStars Hand #254272271811:  Hold'em No Limit ($0.50/$1.00 USD) - 2025/01/08 1:09:21 WET [2025/01/08 20:09:21 ET]
Table 'Dibaj II' 6-max Seat #1 is the button
Seat 1: LuckyShikari ($100 in chips) 
Seat 2: Vasikara4 ($108.66 in chips) 
Seat 3: Espada Fish ($100 in chips) 
Seat 4: BeauParleur ($131.30 in chips) 
Seat 5: B1GBankroll ($145.71 in chips) 
Seat 6: nikalas22 ($277.42 in chips) 
Vasikara4: posts small blind $0.50
Espada Fish: posts big blind $1
*** HOLE CARDS ***
BeauParleur: folds 
B1GBankroll: folds 
nikalas22: folds 
LuckyShikari: folds 
Vasikara4: raises $1 to $2
Espada Fish: calls $1
*** FLOP *** [3d 2c Jd]
Vasikara4: checks 
Espada Fish: checks 
*** TURN *** [3d 2c Jd] [Kd]
Vasikara4: checks 
Espada Fish: bets $2.81
Vasikara4: folds 
Uncalled bet ($2.81) returned to Espada Fish
Espada Fish collected $3.80 from pot
Espada Fish: doesn't show hand 
*** SUMMARY ***
Total pot $4 | Rake $0.20 
Board [3d 2c Jd Kd]
Seat 1: LuckyShikari (button) folded before Flop (didn't bet)
Seat 2: Vasikara4 (small blind) folded on the Turn
Seat 3: Espada Fish (big blind) collected ($3.80)
Seat 4: BeauParleur folded before Flop (didn't bet)
Seat 5: B1GBankroll folded before Flop (didn't bet)
Seat 6: nikalas22 folded before Flop (didn't bet)



PokerStars Hand #254272281293:  Hold'em No Limit ($0.50/$1.00 USD) - 2025/01/08 1:10:12 WET [2025/01/08 20:10:12 ET]
Table 'Dibaj II' 6-max Seat #2 is the button
Seat 1: LuckyShikari ($100 in chips) 
Seat 2: Vasikara4 ($106.66 in chips) 
Seat 3: Espada Fish ($101.80 in chips) 
Seat 4: BeauParleur ($131.30 in chips) 
Seat 5: B1GBankroll ($145.71 in chips) 
Seat 6: nikalas22 ($277.42 in chips) 
Espada Fish: posts small blind $0.50
BeauParleur: posts big blind $1
*** HOLE CARDS ***
B1GBankroll: folds 
nikalas22: folds 
LuckyShikari: folds 
Vasikara4: raises $1 to $2
Espada Fish: folds 
BeauParleur: calls $1
*** FLOP *** [Js Th 3d]
BeauParleur: checks 
Vasikara4: checks 
*** TURN *** [Js Th 3d] [7d]
BeauParleur: bets $3.21
Vasikara4: calls $3.21
*** RIVER *** [Js Th 3d 7d] [3c]
BeauParleur: checks 
Vasikara4: bets $12
BeauParleur: folds 
Uncalled bet ($12) returned to Vasikara4
Vasikara4 collected $10.37 from pot
*** SUMMARY ***
Total pot $10.92 | Rake $0.55 
Board [Js Th 3d 7d 3c]
Seat 1: LuckyShikari folded before Flop (didn't bet)
Seat 2: Vasikara4 (button) collected ($10.37)
Seat 3: Espada Fish (small blind) folded before Flop
Seat 4: BeauParleur (big blind) folded on the River
Seat 5: B1GBankroll folded before Flop (didn't bet)
Seat 6: nikalas22 folded before Flop (didn't bet)



PokerStars Hand #254272290801:  Hold'em No Limit ($0.50/$1.00 USD) - 2025/01/08 1:11:04 WET [2025/01/08 20:11:04 ET]
Table 'Dibaj II' 6-max Seat #3 is the button
Seat 1: LuckyShikari ($100 in chips) 
Seat 2: Vasikara4 ($111.82 in chips) 
Seat 3: Espada Fish ($101.30 in chips) 
Seat 4: BeauParleur ($126.09 in chips) 
Seat 5: B1GBankroll ($145.71 in chips) 
Seat 6: nikalas22 ($277.42 in chips) 
BeauParleur: posts small blind $0.50
B1GBankroll: posts big blind $1
*** HOLE CARDS ***
nikalas22: folds 
LuckyShikari: folds 
Vasikara4: calls $1
Espada Fish: raises $2.50 to $3.50
BeauParleur: raises $9.50 to $13
B1GBankroll: folds 
Vasikara4: folds 
Espada Fish: calls $9.50
*** FLOP *** [4h Qc Ks]
BeauParleur: bets $5.50
Espada Fish: calls $5.50
*** TURN *** [4h Qc Ks] [6s]
BeauParleur: checks 
Espada Fish: bets $18.90
BeauParleur: folds 
Uncalled bet ($18.90) returned to Espada Fish
Espada Fish collected $37.05 from pot
Espada Fish: doesn't show hand 
*** SUMMARY ***
Total pot $39 | Rake $1.95 
Board [4h Qc Ks 6s]
Seat 1: LuckyShikari folded before Flop (didn't bet)
Seat 2: Vasikara4 folded before Flop
Seat 3: Espada Fish (button) collected ($37.05)
Seat 4: BeauParleur (small blind) folded on the Turn
Seat 5: B1GBankroll (big blind) folded before Flop
Seat 6: nikalas22 folded before Flop (didn't bet)



PokerStars Hand #254272305646:  Hold'em No Limit ($0.50/$1.00 USD) - 2025/01/08 1:12:25 WET [2025/01/08 20:12:25 ET]
Table 'Dibaj II' 6-max Seat #4 is the button
Seat 1: LuckyShikari ($100 in chips) 
Seat 2: Vasikara4 ($110.82 in chips) 
Seat 3: Espada Fish ($119.85 in chips) 
Seat 4: BeauParleur ($107.59 in chips) 
Seat 5: B1GBankroll ($144.71 in chips) 
Seat 6: nikalas22 ($277.42 in chips) 
B1GBankroll: posts small blind $0.50
nikalas22: posts big blind $1
*** HOLE CARDS ***
LuckyShikari: folds 
Vasikara4: calls $1
Espada Fish: folds 
BeauParleur: folds 
B1GBankroll: raises $3.20 to $4.20
nikalas22: folds 
Vasikara4: calls $3.20
*** FLOP *** [Qd Kc 9c]
B1GBankroll: bets $4.38
Vasikara4: calls $4.38
*** TURN *** [Qd Kc 9c] [8d]
B1GBankroll: bets $15.35
Vasikara4: calls $15.35
*** RIVER *** [Qd Kc 9c 8d] [8s]
B1GBankroll: bets $34.35
Vasikara4: calls $34.35
*** SHOW DOWN ***
B1GBankroll: shows [Th Jd] (a straight, Nine to King)
Vasikara4: mucks hand 
B1GBankroll collected $115.06 from pot
*** SUMMARY ***
Total pot $117.56 | Rake $2.50 
Board [Qd Kc 9c 8d 8s]
Seat 1: LuckyShikari folded before Flop (didn't bet)
Seat 2: Vasikara4 mucked
Seat 3: Espada Fish folded before Flop (didn't bet)
Seat 4: BeauParleur (button) folded before Flop (didn't bet)
Seat 5: B1GBankroll (small blind) showed [Th Jd] and won ($115.06) with a straight, Nine to King
Seat 6: nikalas22 (big blind) folded before Flop



PokerStars Hand #254272320923:  Hold'em No Limit ($0.50/$1.00 USD) - 2025/01/08 1:13:50 WET [2025/01/08 20:13:50 ET]
Table 'Dibaj II' 6-max Seat #5 is the button
Seat 1: LuckyShikari ($100 in chips) 
Seat 2: Vasikara4 ($52.54 in chips) 
Seat 3: Espada Fish ($119.85 in chips) 
Seat 4: BeauParleur ($107.59 in chips) 
Seat 5: B1GBankroll ($201.49 in chips) 
Seat 6: nikalas22 ($276.42 in chips) 
nikalas22: posts small blind $0.50
LuckyShikari: posts big blind $1
*** HOLE CARDS ***
Vasikara4: calls $1
Espada Fish: raises $2.50 to $3.50
BeauParleur: folds 
B1GBankroll: folds 
nikalas22: folds 
LuckyShikari: raises $6.50 to $10
Vasikara4: folds 
Espada Fish: calls $6.50
*** FLOP *** [Tc Td 8s]
LuckyShikari: checks 
Espada Fish: checks 
*** TURN *** [Tc Td 8s] [2s]
LuckyShikari: checks 
Espada Fish: bets $10.41
LuckyShikari: raises $13.61 to $24.02
Espada Fish: folds 
Uncalled bet ($13.61) returned to LuckyShikari
LuckyShikari collected $40.20 from pot
LuckyShikari: doesn't show hand 
*** SUMMARY ***
Total pot $42.32 | Rake $2.12 
Board [Tc Td 8s 2s]
Seat 1: LuckyShikari (big blind) collected ($40.20)
Seat 2: Vasikara4 folded before Flop
Seat 3: Espada Fish folded on the Turn
Seat 4: BeauParleur folded before Flop (didn't bet)
Seat 5: B1GBankroll (button) folded before Flop (didn't bet)
Seat 6: nikalas22 (small blind) folded before Flop



PokerStars Hand #254272339474:  Hold'em No Limit ($0.50/$1.00 USD) - 2025/01/08 1:15:31 WET [2025/01/08 20:15:31 ET]
Table 'Dibaj II' 6-max Seat #6 is the button
Seat 1: LuckyShikari ($119.79 in chips) 
Seat 2: Vasikara4 ($51.54 in chips) 
Seat 3: Espada Fish ($100 in chips) 
Seat 4: BeauParleur ($107.59 in chips) 
Seat 5: B1GBankroll ($201.49 in chips) 
Seat 6: nikalas22 ($275.92 in chips) 
LuckyShikari: posts small blind $0.50
Vasikara4: posts big blind $1
*** HOLE CARDS ***
Espada Fish: folds 
BeauParleur: folds 
B1GBankroll: folds 
nikalas22: folds 
LuckyShikari: raises $1.25 to $2.25
Vasikara4: calls $1.25
*** FLOP *** [4c Qc Ah]
LuckyShikari: checks 
Vasikara4: checks 
*** TURN *** [4c Qc Ah] [8c]
LuckyShikari: checks 
Vasikara4: checks 
*** RIVER *** [4c Qc Ah 8c] [Ad]
LuckyShikari: checks 
Vasikara4: bets $6
LuckyShikari: folds 
Uncalled bet ($6) returned to Vasikara4
Vasikara4 collected $4.28 from pot
*** SUMMARY ***
Total pot $4.50 | Rake $0.22 
Board [4c Qc Ah 8c Ad]
Seat 1: LuckyShikari (small blind) folded on the River
Seat 2: Vasikara4 (big blind) collected ($4.28)
Seat 3: Espada Fish folded before Flop (didn't bet)
Seat 4: BeauParleur folded before Flop (didn't bet)
Seat 5: B1GBankroll folded before Flop (didn't bet)
Seat 6: nikalas22 (button) folded before Flop (didn't bet)



PokerStars Hand #254272346197:  Hold'em No Limit ($0.50/$1.00 USD) - 2025/01/08 1:16:08 WET [2025/01/08 20:16:08 ET]
Table 'Dibaj II' 6-max Seat #1 is the button
Seat 1: LuckyShikari ($117.54 in chips) 
Seat 2: Vasikara4 ($53.57 in chips) 
Seat 3: Espada Fish ($100 in chips) 
Seat 4: BeauParleur ($107.59 in chips) 
Seat 5: B1GBankroll ($201.49 in chips) 
Seat 6: nikalas22 ($275.92 in chips) 
Vasikara4: posts small blind $0.50
Espada Fish: posts big blind $1
*** HOLE CARDS ***
BeauParleur: raises $1 to $2
B1GBankroll: folds 
nikalas22: folds 
LuckyShikari: folds 
Vasikara4: raises $1 to $3
Espada Fish: folds 
BeauParleur: raises $104.59 to $107.59 and is all-in
Vasikara4: calls $50.57 and is all-in
Uncalled bet ($54.02) returned to BeauParleur
*** FLOP *** [Jc 2c 7s]
*** TURN *** [Jc 2c 7s] [8s]
*** RIVER *** [Jc 2c 7s 8s] [9d]
*** SHOW DOWN ***
Vasikara4: shows [9s Th] (a straight, Seven to Jack)
BeauParleur: shows [Ah Kc] (high card Ace)
Vasikara4 collected $105.64 from pot
*** SUMMARY ***
Total pot $108.14 | Rake $2.50 
Board [Jc 2c 7s 8s 9d]
Seat 1: LuckyShikari (button) folded before Flop (didn't bet)
Seat 2: Vasikara4 (small blind) showed [9s Th] and won ($105.64) with a straight, Seven to Jack
Seat 3: Espada Fish (big blind) folded before Flop
Seat 4: BeauParleur showed [Ah Kc] and lost with high card Ace
Seat 5: B1GBankroll folded before Flop (didn't bet)
Seat 6: nikalas22 folded before Flop (didn't bet)



PokerStars Hand #254272354241:  Hold'em No Limit ($0.50/$1.00 USD) - 2025/01/08 1:16:51 WET [2025/01/08 20:16:51 ET]
Table 'Dibaj II' 6-max Seat #2 is the button
Seat 1: LuckyShikari ($117.54 in chips) 
Seat 2: Vasikara4 ($105.64 in chips) 
Seat 3: Espada Fish ($100 in chips) 
Seat 4: BeauParleur ($100 in chips) 
Seat 5: B1GBankroll ($201.49 in chips) 
Seat 6: nikalas22 ($275.92 in chips) 
Espada Fish: posts small blind $0.50
BeauParleur: posts big blind $1
*** HOLE CARDS ***
B1GBankroll: folds 
nikalas22: folds 
LuckyShikari: raises $2.50 to $3.50
Vasikara4: folds 
Espada Fish: folds 
BeauParleur: folds 
Uncalled bet ($2.50) returned to LuckyShikari
LuckyShikari collected $2.50 from pot
LuckyShikari: doesn't show hand 
*** SUMMARY ***
Total pot $2.50 | Rake $0 
Seat 1: LuckyShikari collected ($2.50)
Seat 2: Vasikara4 (button) folded before Flop (didn't bet)
Seat 3: Espada Fish (small blind) folded before Flop
Seat 4: BeauParleur (big blind) folded before Flop
Seat 5: B1GBankroll folded before Flop (didn't bet)
Seat 6: nikalas22 folded before Flop (didn't bet)



PokerStars Hand #254272358874:  Hold'em No Limit ($0.50/$1.00 USD) - 2025/01/08 1:17:16 WET [2025/01/08 20:17:16 ET]
Table 'Dibaj II' 6-max Seat #3 is the button
Seat 1: LuckyShikari ($119.04 in chips) 
Seat 2: Vasikara4 ($105.64 in chips) 
Seat 3: Espada Fish ($100 in chips) 
Seat 4: BeauParleur ($100 in chips) 
Seat 5: B1GBankroll ($201.49 in chips) 
Seat 6: nikalas22 ($275.92 in chips) 
BeauParleur: posts small blind $0.50
B1GBankroll: posts big blind $1
*** HOLE CARDS ***
nikalas22: folds 
LuckyShikari: folds 
Vasikara4: calls $1
Espada Fish: folds 
BeauParleur: folds 
B1GBankroll: raises $4 to $5
Vasikara4: calls $4
*** FLOP *** [Jd Kh Qh]
B1GBankroll: checks 
Vasikara4: bets $6
B1GBankroll: folds 
Uncalled bet ($6) returned to Vasikara4
Vasikara4 collected $9.98 from pot
*** SUMMARY ***
Total pot $10.50 | Rake $0.52 
Board [Jd Kh Qh]
Seat 1: LuckyShikari folded before Flop (didn't bet)
Seat 2: Vasikara4 collected ($9.98)
Seat 3: Espada Fish (button) folded before Flop (didn't bet)
Seat 4: BeauParleur (small blind) folded before Flop
Seat 5: B1GBankroll (big blind) folded on the Flop
Seat 6: nikalas22 folded before Flop (didn't bet)



PokerStars Hand #254272364749:  Hold'em No Limit ($0.50/$1.00 USD) - 2025/01/08 1:17:48 WET [2025/01/08 20:17:48 ET]
Table 'Dibaj II' 6-max Seat #4 is the button
Seat 1: LuckyShikari ($119.04 in chips) 
Seat 2: Vasikara4 ($110.62 in chips) 
Seat 3: Espada Fish ($100 in chips) 
Seat 4: BeauParleur ($100 in chips) 
Seat 5: B1GBankroll ($196.49 in chips) 
Seat 6: nikalas22 ($275.92 in chips) 
B1GBankroll: posts small blind $0.50
nikalas22: posts big blind $1
*** HOLE CARDS ***
LuckyShikari: folds 
Vasikara4: calls $1
Espada Fish: folds 
BeauParleur: folds 
B1GBankroll: raises $3.20 to $4.20
nikalas22: folds 
Vasikara4: calls $3.20
*** FLOP *** [3h As 2c]
B1GBankroll: checks 
Vasikara4: checks 
*** TURN *** [3h As 2c] [Ah]
B1GBankroll: bets $6.61
Vasikara4: calls $6.61
*** RIVER *** [3h As 2c Ah] [7d]
B1GBankroll: bets $15.90
Vasikara4: calls $15.90
*** SHOW DOWN ***
B1GBankroll: shows [9d Ad] (three of a kind, Aces)
Vasikara4: mucks hand 
B1GBankroll collected $51.92 from pot
*** SUMMARY ***
Total pot $54.42 | Rake $2.50 
Board [3h As 2c Ah 7d]
Seat 1: LuckyShikari folded before Flop (didn't bet)
Seat 2: Vasikara4 mucked
Seat 3: Espada Fish folded before Flop (didn't bet)
Seat 4: BeauParleur (button) folded before Flop (didn't bet)
Seat 5: B1GBankroll (small blind) showed [9d Ad] and won ($51.92) with three of a kind, Aces
Seat 6: nikalas22 (big blind) folded before Flop



PokerStars Hand #254272372873:  Hold'em No Limit ($0.50/$1.00 USD) - 2025/01/08 1:18:32 WET [2025/01/08 20:18:32 ET]
Table 'Dibaj II' 6-max Seat #5 is the button
Seat 1: LuckyShikari ($119.04 in chips) 
Seat 2: Vasikara4 ($83.91 in chips) 
Seat 3: Espada Fish ($100 in chips) 
Seat 4: BeauParleur ($100 in chips) 
Seat 5: B1GBankroll ($221.70 in chips) 
Seat 6: nikalas22 ($274.92 in chips) 
nikalas22: posts small blind $0.50
LuckyShikari: posts big blind $1
*** HOLE CARDS ***
Vasikara4: calls $1
Espada Fish: folds 
BeauParleur: folds 
B1GBankroll: raises $3 to $4
nikalas22: folds 
LuckyShikari: folds 
Vasikara4: folds 
Uncalled bet ($3) returned to B1GBankroll
B1GBankroll collected $3.50 from pot
B1GBankroll: doesn't show hand 
*** SUMMARY ***
Total pot $3.50 | Rake $0 
Seat 1: LuckyShikari (big blind) folded before Flop
Seat 2: Vasikara4 folded before Flop
Seat 3: Espada Fish folded before Flop (didn't bet)
Seat 4: BeauParleur folded before Flop (didn't bet)
Seat 5: B1GBankroll (button) collected ($3.50)
Seat 6: nikalas22 (small blind) folded before Flop



PokerStars Hand #254272376744:  Hold'em No Limit ($0.50/$1.00 USD) - 2025/01/08 1:18:53 WET [2025/01/08 20:18:53 ET]
Table 'Dibaj II' 6-max Seat #6 is the button
Seat 1: LuckyShikari ($118.04 in chips) 
Seat 2: Vasikara4 ($82.91 in chips) 
Seat 3: Espada Fish ($100 in chips) 
Seat 4: BeauParleur ($100 in chips) 
Seat 5: B1GBankroll ($224.20 in chips) 
Seat 6: nikalas22 ($274.42 in chips) 
LuckyShikari: posts small blind $0.50
Vasikara4: posts big blind $1
*** HOLE CARDS ***
Espada Fish: folds 
BeauParleur: folds 
B1GBankroll: raises $1.50 to $2.50
nikalas22: folds 
LuckyShikari: folds 
Vasikara4: folds 
Uncalled bet ($1.50) returned to B1GBankroll
B1GBankroll collected $2.50 from pot
B1GBankroll: doesn't show hand 
*** SUMMARY ***
Total pot $2.50 | Rake $0 
Seat 1: LuckyShikari (small blind) folded before Flop
Seat 2: Vasikara4 (big blind) folded before Flop
Seat 3: Espada Fish folded before Flop (didn't bet)
Seat 4: BeauParleur folded before Flop (didn't bet)
Seat 5: B1GBankroll collected ($2.50)
Seat 6: nikalas22 (button) folded before Flop (didn't bet)



PokerStars Hand #254272380114:  Hold'em No Limit ($0.50/$1.00 USD) - 2025/01/08 1:19:12 WET [2025/01/08 20:19:12 ET]
Table 'Dibaj II' 6-max Seat #1 is the button
Seat 1: LuckyShikari ($117.54 in chips) 
Seat 2: Vasikara4 ($81.91 in chips) 
Seat 3: Espada Fish ($100 in chips) 
Seat 4: BeauParleur ($100 in chips) 
Seat 5: B1GBankroll ($225.70 in chips) 
Seat 6: nikalas22 ($274.42 in chips) 
Vasikara4: posts small blind $0.50
Espada Fish: posts big blind $1
*** HOLE CARDS ***
BeauParleur: folds 
B1GBankroll: folds 
nikalas22: raises $1.50 to $2.50
LuckyShikari: calls $2.50
Vasikara4: calls $2
Espada Fish: folds 
*** FLOP *** [3s 7c 2s]
Vasikara4: checks 
nikalas22: checks 
LuckyShikari: checks 
*** TURN *** [3s 7c 2s] [8d]
Vasikara4: bets $9
nikalas22: folds 
LuckyShikari: folds 
Uncalled bet ($9) returned to Vasikara4
Vasikara4 collected $8.08 from pot
*** SUMMARY ***
Total pot $8.50 | Rake $0.42 
Board [3s 7c 2s 8d]
Seat 1: LuckyShikari (button) folded on the Turn
Seat 2: Vasikara4 (small blind) collected ($8.08)
Seat 3: Espada Fish (big blind) folded before Flop
Seat 4: BeauParleur folded before Flop (didn't bet)
Seat 5: B1GBankroll folded before Flop (didn't bet)
Seat 6: nikalas22 folded on the Turn



PokerStars Hand #254272389453:  Hold'em No Limit ($0.50/$1.00 USD) - 2025/01/08 1:20:03 WET [2025/01/08 20:20:03 ET]
Table 'Dibaj II' 6-max Seat #2 is the button
Seat 1: LuckyShikari ($115.04 in chips) 
Seat 2: Vasikara4 ($87.49 in chips) 
Seat 3: Espada Fish ($100 in chips) 
Seat 4: BeauParleur ($100 in chips) 
Seat 5: B1GBankroll ($225.70 in chips) 
Seat 6: nikalas22 ($271.92 in chips) 
Espada Fish: posts small blind $0.50
BeauParleur: posts big blind $1
*** HOLE CARDS ***
B1GBankroll: folds 
nikalas22: folds 
LuckyShikari: folds 
Vasikara4: calls $1
Espada Fish: folds 
BeauParleur: checks 
*** FLOP *** [Tc 7d As]
BeauParleur: checks 
Vasikara4: checks 
*** TURN *** [Tc 7d As] [3c]
BeauParleur: bets $1
Vasikara4: raises $1 to $2
BeauParleur: calls $1
*** RIVER *** [Tc 7d As 3c] [5h]
BeauParleur: checks 
Vasikara4: bets $3
BeauParleur: folds 
Uncalled bet ($3) returned to Vasikara4
Vasikara4 collected $6.18 from pot
*** SUMMARY ***
Total pot $6.50 | Rake $0.32 
Board [Tc 7d As 3c 5h]
Seat 1: LuckyShikari folded before Flop (didn't bet)
Seat 2: Vasikara4 (button) collected ($6.18)
Seat 3: Espada Fish (small blind) folded before Flop
Seat 4: BeauParleur (big blind) folded on the River
Seat 5: B1GBankroll folded before Flop (didn't bet)
Seat 6: nikalas22 folded before Flop (didn't bet)



PokerStars Hand #254272400196:  Hold'em No Limit ($0.50/$1.00 USD) - 2025/01/08 1:21:02 WET [2025/01/08 20:21:02 ET]
Table 'Dibaj II' 6-max Seat #3 is the button
Seat 1: LuckyShikari ($115.04 in chips) 
Seat 2: Vasikara4 ($90.67 in chips) 
Seat 3: Espada Fish ($100 in chips) 
Seat 4: BeauParleur ($100 in chips) 
Seat 5: B1GBankroll ($225.70 in chips) 
Seat 6: nikalas22 ($271.92 in chips) 
BeauParleur: posts small blind $0.50
B1GBankroll: posts big blind $1
*** HOLE CARDS ***
nikalas22: raises $1.50 to $2.50
LuckyShikari: folds 
Vasikara4: raises $1.50 to $4
Espada Fish: folds 
BeauParleur: folds 
B1GBankroll: folds 
nikalas22: calls $1.50
*** FLOP *** [6h 2d 4d]
nikalas22: checks 
Vasikara4: bets $9
nikalas22: folds 
Uncalled bet ($9) returned to Vasikara4
Vasikara4 collected $9.02 from pot
*** SUMMARY ***
Total pot $9.50 | Rake $0.48 
Board [6h 2d 4d]
Seat 1: LuckyShikari folded before Flop (didn't bet)
Seat 2: Vasikara4 collected ($9.02)
Seat 3: Espada Fish (button) folded before Flop (didn't bet)
Seat 4: BeauParleur (small blind) folded before Flop
Seat 5: B1GBankroll (big blind) folded before Flop
Seat 6: nikalas22 folded on the Flop



PokerStars Hand #254272406579:  Hold'em No Limit ($0.50/$1.00 USD) - 2025/01/08 1:21:37 WET [2025/01/08 20:21:37 ET]
Table 'Dibaj II' 6-max Seat #4 is the button
Seat 1: LuckyShikari ($115.04 in chips) 
Seat 2: Vasikara4 ($95.69 in chips) 
Seat 3: Espada Fish ($100 in chips) 
Seat 4: BeauParleur ($100 in chips) 
Seat 5: B1GBankroll ($224.70 in chips) 
Seat 6: nikalas22 ($267.92 in chips) 
B1GBankroll: posts small blind $0.50
nikalas22: posts big blind $1
*** HOLE CARDS ***
LuckyShikari: folds 
Vasikara4: raises $1 to $2
Espada Fish: raises $5 to $7
BeauParleur: folds 
B1GBankroll: folds 
nikalas22: folds 
Vasikara4: calls $5
*** FLOP *** [2h 9s 8h]
Vasikara4: checks 
Espada Fish: checks 
*** TURN *** [2h 9s 8h] [6d]
Vasikara4: bets $18
Espada Fish: folds 
Uncalled bet ($18) returned to Vasikara4
Vasikara4 collected $14.72 from pot
*** SUMMARY ***
Total pot $15.50 | Rake $0.78 
Board [2h 9s 8h 6d]
Seat 1: LuckyShikari folded before Flop (didn't bet)
Seat 2: Vasikara4 collected ($14.72)
Seat 3: Espada Fish folded on the Turn
Seat 4: BeauParleur (button) folded before Flop (didn't bet)
Seat 5: B1GBankroll (small blind) folded before Flop
Seat 6: nikalas22 (big blind) folded before Flop



PokerStars Hand #254272417277:  Hold'em No Limit ($0.50/$1.00 USD) - 2025/01/08 1:22:35 WET [2025/01/08 20:22:35 ET]
Table 'Dibaj II' 6-max Seat #5 is the button
Seat 1: LuckyShikari ($115.04 in chips) 
Seat 2: Vasikara4 ($103.41 in chips) 
Seat 3: Espada Fish ($100 in chips) 
Seat 4: BeauParleur ($100 in chips) 
Seat 5: B1GBankroll ($224.20 in chips) 
Seat 6: nikalas22 ($266.92 in chips) 
nikalas22: posts small blind $0.50
LuckyShikari: posts big blind $1
*** HOLE CARDS ***
Vasikara4: calls $1
Espada Fish: raises $2.50 to $3.50
BeauParleur: folds 
B1GBankroll: folds 
nikalas22: folds 
LuckyShikari: folds 
Vasikara4: calls $2.50
*** FLOP *** [Jc Jh Js]
Vasikara4: checks 
Espada Fish: bets $4.85
Vasikara4: calls $4.85
*** TURN *** [Jc Jh Js] [Ac]
Vasikara4: checks 
Espada Fish: checks 
*** RIVER *** [Jc Jh Js Ac] [Ts]
Vasikara4: bets $15
Espada Fish: folds 
Uncalled bet ($15) returned to Vasikara4
Vasikara4 collected $17.29 from pot
*** SUMMARY ***
Total pot $18.20 | Rake $0.91 
Board [Jc Jh Js Ac Ts]
Seat 1: LuckyShikari (big blind) folded before Flop
Seat 2: Vasikara4 collected ($17.29)
Seat 3: Espada Fish folded on the River
Seat 4: BeauParleur folded before Flop (didn't bet)
Seat 5: B1GBankroll (button) folded before Flop (didn't bet)
Seat 6: nikalas22 (small blind) folded before Flop



PokerStars Hand #254272429741:  Hold'em No Limit ($0.50/$1.00 USD) - 2025/01/08 1:23:44 WET [2025/01/08 20:23:44 ET]
Table 'Dibaj II' 6-max Seat #6 is the button
Seat 1: LuckyShikari ($114.04 in chips) 
Seat 2: Vasikara4 ($112.35 in chips) 
Seat 3: Espada Fish ($100 in chips) 
Seat 4: BeauParleur ($100 in chips) 
Seat 5: B1GBankroll ($224.20 in chips) 
Seat 6: nikalas22 ($266.42 in chips) 
LuckyShikari: posts small blind $0.50
Vasikara4: posts big blind $1
*** HOLE CARDS ***
Espada Fish: folds 
BeauParleur: folds 
B1GBankroll: folds 
nikalas22: folds 
LuckyShikari: folds 
Uncalled bet ($0.50) returned to Vasikara4
Vasikara4 collected $1 from pot
*** SUMMARY ***
Total pot $1 | Rake $0 
Seat 1: LuckyShikari (small blind) folded before Flop
Seat 2: Vasikara4 (big blind) collected ($1)
Seat 3: Espada Fish folded before Flop (didn't bet)
Seat 4: BeauParleur folded before Flop (didn't bet)
Seat 5: B1GBankroll folded before Flop (didn't bet)
Seat 6: nikalas22 (button) folded before Flop (didn't bet)



PokerStars Hand #254272433610:  Hold'em No Limit ($0.50/$1.00 USD) - 2025/01/08 1:24:05 WET [2025/01/08 20:24:05 ET]
Table 'Dibaj II' 6-max Seat #1 is the button
Seat 1: LuckyShikari ($113.54 in chips) 
Seat 2: Vasikara4 ($112.85 in chips) 
Seat 3: Espada Fish ($100 in chips) 
Seat 4: BeauParleur ($100 in chips) 
Seat 5: B1GBankroll ($224.20 in chips) 
Seat 6: nikalas22 ($266.42 in chips) 
Vasikara4: posts small blind $0.50
Espada Fish: posts big blind $1
*** HOLE CARDS ***
BeauParleur: folds 
B1GBankroll: folds 
nikalas22: folds 
LuckyShikari: raises $2.50 to $3.50
Vasikara4: calls $3
Espada Fish: folds 
*** FLOP *** [4s Ts Kh]
Vasikara4: checks 
LuckyShikari: bets $6.61
Vasikara4: calls $6.61
*** TURN *** [4s Ts Kh] [5h]
Vasikara4: checks 
LuckyShikari: bets $30.24
Vasikara4: calls $30.24
*** RIVER *** [4s Ts Kh 5h] [9s]
Vasikara4: checks 
LuckyShikari: checks 
*** SHOW DOWN ***
Vasikara4: shows [Qh 6h] (high card King)
LuckyShikari: shows [Kc Qd] (a pair of Kings)
LuckyShikari collected $79.20 from pot
*** SUMMARY ***
Total pot $81.70 | Rake $2.50 
Board [4s Ts Kh 5h 9s]
Seat 1: LuckyShikari (button) showed [Kc Qd] and won ($79.20) with a pair of Kings
Seat 2: Vasikara4 (small blind) showed [Qh 6h] and lost with high card King
Seat 3: Espada Fish (big blind) folded before Flop
Seat 4: BeauParleur folded before Flop (didn't bet)
Seat 5: B1GBankroll folded before Flop (didn't bet)
Seat 6: nikalas22 folded before Flop (didn't bet)



PokerStars Hand #254272440855:  Hold'em No Limit ($0.50/$1.00 USD) - 2025/01/08 1:24:46 WET [2025/01/08 20:24:46 ET]
Table 'Dibaj II' 6-max Seat #2 is the button
Seat 1: LuckyShikari ($152.39 in chips) 
Seat 2: Vasikara4 ($72.50 in chips) 
Seat 3: Espada Fish ($100 in chips) 
Seat 4: BeauParleur ($100 in chips) 
Seat 5: B1GBankroll ($224.20 in chips) 
Seat 6: nikalas22 ($266.42 in chips) 
Espada Fish: posts small blind $0.50
BeauParleur: posts big blind $1
*** HOLE CARDS ***
B1GBankroll: folds 
nikalas22: folds 
LuckyShikari: folds 
Vasikara4: raises $1 to $2
Espada Fish: raises $8 to $10
BeauParleur: folds 
Vasikara4: raises $8 to $18
Espada Fish: raises $82 to $100 and is all-in
Vasikara4: calls $54.50 and is all-in
Uncalled bet ($27.50) returned to Espada Fish
*** FLOP *** [6c 9h Tc]
*** TURN *** [6c 9h Tc] [Th]
*** RIVER *** [6c 9h Tc Th] [3h]
*** SHOW DOWN ***
Espada Fish: shows [Qd Qs] (two pair, Queens and Tens)
Vasikara4: shows [Ks As] (a pair of Tens)
Espada Fish cashed out the hand for $76.11 | Cash Out Fee $1.55
*** SUMMARY ***
Total pot $146 | Rake $2.50 
Board [6c 9h Tc Th 3h]
Seat 1: LuckyShikari folded before Flop (didn't bet)
Seat 2: Vasikara4 (button) showed [Ks As] and lost with a pair of Tens
Seat 3: Espada Fish (small blind) showed [Qd Qs] and won ($143.50) with two pair, Queens and Tens (pot not awarded as player cashed out)
Seat 4: BeauParleur (big blind) folded before Flop
Seat 5: B1GBankroll folded before Flop (didn't bet)
Seat 6: nikalas22 folded before Flop (didn't bet)



PokerStars Hand #254272450229:  Hold'em No Limit ($0.50/$1.00 USD) - 2025/01/08 1:25:37 WET [2025/01/08 20:25:37 ET]
Table 'Dibaj II' 6-max Seat #3 is the button
Seat 2: Vasikara4 ($0 in chips) is sitting out
Seat 1: LuckyShikari ($152.39 in chips) 
Seat 3: Espada Fish ($103.61 in chips) 
Seat 4: BeauParleur ($100 in chips) 
Seat 5: B1GBankroll ($224.20 in chips) 
Seat 6: nikalas22 ($266.42 in chips) 
BeauParleur: posts small blind $0.50
B1GBankroll: posts big blind $1
*** HOLE CARDS ***
nikalas22: folds 
LuckyShikari: folds 
Espada Fish: raises $1.50 to $2.50
Vasikara4 leaves the table
BeauParleur: folds 
B1GBankroll: folds 
Uncalled bet ($1.50) returned to Espada Fish
Espada Fish collected $2.50 from pot
Espada Fish: doesn't show hand 
*** SUMMARY ***
Total pot $2.50 | Rake $0 
Seat 2: Vasikara4
Seat 1: LuckyShikari folded before Flop (didn't bet)
Seat 3: Espada Fish (button) collected ($2.50)
Seat 4: BeauParleur (small blind) folded before Flop
Seat 5: B1GBankroll (big blind) folded before Flop
Seat 6: nikalas22 folded before Flop (didn't bet)



PokerStars Hand #254272456256:  Hold'em No Limit ($0.50/$1.00 USD) - 2025/01/08 1:26:09 WET [2025/01/08 20:26:09 ET]
Table 'Dibaj II' 6-max Seat #4 is the button
Seat 1: LuckyShikari ($152.39 in chips) 
Seat 3: Espada Fish ($105.11 in chips) 
Seat 4: BeauParleur ($100 in chips) 
Seat 5: B1GBankroll ($223.20 in chips) 
Seat 6: nikalas22 ($266.42 in chips) 
B1GBankroll: posts small blind $0.50
nikalas22: posts big blind $1
*** HOLE CARDS ***
LuckyShikari: folds 
Espada Fish: folds 
BumHuntKing joins the table at seat #2 
BeauParleur: folds 
B1GBankroll: folds 
Uncalled bet ($0.50) returned to nikalas22
nikalas22 collected $1 from pot
nikalas22: doesn't show hand 
BumHuntKing leaves the table
*** SUMMARY ***
Total pot $1 | Rake $0 
Seat 1: LuckyShikari folded before Flop (didn't bet)
Seat 3: Espada Fish folded before Flop (didn't bet)
Seat 4: BeauParleur (button) folded before Flop (didn't bet)
Seat 5: B1GBankroll (small blind) folded before Flop
Seat 6: nikalas22 (big blind) collected ($1)



PokerStars Hand #254272462467:  Hold'em No Limit ($0.50/$1.00 USD) - 2025/01/08 1:26:42 WET [2025/01/08 20:26:42 ET]
Table 'Dibaj II' 6-max Seat #5 is the button
Seat 1: LuckyShikari ($152.39 in chips) 
Seat 3: Espada Fish ($105.11 in chips) 
Seat 4: BeauParleur ($100 in chips) 
Seat 5: B1GBankroll ($222.70 in chips) 
Seat 6: nikalas22 ($266.92 in chips) 
nikalas22: posts small blind $0.50
LuckyShikari: posts big blind $1
*** HOLE CARDS ***
Espada Fish: folds 
BeauParleur: folds 
B1GBankroll: raises $1.50 to $2.50
nikalas22: folds 
LuckyShikari: folds 
Uncalled bet ($1.50) returned to B1GBankroll
B1GBankroll collected $2.50 from pot
B1GBankroll: doesn't show hand 
*** SUMMARY ***
Total pot $2.50 | Rake $0 
Seat 1: LuckyShikari (big blind) folded before Flop
Seat 3: Espada Fish folded before Flop (didn't bet)
Seat 4: BeauParleur folded before Flop (didn't bet)
Seat 5: B1GBankroll (button) collected ($2.50)
Seat 6: nikalas22 (small blind) folded before Flop



PokerStars Hand #254272466141:  Hold'em No Limit ($0.50/$1.00 USD) - 2025/01/08 1:27:02 WET [2025/01/08 20:27:02 ET]
Table 'Dibaj II' 6-max Seat #6 is the button
Seat 3: Espada Fish ($105.11 in chips) is sitting out
Seat 1: LuckyShikari ($151.39 in chips) 
Seat 4: BeauParleur ($100 in chips) 
Seat 5: B1GBankroll ($224.20 in chips) 
Seat 6: nikalas22 ($266.42 in chips) 
LuckyShikari: posts small blind $0.50
Espada Fish: is sitting out 
BeauParleur: posts big blind $1
*** HOLE CARDS ***
B1GBankroll: folds 
nikalas22: raises $1.50 to $2.50
Espada Fish leaves the table
LuckyShikari: folds 
BeauParleur: folds 
Uncalled bet ($1.50) returned to nikalas22
nikalas22 collected $2.50 from pot
nikalas22: doesn't show hand 
*** SUMMARY ***
Total pot $2.50 | Rake $0 
Seat 3: Espada Fish
Seat 1: LuckyShikari (small blind) folded before Flop
Seat 4: BeauParleur (big blind) folded before Flop
Seat 5: B1GBankroll folded before Flop (didn't bet)
Seat 6: nikalas22 (button) collected ($2.50)



PokerStars Hand #254272470284:  Hold'em No Limit ($0.50/$1.00 USD) - 2025/01/08 1:27:25 WET [2025/01/08 20:27:25 ET]
Table 'Dibaj II' 6-max Seat #1 is the button
Seat 1: LuckyShikari ($150.89 in chips) 
Seat 4: BeauParleur ($100 in chips) 
Seat 5: B1GBankroll ($224.20 in chips) 
BeauParleur: posts small blind $0.50
B1GBankroll: posts big blind $1
*** HOLE CARDS ***
LuckyShikari: folds 
BeauParleur: raises $2 to $3
B1GBankroll: calls $2
*** FLOP *** [Tc 6d 5c]
BeauParleur: checks 
B1GBankroll: bets $2.79
BeauParleur: folds 
Uncalled bet ($2.79) returned to B1GBankroll
B1GBankroll collected $5.70 from pot
B1GBankroll: doesn't show hand 
*** SUMMARY ***
Total pot $6 | Rake $0.30 
Board [Tc 6d 5c]
Seat 1: LuckyShikari (button) folded before Flop (didn't bet)
Seat 4: BeauParleur (small blind) folded on the Flop
Seat 5: B1GBankroll (big blind) collected ($5.70)



PokerStars Hand #254272477397:  Hold'em No Limit ($0.50/$1.00 USD) - 2025/01/08 1:28:03 WET [2025/01/08 20:28:03 ET]
Table 'Dibaj II' 6-max Seat #4 is the button
Seat 1: LuckyShikari ($150.89 in chips) 
Seat 4: BeauParleur ($100 in chips) 
Seat 5: B1GBankroll ($226.90 in chips) 
B1GBankroll: posts small blind $0.50
LuckyShikari: posts big blind $1
*** HOLE CARDS ***
BeauParleur: raises $1.50 to $2.50
B1GBankroll: folds 
LuckyShikari: calls $1.50
*** FLOP *** [Th Qc 8c]
LuckyShikari: checks 
BeauParleur: checks 
*** TURN *** [Th Qc 8c] [4c]
LuckyShikari: bets $7
BeauParleur: folds 
Uncalled bet ($7) returned to LuckyShikari
LuckyShikari collected $5.22 from pot
LuckyShikari: doesn't show hand 
*** SUMMARY ***
Total pot $5.50 | Rake $0.28 
Board [Th Qc 8c 4c]
Seat 1: LuckyShikari (big blind) collected ($5.22)
Seat 4: BeauParleur (button) folded on the Turn
Seat 5: B1GBankroll (small blind) folded before Flop



PokerStars Hand #254272483157:  Hold'em No Limit ($0.50/$1.00 USD) - 2025/01/08 1:28:34 WET [2025/01/08 20:28:34 ET]
Table 'Dibaj II' 6-max Seat #5 is the button
Seat 1: LuckyShikari ($153.61 in chips) 
Seat 4: BeauParleur ($100 in chips) 
Seat 5: B1GBankroll ($226.40 in chips) 
LuckyShikari: posts small blind $0.50
BeauParleur: posts big blind $1
*** HOLE CARDS ***
B1GBankroll: raises $1.50 to $2.50
LuckyShikari: folds 
BeauParleur: calls $1.50
*** FLOP *** [Ac 4h 6c]
BeauParleur: checks 
B1GBankroll: bets $3.86
BeauParleur: calls $3.86
*** TURN *** [Ac 4h 6c] [8c]
BeauParleur: bets $3
B1GBankroll: raises $9.09 to $12.09
BeauParleur: folds 
Uncalled bet ($9.09) returned to B1GBankroll
B1GBankroll collected $18.26 from pot
B1GBankroll: doesn't show hand 
*** SUMMARY ***
Total pot $19.22 | Rake $0.96 
Board [Ac 4h 6c 8c]
Seat 1: LuckyShikari (small blind) folded before Flop
Seat 4: BeauParleur (big blind) folded on the Turn
Seat 5: B1GBankroll (button) collected ($18.26)



PokerStars Hand #254272493737:  Hold'em No Limit ($0.50/$1.00 USD) - 2025/01/08 1:29:31 WET [2025/01/08 20:29:31 ET]
Table 'Dibaj II' 6-max Seat #1 is the button
Seat 1: LuckyShikari ($153.11 in chips) 
Seat 4: BeauParleur ($100 in chips) 
Seat 5: B1GBankroll ($235.30 in chips) 
BeauParleur: posts small blind $0.50
B1GBankroll: posts big blind $1
*** HOLE CARDS ***
LuckyShikari: folds 
BeauParleur: raises $2 to $3
B1GBankroll: raises $6 to $9
BeauParleur: folds 
Uncalled bet ($6) returned to B1GBankroll
B1GBankroll collected $6 from pot
B1GBankroll: doesn't show hand 
*** SUMMARY ***
Total pot $6 | Rake $0 
Seat 1: LuckyShikari (button) folded before Flop (didn't bet)
Seat 4: BeauParleur (small blind) folded before Flop
Seat 5: B1GBankroll (big blind) collected ($6)



PokerStars Hand #254272503947:  Hold'em No Limit ($0.50/$1.00 USD) - 2025/01/08 1:30:27 WET [2025/01/08 20:30:27 ET]
Table 'Dibaj II' 6-max Seat #5 is the button
Seat 1: LuckyShikari ($153.11 in chips) is sitting out
Seat 4: BeauParleur ($100 in chips) 
Seat 5: B1GBankroll ($238.30 in chips) 
B1GBankroll: posts small blind $0.50
LuckyShikari: is sitting out 
BeauParleur: posts big blind $1
*** HOLE CARDS ***
B1GBankroll: folds 
Uncalled bet ($0.50) returned to BeauParleur
LuckyShikari leaves the table
BeauParleur collected $1 from pot
BeauParleur: doesn't show hand 
*** SUMMARY ***
Total pot $1 | Rake $0 
Seat 1: LuckyShikari
Seat 4: BeauParleur (big blind) collected ($1)
Seat 5: B1GBankroll (button) (small blind) folded before Flop



