PokerStars Hand #254270251677:  Hold'em No Limit ($0.50/$1.00 USD) - 2025/01/08 22:45:25 WET [2025/01/08 17:45:25 ET]
Table 'Libitina II' 6-max Seat #5 is the button
Seat 2: RudyBaur2 ($40 in chips) 
Seat 3: Eredar5 ($100 in chips) 
Seat 4: YeeesMan ($100 in chips) 
Seat 5: 1.0OO.0OO$ ($100 in chips) 
RudyBaur2: posts small blind $0.50
Eredar5: posts big blind $1
*** HOLE CARDS ***
YeeesMan: raises $1.50 to $2.50
1.0OO.0OO$: folds 
Trojanovich joins the table at seat #6 
RudyBaur2: calls $2
Eredar5: raises $11 to $13.50
YeeesMan: folds 
RudyBaur2: folds 
Uncalled bet ($11) returned to Eredar5
Eredar5 collected $7.50 from pot
Eredar5: doesn't show hand 
*** SUMMARY ***
Total pot $7.50 | Rake $0 
Seat 2: RudyBaur2 (small blind) folded before Flop
Seat 3: Eredar5 (big blind) collected ($7.50)
Seat 4: YeeesMan folded before Flop
Seat 5: 1.0OO.0OO$ (button) folded before Flop (didn't bet)



PokerStars Hand #254270263569:  Hold'em No Limit ($0.50/$1.00 USD) - 2025/01/08 22:46:04 WET [2025/01/08 17:46:04 ET]
Table 'Libitina II' 6-max Seat #2 is the button
Seat 6: Trojanovich ($100 in chips) is sitting out
Seat 2: RudyBaur2 ($37.50 in chips) 
Seat 3: Eredar5 ($105 in chips) 
Seat 4: YeeesMan ($100 in chips) 
Seat 5: 1.0OO.0OO$ ($100 in chips) 
Eredar5: posts small blind $0.50
YeeesMan: posts big blind $1
Trojanovich: sits out 
*** HOLE CARDS ***
1.0OO.0OO$: raises $1.50 to $2.50
RudyBaur2: folds 
Eredar5: folds 
YeeesMan: calls $1.50
*** FLOP *** [2d 8c 5s]
YeeesMan: checks 
1.0OO.0OO$: bets $3.92
YeeesMan: calls $3.92
*** TURN *** [2d 8c 5s] [Ah]
YeeesMan: checks 
1.0OO.0OO$: bets $15.84
YeeesMan: calls $15.84
*** RIVER *** [2d 8c 5s Ah] [5c]
YeeesMan: checks 
1.0OO.0OO$: bets $35
YeeesMan: calls $35
*** SHOW DOWN ***
1.0OO.0OO$: shows [5h 5d] (four of a kind, Fives)
YeeesMan: mucks hand 
1.0OO.0OO$ collected $114.02 from pot
*** SUMMARY ***
Total pot $115.02 | Rake $1 
Board [2d 8c 5s Ah 5c]
Seat 6: Trojanovich
Seat 2: RudyBaur2 (button) folded before Flop (didn't bet)
Seat 3: Eredar5 (small blind) folded before Flop
Seat 4: YeeesMan (big blind) mucked
Seat 5: 1.0OO.0OO$ showed [5h 5d] and won ($114.02) with four of a kind, Fives



PokerStars Hand #254270300532:  Hold'em No Limit ($0.50/$1.00 USD) - 2025/01/08 22:48:07 WET [2025/01/08 17:48:07 ET]
Table 'Libitina II' 6-max Seat #3 is the button
Seat 6: Trojanovich ($100 in chips) is sitting out
Seat 2: RudyBaur2 ($37.50 in chips) 
Seat 3: Eredar5 ($104.50 in chips) 
Seat 4: YeeesMan ($100 in chips) 
Seat 5: 1.0OO.0OO$ ($156.76 in chips) 
YeeesMan: posts small blind $0.50
1.0OO.0OO$: posts big blind $1
Trojanovich: sits out 
*** HOLE CARDS ***
RudyBaur2: calls $1
Eredar5: raises $3 to $4
YeeesMan: folds 
1.0OO.0OO$: folds 
RudyBaur2: folds 
Uncalled bet ($3) returned to Eredar5
Eredar5 collected $3.50 from pot
Eredar5: doesn't show hand 
*** SUMMARY ***
Total pot $3.50 | Rake $0 
Seat 6: Trojanovich
Seat 2: RudyBaur2 folded before Flop
Seat 3: Eredar5 (button) collected ($3.50)
Seat 4: YeeesMan (small blind) folded before Flop
Seat 5: 1.0OO.0OO$ (big blind) folded before Flop



PokerStars Hand #254270305799:  Hold'em No Limit ($0.50/$1.00 USD) - 2025/01/08 22:48:24 WET [2025/01/08 17:48:24 ET]
Table 'Libitina II' 6-max Seat #4 is the button
Seat 2: RudyBaur2 ($36.50 in chips) 
Seat 3: Eredar5 ($107 in chips) 
Seat 4: YeeesMan ($100 in chips) 
Seat 5: 1.0OO.0OO$ ($155.76 in chips) 
Seat 6: Trojanovich ($100 in chips) 
1.0OO.0OO$: posts small blind $0.50
Trojanovich: posts big blind $1
*** HOLE CARDS ***
RudyBaur2: calls $1
Eredar5: raises $3 to $4
YeeesMan: folds 
1.0OO.0OO$: folds 
Trojanovich: folds 
RudyBaur2: raises $32.50 to $36.50 and is all-in
Eredar5: calls $32.50
*** FLOP *** [2c 8h Ts]
*** TURN *** [2c 8h Ts] [Tc]
*** RIVER *** [2c 8h Ts Tc] [Ad]
*** SHOW DOWN ***
RudyBaur2: shows [3h Ah] (two pair, Aces and Tens)
Eredar5: shows [Ks Kd] (two pair, Kings and Tens)
RudyBaur2 collected $71.38 from pot
*** SUMMARY ***
Total pot $74.50 | Rake $3.12 
Board [2c 8h Ts Tc Ad]
Seat 2: RudyBaur2 showed [3h Ah] and won ($71.38) with two pair, Aces and Tens
Seat 3: Eredar5 showed [Ks Kd] and lost with two pair, Kings and Tens
Seat 4: YeeesMan (button) folded before Flop (didn't bet)
Seat 5: 1.0OO.0OO$ (small blind) folded before Flop
Seat 6: Trojanovich (big blind) folded before Flop



PokerStars Hand #254270315180:  Hold'em No Limit ($0.50/$1.00 USD) - 2025/01/08 22:48:56 WET [2025/01/08 17:48:56 ET]
Table 'Libitina II' 6-max Seat #5 is the button
Seat 2: RudyBaur2 ($71.38 in chips) 
Seat 3: Eredar5 ($100 in chips) 
Seat 4: YeeesMan ($100 in chips) 
Seat 5: 1.0OO.0OO$ ($155.26 in chips) 
Seat 6: Trojanovich ($100 in chips) 
Trojanovich: posts small blind $0.50
RudyBaur2: posts big blind $1
*** HOLE CARDS ***
Eredar5: folds 
YeeesMan: folds 
1.0OO.0OO$: raises $1.50 to $2.50
Trojanovich: folds 
RudyBaur2: calls $1.50
*** FLOP *** [Td 4h 2c]
RudyBaur2: checks 
1.0OO.0OO$: bets $2.61
RudyBaur2: calls $2.61
*** TURN *** [Td 4h 2c] [6d]
RudyBaur2: checks 
1.0OO.0OO$: bets $6.62
RudyBaur2: calls $6.62
*** RIVER *** [Td 4h 2c 6d] [8s]
RudyBaur2: checks 
1.0OO.0OO$: checks 
*** SHOW DOWN ***
RudyBaur2: shows [5d 5h] (a pair of Fives)
1.0OO.0OO$: mucks hand 
RudyBaur2 collected $22.46 from pot
*** SUMMARY ***
Total pot $23.96 | Rake $1.50 
Board [Td 4h 2c 6d 8s]
Seat 2: RudyBaur2 (big blind) showed [5d 5h] and won ($22.46) with a pair of Fives
Seat 3: Eredar5 folded before Flop (didn't bet)
Seat 4: YeeesMan folded before Flop (didn't bet)
Seat 5: 1.0OO.0OO$ (button) mucked
Seat 6: Trojanovich (small blind) folded before Flop



PokerStars Hand #254270327746:  Hold'em No Limit ($0.50/$1.00 USD) - 2025/01/08 22:49:38 WET [2025/01/08 17:49:38 ET]
Table 'Libitina II' 6-max Seat #2 is the button
Seat 3: Eredar5 ($100 in chips) is sitting out
Seat 4: YeeesMan ($100 in chips) is sitting out
Seat 5: 1.0OO.0OO$ ($143.53 in chips) is sitting out
Seat 2: RudyBaur2 ($82.11 in chips) 
Seat 6: Trojanovich ($100 in chips) 
RudyBaur2: posts small blind $0.50
Eredar5: is sitting out 
YeeesMan: is sitting out 
1.0OO.0OO$: is sitting out 
Trojanovich: posts big blind $1
*** HOLE CARDS ***
YeeesMan leaves the table
RudyBaur2: folds 
Uncalled bet ($0.50) returned to Trojanovich
Trojanovich collected $1 from pot
Trojanovich: doesn't show hand 
*** SUMMARY ***
Total pot $1 | Rake $0 
Seat 3: Eredar5
Seat 4: YeeesMan
Seat 5: 1.0OO.0OO$
Seat 2: RudyBaur2 (button) (small blind) folded before Flop
Seat 6: Trojanovich (big blind) collected ($1)



PokerStars Hand #254270330193:  Hold'em No Limit ($0.50/$1.00 USD) - 2025/01/08 22:49:46 WET [2025/01/08 17:49:46 ET]
Table 'Libitina II' 6-max Seat #6 is the button
Seat 3: Eredar5 ($100 in chips) is sitting out
Seat 2: RudyBaur2 ($81.61 in chips) 
Seat 6: Trojanovich ($100.50 in chips) 
1.0OO.0OO$ leaves the table
Trojanovich: posts small blind $0.50
RudyBaur2: posts big blind $1
*** HOLE CARDS ***
Trojanovich: raises $1.50 to $2.50
RudyBaur2: folds 
Uncalled bet ($1.50) returned to Trojanovich
Trojanovich collected $2 from pot
Trojanovich: doesn't show hand 
*** SUMMARY ***
Total pot $2 | Rake $0 
Seat 3: Eredar5
Seat 2: RudyBaur2 (big blind) folded before Flop
Seat 6: Trojanovich (button) (small blind) collected ($2)



PokerStars Hand #254270333322:  Hold'em No Limit ($0.50/$1.00 USD) - 2025/01/08 22:49:56 WET [2025/01/08 17:49:56 ET]
Table 'Libitina II' 6-max Seat #2 is the button
Seat 3: Eredar5 ($100 in chips) is sitting out
Seat 2: RudyBaur2 ($80.61 in chips) 
Seat 6: Trojanovich ($101.50 in chips) 
RudyBaur2: posts small blind $0.50
Trojanovich: posts big blind $1
*** HOLE CARDS ***
RudyBaur2: folds 
Uncalled bet ($0.50) returned to Trojanovich
Trojanovich collected $1 from pot
Trojanovich: doesn't show hand 
Eredar5 leaves the table
*** SUMMARY ***
Total pot $1 | Rake $0 
Seat 3: Eredar5
Seat 2: RudyBaur2 (button) (small blind) folded before Flop
Seat 6: Trojanovich (big blind) collected ($1)



PokerStars Hand #254270335002:  Hold'em No Limit ($0.50/$1.00 USD) - 2025/01/08 22:50:02 WET [2025/01/08 17:50:02 ET]
Table 'Libitina II' 6-max Seat #6 is the button
Seat 2: RudyBaur2 ($80.11 in chips) 
Seat 6: Trojanovich ($102 in chips) 
Trojanovich: posts small blind $0.50
RudyBaur2: posts big blind $1
*** HOLE CARDS ***
Trojanovich: raises $1.50 to $2.50
RudyBaur2: raises $5 to $7.50
Trojanovich: folds 
Uncalled bet ($5) returned to RudyBaur2
RudyBaur2 collected $5 from pot
*** SUMMARY ***
Total pot $5 | Rake $0 
Seat 2: RudyBaur2 (big blind) collected ($5)
Seat 6: Trojanovich (button) (small blind) folded before Flop



PokerStars Hand #254270337931:  Hold'em No Limit ($0.50/$1.00 USD) - 2025/01/08 22:50:12 WET [2025/01/08 17:50:12 ET]
Table 'Libitina II' 6-max Seat #2 is the button
Seat 2: RudyBaur2 ($82.61 in chips) 
Seat 6: Trojanovich ($100 in chips) 
RudyBaur2: posts small blind $0.50
Trojanovich: posts big blind $1
*** HOLE CARDS ***
RudyBaur2: calls $0.50
Trojanovich: checks 
*** FLOP *** [5h Js Th]
Trojanovich: checks 
RudyBaur2: checks 
*** TURN *** [5h Js Th] [7d]
Unipoker11 joins the table at seat #4 
Trojanovich: checks 
RudyBaur2: checks 
*** RIVER *** [5h Js Th 7d] [Kd]
blackclan7 joins the table at seat #3 
numapu_33 joins the table at seat #1 
Trojanovich: bets $1.43
RudyBaur2: folds 
Uncalled bet ($1.43) returned to Trojanovich
Trojanovich collected $1.90 from pot
Trojanovich: doesn't show hand 
*** SUMMARY ***
Total pot $2 | Rake $0.10 
Board [5h Js Th 7d Kd]
Seat 2: RudyBaur2 (button) (small blind) folded on the River
Seat 6: Trojanovich (big blind) collected ($1.90)



PokerStars Hand #254270347061:  Hold'em No Limit ($0.50/$1.00 USD) - 2025/01/08 22:50:43 WET [2025/01/08 17:50:43 ET]
Table 'Libitina II' 6-max Seat #6 is the button
Seat 1: numapu_33 ($100 in chips) is sitting out
Seat 4: Unipoker11 ($100 in chips) is sitting out
Seat 2: RudyBaur2 ($81.61 in chips) 
Seat 3: blackclan7 ($100 in chips) 
Seat 6: Trojanovich ($100.90 in chips) 
RudyBaur2: posts small blind $0.50
blackclan7: posts big blind $1
Unipoker11: sits out 
*** HOLE CARDS ***
Trojanovich: raises $1.50 to $2.50
RudyBaur2: folds 
numapu_33 leaves the table
blackclan7: raises $11 to $13.50
Trojanovich: folds 
Uncalled bet ($11) returned to blackclan7
blackclan7 collected $5.50 from pot
blackclan7: doesn't show hand 
*** SUMMARY ***
Total pot $5.50 | Rake $0 
Seat 1: numapu_33
Seat 4: Unipoker11
Seat 2: RudyBaur2 (small blind) folded before Flop
Seat 3: blackclan7 (big blind) collected ($5.50)
Seat 6: Trojanovich (button) folded before Flop



PokerStars Hand #254270350039:  Hold'em No Limit ($0.50/$1.00 USD) - 2025/01/08 22:50:53 WET [2025/01/08 17:50:53 ET]
Table 'Libitina II' 6-max Seat #2 is the button
Seat 2: RudyBaur2 ($81.11 in chips) 
Seat 3: blackclan7 ($103 in chips) 
Seat 4: Unipoker11 ($100 in chips) 
Seat 6: Trojanovich ($100 in chips) 
blackclan7: posts small blind $0.50
Unipoker11: posts big blind $1
*** HOLE CARDS ***
Trojanovich: folds 
RudyBaur2: raises $1 to $2
blackclan7: folds 
Unipoker11: folds 
Uncalled bet ($1) returned to RudyBaur2
RudyBaur2 collected $2.50 from pot
*** SUMMARY ***
Total pot $2.50 | Rake $0 
Seat 2: RudyBaur2 (button) collected ($2.50)
Seat 3: blackclan7 (small blind) folded before Flop
Seat 4: Unipoker11 (big blind) folded before Flop
Seat 6: Trojanovich folded before Flop (didn't bet)



PokerStars Hand #254270353395:  Hold'em No Limit ($0.50/$1.00 USD) - 2025/01/08 22:51:04 WET [2025/01/08 17:51:04 ET]
Table 'Libitina II' 6-max Seat #3 is the button
Seat 2: RudyBaur2 ($82.61 in chips) 
Seat 3: blackclan7 ($102.50 in chips) 
Seat 4: Unipoker11 ($100 in chips) 
Seat 6: Trojanovich ($100 in chips) 
Unipoker11: posts small blind $0.50
Trojanovich: posts big blind $1
*** HOLE CARDS ***
RudyBaur2: folds 
blackclan7: raises $1.50 to $2.50
Unipoker11: folds 
Trojanovich: folds 
Uncalled bet ($1.50) returned to blackclan7
blackclan7 collected $2.50 from pot
blackclan7: doesn't show hand 
*** SUMMARY ***
Total pot $2.50 | Rake $0 
Seat 2: RudyBaur2 folded before Flop (didn't bet)
Seat 3: blackclan7 (button) collected ($2.50)
Seat 4: Unipoker11 (small blind) folded before Flop
Seat 6: Trojanovich (big blind) folded before Flop



PokerStars Hand #254270356918:  Hold'em No Limit ($0.50/$1.00 USD) - 2025/01/08 22:51:16 WET [2025/01/08 17:51:16 ET]
Table 'Libitina II' 6-max Seat #4 is the button
Seat 2: RudyBaur2 ($82.61 in chips) 
Seat 3: blackclan7 ($104 in chips) 
Seat 4: Unipoker11 ($100 in chips) 
Seat 6: Trojanovich ($100 in chips) 
Trojanovich: posts small blind $0.50
RudyBaur2: posts big blind $1
*** HOLE CARDS ***
blackclan7: folds 
Unipoker11: folds 
Trojanovich: folds 
Uncalled bet ($0.50) returned to RudyBaur2
blackclan7 leaves the table
RudyBaur2 collected $1 from pot
*** SUMMARY ***
Total pot $1 | Rake $0 
Seat 2: RudyBaur2 (big blind) collected ($1)
Seat 3: blackclan7 folded before Flop (didn't bet)
Seat 4: Unipoker11 (button) folded before Flop (didn't bet)
Seat 6: Trojanovich (small blind) folded before Flop



PokerStars Hand #254270358747:  Hold'em No Limit ($0.50/$1.00 USD) - 2025/01/08 22:51:22 WET [2025/01/08 17:51:22 ET]
Table 'Libitina II' 6-max Seat #6 is the button
Seat 2: RudyBaur2 ($83.11 in chips) 
Seat 4: Unipoker11 ($100 in chips) 
Seat 6: Trojanovich ($100 in chips) 
RudyBaur2: posts small blind $0.50
Unipoker11: posts big blind $1
*** HOLE CARDS ***
Trojanovich: folds 
RudyBaur2: folds 
Uncalled bet ($0.50) returned to Unipoker11
Unipoker11 collected $1 from pot
Unipoker11: doesn't show hand 
*** SUMMARY ***
Total pot $1 | Rake $0 
Seat 2: RudyBaur2 (small blind) folded before Flop
Seat 4: Unipoker11 (big blind) collected ($1)
Seat 6: Trojanovich (button) folded before Flop (didn't bet)



PokerStars Hand #254270360469:  Hold'em No Limit ($0.50/$1.00 USD) - 2025/01/08 22:51:28 WET [2025/01/08 17:51:28 ET]
Table 'Libitina II' 6-max Seat #2 is the button
Seat 2: RudyBaur2 ($82.61 in chips) 
Seat 4: Unipoker11 ($100.50 in chips) 
Seat 6: Trojanovich ($100 in chips) 
Unipoker11: posts small blind $0.50
Trojanovich: posts big blind $1
*** HOLE CARDS ***
RudyBaur2: folds 
Unipoker11: raises $2 to $3
Trojanovich: folds 
Uncalled bet ($2) returned to Unipoker11
Unipoker11 collected $2 from pot
Unipoker11: doesn't show hand 
*** SUMMARY ***
Total pot $2 | Rake $0 
Seat 2: RudyBaur2 (button) folded before Flop (didn't bet)
Seat 4: Unipoker11 (small blind) collected ($2)
Seat 6: Trojanovich (big blind) folded before Flop



PokerStars Hand #254270364119:  Hold'em No Limit ($0.50/$1.00 USD) - 2025/01/08 22:51:40 WET [2025/01/08 17:51:40 ET]
Table 'Libitina II' 6-max Seat #4 is the button
Seat 2: RudyBaur2 ($82.61 in chips) 
Seat 4: Unipoker11 ($101.50 in chips) 
Seat 6: Trojanovich ($100 in chips) 
Trojanovich: posts small blind $0.50
RudyBaur2: posts big blind $1
*** HOLE CARDS ***
Unipoker11: raises $1.50 to $2.50
Trojanovich: folds 
RudyBaur2: folds 
Uncalled bet ($1.50) returned to Unipoker11
Unipoker11 collected $2.50 from pot
Unipoker11: doesn't show hand 
*** SUMMARY ***
Total pot $2.50 | Rake $0 
Seat 2: RudyBaur2 (big blind) folded before Flop
Seat 4: Unipoker11 (button) collected ($2.50)
Seat 6: Trojanovich (small blind) folded before Flop



PokerStars Hand #254270366353:  Hold'em No Limit ($0.50/$1.00 USD) - 2025/01/08 22:51:48 WET [2025/01/08 17:51:48 ET]
Table 'Libitina II' 6-max Seat #6 is the button
Seat 2: RudyBaur2 ($81.61 in chips) 
Seat 4: Unipoker11 ($103 in chips) 
Seat 6: Trojanovich ($100 in chips) 
RudyBaur2: posts small blind $0.50
Unipoker11: posts big blind $1
*** HOLE CARDS ***
Trojanovich: folds 
RudyBaur2: raises $2 to $3
Unipoker11: calls $2
*** FLOP *** [Ts 3d Ks]
RudyBaur2: bets $2.85
Unipoker11: folds 
Uncalled bet ($2.85) returned to RudyBaur2
RudyBaur2 collected $5.62 from pot
*** SUMMARY ***
Total pot $6 | Rake $0.38 
Board [Ts 3d Ks]
Seat 2: RudyBaur2 (small blind) collected ($5.62)
Seat 4: Unipoker11 (big blind) folded on the Flop
Seat 6: Trojanovich (button) folded before Flop (didn't bet)



PokerStars Hand #254270373147:  Hold'em No Limit ($0.50/$1.00 USD) - 2025/01/08 22:52:11 WET [2025/01/08 17:52:11 ET]
Table 'Libitina II' 6-max Seat #2 is the button
Seat 2: RudyBaur2 ($84.23 in chips) 
Seat 4: Unipoker11 ($100 in chips) 
Seat 6: Trojanovich ($100 in chips) 
Unipoker11: posts small blind $0.50
Trojanovich: posts big blind $1
*** HOLE CARDS ***
RudyBaur2: raises $1 to $2
Unipoker11: folds 
Trojanovich: folds 
Uncalled bet ($1) returned to RudyBaur2
mroam9 joins the table at seat #1 
RudyBaur2 collected $2.50 from pot
*** SUMMARY ***
Total pot $2.50 | Rake $0 
Seat 2: RudyBaur2 (button) collected ($2.50)
Seat 4: Unipoker11 (small blind) folded before Flop
Seat 6: Trojanovich (big blind) folded before Flop



PokerStars Hand #254270376322:  Hold'em No Limit ($0.50/$1.00 USD) - 2025/01/08 22:52:22 WET [2025/01/08 17:52:22 ET]
Table 'Libitina II' 6-max Seat #4 is the button
Seat 1: mroam9 ($43.78 in chips) 
Seat 2: RudyBaur2 ($85.73 in chips) 
Seat 4: Unipoker11 ($100 in chips) 
Seat 6: Trojanovich ($100 in chips) 
Trojanovich: posts small blind $0.50
mroam9: posts big blind $1
*** HOLE CARDS ***
Mr_Dick666 joins the table at seat #3 
RudyBaur2: folds 
Unipoker11: folds 
Trojanovich: raises $2 to $3
mroam9: folds 
Uncalled bet ($2) returned to Trojanovich
Trojanovich collected $2 from pot
Trojanovich: doesn't show hand 
*** SUMMARY ***
Total pot $2 | Rake $0 
Seat 1: mroam9 (big blind) folded before Flop
Seat 2: RudyBaur2 folded before Flop (didn't bet)
Seat 4: Unipoker11 (button) folded before Flop (didn't bet)
Seat 6: Trojanovich (small blind) collected ($2)



PokerStars Hand #254270379504:  Hold'em No Limit ($0.50/$1.00 USD) - 2025/01/08 22:52:33 WET [2025/01/08 17:52:33 ET]
Table 'Libitina II' 6-max Seat #6 is the button
Seat 3: Mr_Dick666 ($100 in chips) is sitting out
Seat 1: mroam9 ($42.78 in chips) 
Seat 2: RudyBaur2 ($85.73 in chips) 
Seat 4: Unipoker11 ($100 in chips) 
Seat 6: Trojanovich ($101 in chips) 
mroam9: posts small blind $0.50
RudyBaur2: posts big blind $1
Mr_Dick666: sits out 
*** HOLE CARDS ***
Unipoker11: folds 
Trojanovich: folds 
mroam9: folds 
Uncalled bet ($0.50) returned to RudyBaur2
RudyBaur2 collected $1 from pot
*** SUMMARY ***
Total pot $1 | Rake $0 
Seat 3: Mr_Dick666
Seat 1: mroam9 (small blind) folded before Flop
Seat 2: RudyBaur2 (big blind) collected ($1)
Seat 4: Unipoker11 folded before Flop (didn't bet)
Seat 6: Trojanovich (button) folded before Flop (didn't bet)



PokerStars Hand #254270382792:  Hold'em No Limit ($0.50/$1.00 USD) - 2025/01/08 22:52:44 WET [2025/01/08 17:52:44 ET]
Table 'Libitina II' 6-max Seat #1 is the button
Seat 1: mroam9 ($42.28 in chips) 
Seat 2: RudyBaur2 ($86.23 in chips) 
Seat 3: Mr_Dick666 ($100 in chips) 
Seat 4: Unipoker11 ($100 in chips) 
Seat 6: Trojanovich ($101 in chips) 
RudyBaur2: posts small blind $0.50
Mr_Dick666: posts big blind $1
*** HOLE CARDS ***
Unipoker11: folds 
Trojanovich: folds 
mroam9: folds 
RudyBaur2: folds 
Uncalled bet ($0.50) returned to Mr_Dick666
Mr_Dick666 collected $1 from pot
Mr_Dick666: doesn't show hand 
*** SUMMARY ***
Total pot $1 | Rake $0 
Seat 1: mroam9 (button) folded before Flop (didn't bet)
Seat 2: RudyBaur2 (small blind) folded before Flop
Seat 3: Mr_Dick666 (big blind) collected ($1)
Seat 4: Unipoker11 folded before Flop (didn't bet)
Seat 6: Trojanovich folded before Flop (didn't bet)



PokerStars Hand #254270384630:  Hold'em No Limit ($0.50/$1.00 USD) - 2025/01/08 22:52:50 WET [2025/01/08 17:52:50 ET]
Table 'Libitina II' 6-max Seat #2 is the button
Seat 1: mroam9 ($42.28 in chips) 
Seat 2: RudyBaur2 ($85.73 in chips) 
Seat 3: Mr_Dick666 ($100.50 in chips) 
Seat 4: Unipoker11 ($100 in chips) 
Seat 6: Trojanovich ($101 in chips) 
Mr_Dick666: posts small blind $0.50
Unipoker11: posts big blind $1
*** HOLE CARDS ***
Trojanovich: folds 
mroam9: folds 
RudyBaur2: folds 
Mr_Dick666: raises $2 to $3
Unipoker11: folds 
Uncalled bet ($2) returned to Mr_Dick666
Mr_Dick666 collected $2 from pot
Mr_Dick666: doesn't show hand 
*** SUMMARY ***
Total pot $2 | Rake $0 
Seat 1: mroam9 folded before Flop (didn't bet)
Seat 2: RudyBaur2 (button) folded before Flop (didn't bet)
Seat 3: Mr_Dick666 (small blind) collected ($2)
Seat 4: Unipoker11 (big blind) folded before Flop
Seat 6: Trojanovich folded before Flop (didn't bet)



PokerStars Hand #254270387542:  Hold'em No Limit ($0.50/$1.00 USD) - 2025/01/08 22:53:00 WET [2025/01/08 17:53:00 ET]
Table 'Libitina II' 6-max Seat #3 is the button
Seat 1: mroam9 ($42.28 in chips) 
Seat 2: RudyBaur2 ($85.73 in chips) 
Seat 3: Mr_Dick666 ($101.50 in chips) 
Seat 4: Unipoker11 ($100 in chips) 
Seat 6: Trojanovich ($101 in chips) 
Unipoker11: posts small blind $0.50
Trojanovich: posts big blind $1
*** HOLE CARDS ***
mroam9: folds 
RudyBaur2: raises $1 to $2
Mr_Dick666: folds 
Unipoker11: folds 
Trojanovich: folds 
Uncalled bet ($1) returned to RudyBaur2
RudyBaur2 collected $2.50 from pot
*** SUMMARY ***
Total pot $2.50 | Rake $0 
Seat 1: mroam9 folded before Flop (didn't bet)
Seat 2: RudyBaur2 collected ($2.50)
Seat 3: Mr_Dick666 (button) folded before Flop (didn't bet)
Seat 4: Unipoker11 (small blind) folded before Flop
Seat 6: Trojanovich (big blind) folded before Flop



PokerStars Hand #254270391307:  Hold'em No Limit ($0.50/$1.00 USD) - 2025/01/08 22:53:13 WET [2025/01/08 17:53:13 ET]
Table 'Libitina II' 6-max Seat #4 is the button
Seat 1: mroam9 ($42.28 in chips) 
Seat 2: RudyBaur2 ($87.23 in chips) 
Seat 3: Mr_Dick666 ($101.50 in chips) 
Seat 4: Unipoker11 ($100 in chips) 
Seat 6: Trojanovich ($100 in chips) 
Trojanovich: posts small blind $0.50
mroam9: posts big blind $1
*** HOLE CARDS ***
RudyBaur2: raises $1 to $2
Mr_Dick666: folds 
Unipoker11: folds 
Trojanovich: calls $1.50
mroam9: folds 
*** FLOP *** [3d Qd 3h]
Trojanovich: checks 
RudyBaur2: bets $1.40
Trojanovich: folds 
Uncalled bet ($1.40) returned to RudyBaur2
RudyBaur2 collected $4.69 from pot
*** SUMMARY ***
Total pot $5 | Rake $0.31 
Board [3d Qd 3h]
Seat 1: mroam9 (big blind) folded before Flop
Seat 2: RudyBaur2 collected ($4.69)
Seat 3: Mr_Dick666 folded before Flop (didn't bet)
Seat 4: Unipoker11 (button) folded before Flop (didn't bet)
Seat 6: Trojanovich (small blind) folded on the Flop



PokerStars Hand #254270399023:  Hold'em No Limit ($0.50/$1.00 USD) - 2025/01/08 22:53:39 WET [2025/01/08 17:53:39 ET]
Table 'Libitina II' 6-max Seat #6 is the button
Seat 1: mroam9 ($41.28 in chips) 
Seat 2: RudyBaur2 ($89.92 in chips) 
Seat 3: Mr_Dick666 ($101.50 in chips) 
Seat 4: Unipoker11 ($100 in chips) 
Seat 6: Trojanovich ($100 in chips) 
mroam9: posts small blind $0.50
RudyBaur2: posts big blind $1
*** HOLE CARDS ***
Mr_Dick666: folds 
Unipoker11: raises $1.30 to $2.30
Trojanovich: raises $5.20 to $7.50
mroam9: folds 
RudyBaur2: folds 
Unipoker11: folds 
Uncalled bet ($5.20) returned to Trojanovich
Trojanovich collected $6.10 from pot
Trojanovich: doesn't show hand 
*** SUMMARY ***
Total pot $6.10 | Rake $0 
Seat 1: mroam9 (small blind) folded before Flop
Seat 2: RudyBaur2 (big blind) folded before Flop
Seat 3: Mr_Dick666 folded before Flop (didn't bet)
Seat 4: Unipoker11 folded before Flop
Seat 6: Trojanovich (button) collected ($6.10)



PokerStars Hand #254270404102:  Hold'em No Limit ($0.50/$1.00 USD) - 2025/01/08 22:53:57 WET [2025/01/08 17:53:57 ET]
Table 'Libitina II' 6-max Seat #1 is the button
Seat 1: mroam9 ($40.78 in chips) 
Seat 2: RudyBaur2 ($88.92 in chips) 
Seat 3: Mr_Dick666 ($101.50 in chips) 
Seat 4: Unipoker11 ($100 in chips) 
Seat 6: Trojanovich ($103.80 in chips) 
RudyBaur2: posts small blind $0.50
Mr_Dick666: posts big blind $1
*** HOLE CARDS ***
Unipoker11: folds 
Trojanovich: folds 
mroam9: folds 
RudyBaur2: folds 
Uncalled bet ($0.50) returned to Mr_Dick666
Mr_Dick666 collected $1 from pot
Mr_Dick666: doesn't show hand 
*** SUMMARY ***
Total pot $1 | Rake $0 
Seat 1: mroam9 (button) folded before Flop (didn't bet)
Seat 2: RudyBaur2 (small blind) folded before Flop
Seat 3: Mr_Dick666 (big blind) collected ($1)
Seat 4: Unipoker11 folded before Flop (didn't bet)
Seat 6: Trojanovich folded before Flop (didn't bet)



PokerStars Hand #254270406084:  Hold'em No Limit ($0.50/$1.00 USD) - 2025/01/08 22:54:04 WET [2025/01/08 17:54:04 ET]
Table 'Libitina II' 6-max Seat #2 is the button
Seat 1: mroam9 ($40.78 in chips) 
Seat 2: RudyBaur2 ($88.42 in chips) 
Seat 3: Mr_Dick666 ($102 in chips) 
Seat 4: Unipoker11 ($100 in chips) 
Seat 6: Trojanovich ($103.80 in chips) 
Mr_Dick666: posts small blind $0.50
Unipoker11: posts big blind $1
*** HOLE CARDS ***
Trojanovich: raises $1.50 to $2.50
mroam9: calls $2.50
RudyBaur2: folds 
Mr_Dick666: raises $7.50 to $10
Unipoker11: folds 
Trojanovich: calls $7.50
mroam9: calls $7.50
*** FLOP *** [9d Qh Td]
beshece11harf joins the table at seat #5 
Mr_Dick666: checks 
Trojanovich: checks 
mroam9: checks 
*** TURN *** [9d Qh Td] [Ts]
Mr_Dick666: bets $14.72
Trojanovich: calls $14.72
mroam9: folds 
*** RIVER *** [9d Qh Td Ts] [Ks]
Mr_Dick666: bets $15
Trojanovich: raises $64.08 to $79.08 and is all-in
Mr_Dick666: folds 
Uncalled bet ($64.08) returned to Trojanovich
Trojanovich collected $87.94 from pot
Trojanovich: doesn't show hand 
*** SUMMARY ***
Total pot $90.44 | Rake $2.50 
Board [9d Qh Td Ts Ks]
Seat 1: mroam9 folded on the Turn
Seat 2: RudyBaur2 (button) folded before Flop (didn't bet)
Seat 3: Mr_Dick666 (small blind) folded on the River
Seat 4: Unipoker11 (big blind) folded before Flop
Seat 6: Trojanovich collected ($87.94)



PokerStars Hand #254270430873:  Hold'em No Limit ($0.50/$1.00 USD) - 2025/01/08 22:55:37 WET [2025/01/08 17:55:37 ET]
Table 'Libitina II' 6-max Seat #3 is the button
Seat 1: mroam9 ($30.78 in chips) 
Seat 2: RudyBaur2 ($88.42 in chips) 
Seat 3: Mr_Dick666 ($100 in chips) 
Seat 4: Unipoker11 ($100 in chips) 
Seat 5: beshece11harf ($100 in chips) 
Seat 6: Trojanovich ($152.02 in chips) 
Unipoker11: posts small blind $0.50
beshece11harf: posts big blind $1
*** HOLE CARDS ***
Trojanovich: raises $1.50 to $2.50
mroam9: folds 
RudyBaur2: folds 
Mr_Dick666: folds 
Unipoker11: folds 
beshece11harf: folds 
Uncalled bet ($1.50) returned to Trojanovich
Trojanovich collected $2.50 from pot
Trojanovich: doesn't show hand 
*** SUMMARY ***
Total pot $2.50 | Rake $0 
Seat 1: mroam9 folded before Flop (didn't bet)
Seat 2: RudyBaur2 folded before Flop (didn't bet)
Seat 3: Mr_Dick666 (button) folded before Flop (didn't bet)
Seat 4: Unipoker11 (small blind) folded before Flop
Seat 5: beshece11harf (big blind) folded before Flop
Seat 6: Trojanovich collected ($2.50)



PokerStars Hand #254270434535:  Hold'em No Limit ($0.50/$1.00 USD) - 2025/01/08 22:55:54 WET [2025/01/08 17:55:54 ET]
Table 'Libitina II' 6-max Seat #4 is the button
Seat 1: mroam9 ($30.78 in chips) 
Seat 2: RudyBaur2 ($88.42 in chips) 
Seat 3: Mr_Dick666 ($100 in chips) 
Seat 4: Unipoker11 ($100 in chips) 
Seat 5: beshece11harf ($100 in chips) 
Seat 6: Trojanovich ($153.52 in chips) 
beshece11harf: posts small blind $0.50
Trojanovich: posts big blind $1
*** HOLE CARDS ***
mroam9: folds 
RudyBaur2: folds 
Mr_Dick666: folds 
Unipoker11: raises $1.50 to $2.50
beshece11harf: folds 
Trojanovich: calls $1.50
*** FLOP *** [9s 6c 7c]
Trojanovich: checks 
Unipoker11: bets $2.61
Trojanovich: calls $2.61
*** TURN *** [9s 6c 7c] [6s]
Trojanovich: bets $3.36
Unipoker11: raises $11.32 to $14.68
Trojanovich: folds 
Uncalled bet ($11.32) returned to Unipoker11
Unipoker11 collected $16.57 from pot
Unipoker11: doesn't show hand 
*** SUMMARY ***
Total pot $17.44 | Rake $0.87 
Board [9s 6c 7c 6s]
Seat 1: mroam9 folded before Flop (didn't bet)
Seat 2: RudyBaur2 folded before Flop (didn't bet)
Seat 3: Mr_Dick666 folded before Flop (didn't bet)
Seat 4: Unipoker11 (button) collected ($16.57)
Seat 5: beshece11harf (small blind) folded before Flop
Seat 6: Trojanovich (big blind) folded on the Turn



PokerStars Hand #254270448687:  Hold'em No Limit ($0.50/$1.00 USD) - 2025/01/08 22:57:01 WET [2025/01/08 17:57:01 ET]
Table 'Libitina II' 6-max Seat #5 is the button
Seat 1: mroam9 ($30.78 in chips) 
Seat 2: RudyBaur2 ($88.42 in chips) 
Seat 3: Mr_Dick666 ($100 in chips) 
Seat 4: Unipoker11 ($108.10 in chips) 
Seat 5: beshece11harf ($100 in chips) 
Seat 6: Trojanovich ($145.05 in chips) 
Trojanovich: posts small blind $0.50
mroam9: posts big blind $1
*** HOLE CARDS ***
RudyBaur2: folds 
Mr_Dick666: folds 
Unipoker11: folds 
beshece11harf: raises $1 to $2
Trojanovich: folds 
mroam9: folds 
Uncalled bet ($1) returned to beshece11harf
beshece11harf collected $2.50 from pot
beshece11harf: doesn't show hand 
*** SUMMARY ***
Total pot $2.50 | Rake $0 
Seat 1: mroam9 (big blind) folded before Flop
Seat 2: RudyBaur2 folded before Flop (didn't bet)
Seat 3: Mr_Dick666 folded before Flop (didn't bet)
Seat 4: Unipoker11 folded before Flop (didn't bet)
Seat 5: beshece11harf (button) collected ($2.50)
Seat 6: Trojanovich (small blind) folded before Flop



PokerStars Hand #254270451999:  Hold'em No Limit ($0.50/$1.00 USD) - 2025/01/08 22:57:16 WET [2025/01/08 17:57:16 ET]
Table 'Libitina II' 6-max Seat #6 is the button
Seat 1: mroam9 ($29.78 in chips) 
Seat 2: RudyBaur2 ($88.42 in chips) 
Seat 3: Mr_Dick666 ($100 in chips) 
Seat 4: Unipoker11 ($108.10 in chips) 
Seat 5: beshece11harf ($101.50 in chips) 
Seat 6: Trojanovich ($144.55 in chips) 
mroam9: posts small blind $0.50
RudyBaur2: posts big blind $1
*** HOLE CARDS ***
Mr_Dick666: folds 
Unipoker11: folds 
beshece11harf: folds 
Trojanovich: folds 
mroam9: folds 
Uncalled bet ($0.50) returned to RudyBaur2
RudyBaur2 collected $1 from pot
*** SUMMARY ***
Total pot $1 | Rake $0 
Seat 1: mroam9 (small blind) folded before Flop
Seat 2: RudyBaur2 (big blind) collected ($1)
Seat 3: Mr_Dick666 folded before Flop (didn't bet)
Seat 4: Unipoker11 folded before Flop (didn't bet)
Seat 5: beshece11harf folded before Flop (didn't bet)
Seat 6: Trojanovich (button) folded before Flop (didn't bet)



PokerStars Hand #254270453553:  Hold'em No Limit ($0.50/$1.00 USD) - 2025/01/08 22:57:23 WET [2025/01/08 17:57:23 ET]
Table 'Libitina II' 6-max Seat #1 is the button
Seat 1: mroam9 ($29.28 in chips) 
Seat 2: RudyBaur2 ($88.92 in chips) 
Seat 3: Mr_Dick666 ($100 in chips) 
Seat 4: Unipoker11 ($108.10 in chips) 
Seat 5: beshece11harf ($101.50 in chips) 
Seat 6: Trojanovich ($144.55 in chips) 
RudyBaur2: posts small blind $0.50
Mr_Dick666: posts big blind $1
*** HOLE CARDS ***
Unipoker11: folds 
beshece11harf: raises $1 to $2
Trojanovich: folds 
mroam9: folds 
RudyBaur2: calls $1.50
Mr_Dick666: folds 
*** FLOP *** [7d 8s Jd]
RudyBaur2: checks 
beshece11harf: checks 
*** TURN *** [7d 8s Jd] [9c]
RudyBaur2: bets $2.38
beshece11harf: raises $7.13 to $9.51
RudyBaur2: calls $7.13
*** RIVER *** [7d 8s Jd 9c] [Ac]
RudyBaur2: checks 
beshece11harf: bets $89.99 and is all-in
RudyBaur2: calls $77.41 and is all-in
Uncalled bet ($12.58) returned to beshece11harf
*** SHOW DOWN ***
beshece11harf: shows [Th Qh] (a straight, Eight to Queen)
RudyBaur2: shows [Ts 9h] (a straight, Seven to Jack)
beshece11harf collected $176.34 from pot
*** SUMMARY ***
Total pot $178.84 | Rake $2.50 
Board [7d 8s Jd 9c Ac]
Seat 1: mroam9 (button) folded before Flop (didn't bet)
Seat 2: RudyBaur2 (small blind) showed [Ts 9h] and lost with a straight, Seven to Jack
Seat 3: Mr_Dick666 (big blind) folded before Flop
Seat 4: Unipoker11 folded before Flop (didn't bet)
Seat 5: beshece11harf showed [Th Qh] and won ($176.34) with a straight, Eight to Queen
Seat 6: Trojanovich folded before Flop (didn't bet)



PokerStars Hand #254270466323:  Hold'em No Limit ($0.50/$1.00 USD) - 2025/01/08 22:58:22 WET [2025/01/08 17:58:22 ET]
Table 'Libitina II' 6-max Seat #3 is the button
Seat 2: RudyBaur2 ($0 in chips) is sitting out
Seat 1: mroam9 ($29.28 in chips) 
Seat 3: Mr_Dick666 ($100 in chips) 
Seat 4: Unipoker11 ($108.10 in chips) 
Seat 5: beshece11harf ($188.92 in chips) 
Seat 6: Trojanovich ($144.55 in chips) 
Unipoker11: posts small blind $0.50
beshece11harf: posts big blind $1
*** HOLE CARDS ***
Trojanovich: folds 
mroam9: calls $1
Mr_Dick666: folds 
Unipoker11: folds 
beshece11harf: checks 
*** FLOP *** [5d 2s 3c]
RudyBaur2 leaves the table
beshece11harf: checks 
mroam9: checks 
*** TURN *** [5d 2s 3c] [8c]
beshece11harf: checks 
mroam9: bets $2
beshece11harf: folds 
Uncalled bet ($2) returned to mroam9
mroam9 collected $2.38 from pot
mroam9: doesn't show hand 
PhoenixAssassin joins the table at seat #2 
*** SUMMARY ***
Total pot $2.50 | Rake $0.12 
Board [5d 2s 3c 8c]
Seat 2: RudyBaur2
Seat 1: mroam9 collected ($2.38)
Seat 3: Mr_Dick666 (button) folded before Flop (didn't bet)
Seat 4: Unipoker11 (small blind) folded before Flop
Seat 5: beshece11harf (big blind) folded on the Turn
Seat 6: Trojanovich folded before Flop (didn't bet)



PokerStars Hand #254270473671:  Hold'em No Limit ($0.50/$1.00 USD) - 2025/01/08 22:58:57 WET [2025/01/08 17:58:57 ET]
Table 'Libitina II' 6-max Seat #4 is the button
Seat 2: PhoenixAssassin ($100 in chips) is sitting out
Seat 1: mroam9 ($30.66 in chips) 
Seat 3: Mr_Dick666 ($100 in chips) 
Seat 4: Unipoker11 ($107.60 in chips) 
Seat 5: beshece11harf ($187.92 in chips) 
Seat 6: Trojanovich ($144.55 in chips) 
beshece11harf: posts small blind $0.50
Trojanovich: posts big blind $1
PhoenixAssassin: sits out 
*** HOLE CARDS ***
mroam9: folds 
Mr_Dick666: folds 
Unipoker11: folds 
beshece11harf: folds 
Uncalled bet ($0.50) returned to Trojanovich
Trojanovich collected $1 from pot
Trojanovich: doesn't show hand 
*** SUMMARY ***
Total pot $1 | Rake $0 
Seat 2: PhoenixAssassin
Seat 1: mroam9 folded before Flop (didn't bet)
Seat 3: Mr_Dick666 folded before Flop (didn't bet)
Seat 4: Unipoker11 (button) folded before Flop (didn't bet)
Seat 5: beshece11harf (small blind) folded before Flop
Seat 6: Trojanovich (big blind) collected ($1)



PokerStars Hand #254270476028:  Hold'em No Limit ($0.50/$1.00 USD) - 2025/01/08 22:59:07 WET [2025/01/08 17:59:07 ET]
Table 'Libitina II' 6-max Seat #5 is the button
Seat 2: PhoenixAssassin ($100 in chips) is sitting out
Seat 1: mroam9 ($30.66 in chips) 
Seat 3: Mr_Dick666 ($100 in chips) 
Seat 4: Unipoker11 ($107.60 in chips) 
Seat 5: beshece11harf ($187.42 in chips) 
Seat 6: Trojanovich ($145.05 in chips) 
Trojanovich: posts small blind $0.50
mroam9: posts big blind $1
PhoenixAssassin: sits out 
*** HOLE CARDS ***
Mr_Dick666: folds 
Unipoker11: raises $1.30 to $2.30
beshece11harf: folds 
Trojanovich: folds 
mroam9: folds 
Uncalled bet ($1.30) returned to Unipoker11
Unipoker11 collected $2.50 from pot
Unipoker11: doesn't show hand 
*** SUMMARY ***
Total pot $2.50 | Rake $0 
Seat 2: PhoenixAssassin
Seat 1: mroam9 (big blind) folded before Flop
Seat 3: Mr_Dick666 folded before Flop (didn't bet)
Seat 4: Unipoker11 collected ($2.50)
Seat 5: beshece11harf (button) folded before Flop (didn't bet)
Seat 6: Trojanovich (small blind) folded before Flop



PokerStars Hand #254270478028:  Hold'em No Limit ($0.50/$1.00 USD) - 2025/01/08 22:59:17 WET [2025/01/08 17:59:17 ET]
Table 'Libitina II' 6-max Seat #6 is the button
Seat 1: mroam9 ($29.66 in chips) 
Seat 2: PhoenixAssassin ($100 in chips) 
Seat 3: Mr_Dick666 ($100 in chips) 
Seat 4: Unipoker11 ($109.10 in chips) 
Seat 5: beshece11harf ($187.42 in chips) 
Seat 6: Trojanovich ($144.55 in chips) 
mroam9: posts small blind $0.50
PhoenixAssassin: posts big blind $1
*** HOLE CARDS ***
Mr_Dick666: folds 
Unipoker11: folds 
beshece11harf: folds 
Trojanovich: folds 
mroam9: raises $1 to $2
PhoenixAssassin: folds 
Uncalled bet ($1) returned to mroam9
mroam9 collected $2 from pot
mroam9: doesn't show hand 
*** SUMMARY ***
Total pot $2 | Rake $0 
Seat 1: mroam9 (small blind) collected ($2)
Seat 2: PhoenixAssassin (big blind) folded before Flop
Seat 3: Mr_Dick666 folded before Flop (didn't bet)
Seat 4: Unipoker11 folded before Flop (didn't bet)
Seat 5: beshece11harf folded before Flop (didn't bet)
Seat 6: Trojanovich (button) folded before Flop (didn't bet)



PokerStars Hand #254270481033:  Hold'em No Limit ($0.50/$1.00 USD) - 2025/01/08 22:59:31 WET [2025/01/08 17:59:31 ET]
Table 'Libitina II' 6-max Seat #1 is the button
Seat 1: mroam9 ($30.66 in chips) 
Seat 2: PhoenixAssassin ($100 in chips) 
Seat 3: Mr_Dick666 ($100 in chips) 
Seat 4: Unipoker11 ($109.10 in chips) 
Seat 5: beshece11harf ($187.42 in chips) 
Seat 6: Trojanovich ($144.55 in chips) 
PhoenixAssassin: posts small blind $0.50
Mr_Dick666: posts big blind $1
*** HOLE CARDS ***
Unipoker11: raises $1 to $2
beshece11harf: folds 
Trojanovich: folds 
mroam9: folds 
PhoenixAssassin: folds 
Mr_Dick666: folds 
Uncalled bet ($1) returned to Unipoker11
Unipoker11 collected $2.50 from pot
Unipoker11: doesn't show hand 
*** SUMMARY ***
Total pot $2.50 | Rake $0 
Seat 1: mroam9 (button) folded before Flop (didn't bet)
Seat 2: PhoenixAssassin (small blind) folded before Flop
Seat 3: Mr_Dick666 (big blind) folded before Flop
Seat 4: Unipoker11 collected ($2.50)
Seat 5: beshece11harf folded before Flop (didn't bet)
Seat 6: Trojanovich folded before Flop (didn't bet)



PokerStars Hand #254270484708:  Hold'em No Limit ($0.50/$1.00 USD) - 2025/01/08 22:59:48 WET [2025/01/08 17:59:48 ET]
Table 'Libitina II' 6-max Seat #2 is the button
Seat 1: mroam9 ($30.66 in chips) 
Seat 2: PhoenixAssassin ($100 in chips) 
Seat 3: Mr_Dick666 ($100 in chips) 
Seat 4: Unipoker11 ($110.60 in chips) 
Seat 5: beshece11harf ($187.42 in chips) 
Seat 6: Trojanovich ($144.55 in chips) 
Mr_Dick666: posts small blind $0.50
Unipoker11: posts big blind $1
*** HOLE CARDS ***
beshece11harf: folds 
Trojanovich: folds 
mroam9: folds 
PhoenixAssassin: folds 
Mr_Dick666: folds 
Uncalled bet ($0.50) returned to Unipoker11
Unipoker11 collected $1 from pot
Unipoker11: doesn't show hand 
*** SUMMARY ***
Total pot $1 | Rake $0 
Seat 1: mroam9 folded before Flop (didn't bet)
Seat 2: PhoenixAssassin (button) folded before Flop (didn't bet)
Seat 3: Mr_Dick666 (small blind) folded before Flop
Seat 4: Unipoker11 (big blind) collected ($1)
Seat 5: beshece11harf folded before Flop (didn't bet)
Seat 6: Trojanovich folded before Flop (didn't bet)



PokerStars Hand #254270488837:  Hold'em No Limit ($0.50/$1.00 USD) - 2025/01/08 23:00:07 WET [2025/01/08 18:00:07 ET]
Table 'Libitina II' 6-max Seat #3 is the button
Seat 1: mroam9 ($30.66 in chips) 
Seat 2: PhoenixAssassin ($100 in chips) 
Seat 3: Mr_Dick666 ($100 in chips) 
Seat 4: Unipoker11 ($111.10 in chips) 
Seat 5: beshece11harf ($187.42 in chips) 
Seat 6: Trojanovich ($144.55 in chips) 
Unipoker11: posts small blind $0.50
beshece11harf: posts big blind $1
*** HOLE CARDS ***
Trojanovich: folds 
mroam9: folds 
PhoenixAssassin: folds 
Mr_Dick666: folds 
Unipoker11: folds 
Uncalled bet ($0.50) returned to beshece11harf
beshece11harf collected $1 from pot
beshece11harf: doesn't show hand 
*** SUMMARY ***
Total pot $1 | Rake $0 
Seat 1: mroam9 folded before Flop (didn't bet)
Seat 2: PhoenixAssassin folded before Flop (didn't bet)
Seat 3: Mr_Dick666 (button) folded before Flop (didn't bet)
Seat 4: Unipoker11 (small blind) folded before Flop
Seat 5: beshece11harf (big blind) collected ($1)
Seat 6: Trojanovich folded before Flop (didn't bet)



PokerStars Hand #254270492044:  Hold'em No Limit ($0.50/$1.00 USD) - 2025/01/08 23:00:22 WET [2025/01/08 18:00:22 ET]
Table 'Libitina II' 6-max Seat #4 is the button
Seat 1: mroam9 ($30.66 in chips) 
Seat 2: PhoenixAssassin ($100 in chips) 
Seat 3: Mr_Dick666 ($100 in chips) 
Seat 4: Unipoker11 ($110.60 in chips) 
Seat 5: beshece11harf ($187.92 in chips) 
Seat 6: Trojanovich ($144.55 in chips) 
beshece11harf: posts small blind $0.50
Trojanovich: posts big blind $1
*** HOLE CARDS ***
mroam9: calls $1
PhoenixAssassin: folds 
Mr_Dick666: folds 
Unipoker11: folds 
beshece11harf: calls $0.50
Trojanovich: checks 
*** FLOP *** [Qc Js 4c]
beshece11harf: checks 
Trojanovich: checks 
mroam9: checks 
*** TURN *** [Qc Js 4c] [Jc]
beshece11harf: checks 
Trojanovich: bets $2.14
mroam9: calls $2.14
beshece11harf: folds 
*** RIVER *** [Qc Js 4c Jc] [9s]
Trojanovich: bets $10.38
mroam9: folds 
Uncalled bet ($10.38) returned to Trojanovich
Trojanovich collected $6.92 from pot
Trojanovich: doesn't show hand 
*** SUMMARY ***
Total pot $7.28 | Rake $0.36 
Board [Qc Js 4c Jc 9s]
Seat 1: mroam9 folded on the River
Seat 2: PhoenixAssassin folded before Flop (didn't bet)
Seat 3: Mr_Dick666 folded before Flop (didn't bet)
Seat 4: Unipoker11 (button) folded before Flop (didn't bet)
Seat 5: beshece11harf (small blind) folded on the Turn
Seat 6: Trojanovich (big blind) collected ($6.92)



PokerStars Hand #254270511459:  Hold'em No Limit ($0.50/$1.00 USD) - 2025/01/08 23:01:38 WET [2025/01/08 18:01:38 ET]
Table 'Libitina II' 6-max Seat #5 is the button
Seat 1: mroam9 ($27.52 in chips) 
Seat 2: PhoenixAssassin ($100 in chips) 
Seat 3: Mr_Dick666 ($100 in chips) 
Seat 4: Unipoker11 ($110.60 in chips) 
Seat 5: beshece11harf ($186.92 in chips) 
Seat 6: Trojanovich ($148.33 in chips) 
Trojanovich: posts small blind $0.50
mroam9: posts big blind $1
*** HOLE CARDS ***
PhoenixAssassin: raises $1.20 to $2.20
Mr_Dick666: folds 
Unipoker11: folds 
beshece11harf: folds 
Trojanovich: folds 
mroam9: folds 
Uncalled bet ($1.20) returned to PhoenixAssassin
PhoenixAssassin collected $2.50 from pot
PhoenixAssassin: doesn't show hand 
*** SUMMARY ***
Total pot $2.50 | Rake $0 
Seat 1: mroam9 (big blind) folded before Flop
Seat 2: PhoenixAssassin collected ($2.50)
Seat 3: Mr_Dick666 folded before Flop (didn't bet)
Seat 4: Unipoker11 folded before Flop (didn't bet)
Seat 5: beshece11harf (button) folded before Flop (didn't bet)
Seat 6: Trojanovich (small blind) folded before Flop



PokerStars Hand #254270516894:  Hold'em No Limit ($0.50/$1.00 USD) - 2025/01/08 23:01:58 WET [2025/01/08 18:01:58 ET]
Table 'Libitina II' 6-max Seat #6 is the button
Seat 1: mroam9 ($26.52 in chips) 
Seat 2: PhoenixAssassin ($101.50 in chips) 
Seat 3: Mr_Dick666 ($100 in chips) 
Seat 4: Unipoker11 ($110.60 in chips) 
Seat 5: beshece11harf ($186.92 in chips) 
Seat 6: Trojanovich ($147.83 in chips) 
mroam9: posts small blind $0.50
PhoenixAssassin: posts big blind $1
*** HOLE CARDS ***
Mr_Dick666: folds 
Unipoker11: folds 
beshece11harf: folds 
Trojanovich: folds 
mroam9: raises $1 to $2
PhoenixAssassin: folds 
Uncalled bet ($1) returned to mroam9
mroam9 collected $2 from pot
mroam9: doesn't show hand 
*** SUMMARY ***
Total pot $2 | Rake $0 
Seat 1: mroam9 (small blind) collected ($2)
Seat 2: PhoenixAssassin (big blind) folded before Flop
Seat 3: Mr_Dick666 folded before Flop (didn't bet)
Seat 4: Unipoker11 folded before Flop (didn't bet)
Seat 5: beshece11harf folded before Flop (didn't bet)
Seat 6: Trojanovich (button) folded before Flop (didn't bet)



PokerStars Hand #254270520991:  Hold'em No Limit ($0.50/$1.00 USD) - 2025/01/08 23:02:13 WET [2025/01/08 18:02:13 ET]
Table 'Libitina II' 6-max Seat #1 is the button
Seat 3: Mr_Dick666 ($100 in chips) is sitting out
Seat 1: mroam9 ($27.52 in chips) 
Seat 2: PhoenixAssassin ($100.50 in chips) 
Seat 4: Unipoker11 ($110.60 in chips) 
Seat 5: beshece11harf ($186.92 in chips) 
Seat 6: Trojanovich ($147.83 in chips) 
PhoenixAssassin: posts small blind $0.50
Mr_Dick666: is sitting out 
Unipoker11: posts big blind $1
*** HOLE CARDS ***
Mr_Dick666 leaves the table
beshece11harf: folds 
Trojanovich: folds 
mroam9: raises $1 to $2
PhoenixAssassin: folds 
Unipoker11: calls $1
*** FLOP *** [Ad Td 7c]
Unipoker11: checks 
mroam9: checks 
*** TURN *** [Ad Td 7c] [Th]
Unipoker11: checks 
mroam9: bets $2
Unipoker11: calls $2
*** RIVER *** [Ad Td 7c Th] [4h]
Unipoker11: checks 
mroam9: checks 
*** SHOW DOWN ***
Unipoker11: shows [Jd 2d] (a pair of Tens)
mroam9: shows [Qs Jh] (a pair of Tens - Ace+Queen kicker)
mroam9 collected $8.08 from pot
*** SUMMARY ***
Total pot $8.50 | Rake $0.42 
Board [Ad Td 7c Th 4h]
Seat 3: Mr_Dick666
Seat 1: mroam9 (button) showed [Qs Jh] and won ($8.08) with a pair of Tens
Seat 2: PhoenixAssassin (small blind) folded before Flop
Seat 4: Unipoker11 (big blind) showed [Jd 2d] and lost with a pair of Tens
Seat 5: beshece11harf folded before Flop (didn't bet)
Seat 6: Trojanovich folded before Flop (didn't bet)



PokerStars Hand #254270534288:  Hold'em No Limit ($0.50/$1.00 USD) - 2025/01/08 23:02:59 WET [2025/01/08 18:02:59 ET]
Table 'Libitina II' 6-max Seat #2 is the button
Seat 1: mroam9 ($31.60 in chips) 
Seat 2: PhoenixAssassin ($100 in chips) 
Seat 4: Unipoker11 ($106.60 in chips) 
Seat 5: beshece11harf ($186.92 in chips) 
Seat 6: Trojanovich ($147.83 in chips) 
Unipoker11: posts small blind $0.50
beshece11harf: posts big blind $1
*** HOLE CARDS ***
Trojanovich: folds 
mroam9: folds 
PhoenixAssassin: raises $1.50 to $2.50
Unipoker11: folds 
beshece11harf: calls $1.50
*** FLOP *** [8d Ah Th]
beshece11harf: checks 
PhoenixAssassin: bets $1.72
beshece11harf: calls $1.72
*** TURN *** [8d Ah Th] [Ac]
Joe_Li7 joins the table at seat #3 
beshece11harf: checks 
PhoenixAssassin: bets $5.60
beshece11harf: calls $5.60
*** RIVER *** [8d Ah Th Ac] [4d]
beshece11harf: checks 
PhoenixAssassin: checks 
*** SHOW DOWN ***
beshece11harf: shows [Qh As] (three of a kind, Aces)
PhoenixAssassin: mucks hand 
beshece11harf collected $19.13 from pot
*** SUMMARY ***
Total pot $20.14 | Rake $1.01 
Board [8d Ah Th Ac 4d]
Seat 1: mroam9 folded before Flop (didn't bet)
Seat 2: PhoenixAssassin (button) mucked
Seat 4: Unipoker11 (small blind) folded before Flop
Seat 5: beshece11harf (big blind) showed [Qh As] and won ($19.13) with three of a kind, Aces
Seat 6: Trojanovich folded before Flop (didn't bet)



PokerStars Hand #254270555451:  Hold'em No Limit ($0.50/$1.00 USD) - 2025/01/08 23:04:14 WET [2025/01/08 18:04:14 ET]
Table 'Libitina II' 6-max Seat #4 is the button
Seat 3: Joe_Li7 ($100 in chips) is sitting out
Seat 1: mroam9 ($31.60 in chips) 
Seat 2: PhoenixAssassin ($100 in chips) 
Seat 4: Unipoker11 ($106.10 in chips) 
Seat 5: beshece11harf ($196.23 in chips) 
Seat 6: Trojanovich ($147.83 in chips) 
beshece11harf: posts small blind $0.50
Trojanovich: posts big blind $1
Joe_Li7: sits out 
*** HOLE CARDS ***
mroam9: folds 
PhoenixAssassin: raises $1.50 to $2.50
Unipoker11: folds 
beshece11harf: folds 
Trojanovich: calls $1.50
*** FLOP *** [4h Kd 4c]
Trojanovich: checks 
PhoenixAssassin: bets $1.72
Trojanovich: raises $3.38 to $5.10
PhoenixAssassin: folds 
Uncalled bet ($3.38) returned to Trojanovich
Trojanovich collected $8.49 from pot
Trojanovich: doesn't show hand 
*** SUMMARY ***
Total pot $8.94 | Rake $0.45 
Board [4h Kd 4c]
Seat 3: Joe_Li7
Seat 1: mroam9 folded before Flop (didn't bet)
Seat 2: PhoenixAssassin folded on the Flop
Seat 4: Unipoker11 (button) folded before Flop (didn't bet)
Seat 5: beshece11harf (small blind) folded before Flop
Seat 6: Trojanovich (big blind) collected ($8.49)



PokerStars Hand #254270563361:  Hold'em No Limit ($0.50/$1.00 USD) - 2025/01/08 23:04:41 WET [2025/01/08 18:04:41 ET]
Table 'Libitina II' 6-max Seat #5 is the button
Seat 3: Joe_Li7 ($100 in chips) is sitting out
Seat 1: mroam9 ($31.60 in chips) 
Seat 2: PhoenixAssassin ($100 in chips) 
Seat 4: Unipoker11 ($106.10 in chips) 
Seat 5: beshece11harf ($195.73 in chips) 
Seat 6: Trojanovich ($152.10 in chips) 
Trojanovich: posts small blind $0.50
mroam9: posts big blind $1
Joe_Li7: sits out 
*** HOLE CARDS ***
PhoenixAssassin: folds 
Unipoker11: folds 
beshece11harf: raises $1 to $2
Trojanovich: folds 
mroam9: calls $1
*** FLOP *** [5s 9s 6s]
mroam9: checks 
beshece11harf: checks 
*** TURN *** [5s 9s 6s] [7d]
mroam9: bets $3
beshece11harf: calls $3
*** RIVER *** [5s 9s 6s 7d] [Kh]
mroam9: checks 
beshece11harf: checks 
*** SHOW DOWN ***
mroam9: shows [Jc As] (high card Ace)
beshece11harf: shows [5d Ah] (a pair of Fives)
beshece11harf collected $9.98 from pot
*** SUMMARY ***
Total pot $10.50 | Rake $0.52 
Board [5s 9s 6s 7d Kh]
Seat 3: Joe_Li7
Seat 1: mroam9 (big blind) showed [Jc As] and lost with high card Ace
Seat 2: PhoenixAssassin folded before Flop (didn't bet)
Seat 4: Unipoker11 folded before Flop (didn't bet)
Seat 5: beshece11harf (button) showed [5d Ah] and won ($9.98) with a pair of Fives
Seat 6: Trojanovich (small blind) folded before Flop



PokerStars Hand #254270581701:  Hold'em No Limit ($0.50/$1.00 USD) - 2025/01/08 23:05:45 WET [2025/01/08 18:05:45 ET]
Table 'Libitina II' 6-max Seat #6 is the button
Seat 3: Joe_Li7 ($100 in chips) is sitting out
Seat 1: mroam9 ($26.60 in chips) 
Seat 2: PhoenixAssassin ($100 in chips) 
Seat 4: Unipoker11 ($106.10 in chips) 
Seat 5: beshece11harf ($200.71 in chips) 
Seat 6: Trojanovich ($151.60 in chips) 
mroam9: posts small blind $0.50
PhoenixAssassin: posts big blind $1
Joe_Li7: sits out 
*** HOLE CARDS ***
Unipoker11: folds 
beshece11harf: folds 
Trojanovich: raises $1.50 to $2.50
mroam9: folds 
PhoenixAssassin: folds 
Uncalled bet ($1.50) returned to Trojanovich
Trojanovich collected $2.50 from pot
Trojanovich: doesn't show hand 
*** SUMMARY ***
Total pot $2.50 | Rake $0 
Seat 3: Joe_Li7
Seat 1: mroam9 (small blind) folded before Flop
Seat 2: PhoenixAssassin (big blind) folded before Flop
Seat 4: Unipoker11 folded before Flop (didn't bet)
Seat 5: beshece11harf folded before Flop (didn't bet)
Seat 6: Trojanovich (button) collected ($2.50)



PokerStars Hand #254270586121:  Hold'em No Limit ($0.50/$1.00 USD) - 2025/01/08 23:06:01 WET [2025/01/08 18:06:01 ET]
Table 'Libitina II' 6-max Seat #1 is the button
Seat 1: mroam9 ($26.10 in chips) 
Seat 2: PhoenixAssassin ($100 in chips) 
Seat 3: Joe_Li7 ($100 in chips) 
Seat 4: Unipoker11 ($106.10 in chips) 
Seat 5: beshece11harf ($200.71 in chips) 
Seat 6: Trojanovich ($153.10 in chips) 
PhoenixAssassin: posts small blind $0.50
Joe_Li7: posts big blind $1
*** HOLE CARDS ***
Unipoker11: raises $1 to $2
beshece11harf: folds 
Trojanovich: folds 
mroam9: calls $2
PhoenixAssassin: raises $8 to $10
Joe_Li7: folds 
Unipoker11: calls $8
mroam9: calls $8
*** FLOP *** [3h 8d 7d]
PhoenixAssassin: checks 
Unipoker11: checks 
mroam9: bets $16.10 and is all-in
PhoenixAssassin: folds 
Unipoker11: calls $16.10
*** TURN *** [3h 8d 7d] [Kd]
*** RIVER *** [3h 8d 7d Kd] [4s]
*** SHOW DOWN ***
Unipoker11: shows [Th Td] (a pair of Tens)
mroam9: shows [5s 5c] (a pair of Fives)
Unipoker11 collected $60.70 from pot
*** SUMMARY ***
Total pot $63.20 | Rake $2.50 
Board [3h 8d 7d Kd 4s]
Seat 1: mroam9 (button) showed [5s 5c] and lost with a pair of Fives
Seat 2: PhoenixAssassin (small blind) folded on the Flop
Seat 3: Joe_Li7 (big blind) folded before Flop
Seat 4: Unipoker11 showed [Th Td] and won ($60.70) with a pair of Tens
Seat 5: beshece11harf folded before Flop (didn't bet)
Seat 6: Trojanovich folded before Flop (didn't bet)



PokerStars Hand #254270601878:  Hold'em No Limit ($0.50/$1.00 USD) - 2025/01/08 23:06:55 WET [2025/01/08 18:06:55 ET]
Table 'Libitina II' 6-max Seat #2 is the button
Seat 2: PhoenixAssassin ($100 in chips) 
Seat 3: Joe_Li7 ($100 in chips) 
Seat 4: Unipoker11 ($140.70 in chips) 
Seat 5: beshece11harf ($200.71 in chips) 
Seat 6: Trojanovich ($153.10 in chips) 
Joe_Li7: posts small blind $0.50
mroam9 leaves the table
Unipoker11: posts big blind $1
*** HOLE CARDS ***
beshece11harf: folds 
Trojanovich: folds 
PhoenixAssassin: folds 
Joe_Li7: raises $2 to $3
Unipoker11: folds 
Uncalled bet ($2) returned to Joe_Li7
Joe_Li7 collected $2 from pot
*** SUMMARY ***
Total pot $2 | Rake $0 
Seat 2: PhoenixAssassin (button) folded before Flop (didn't bet)
Seat 3: Joe_Li7 (small blind) collected ($2)
Seat 4: Unipoker11 (big blind) folded before Flop
Seat 5: beshece11harf folded before Flop (didn't bet)
Seat 6: Trojanovich folded before Flop (didn't bet)



PokerStars Hand #254270606344:  Hold'em No Limit ($0.50/$1.00 USD) - 2025/01/08 23:07:11 WET [2025/01/08 18:07:11 ET]
Table 'Libitina II' 6-max Seat #3 is the button
Seat 2: PhoenixAssassin ($100 in chips) 
Seat 3: Joe_Li7 ($101 in chips) 
Seat 4: Unipoker11 ($139.70 in chips) 
Seat 5: beshece11harf ($200.71 in chips) 
Seat 6: Trojanovich ($153.10 in chips) 
Unipoker11: posts small blind $0.50
beshece11harf: posts big blind $1
*** HOLE CARDS ***
Trojanovich: raises $1.50 to $2.50
PhoenixAssassin: folds 
Joe_Li7: folds 
Unipoker11: raises $8.50 to $11
beshece11harf: folds 
Trojanovich: calls $8.50
*** FLOP *** [7c 3s 3d]
Unipoker11: checks 
Trojanovich: checks 
*** TURN *** [7c 3s 3d] [As]
Unipoker11: checks 
Trojanovich: checks 
*** RIVER *** [7c 3s 3d As] [Jd]
Unipoker11: bets $16.39
Trojanovich: folds 
Uncalled bet ($16.39) returned to Unipoker11
Unipoker11 collected $21.85 from pot
Unipoker11: doesn't show hand 
*** SUMMARY ***
Total pot $23 | Rake $1.15 
Board [7c 3s 3d As Jd]
Seat 2: PhoenixAssassin folded before Flop (didn't bet)
Seat 3: Joe_Li7 (button) folded before Flop (didn't bet)
Seat 4: Unipoker11 (small blind) collected ($21.85)
Seat 5: beshece11harf (big blind) folded before Flop
Seat 6: Trojanovich folded on the River



PokerStars Hand #254270632073:  Hold'em No Limit ($0.50/$1.00 USD) - 2025/01/08 23:08:41 WET [2025/01/08 18:08:41 ET]
Table 'Libitina II' 6-max Seat #4 is the button
Seat 2: PhoenixAssassin ($100 in chips) 
Seat 3: Joe_Li7 ($101 in chips) 
Seat 4: Unipoker11 ($150.55 in chips) 
Seat 5: beshece11harf ($199.71 in chips) 
Seat 6: Trojanovich ($142.10 in chips) 
beshece11harf: posts small blind $0.50
Trojanovich: posts big blind $1
*** HOLE CARDS ***
PhoenixAssassin: folds 
Joe_Li7: folds 
Unipoker11: folds 
beshece11harf: raises $2 to $3
Trojanovich: calls $2
*** FLOP *** [Jd 7c Qh]
beshece11harf: bets $1.43
Trojanovich: folds 
Uncalled bet ($1.43) returned to beshece11harf
beshece11harf collected $5.70 from pot
beshece11harf: doesn't show hand 
*** SUMMARY ***
Total pot $6 | Rake $0.30 
Board [Jd 7c Qh]
Seat 2: PhoenixAssassin folded before Flop (didn't bet)
Seat 3: Joe_Li7 folded before Flop (didn't bet)
Seat 4: Unipoker11 (button) folded before Flop (didn't bet)
Seat 5: beshece11harf (small blind) collected ($5.70)
Seat 6: Trojanovich (big blind) folded on the Flop



