PokerStars Hand #254262095858:  Hold'em No Limit ($0.50/$1.00 USD) - 2025/01/08 15:20:20 WET [2025/01/08 10:20:20 ET]
Table 'Antiope III' 6-max Seat #4 is the button
Seat 1: Burlica2013 ($100 in chips) 
Seat 2: v.sting ($100 in chips) 
Seat 3: zizizib ($100 in chips) 
Seat 4: rao999 ($100 in chips) 
Seat 5: KolyoYKolev ($97.80 in chips) 
Seat 6: Espada Fish ($102.46 in chips) 
KolyoYKolev: posts small blind $0.50
Espada Fish: posts big blind $1
*** HOLE CARDS ***
Burlica2013: folds 
v.sting: folds 
zizizib: raises $1.30 to $2.30
rao999: folds 
KolyoYKolev: folds 
Espada Fish: folds 
Uncalled bet ($1.30) returned to zizizib
zizizib collected $2.50 from pot
zizizib: doesn't show hand 
*** SUMMARY ***
Total pot $2.50 | Rake $0 
Seat 1: Burlica2013 folded before Flop (didn't bet)
Seat 2: v.sting folded before Flop (didn't bet)
Seat 3: zizizib collected ($2.50)
Seat 4: rao999 (button) folded before Flop (didn't bet)
Seat 5: KolyoYKolev (small blind) folded before Flop
Seat 6: Espada Fish (big blind) folded before Flop



PokerStars Hand #254262100656:  Hold'em No Limit ($0.50/$1.00 USD) - 2025/01/08 15:20:43 WET [2025/01/08 10:20:43 ET]
Table 'Antiope III' 6-max Seat #5 is the button
Seat 1: Burlica2013 ($100 in chips) 
Seat 2: v.sting ($100 in chips) 
Seat 3: zizizib ($101.50 in chips) 
Seat 4: rao999 ($100 in chips) 
Seat 5: KolyoYKolev ($97.30 in chips) 
Seat 6: Espada Fish ($101.46 in chips) 
Espada Fish: posts small blind $0.50
Burlica2013: posts big blind $1
*** HOLE CARDS ***
v.sting: folds 
zizizib: folds 
rao999: folds 
KolyoYKolev: folds 
Espada Fish: raises $2 to $3
Burlica2013: calls $2
*** FLOP *** [Jc 9h 8s]
Espada Fish: bets $4.22
Burlica2013: calls $4.22
*** TURN *** [Jc 9h 8s] [6d]
Espada Fish: checks 
Burlica2013: bets $10.29
Espada Fish: calls $10.29
*** RIVER *** [Jc 9h 8s 6d] [7h]
Espada Fish: checks 
Burlica2013: checks 
*** SHOW DOWN ***
Espada Fish: shows [Qh Qd] (a pair of Queens)
Burlica2013: mucks hand 
Espada Fish collected $33.27 from pot
*** SUMMARY ***
Total pot $35.02 | Rake $1.75 
Board [Jc 9h 8s 6d 7h]
Seat 1: Burlica2013 (big blind) mucked
Seat 2: v.sting folded before Flop (didn't bet)
Seat 3: zizizib folded before Flop (didn't bet)
Seat 4: rao999 folded before Flop (didn't bet)
Seat 5: KolyoYKolev (button) folded before Flop (didn't bet)
Seat 6: Espada Fish (small blind) showed [Qh Qd] and won ($33.27) with a pair of Queens



PokerStars Hand #254262114646:  Hold'em No Limit ($0.50/$1.00 USD) - 2025/01/08 15:21:49 WET [2025/01/08 10:21:49 ET]
Table 'Antiope III' 6-max Seat #6 is the button
Seat 1: Burlica2013 ($100 in chips) 
Seat 2: v.sting ($100 in chips) 
Seat 3: zizizib ($101.50 in chips) 
Seat 4: rao999 ($100 in chips) 
Seat 5: KolyoYKolev ($97.30 in chips) 
Seat 6: Espada Fish ($117.22 in chips) 
Burlica2013: posts small blind $0.50
v.sting: posts big blind $1
*** HOLE CARDS ***
zizizib: folds 
rao999: raises $1.50 to $2.50
KolyoYKolev: folds 
Espada Fish: folds 
Burlica2013: folds 
v.sting: folds 
Uncalled bet ($1.50) returned to rao999
rao999 collected $2.50 from pot
rao999: doesn't show hand 
*** SUMMARY ***
Total pot $2.50 | Rake $0 
Seat 1: Burlica2013 (small blind) folded before Flop
Seat 2: v.sting (big blind) folded before Flop
Seat 3: zizizib folded before Flop (didn't bet)
Seat 4: rao999 collected ($2.50)
Seat 5: KolyoYKolev folded before Flop (didn't bet)
Seat 6: Espada Fish (button) folded before Flop (didn't bet)



PokerStars Hand #254262120020:  Hold'em No Limit ($0.50/$1.00 USD) - 2025/01/08 15:22:15 WET [2025/01/08 10:22:15 ET]
Table 'Antiope III' 6-max Seat #1 is the button
Seat 1: Burlica2013 ($100 in chips) 
Seat 2: v.sting ($100 in chips) 
Seat 3: zizizib ($101.50 in chips) 
Seat 4: rao999 ($101.50 in chips) 
Seat 5: KolyoYKolev ($97.30 in chips) 
Seat 6: Espada Fish ($117.22 in chips) 
v.sting: posts small blind $0.50
zizizib: posts big blind $1
*** HOLE CARDS ***
rao999: raises $1.50 to $2.50
KolyoYKolev: folds 
Espada Fish: folds 
Burlica2013: folds 
v.sting: folds 
zizizib: raises $8.50 to $11
rao999: folds 
Uncalled bet ($8.50) returned to zizizib
zizizib collected $5.50 from pot
zizizib: doesn't show hand 
*** SUMMARY ***
Total pot $5.50 | Rake $0 
Seat 1: Burlica2013 (button) folded before Flop (didn't bet)
Seat 2: v.sting (small blind) folded before Flop
Seat 3: zizizib (big blind) collected ($5.50)
Seat 4: rao999 folded before Flop
Seat 5: KolyoYKolev folded before Flop (didn't bet)
Seat 6: Espada Fish folded before Flop (didn't bet)



PokerStars Hand #254262127300:  Hold'em No Limit ($0.50/$1.00 USD) - 2025/01/08 15:22:50 WET [2025/01/08 10:22:50 ET]
Table 'Antiope III' 6-max Seat #2 is the button
Seat 1: Burlica2013 ($100 in chips) 
Seat 2: v.sting ($100 in chips) 
Seat 3: zizizib ($104.50 in chips) 
Seat 4: rao999 ($100 in chips) 
Seat 5: KolyoYKolev ($97.30 in chips) 
Seat 6: Espada Fish ($117.22 in chips) 
zizizib: posts small blind $0.50
rao999: posts big blind $1
*** HOLE CARDS ***
KolyoYKolev: folds 
Espada Fish: folds 
Burlica2013: raises $1.25 to $2.25
v.sting: folds 
zizizib: folds 
rao999: folds 
Uncalled bet ($1.25) returned to Burlica2013
Burlica2013 collected $2.50 from pot
Burlica2013: doesn't show hand 
*** SUMMARY ***
Total pot $2.50 | Rake $0 
Seat 1: Burlica2013 collected ($2.50)
Seat 2: v.sting (button) folded before Flop (didn't bet)
Seat 3: zizizib (small blind) folded before Flop
Seat 4: rao999 (big blind) folded before Flop
Seat 5: KolyoYKolev folded before Flop (didn't bet)
Seat 6: Espada Fish folded before Flop (didn't bet)



PokerStars Hand #254262130894:  Hold'em No Limit ($0.50/$1.00 USD) - 2025/01/08 15:23:06 WET [2025/01/08 10:23:06 ET]
Table 'Antiope III' 6-max Seat #3 is the button
Seat 1: Burlica2013 ($101.50 in chips) 
Seat 2: v.sting ($100 in chips) 
Seat 3: zizizib ($104 in chips) 
Seat 4: rao999 ($100 in chips) 
Seat 5: KolyoYKolev ($97.30 in chips) 
Seat 6: Espada Fish ($117.22 in chips) 
rao999: posts small blind $0.50
KolyoYKolev: posts big blind $1
*** HOLE CARDS ***
Espada Fish: folds 
Burlica2013: folds 
v.sting: folds 
zizizib: folds 
rao999: folds 
Uncalled bet ($0.50) returned to KolyoYKolev
KolyoYKolev collected $1 from pot
*** SUMMARY ***
Total pot $1 | Rake $0 
Seat 1: Burlica2013 folded before Flop (didn't bet)
Seat 2: v.sting folded before Flop (didn't bet)
Seat 3: zizizib (button) folded before Flop (didn't bet)
Seat 4: rao999 (small blind) folded before Flop
Seat 5: KolyoYKolev (big blind) collected ($1)
Seat 6: Espada Fish folded before Flop (didn't bet)



PokerStars Hand #254262133882:  Hold'em No Limit ($0.50/$1.00 USD) - 2025/01/08 15:23:20 WET [2025/01/08 10:23:20 ET]
Table 'Antiope III' 6-max Seat #4 is the button
Seat 1: Burlica2013 ($101.50 in chips) 
Seat 2: v.sting ($100 in chips) 
Seat 3: zizizib ($104 in chips) 
Seat 4: rao999 ($100 in chips) 
Seat 5: KolyoYKolev ($97.80 in chips) 
Seat 6: Espada Fish ($117.22 in chips) 
KolyoYKolev: posts small blind $0.50
Espada Fish: posts big blind $1
*** HOLE CARDS ***
Burlica2013: folds 
v.sting: folds 
zizizib: folds 
rao999: raises $1.50 to $2.50
KolyoYKolev: folds 
Espada Fish: raises $9.50 to $12
rao999: calls $9.50
*** FLOP *** [Qs Qh 9h]
Espada Fish: bets $7.92
rao999: calls $7.92
*** TURN *** [Qs Qh 9h] [Th]
Espada Fish: bets $19.54
rao999: calls $19.54
*** RIVER *** [Qs Qh 9h Th] [2h]
Espada Fish: checks 
rao999: checks 
*** SHOW DOWN ***
Espada Fish: shows [Js As] (a pair of Queens)
rao999: shows [Qc Jc] (three of a kind, Queens)
rao999 collected $76.92 from pot
*** SUMMARY ***
Total pot $79.42 | Rake $2.50 
Board [Qs Qh 9h Th 2h]
Seat 1: Burlica2013 folded before Flop (didn't bet)
Seat 2: v.sting folded before Flop (didn't bet)
Seat 3: zizizib folded before Flop (didn't bet)
Seat 4: rao999 (button) showed [Qc Jc] and won ($76.92) with three of a kind, Queens
Seat 5: KolyoYKolev (small blind) folded before Flop
Seat 6: Espada Fish (big blind) showed [Js As] and lost with a pair of Queens



PokerStars Hand #254262153487:  Hold'em No Limit ($0.50/$1.00 USD) - 2025/01/08 15:24:53 WET [2025/01/08 10:24:53 ET]
Table 'Antiope III' 6-max Seat #5 is the button
Seat 1: Burlica2013 ($101.50 in chips) 
Seat 2: v.sting ($100 in chips) 
Seat 3: zizizib ($104 in chips) 
Seat 4: rao999 ($137.46 in chips) 
Seat 5: KolyoYKolev ($97.30 in chips) 
Seat 6: Espada Fish ($100 in chips) 
Espada Fish: posts small blind $0.50
Burlica2013: posts big blind $1
*** HOLE CARDS ***
v.sting: folds 
zizizib: folds 
rao999: raises $1.50 to $2.50
KolyoYKolev: calls $2.50
Espada Fish: folds 
Burlica2013: folds 
*** FLOP *** [7c Tc 7h]
rao999: checks 
KolyoYKolev: checks 
*** TURN *** [7c Tc 7h] [6s]
rao999: checks 
KolyoYKolev: checks 
*** RIVER *** [7c Tc 7h 6s] [2d]
rao999: checks 
KolyoYKolev: checks 
*** SHOW DOWN ***
rao999: shows [Qc Kd] (a pair of Sevens)
KolyoYKolev: mucks hand 
rao999 collected $6.18 from pot
*** SUMMARY ***
Total pot $6.50 | Rake $0.32 
Board [7c Tc 7h 6s 2d]
Seat 1: Burlica2013 (big blind) folded before Flop
Seat 2: v.sting folded before Flop (didn't bet)
Seat 3: zizizib folded before Flop (didn't bet)
Seat 4: rao999 showed [Qc Kd] and won ($6.18) with a pair of Sevens
Seat 5: KolyoYKolev (button) mucked
Seat 6: Espada Fish (small blind) folded before Flop



PokerStars Hand #254262163377:  Hold'em No Limit ($0.50/$1.00 USD) - 2025/01/08 15:25:39 WET [2025/01/08 10:25:39 ET]
Table 'Antiope III' 6-max Seat #6 is the button
Seat 1: Burlica2013 ($100.50 in chips) 
Seat 2: v.sting ($100 in chips) 
Seat 3: zizizib ($104 in chips) 
Seat 4: rao999 ($141.14 in chips) 
Seat 5: KolyoYKolev ($94.80 in chips) 
Seat 6: Espada Fish ($100 in chips) 
Burlica2013: posts small blind $0.50
v.sting: posts big blind $1
*** HOLE CARDS ***
zizizib: folds 
rao999: raises $1.50 to $2.50
KolyoYKolev: calls $2.50
Espada Fish: folds 
Burlica2013: folds 
v.sting: folds 
*** FLOP *** [3h Jh 7s]
rao999: checks 
KolyoYKolev: checks 
*** TURN *** [3h Jh 7s] [Th]
rao999: checks 
KolyoYKolev: checks 
*** RIVER *** [3h Jh 7s Th] [5d]
rao999: checks 
KolyoYKolev: bets $2
rao999: folds 
Uncalled bet ($2) returned to KolyoYKolev
KolyoYKolev collected $6.18 from pot
*** SUMMARY ***
Total pot $6.50 | Rake $0.32 
Board [3h Jh 7s Th 5d]
Seat 1: Burlica2013 (small blind) folded before Flop
Seat 2: v.sting (big blind) folded before Flop
Seat 3: zizizib folded before Flop (didn't bet)
Seat 4: rao999 folded on the River
Seat 5: KolyoYKolev collected ($6.18)
Seat 6: Espada Fish (button) folded before Flop (didn't bet)



PokerStars Hand #254262177149:  Hold'em No Limit ($0.50/$1.00 USD) - 2025/01/08 15:26:44 WET [2025/01/08 10:26:44 ET]
Table 'Antiope III' 6-max Seat #1 is the button
Seat 1: Burlica2013 ($100 in chips) 
Seat 2: v.sting ($100 in chips) 
Seat 3: zizizib ($104 in chips) 
Seat 4: rao999 ($138.64 in chips) 
Seat 5: KolyoYKolev ($98.48 in chips) 
Seat 6: Espada Fish ($100 in chips) 
v.sting: posts small blind $0.50
zizizib: posts big blind $1
*** HOLE CARDS ***
rao999: folds 
KolyoYKolev: folds 
Espada Fish: raises $1.20 to $2.20
Burlica2013: folds 
v.sting: folds 
zizizib: calls $1.20
*** FLOP *** [4c 2c 7s]
zizizib: checks 
Espada Fish: checks 
*** TURN *** [4c 2c 7s] [5h]
zizizib: bets $3.50
Espada Fish: calls $3.50
*** RIVER *** [4c 2c 7s 5h] [Ah]
zizizib: checks 
Espada Fish: checks 
*** SHOW DOWN ***
zizizib: shows [Qh Jh] (high card Ace)
Espada Fish: shows [Ts As] (a pair of Aces)
Espada Fish collected $11.30 from pot
*** SUMMARY ***
Total pot $11.90 | Rake $0.60 
Board [4c 2c 7s 5h Ah]
Seat 1: Burlica2013 (button) folded before Flop (didn't bet)
Seat 2: v.sting (small blind) folded before Flop
Seat 3: zizizib (big blind) showed [Qh Jh] and lost with high card Ace
Seat 4: rao999 folded before Flop (didn't bet)
Seat 5: KolyoYKolev folded before Flop (didn't bet)
Seat 6: Espada Fish showed [Ts As] and won ($11.30) with a pair of Aces



PokerStars Hand #254262193296:  Hold'em No Limit ($0.50/$1.00 USD) - 2025/01/08 15:28:00 WET [2025/01/08 10:28:00 ET]
Table 'Antiope III' 6-max Seat #2 is the button
Seat 1: Burlica2013 ($100 in chips) 
Seat 2: v.sting ($100 in chips) 
Seat 3: zizizib ($100 in chips) 
Seat 4: rao999 ($138.64 in chips) 
Seat 5: KolyoYKolev ($98.48 in chips) 
Seat 6: Espada Fish ($105.60 in chips) 
zizizib: posts small blind $0.50
rao999: posts big blind $1
*** HOLE CARDS ***
KolyoYKolev: calls $1
Espada Fish: folds 
Burlica2013: folds 
v.sting: folds 
zizizib: calls $0.50
rao999: checks 
*** FLOP *** [3s Th Ah]
zizizib: checks 
rao999: checks 
KolyoYKolev: checks 
*** TURN *** [3s Th Ah] [5d]
zizizib: checks 
rao999: checks 
KolyoYKolev: checks 
*** RIVER *** [3s Th Ah 5d] [2s]
zizizib: checks 
rao999: checks 
KolyoYKolev: checks 
*** SHOW DOWN ***
zizizib: shows [5c Kc] (a pair of Fives)
rao999: mucks hand 
KolyoYKolev: mucks hand 
zizizib collected $2.85 from pot
*** SUMMARY ***
Total pot $3 | Rake $0.15 
Board [3s Th Ah 5d 2s]
Seat 1: Burlica2013 folded before Flop (didn't bet)
Seat 2: v.sting (button) folded before Flop (didn't bet)
Seat 3: zizizib (small blind) showed [5c Kc] and won ($2.85) with a pair of Fives
Seat 4: rao999 (big blind) mucked
Seat 5: KolyoYKolev mucked
Seat 6: Espada Fish folded before Flop (didn't bet)



PokerStars Hand #254262203898:  Hold'em No Limit ($0.50/$1.00 USD) - 2025/01/08 15:28:50 WET [2025/01/08 10:28:50 ET]
Table 'Antiope III' 6-max Seat #4 is the button
Seat 3: zizizib ($101.85 in chips) is sitting out
Seat 1: Burlica2013 ($100 in chips) 
Seat 2: v.sting ($100 in chips) 
Seat 4: rao999 ($137.64 in chips) 
Seat 5: KolyoYKolev ($97.48 in chips) 
Seat 6: Espada Fish ($105.60 in chips) 
KolyoYKolev: posts small blind $0.50
Espada Fish: posts big blind $1
*** HOLE CARDS ***
zizizib leaves the table
Burlica2013: folds 
v.sting: folds 
rao999: folds 
dreimis190 joins the table at seat #3 
KolyoYKolev: calls $0.50
Espada Fish: checks 
*** FLOP *** [9c 6h 9s]
KolyoYKolev: checks 
Espada Fish: checks 
*** TURN *** [9c 6h 9s] [Td]
KolyoYKolev: checks 
Espada Fish: bets $1.41
KolyoYKolev: calls $1.41
*** RIVER *** [9c 6h 9s Td] [4c]
KolyoYKolev: bets $1
Espada Fish: raises $4.87 to $5.87
KolyoYKolev: calls $4.87
*** SHOW DOWN ***
Espada Fish: shows [3s 8s] (a pair of Nines)
KolyoYKolev: shows [Jc Th] (two pair, Tens and Nines)
KolyoYKolev collected $15.73 from pot
*** SUMMARY ***
Total pot $16.56 | Rake $0.83 
Board [9c 6h 9s Td 4c]
Seat 3: zizizib
Seat 1: Burlica2013 folded before Flop (didn't bet)
Seat 2: v.sting folded before Flop (didn't bet)
Seat 4: rao999 (button) folded before Flop (didn't bet)
Seat 5: KolyoYKolev (small blind) showed [Jc Th] and won ($15.73) with two pair, Tens and Nines
Seat 6: Espada Fish (big blind) showed [3s 8s] and lost with a pair of Nines



PokerStars Hand #254262222173:  Hold'em No Limit ($0.50/$1.00 USD) - 2025/01/08 15:30:14 WET [2025/01/08 10:30:14 ET]
Table 'Antiope III' 6-max Seat #5 is the button
Seat 3: dreimis190 ($100 in chips) is sitting out
Seat 1: Burlica2013 ($100 in chips) 
Seat 2: v.sting ($100 in chips) 
Seat 4: rao999 ($137.64 in chips) 
Seat 5: KolyoYKolev ($104.93 in chips) 
Seat 6: Espada Fish ($100 in chips) 
Espada Fish: posts small blind $0.50
Burlica2013: posts big blind $1
dreimis190: sits out 
*** HOLE CARDS ***
v.sting: folds 
rao999: folds 
KolyoYKolev: calls $1
Espada Fish: folds 
Burlica2013: checks 
*** FLOP *** [7s Ah Kc]
Burlica2013: checks 
KolyoYKolev: checks 
*** TURN *** [7s Ah Kc] [Jh]
Burlica2013: bets $1.19
KolyoYKolev: folds 
Uncalled bet ($1.19) returned to Burlica2013
Burlica2013 collected $2.38 from pot
Burlica2013: doesn't show hand 
*** SUMMARY ***
Total pot $2.50 | Rake $0.12 
Board [7s Ah Kc Jh]
Seat 3: dreimis190
Seat 1: Burlica2013 (big blind) collected ($2.38)
Seat 2: v.sting folded before Flop (didn't bet)
Seat 4: rao999 folded before Flop (didn't bet)
Seat 5: KolyoYKolev (button) folded on the Turn
Seat 6: Espada Fish (small blind) folded before Flop



PokerStars Hand #254262231938:  Hold'em No Limit ($0.50/$1.00 USD) - 2025/01/08 15:30:59 WET [2025/01/08 10:30:59 ET]
Table 'Antiope III' 6-max Seat #6 is the button
Seat 2: v.sting ($100 in chips) is sitting out
Seat 1: Burlica2013 ($101.38 in chips) 
Seat 3: dreimis190 ($100 in chips) 
Seat 4: rao999 ($137.64 in chips) 
Seat 5: KolyoYKolev ($103.93 in chips) 
Seat 6: Espada Fish ($100 in chips) 
Burlica2013: posts small blind $0.50
v.sting: is sitting out 
dreimis190: posts big blind $1
*** HOLE CARDS ***
rao999: folds 
v.sting leaves the table
KolyoYKolev: calls $1
Espada Fish: folds 
Burlica2013: folds 
dreimis190: checks 
*** FLOP *** [Kc 7s 8d]
dreimis190: checks 
gig.gyty joins the table at seat #2 
KolyoYKolev: bets $1
dreimis190: folds 
Uncalled bet ($1) returned to KolyoYKolev
KolyoYKolev collected $2.38 from pot
*** SUMMARY ***
Total pot $2.50 | Rake $0.12 
Board [Kc 7s 8d]
Seat 2: v.sting
Seat 1: Burlica2013 (small blind) folded before Flop
Seat 3: dreimis190 (big blind) folded on the Flop
Seat 4: rao999 folded before Flop (didn't bet)
Seat 5: KolyoYKolev collected ($2.38)
Seat 6: Espada Fish (button) folded before Flop (didn't bet)



PokerStars Hand #254262240121:  Hold'em No Limit ($0.50/$1.00 USD) - 2025/01/08 15:31:36 WET [2025/01/08 10:31:36 ET]
Table 'Antiope III' 6-max Seat #1 is the button
Seat 2: gig.gyty ($100 in chips) is sitting out
Seat 1: Burlica2013 ($100.88 in chips) 
Seat 3: dreimis190 ($100 in chips) 
Seat 4: rao999 ($137.64 in chips) 
Seat 5: KolyoYKolev ($105.31 in chips) 
Seat 6: Espada Fish ($100 in chips) 
dreimis190: posts small blind $0.50
rao999: posts big blind $1
*** HOLE CARDS ***
KolyoYKolev: folds 
Espada Fish: folds 
Burlica2013: raises $1.45 to $2.45
dreimis190: folds 
rao999: calls $1.45
*** FLOP *** [Ks 2s Ac]
rao999: checks 
Burlica2013: bets $1.69
rao999: calls $1.69
*** TURN *** [Ks 2s Ac] [5d]
rao999: checks 
Burlica2013: checks 
*** RIVER *** [Ks 2s Ac 5d] [2c]
rao999: bets $2.75
Burlica2013: calls $2.75
*** SHOW DOWN ***
rao999: shows [Th As] (two pair, Aces and Deuces)
Burlica2013: shows [7s Ad] (two pair, Aces and Deuces)
rao999 collected $6.79 from pot
Burlica2013 collected $6.78 from pot
*** SUMMARY ***
Total pot $14.28 | Rake $0.71 
Board [Ks 2s Ac 5d 2c]
Seat 2: gig.gyty
Seat 1: Burlica2013 (button) showed [7s Ad] and won ($6.78) with two pair, Aces and Deuces
Seat 3: dreimis190 (small blind) folded before Flop
Seat 4: rao999 (big blind) showed [Th As] and won ($6.79) with two pair, Aces and Deuces
Seat 5: KolyoYKolev folded before Flop (didn't bet)
Seat 6: Espada Fish folded before Flop (didn't bet)



PokerStars Hand #254262249916:  Hold'em No Limit ($0.50/$1.00 USD) - 2025/01/08 15:32:22 WET [2025/01/08 10:32:22 ET]
Table 'Antiope III' 6-max Seat #3 is the button
Seat 2: gig.gyty ($100 in chips) is sitting out
Seat 1: Burlica2013 ($100.77 in chips) 
Seat 3: dreimis190 ($100 in chips) 
Seat 4: rao999 ($137.54 in chips) 
Seat 5: KolyoYKolev ($105.31 in chips) 
Seat 6: Espada Fish ($100 in chips) 
rao999: posts small blind $0.50
KolyoYKolev: posts big blind $1
gig.gyty: sits out 
*** HOLE CARDS ***
Espada Fish: folds 
Burlica2013: folds 
dreimis190: raises $1.50 to $2.50
rao999: folds 
KolyoYKolev: folds 
Uncalled bet ($1.50) returned to dreimis190
dreimis190 collected $2.50 from pot
dreimis190: doesn't show hand 
*** SUMMARY ***
Total pot $2.50 | Rake $0 
Seat 2: gig.gyty
Seat 1: Burlica2013 folded before Flop (didn't bet)
Seat 3: dreimis190 (button) collected ($2.50)
Seat 4: rao999 (small blind) folded before Flop
Seat 5: KolyoYKolev (big blind) folded before Flop
Seat 6: Espada Fish folded before Flop (didn't bet)



PokerStars Hand #254262253950:  Hold'em No Limit ($0.50/$1.00 USD) - 2025/01/08 15:32:40 WET [2025/01/08 10:32:40 ET]
Table 'Antiope III' 6-max Seat #4 is the button
Seat 2: gig.gyty ($100 in chips) is sitting out
Seat 1: Burlica2013 ($100.77 in chips) 
Seat 3: dreimis190 ($101.50 in chips) 
Seat 4: rao999 ($137.04 in chips) 
Seat 5: KolyoYKolev ($104.31 in chips) 
Seat 6: Espada Fish ($100 in chips) 
KolyoYKolev: posts small blind $0.50
Espada Fish: posts big blind $1
gig.gyty: sits out 
*** HOLE CARDS ***
Burlica2013: folds 
dreimis190: folds 
rao999: raises $1.50 to $2.50
KolyoYKolev: folds 
Espada Fish: calls $1.50
*** FLOP *** [Td Ks 2d]
Espada Fish: checks 
rao999: checks 
*** TURN *** [Td Ks 2d] [9d]
Espada Fish: checks 
rao999: checks 
*** RIVER *** [Td Ks 2d 9d] [5d]
Espada Fish: checks 
rao999: checks 
*** SHOW DOWN ***
Espada Fish: shows [9h Qs] (a pair of Nines)
rao999: shows [Qc Ts] (a pair of Tens)
rao999 collected $5.22 from pot
*** SUMMARY ***
Total pot $5.50 | Rake $0.28 
Board [Td Ks 2d 9d 5d]
Seat 2: gig.gyty
Seat 1: Burlica2013 folded before Flop (didn't bet)
Seat 3: dreimis190 folded before Flop (didn't bet)
Seat 4: rao999 (button) showed [Qc Ts] and won ($5.22) with a pair of Tens
Seat 5: KolyoYKolev (small blind) folded before Flop
Seat 6: Espada Fish (big blind) showed [9h Qs] and lost with a pair of Nines



PokerStars Hand #254262262883:  Hold'em No Limit ($0.50/$1.00 USD) - 2025/01/08 15:33:21 WET [2025/01/08 10:33:21 ET]
Table 'Antiope III' 6-max Seat #5 is the button
Seat 2: gig.gyty ($100 in chips) is sitting out
Seat 1: Burlica2013 ($100.77 in chips) 
Seat 3: dreimis190 ($101.50 in chips) 
Seat 4: rao999 ($139.76 in chips) 
Seat 5: KolyoYKolev ($103.81 in chips) 
Seat 6: Espada Fish ($100 in chips) 
Espada Fish: posts small blind $0.50
Burlica2013: posts big blind $1
gig.gyty: sits out 
*** HOLE CARDS ***
dreimis190: folds 
rao999: folds 
KolyoYKolev: calls $1
Espada Fish: folds 
Burlica2013: checks 
*** FLOP *** [Qd 5h 2h]
Burlica2013: checks 
KolyoYKolev: checks 
*** TURN *** [Qd 5h 2h] [Qc]
Burlica2013: bets $1
KolyoYKolev: folds 
Uncalled bet ($1) returned to Burlica2013
Burlica2013 collected $2.38 from pot
Burlica2013: doesn't show hand 
*** SUMMARY ***
Total pot $2.50 | Rake $0.12 
Board [Qd 5h 2h Qc]
Seat 2: gig.gyty
Seat 1: Burlica2013 (big blind) collected ($2.38)
Seat 3: dreimis190 folded before Flop (didn't bet)
Seat 4: rao999 folded before Flop (didn't bet)
Seat 5: KolyoYKolev (button) folded on the Turn
Seat 6: Espada Fish (small blind) folded before Flop



PokerStars Hand #254262270643:  Hold'em No Limit ($0.50/$1.00 USD) - 2025/01/08 15:33:57 WET [2025/01/08 10:33:57 ET]
Table 'Antiope III' 6-max Seat #6 is the button
Seat 1: Burlica2013 ($102.15 in chips) 
Seat 2: gig.gyty ($100 in chips) 
Seat 3: dreimis190 ($101.50 in chips) 
Seat 4: rao999 ($139.76 in chips) 
Seat 5: KolyoYKolev ($102.81 in chips) 
Seat 6: Espada Fish ($100 in chips) 
Burlica2013: posts small blind $0.50
gig.gyty: posts big blind $1
*** HOLE CARDS ***
dreimis190: folds 
rao999: folds 
KolyoYKolev: calls $1
Espada Fish: folds 
Burlica2013: raises $3 to $4
gig.gyty: folds 
KolyoYKolev: folds 
Uncalled bet ($3) returned to Burlica2013
Burlica2013 collected $3 from pot
Burlica2013: doesn't show hand 
*** SUMMARY ***
Total pot $3 | Rake $0 
Seat 1: Burlica2013 (small blind) collected ($3)
Seat 2: gig.gyty (big blind) folded before Flop
Seat 3: dreimis190 folded before Flop (didn't bet)
Seat 4: rao999 folded before Flop (didn't bet)
Seat 5: KolyoYKolev folded before Flop
Seat 6: Espada Fish (button) folded before Flop (didn't bet)



PokerStars Hand #254262274258:  Hold'em No Limit ($0.50/$1.00 USD) - 2025/01/08 15:34:13 WET [2025/01/08 10:34:13 ET]
Table 'Antiope III' 6-max Seat #1 is the button
Seat 1: Burlica2013 ($104.15 in chips) 
Seat 2: gig.gyty ($100 in chips) 
Seat 3: dreimis190 ($101.50 in chips) 
Seat 4: rao999 ($139.76 in chips) 
Seat 5: KolyoYKolev ($101.81 in chips) 
Seat 6: Espada Fish ($100 in chips) 
gig.gyty: posts small blind $0.50
dreimis190: posts big blind $1
*** HOLE CARDS ***
rao999: raises $1.50 to $2.50
KolyoYKolev: folds 
Espada Fish: folds 
Burlica2013: folds 
gig.gyty: folds 
dreimis190: folds 
Uncalled bet ($1.50) returned to rao999
rao999 collected $2.50 from pot
rao999: doesn't show hand 
*** SUMMARY ***
Total pot $2.50 | Rake $0 
Seat 1: Burlica2013 (button) folded before Flop (didn't bet)
Seat 2: gig.gyty (small blind) folded before Flop
Seat 3: dreimis190 (big blind) folded before Flop
Seat 4: rao999 collected ($2.50)
Seat 5: KolyoYKolev folded before Flop (didn't bet)
Seat 6: Espada Fish folded before Flop (didn't bet)



PokerStars Hand #254262278680:  Hold'em No Limit ($0.50/$1.00 USD) - 2025/01/08 15:34:33 WET [2025/01/08 10:34:33 ET]
Table 'Antiope III' 6-max Seat #2 is the button
Seat 1: Burlica2013 ($104.15 in chips) 
Seat 2: gig.gyty ($100 in chips) 
Seat 3: dreimis190 ($100.50 in chips) 
Seat 4: rao999 ($141.26 in chips) 
Seat 5: KolyoYKolev ($101.81 in chips) 
Seat 6: Espada Fish ($100 in chips) 
dreimis190: posts small blind $0.50
rao999: posts big blind $1
*** HOLE CARDS ***
KolyoYKolev: calls $1
Espada Fish: folds 
Burlica2013: folds 
gig.gyty: folds 
dreimis190: calls $0.50
rao999: checks 
*** FLOP *** [6h Ah 5c]
dreimis190: checks 
rao999: checks 
KolyoYKolev: checks 
*** TURN *** [6h Ah 5c] [9d]
dreimis190: checks 
rao999: checks 
KolyoYKolev: checks 
*** RIVER *** [6h Ah 5c 9d] [9c]
dreimis190: checks 
rao999: bets $4
KolyoYKolev: folds 
dreimis190: folds 
Uncalled bet ($4) returned to rao999
rao999 collected $2.85 from pot
rao999: doesn't show hand 
*** SUMMARY ***
Total pot $3 | Rake $0.15 
Board [6h Ah 5c 9d 9c]
Seat 1: Burlica2013 folded before Flop (didn't bet)
Seat 2: gig.gyty (button) folded before Flop (didn't bet)
Seat 3: dreimis190 (small blind) folded on the River
Seat 4: rao999 (big blind) collected ($2.85)
Seat 5: KolyoYKolev folded on the River
Seat 6: Espada Fish folded before Flop (didn't bet)



PokerStars Hand #254262289381:  Hold'em No Limit ($0.50/$1.00 USD) - 2025/01/08 15:35:22 WET [2025/01/08 10:35:22 ET]
Table 'Antiope III' 6-max Seat #3 is the button
Seat 1: Burlica2013 ($104.15 in chips) 
Seat 2: gig.gyty ($100 in chips) 
Seat 3: dreimis190 ($100 in chips) 
Seat 4: rao999 ($143.11 in chips) 
Seat 5: KolyoYKolev ($100.81 in chips) 
Seat 6: Espada Fish ($100 in chips) 
rao999: posts small blind $0.50
KolyoYKolev: posts big blind $1
*** HOLE CARDS ***
Espada Fish: folds 
Burlica2013: raises $1.20 to $2.20
gig.gyty: folds 
dreimis190: calls $2.20
rao999: folds 
KolyoYKolev: folds 
*** FLOP *** [Tc Jc Ks]
Burlica2013: bets $2.80
dreimis190: calls $2.80
*** TURN *** [Tc Jc Ks] [6d]
Burlica2013: bets $12.23
dreimis190: calls $12.23
*** RIVER *** [Tc Jc Ks 6d] [Qh]
Burlica2013: checks 
dreimis190: checks 
*** SHOW DOWN ***
Burlica2013: shows [Kc Jh] (two pair, Kings and Jacks)
dreimis190: shows [Kd Jd] (two pair, Kings and Jacks)
Burlica2013 collected $17.08 from pot
dreimis190 collected $17.08 from pot
*** SUMMARY ***
Total pot $35.96 | Rake $1.80 
Board [Tc Jc Ks 6d Qh]
Seat 1: Burlica2013 showed [Kc Jh] and won ($17.08) with two pair, Kings and Jacks
Seat 2: gig.gyty folded before Flop (didn't bet)
Seat 3: dreimis190 (button) showed [Kd Jd] and won ($17.08) with two pair, Kings and Jacks
Seat 4: rao999 (small blind) folded before Flop
Seat 5: KolyoYKolev (big blind) folded before Flop
Seat 6: Espada Fish folded before Flop (didn't bet)



PokerStars Hand #254262306910:  Hold'em No Limit ($0.50/$1.00 USD) - 2025/01/08 15:36:42 WET [2025/01/08 10:36:42 ET]
Table 'Antiope III' 6-max Seat #4 is the button
Seat 1: Burlica2013 ($104 in chips) 
Seat 2: gig.gyty ($100 in chips) 
Seat 3: dreimis190 ($100 in chips) 
Seat 4: rao999 ($142.61 in chips) 
Seat 5: KolyoYKolev ($99.81 in chips) 
Seat 6: Espada Fish ($100 in chips) 
KolyoYKolev: posts small blind $0.50
Espada Fish: posts big blind $1
*** HOLE CARDS ***
Burlica2013: folds 
gig.gyty: folds 
dreimis190: folds 
rao999: raises $1.50 to $2.50
KolyoYKolev: folds 
Espada Fish: folds 
Uncalled bet ($1.50) returned to rao999
rao999 collected $2.50 from pot
rao999: doesn't show hand 
*** SUMMARY ***
Total pot $2.50 | Rake $0 
Seat 1: Burlica2013 folded before Flop (didn't bet)
Seat 2: gig.gyty folded before Flop (didn't bet)
Seat 3: dreimis190 folded before Flop (didn't bet)
Seat 4: rao999 (button) collected ($2.50)
Seat 5: KolyoYKolev (small blind) folded before Flop
Seat 6: Espada Fish (big blind) folded before Flop



PokerStars Hand #254262312671:  Hold'em No Limit ($0.50/$1.00 USD) - 2025/01/08 15:37:08 WET [2025/01/08 10:37:08 ET]
Table 'Antiope III' 6-max Seat #5 is the button
Seat 1: Burlica2013 ($104 in chips) 
Seat 2: gig.gyty ($100 in chips) 
Seat 3: dreimis190 ($100 in chips) 
Seat 4: rao999 ($144.11 in chips) 
Seat 5: KolyoYKolev ($99.31 in chips) 
Seat 6: Espada Fish ($100 in chips) 
Espada Fish: posts small blind $0.50
Burlica2013: posts big blind $1
*** HOLE CARDS ***
gig.gyty: folds 
dreimis190: folds 
rao999: raises $1.50 to $2.50
KolyoYKolev: folds 
Espada Fish: folds 
Burlica2013: raises $9.50 to $12
rao999: folds 
Uncalled bet ($9.50) returned to Burlica2013
Burlica2013 collected $5.50 from pot
Burlica2013: doesn't show hand 
*** SUMMARY ***
Total pot $5.50 | Rake $0 
Seat 1: Burlica2013 (big blind) collected ($5.50)
Seat 2: gig.gyty folded before Flop (didn't bet)
Seat 3: dreimis190 folded before Flop (didn't bet)
Seat 4: rao999 folded before Flop
Seat 5: KolyoYKolev (button) folded before Flop (didn't bet)
Seat 6: Espada Fish (small blind) folded before Flop



PokerStars Hand #254262318061:  Hold'em No Limit ($0.50/$1.00 USD) - 2025/01/08 15:37:33 WET [2025/01/08 10:37:33 ET]
Table 'Antiope III' 6-max Seat #6 is the button
Seat 1: Burlica2013 ($107 in chips) 
Seat 2: gig.gyty ($100 in chips) 
Seat 3: dreimis190 ($100 in chips) 
Seat 4: rao999 ($141.61 in chips) 
Seat 5: KolyoYKolev ($99.31 in chips) 
Seat 6: Espada Fish ($100 in chips) 
Burlica2013: posts small blind $0.50
gig.gyty: posts big blind $1
*** HOLE CARDS ***
dreimis190: folds 
rao999: folds 
KolyoYKolev: calls $1
Espada Fish: folds 
Burlica2013: folds 
gig.gyty: checks 
*** FLOP *** [8s 4c Js]
gig.gyty: checks 
KolyoYKolev: checks 
*** TURN *** [8s 4c Js] [9h]
gig.gyty: checks 
KolyoYKolev: checks 
*** RIVER *** [8s 4c Js 9h] [3c]
gig.gyty: checks 
KolyoYKolev: checks 
*** SHOW DOWN ***
gig.gyty: shows [8d Ks] (a pair of Eights)
KolyoYKolev: mucks hand 
gig.gyty collected $2.38 from pot
*** SUMMARY ***
Total pot $2.50 | Rake $0.12 
Board [8s 4c Js 9h 3c]
Seat 1: Burlica2013 (small blind) folded before Flop
Seat 2: gig.gyty (big blind) showed [8d Ks] and won ($2.38) with a pair of Eights
Seat 3: dreimis190 folded before Flop (didn't bet)
Seat 4: rao999 folded before Flop (didn't bet)
Seat 5: KolyoYKolev mucked
Seat 6: Espada Fish (button) folded before Flop (didn't bet)



PokerStars Hand #254262328376:  Hold'em No Limit ($0.50/$1.00 USD) - 2025/01/08 15:38:19 WET [2025/01/08 10:38:19 ET]
Table 'Antiope III' 6-max Seat #1 is the button
Seat 1: Burlica2013 ($106.50 in chips) 
Seat 2: gig.gyty ($101.38 in chips) 
Seat 3: dreimis190 ($100 in chips) 
Seat 4: rao999 ($141.61 in chips) 
Seat 5: KolyoYKolev ($98.31 in chips) 
Seat 6: Espada Fish ($100 in chips) 
gig.gyty: posts small blind $0.50
dreimis190: posts big blind $1
*** HOLE CARDS ***
rao999: folds 
KolyoYKolev: folds 
Espada Fish: folds 
Burlica2013: folds 
gig.gyty: folds 
Uncalled bet ($0.50) returned to dreimis190
dreimis190 collected $1 from pot
dreimis190: doesn't show hand 
*** SUMMARY ***
Total pot $1 | Rake $0 
Seat 1: Burlica2013 (button) folded before Flop (didn't bet)
Seat 2: gig.gyty (small blind) folded before Flop
Seat 3: dreimis190 (big blind) collected ($1)
Seat 4: rao999 folded before Flop (didn't bet)
Seat 5: KolyoYKolev folded before Flop (didn't bet)
Seat 6: Espada Fish folded before Flop (didn't bet)



PokerStars Hand #254262333007:  Hold'em No Limit ($0.50/$1.00 USD) - 2025/01/08 15:38:40 WET [2025/01/08 10:38:40 ET]
Table 'Antiope III' 6-max Seat #2 is the button
Seat 1: Burlica2013 ($106.50 in chips) 
Seat 2: gig.gyty ($100.88 in chips) 
Seat 3: dreimis190 ($100.50 in chips) 
Seat 4: rao999 ($141.61 in chips) 
Seat 5: KolyoYKolev ($98.31 in chips) 
Seat 6: Espada Fish ($100 in chips) 
dreimis190: posts small blind $0.50
rao999: posts big blind $1
*** HOLE CARDS ***
KolyoYKolev: calls $1
Espada Fish: folds 
Burlica2013: folds 
gig.gyty: raises $2.50 to $3.50
dreimis190: folds 
rao999: folds 
KolyoYKolev: folds 
Uncalled bet ($2.50) returned to gig.gyty
gig.gyty collected $3.50 from pot
gig.gyty: doesn't show hand 
*** SUMMARY ***
Total pot $3.50 | Rake $0 
Seat 1: Burlica2013 folded before Flop (didn't bet)
Seat 2: gig.gyty (button) collected ($3.50)
Seat 3: dreimis190 (small blind) folded before Flop
Seat 4: rao999 (big blind) folded before Flop
Seat 5: KolyoYKolev folded before Flop
Seat 6: Espada Fish folded before Flop (didn't bet)



PokerStars Hand #254262336910:  Hold'em No Limit ($0.50/$1.00 USD) - 2025/01/08 15:38:58 WET [2025/01/08 10:38:58 ET]
Table 'Antiope III' 6-max Seat #3 is the button
Seat 1: Burlica2013 ($106.50 in chips) 
Seat 2: gig.gyty ($103.38 in chips) 
Seat 3: dreimis190 ($100 in chips) 
Seat 4: rao999 ($140.61 in chips) 
Seat 5: KolyoYKolev ($97.31 in chips) 
Seat 6: Espada Fish ($100 in chips) 
rao999: posts small blind $0.50
KolyoYKolev: posts big blind $1
*** HOLE CARDS ***
Espada Fish: folds 
Burlica2013: folds 
gig.gyty: raises $1.25 to $2.25
dreimis190: folds 
rao999: folds 
KolyoYKolev: folds 
Uncalled bet ($1.25) returned to gig.gyty
gig.gyty collected $2.50 from pot
gig.gyty: doesn't show hand 
*** SUMMARY ***
Total pot $2.50 | Rake $0 
Seat 1: Burlica2013 folded before Flop (didn't bet)
Seat 2: gig.gyty collected ($2.50)
Seat 3: dreimis190 (button) folded before Flop (didn't bet)
Seat 4: rao999 (small blind) folded before Flop
Seat 5: KolyoYKolev (big blind) folded before Flop
Seat 6: Espada Fish folded before Flop (didn't bet)



PokerStars Hand #254262341804:  Hold'em No Limit ($0.50/$1.00 USD) - 2025/01/08 15:39:20 WET [2025/01/08 10:39:20 ET]
Table 'Antiope III' 6-max Seat #4 is the button
Seat 1: Burlica2013 ($106.50 in chips) 
Seat 2: gig.gyty ($104.88 in chips) 
Seat 3: dreimis190 ($100 in chips) 
Seat 4: rao999 ($140.11 in chips) 
Seat 5: KolyoYKolev ($96.31 in chips) 
Seat 6: Espada Fish ($100 in chips) 
KolyoYKolev: posts small blind $0.50
Espada Fish: posts big blind $1
*** HOLE CARDS ***
Burlica2013: folds 
gig.gyty: raises $1.25 to $2.25
dreimis190: folds 
rao999: folds 
KolyoYKolev: folds 
Espada Fish: folds 
Uncalled bet ($1.25) returned to gig.gyty
gig.gyty collected $2.50 from pot
gig.gyty: doesn't show hand 
*** SUMMARY ***
Total pot $2.50 | Rake $0 
Seat 1: Burlica2013 folded before Flop (didn't bet)
Seat 2: gig.gyty collected ($2.50)
Seat 3: dreimis190 folded before Flop (didn't bet)
Seat 4: rao999 (button) folded before Flop (didn't bet)
Seat 5: KolyoYKolev (small blind) folded before Flop
Seat 6: Espada Fish (big blind) folded before Flop



PokerStars Hand #254262345523:  Hold'em No Limit ($0.50/$1.00 USD) - 2025/01/08 15:39:37 WET [2025/01/08 10:39:37 ET]
Table 'Antiope III' 6-max Seat #5 is the button
Seat 1: Burlica2013 ($106.50 in chips) 
Seat 2: gig.gyty ($106.38 in chips) 
Seat 3: dreimis190 ($100 in chips) 
Seat 4: rao999 ($140.11 in chips) 
Seat 5: KolyoYKolev ($95.81 in chips) 
Seat 6: Espada Fish ($100 in chips) 
Espada Fish: posts small blind $0.50
Burlica2013: posts big blind $1
*** HOLE CARDS ***
gig.gyty: folds 
dreimis190: raises $1 to $2
rao999: raises $5 to $7
KolyoYKolev: folds 
Espada Fish: folds 
Burlica2013: folds 
dreimis190: folds 
Uncalled bet ($5) returned to rao999
rao999 collected $5.50 from pot
rao999: doesn't show hand 
*** SUMMARY ***
Total pot $5.50 | Rake $0 
Seat 1: Burlica2013 (big blind) folded before Flop
Seat 2: gig.gyty folded before Flop (didn't bet)
Seat 3: dreimis190 folded before Flop
Seat 4: rao999 collected ($5.50)
Seat 5: KolyoYKolev (button) folded before Flop (didn't bet)
Seat 6: Espada Fish (small blind) folded before Flop



PokerStars Hand #254262350008:  Hold'em No Limit ($0.50/$1.00 USD) - 2025/01/08 15:39:58 WET [2025/01/08 10:39:58 ET]
Table 'Antiope III' 6-max Seat #6 is the button
Seat 1: Burlica2013 ($105.50 in chips) 
Seat 2: gig.gyty ($106.38 in chips) 
Seat 3: dreimis190 ($100 in chips) 
Seat 4: rao999 ($143.61 in chips) 
Seat 5: KolyoYKolev ($95.81 in chips) 
Seat 6: Espada Fish ($100 in chips) 
Burlica2013: posts small blind $0.50
gig.gyty: posts big blind $1
*** HOLE CARDS ***
dreimis190: folds 
rao999: folds 
KolyoYKolev: calls $1
Espada Fish: folds 
Burlica2013: folds 
gig.gyty: raises $6 to $7
KolyoYKolev: folds 
Uncalled bet ($6) returned to gig.gyty
gig.gyty collected $2.50 from pot
gig.gyty: doesn't show hand 
*** SUMMARY ***
Total pot $2.50 | Rake $0 
Seat 1: Burlica2013 (small blind) folded before Flop
Seat 2: gig.gyty (big blind) collected ($2.50)
Seat 3: dreimis190 folded before Flop (didn't bet)
Seat 4: rao999 folded before Flop (didn't bet)
Seat 5: KolyoYKolev folded before Flop
Seat 6: Espada Fish (button) folded before Flop (didn't bet)



PokerStars Hand #254262354379:  Hold'em No Limit ($0.50/$1.00 USD) - 2025/01/08 15:40:18 WET [2025/01/08 10:40:18 ET]
Table 'Antiope III' 6-max Seat #1 is the button
Seat 1: Burlica2013 ($105 in chips) 
Seat 2: gig.gyty ($107.88 in chips) 
Seat 3: dreimis190 ($100 in chips) 
Seat 4: rao999 ($143.61 in chips) 
Seat 5: KolyoYKolev ($94.81 in chips) 
Seat 6: Espada Fish ($100 in chips) 
gig.gyty: posts small blind $0.50
dreimis190: posts big blind $1
*** HOLE CARDS ***
rao999: folds 
KolyoYKolev: calls $1
Espada Fish: raises $2.50 to $3.50
Burlica2013: folds 
gig.gyty: folds 
dreimis190: folds 
KolyoYKolev: calls $2.50
*** FLOP *** [Kh Ad Jd]
KolyoYKolev: checks 
Espada Fish: checks 
*** TURN *** [Kh Ad Jd] [9s]
KolyoYKolev: bets $2
Espada Fish: calls $2
*** RIVER *** [Kh Ad Jd 9s] [4h]
KolyoYKolev: checks 
Espada Fish: checks 
*** SHOW DOWN ***
KolyoYKolev: shows [8d 4d] (a pair of Fours)
Espada Fish: shows [Qc Qd] (a pair of Queens)
Espada Fish collected $11.88 from pot
*** SUMMARY ***
Total pot $12.50 | Rake $0.62 
Board [Kh Ad Jd 9s 4h]
Seat 1: Burlica2013 (button) folded before Flop (didn't bet)
Seat 2: gig.gyty (small blind) folded before Flop
Seat 3: dreimis190 (big blind) folded before Flop
Seat 4: rao999 folded before Flop (didn't bet)
Seat 5: KolyoYKolev showed [8d 4d] and lost with a pair of Fours
Seat 6: Espada Fish showed [Qc Qd] and won ($11.88) with a pair of Queens



PokerStars Hand #254262369844:  Hold'em No Limit ($0.50/$1.00 USD) - 2025/01/08 15:41:28 WET [2025/01/08 10:41:28 ET]
Table 'Antiope III' 6-max Seat #2 is the button
Seat 1: Burlica2013 ($105 in chips) 
Seat 2: gig.gyty ($107.38 in chips) 
Seat 3: dreimis190 ($100 in chips) 
Seat 4: rao999 ($143.61 in chips) 
Seat 5: KolyoYKolev ($89.31 in chips) 
Seat 6: Espada Fish ($106.38 in chips) 
dreimis190: posts small blind $0.50
rao999: posts big blind $1
*** HOLE CARDS ***
KolyoYKolev: folds 
Espada Fish: folds 
Burlica2013: folds 
gig.gyty: raises $1.50 to $2.50
dreimis190: folds 
rao999: folds 
Uncalled bet ($1.50) returned to gig.gyty
gig.gyty collected $2.50 from pot
gig.gyty: doesn't show hand 
*** SUMMARY ***
Total pot $2.50 | Rake $0 
Seat 1: Burlica2013 folded before Flop (didn't bet)
Seat 2: gig.gyty (button) collected ($2.50)
Seat 3: dreimis190 (small blind) folded before Flop
Seat 4: rao999 (big blind) folded before Flop
Seat 5: KolyoYKolev folded before Flop (didn't bet)
Seat 6: Espada Fish folded before Flop (didn't bet)



PokerStars Hand #254262375625:  Hold'em No Limit ($0.50/$1.00 USD) - 2025/01/08 15:41:54 WET [2025/01/08 10:41:54 ET]
Table 'Antiope III' 6-max Seat #3 is the button
Seat 1: Burlica2013 ($105 in chips) 
Seat 2: gig.gyty ($108.88 in chips) 
Seat 3: dreimis190 ($100 in chips) 
Seat 4: rao999 ($142.61 in chips) 
Seat 5: KolyoYKolev ($89.31 in chips) 
Seat 6: Espada Fish ($106.38 in chips) 
rao999: posts small blind $0.50
KolyoYKolev: posts big blind $1
*** HOLE CARDS ***
Espada Fish: folds 
Burlica2013: folds 
gig.gyty: raises $1.25 to $2.25
dreimis190: folds 
rao999: folds 
KolyoYKolev: folds 
Uncalled bet ($1.25) returned to gig.gyty
gig.gyty collected $2.50 from pot
gig.gyty: doesn't show hand 
*** SUMMARY ***
Total pot $2.50 | Rake $0 
Seat 1: Burlica2013 folded before Flop (didn't bet)
Seat 2: gig.gyty collected ($2.50)
Seat 3: dreimis190 (button) folded before Flop (didn't bet)
Seat 4: rao999 (small blind) folded before Flop
Seat 5: KolyoYKolev (big blind) folded before Flop
Seat 6: Espada Fish folded before Flop (didn't bet)



PokerStars Hand #254262379336:  Hold'em No Limit ($0.50/$1.00 USD) - 2025/01/08 15:42:11 WET [2025/01/08 10:42:11 ET]
Table 'Antiope III' 6-max Seat #4 is the button
Seat 1: Burlica2013 ($105 in chips) 
Seat 2: gig.gyty ($110.38 in chips) 
Seat 3: dreimis190 ($100 in chips) 
Seat 4: rao999 ($142.11 in chips) 
Seat 5: KolyoYKolev ($88.31 in chips) 
Seat 6: Espada Fish ($106.38 in chips) 
KolyoYKolev: posts small blind $0.50
Espada Fish: posts big blind $1
*** HOLE CARDS ***
Burlica2013: folds 
gig.gyty: raises $1.25 to $2.25
dreimis190: folds 
rao999: folds 
KolyoYKolev: folds 
Espada Fish: calls $1.25
*** FLOP *** [Qc Qd Td]
Espada Fish: checks 
gig.gyty: bets $1.57
Espada Fish: folds 
Uncalled bet ($1.57) returned to gig.gyty
gig.gyty collected $4.75 from pot
gig.gyty: doesn't show hand 
*** SUMMARY ***
Total pot $5 | Rake $0.25 
Board [Qc Qd Td]
Seat 1: Burlica2013 folded before Flop (didn't bet)
Seat 2: gig.gyty collected ($4.75)
Seat 3: dreimis190 folded before Flop (didn't bet)
Seat 4: rao999 (button) folded before Flop (didn't bet)
Seat 5: KolyoYKolev (small blind) folded before Flop
Seat 6: Espada Fish (big blind) folded on the Flop



PokerStars Hand #254262391109:  Hold'em No Limit ($0.50/$1.00 USD) - 2025/01/08 15:43:04 WET [2025/01/08 10:43:04 ET]
Table 'Antiope III' 6-max Seat #5 is the button
Seat 1: Burlica2013 ($105 in chips) 
Seat 2: gig.gyty ($112.88 in chips) 
Seat 3: dreimis190 ($100 in chips) 
Seat 4: rao999 ($142.11 in chips) 
Seat 5: KolyoYKolev ($87.81 in chips) 
Seat 6: Espada Fish ($104.13 in chips) 
Espada Fish: posts small blind $0.50
Burlica2013: posts big blind $1
*** HOLE CARDS ***
gig.gyty: folds 
dreimis190: folds 
rao999: folds 
KolyoYKolev: calls $1
Espada Fish: folds 
Burlica2013: raises $3 to $4
KolyoYKolev: calls $3
*** FLOP *** [Ac 2c 7s]
Burlica2013: checks 
KolyoYKolev: bets $1
Burlica2013: calls $1
*** TURN *** [Ac 2c 7s] [4s]
Burlica2013: checks 
KolyoYKolev: bets $2
Burlica2013: calls $2
*** RIVER *** [Ac 2c 7s 4s] [6s]
Burlica2013: checks 
KolyoYKolev: bets $5
Burlica2013: calls $5
*** SHOW DOWN ***
KolyoYKolev: shows [As Ah] (three of a kind, Aces)
Burlica2013: mucks hand 
KolyoYKolev collected $23.28 from pot
*** SUMMARY ***
Total pot $24.50 | Rake $1.22 
Board [Ac 2c 7s 4s 6s]
Seat 1: Burlica2013 (big blind) mucked
Seat 2: gig.gyty folded before Flop (didn't bet)
Seat 3: dreimis190 folded before Flop (didn't bet)
Seat 4: rao999 folded before Flop (didn't bet)
Seat 5: KolyoYKolev (button) showed [As Ah] and won ($23.28) with three of a kind, Aces
Seat 6: Espada Fish (small blind) folded before Flop



PokerStars Hand #254262406367:  Hold'em No Limit ($0.50/$1.00 USD) - 2025/01/08 15:44:12 WET [2025/01/08 10:44:12 ET]
Table 'Antiope III' 6-max Seat #6 is the button
Seat 1: Burlica2013 ($100 in chips) 
Seat 2: gig.gyty ($112.88 in chips) 
Seat 3: dreimis190 ($100 in chips) 
Seat 4: rao999 ($142.11 in chips) 
Seat 5: KolyoYKolev ($99.09 in chips) 
Seat 6: Espada Fish ($103.63 in chips) 
Burlica2013: posts small blind $0.50
gig.gyty: posts big blind $1
*** HOLE CARDS ***
dreimis190: folds 
rao999: folds 
KolyoYKolev: folds 
Espada Fish: raises $1.50 to $2.50
Burlica2013: folds 
gig.gyty: folds 
Uncalled bet ($1.50) returned to Espada Fish
Espada Fish collected $2.50 from pot
Espada Fish: doesn't show hand 
*** SUMMARY ***
Total pot $2.50 | Rake $0 
Seat 1: Burlica2013 (small blind) folded before Flop
Seat 2: gig.gyty (big blind) folded before Flop
Seat 3: dreimis190 folded before Flop (didn't bet)
Seat 4: rao999 folded before Flop (didn't bet)
Seat 5: KolyoYKolev folded before Flop (didn't bet)
Seat 6: Espada Fish (button) collected ($2.50)



PokerStars Hand #254262411434:  Hold'em No Limit ($0.50/$1.00 USD) - 2025/01/08 15:44:35 WET [2025/01/08 10:44:35 ET]
Table 'Antiope III' 6-max Seat #1 is the button
Seat 1: Burlica2013 ($100 in chips) 
Seat 2: gig.gyty ($111.88 in chips) 
Seat 3: dreimis190 ($100 in chips) 
Seat 4: rao999 ($142.11 in chips) 
Seat 5: KolyoYKolev ($99.09 in chips) 
Seat 6: Espada Fish ($105.13 in chips) 
gig.gyty: posts small blind $0.50
dreimis190: posts big blind $1
*** HOLE CARDS ***
rao999: folds 
KolyoYKolev: folds 
Espada Fish: folds 
Burlica2013: raises $1.45 to $2.45
gig.gyty: folds 
dreimis190: raises $10.55 to $13
Burlica2013: folds 
Uncalled bet ($10.55) returned to dreimis190
dreimis190 collected $5.40 from pot
dreimis190: doesn't show hand 
*** SUMMARY ***
Total pot $5.40 | Rake $0 
Seat 1: Burlica2013 (button) folded before Flop
Seat 2: gig.gyty (small blind) folded before Flop
Seat 3: dreimis190 (big blind) collected ($5.40)
Seat 4: rao999 folded before Flop (didn't bet)
Seat 5: KolyoYKolev folded before Flop (didn't bet)
Seat 6: Espada Fish folded before Flop (didn't bet)



PokerStars Hand #254262419228:  Hold'em No Limit ($0.50/$1.00 USD) - 2025/01/08 15:45:09 WET [2025/01/08 10:45:09 ET]
Table 'Antiope III' 6-max Seat #2 is the button
Seat 1: Burlica2013 ($100 in chips) 
Seat 2: gig.gyty ($111.38 in chips) 
Seat 3: dreimis190 ($102.95 in chips) 
Seat 4: rao999 ($142.11 in chips) 
Seat 5: KolyoYKolev ($99.09 in chips) 
Seat 6: Espada Fish ($105.13 in chips) 
dreimis190: posts small blind $0.50
rao999: posts big blind $1
*** HOLE CARDS ***
KolyoYKolev: calls $1
Espada Fish: raises $2.50 to $3.50
Burlica2013: folds 
gig.gyty: folds 
dreimis190: folds 
rao999: folds 
KolyoYKolev: calls $2.50
*** FLOP *** [Qh 3c 3s]
KolyoYKolev: checks 
Espada Fish: bets $2.75
KolyoYKolev: folds 
Uncalled bet ($2.75) returned to Espada Fish
Espada Fish collected $8.08 from pot
Espada Fish: doesn't show hand 
*** SUMMARY ***
Total pot $8.50 | Rake $0.42 
Board [Qh 3c 3s]
Seat 1: Burlica2013 folded before Flop (didn't bet)
Seat 2: gig.gyty (button) folded before Flop (didn't bet)
Seat 3: dreimis190 (small blind) folded before Flop
Seat 4: rao999 (big blind) folded before Flop
Seat 5: KolyoYKolev folded on the Flop
Seat 6: Espada Fish collected ($8.08)



PokerStars Hand #254262430342:  Hold'em No Limit ($0.50/$1.00 USD) - 2025/01/08 15:45:59 WET [2025/01/08 10:45:59 ET]
Table 'Antiope III' 6-max Seat #3 is the button
Seat 1: Burlica2013 ($100 in chips) 
Seat 2: gig.gyty ($111.38 in chips) 
Seat 3: dreimis190 ($102.45 in chips) 
Seat 4: rao999 ($141.11 in chips) 
Seat 5: KolyoYKolev ($95.59 in chips) 
Seat 6: Espada Fish ($109.71 in chips) 
rao999: posts small blind $0.50
KolyoYKolev: posts big blind $1
*** HOLE CARDS ***
Espada Fish: folds 
Burlica2013: folds 
gig.gyty: folds 
dreimis190: folds 
rao999: folds 
Uncalled bet ($0.50) returned to KolyoYKolev
KolyoYKolev collected $1 from pot
*** SUMMARY ***
Total pot $1 | Rake $0 
Seat 1: Burlica2013 folded before Flop (didn't bet)
Seat 2: gig.gyty folded before Flop (didn't bet)
Seat 3: dreimis190 (button) folded before Flop (didn't bet)
Seat 4: rao999 (small blind) folded before Flop
Seat 5: KolyoYKolev (big blind) collected ($1)
Seat 6: Espada Fish folded before Flop (didn't bet)



PokerStars Hand #254262432944:  Hold'em No Limit ($0.50/$1.00 USD) - 2025/01/08 15:46:11 WET [2025/01/08 10:46:11 ET]
Table 'Antiope III' 6-max Seat #4 is the button
Seat 1: Burlica2013 ($100 in chips) 
Seat 2: gig.gyty ($111.38 in chips) 
Seat 3: dreimis190 ($102.45 in chips) 
Seat 4: rao999 ($140.61 in chips) 
Seat 5: KolyoYKolev ($96.09 in chips) 
Seat 6: Espada Fish ($109.71 in chips) 
KolyoYKolev: posts small blind $0.50
Espada Fish: posts big blind $1
*** HOLE CARDS ***
Burlica2013: folds 
gig.gyty: raises $1.25 to $2.25
dreimis190: folds 
rao999: folds 
KolyoYKolev: folds 
Espada Fish: folds 
Uncalled bet ($1.25) returned to gig.gyty
gig.gyty collected $2.50 from pot
gig.gyty: doesn't show hand 
*** SUMMARY ***
Total pot $2.50 | Rake $0 
Seat 1: Burlica2013 folded before Flop (didn't bet)
Seat 2: gig.gyty collected ($2.50)
Seat 3: dreimis190 folded before Flop (didn't bet)
Seat 4: rao999 (button) folded before Flop (didn't bet)
Seat 5: KolyoYKolev (small blind) folded before Flop
Seat 6: Espada Fish (big blind) folded before Flop



PokerStars Hand #254262435945:  Hold'em No Limit ($0.50/$1.00 USD) - 2025/01/08 15:46:25 WET [2025/01/08 10:46:25 ET]
Table 'Antiope III' 6-max Seat #5 is the button
Seat 1: Burlica2013 ($100 in chips) is sitting out
Seat 2: gig.gyty ($112.88 in chips) 
Seat 3: dreimis190 ($102.45 in chips) 
Seat 4: rao999 ($140.61 in chips) 
Seat 5: KolyoYKolev ($95.59 in chips) 
Seat 6: Espada Fish ($108.71 in chips) 
Espada Fish: posts small blind $0.50
Burlica2013: is sitting out 
gig.gyty: posts big blind $1
*** HOLE CARDS ***
dreimis190: folds 
rao999: folds 
KolyoYKolev: folds 
Espada Fish: folds 
Uncalled bet ($0.50) returned to gig.gyty
gig.gyty collected $1 from pot
gig.gyty: doesn't show hand 
*** SUMMARY ***
Total pot $1 | Rake $0 
Seat 1: Burlica2013
Seat 2: gig.gyty (big blind) collected ($1)
Seat 3: dreimis190 folded before Flop (didn't bet)
Seat 4: rao999 folded before Flop (didn't bet)
Seat 5: KolyoYKolev (button) folded before Flop (didn't bet)
Seat 6: Espada Fish (small blind) folded before Flop



PokerStars Hand #254262438845:  Hold'em No Limit ($0.50/$1.00 USD) - 2025/01/08 15:46:38 WET [2025/01/08 10:46:38 ET]
Table 'Antiope III' 6-max Seat #6 is the button
Seat 1: Burlica2013 ($100 in chips) is sitting out
Seat 2: gig.gyty ($113.38 in chips) 
Seat 3: dreimis190 ($102.45 in chips) 
Seat 4: rao999 ($140.61 in chips) 
Seat 5: KolyoYKolev ($95.59 in chips) 
Seat 6: Espada Fish ($108.21 in chips) 
gig.gyty: posts small blind $0.50
dreimis190: posts big blind $1
*** HOLE CARDS ***
Burlica2013 leaves the table
rao999: folds 
KolyoYKolev: folds 
Espada Fish: raises $1.50 to $2.50
gig.gyty: folds 
dreimis190: folds 
Uncalled bet ($1.50) returned to Espada Fish
Espada Fish collected $2.50 from pot
Espada Fish: doesn't show hand 
*** SUMMARY ***
Total pot $2.50 | Rake $0 
Seat 1: Burlica2013
Seat 2: gig.gyty (small blind) folded before Flop
Seat 3: dreimis190 (big blind) folded before Flop
Seat 4: rao999 folded before Flop (didn't bet)
Seat 5: KolyoYKolev folded before Flop (didn't bet)
Seat 6: Espada Fish (button) collected ($2.50)



PokerStars Hand #254262443485:  Hold'em No Limit ($0.50/$1.00 USD) - 2025/01/08 15:46:58 WET [2025/01/08 10:46:58 ET]
Table 'Antiope III' 6-max Seat #2 is the button
Seat 2: gig.gyty ($112.88 in chips) 
Seat 3: dreimis190 ($101.45 in chips) 
Seat 4: rao999 ($140.61 in chips) 
Seat 5: KolyoYKolev ($95.59 in chips) 
Seat 6: Espada Fish ($109.71 in chips) 
dreimis190: posts small blind $0.50
rao999: posts big blind $1
*** HOLE CARDS ***
KolyoYKolev: calls $1
Espada Fish: folds 
gig.gyty: raises $2.50 to $3.50
dreimis190: folds 
rao999: folds 
KolyoYKolev: calls $2.50
*** FLOP *** [Ah Ks 6c]
coeeeelho joins the table at seat #1 
KolyoYKolev: checks 
gig.gyty: bets $2.67
KolyoYKolev: calls $2.67
*** TURN *** [Ah Ks 6c] [4c]
KolyoYKolev: bets $5
gig.gyty: raises $10 to $15
KolyoYKolev: calls $10
*** RIVER *** [Ah Ks 6c 4c] [9s]
KolyoYKolev: bets $10
gig.gyty: calls $10
*** SHOW DOWN ***
KolyoYKolev: shows [Ad Kh] (two pair, Aces and Kings)
gig.gyty: mucks hand 
KolyoYKolev collected $61.34 from pot
*** SUMMARY ***
Total pot $63.84 | Rake $2.50 
Board [Ah Ks 6c 4c 9s]
Seat 2: gig.gyty (button) mucked
Seat 3: dreimis190 (small blind) folded before Flop
Seat 4: rao999 (big blind) folded before Flop
Seat 5: KolyoYKolev showed [Ad Kh] and won ($61.34) with two pair, Aces and Kings
Seat 6: Espada Fish folded before Flop (didn't bet)



PokerStars Hand #254262461568:  Hold'em No Limit ($0.50/$1.00 USD) - 2025/01/08 15:48:19 WET [2025/01/08 10:48:19 ET]
Table 'Antiope III' 6-max Seat #3 is the button
Seat 1: coeeeelho ($100 in chips) is sitting out
Seat 2: gig.gyty ($100 in chips) 
Seat 3: dreimis190 ($100.95 in chips) 
Seat 4: rao999 ($139.61 in chips) 
Seat 5: KolyoYKolev ($125.76 in chips) 
Seat 6: Espada Fish ($109.71 in chips) 
rao999: posts small blind $0.50
KolyoYKolev: posts big blind $1
coeeeelho: sits out 
*** HOLE CARDS ***
Espada Fish: folds 
gig.gyty: folds 
dreimis190: raises $1.50 to $2.50
rao999: folds 
KolyoYKolev: folds 
Uncalled bet ($1.50) returned to dreimis190
KolyoYKolev leaves the table
dreimis190 collected $2.50 from pot
dreimis190: doesn't show hand 
*** SUMMARY ***
Total pot $2.50 | Rake $0 
Seat 1: coeeeelho
Seat 2: gig.gyty folded before Flop (didn't bet)
Seat 3: dreimis190 (button) collected ($2.50)
Seat 4: rao999 (small blind) folded before Flop
Seat 5: KolyoYKolev (big blind) folded before Flop
Seat 6: Espada Fish folded before Flop (didn't bet)



PokerStars Hand #254262465894:  Hold'em No Limit ($0.50/$1.00 USD) - 2025/01/08 15:48:39 WET [2025/01/08 10:48:39 ET]
Table 'Antiope III' 6-max Seat #4 is the button
Seat 1: coeeeelho ($100 in chips) 
Seat 2: gig.gyty ($100 in chips) 
Seat 3: dreimis190 ($102.45 in chips) 
Seat 4: rao999 ($139.11 in chips) 
Seat 6: Espada Fish ($109.71 in chips) 
Espada Fish: posts small blind $0.50
coeeeelho: posts big blind $1
*** HOLE CARDS ***
gig.gyty: raises $1.25 to $2.25
dreimis190: folds 
rao999: folds 
Espada Fish: folds 
coeeeelho: calls $1.25
*** FLOP *** [Th 2d 9c]
coeeeelho: checks 
gig.gyty: checks 
*** TURN *** [Th 2d 9c] [8s]
coeeeelho: checks 
gig.gyty: checks 
*** RIVER *** [Th 2d 9c 8s] [Qs]
coeeeelho: checks 
gig.gyty: checks 
*** SHOW DOWN ***
coeeeelho: shows [6s 6h] (a pair of Sixes)
gig.gyty: mucks hand 
coeeeelho collected $4.75 from pot
*** SUMMARY ***
Total pot $5 | Rake $0.25 
Board [Th 2d 9c 8s Qs]
Seat 1: coeeeelho (big blind) showed [6s 6h] and won ($4.75) with a pair of Sixes
Seat 2: gig.gyty mucked
Seat 3: dreimis190 folded before Flop (didn't bet)
Seat 4: rao999 (button) folded before Flop (didn't bet)
Seat 6: Espada Fish (small blind) folded before Flop



