PokerStars Hand #254262582239:  Hold'em No Limit ($0.50/$1.00 USD) - 2025/01/08 15:58:03 WET [2025/01/08 10:58:03 ET]
Table 'Endymion II' 6-max Seat #4 is the button
Seat 1: grig2307 ($109.98 in chips) 
Seat 2: tukeiron ($101.32 in chips) 
Seat 3: Nocarioca ($8.50 in chips) 
Seat 4: sta$igk ($100 in chips) 
Seat 5: Felete1981 ($9 in chips) 
Seat 6: nastja336 ($100 in chips) 
Felete1981: posts small blind $0.50
nastja336: posts big blind $1
*** HOLE CARDS ***
grig2307: raises $1.40 to $2.40
tukeiron: raises $7.60 to $10
Nocarioca: folds 
sta$igk: folds 
Felete1981: folds 
nastja336: folds 
grig2307: calls $7.60
*** FLOP *** [2d Td 4s]
grig2307: checks 
tukeiron: bets $10.21
grig2307: calls $10.21
*** TURN *** [2d Td 4s] [Kc]
grig2307: checks 
tukeiron: checks 
*** RIVER *** [2d Td 4s Kc] [8d]
grig2307: checks 
tukeiron: bets $13.14
grig2307: raises $13.14 to $26.28
tukeiron: calls $13.14
*** SHOW DOWN ***
grig2307: shows [6d Kd] (a flush, King high)
tukeiron: mucks hand 
grig2307 collected $91.98 from pot
*** SUMMARY ***
Total pot $94.48 | Rake $2.50 
Board [2d Td 4s Kc 8d]
Seat 1: grig2307 showed [6d Kd] and won ($91.98) with a flush, King high
Seat 2: tukeiron mucked
Seat 3: Nocarioca folded before Flop (didn't bet)
Seat 4: sta$igk (button) folded before Flop (didn't bet)
Seat 5: Felete1981 (small blind) folded before Flop
Seat 6: nastja336 (big blind) folded before Flop



PokerStars Hand #254262599253:  Hold'em No Limit ($0.50/$1.00 USD) - 2025/01/08 15:59:42 WET [2025/01/08 10:59:42 ET]
Table 'Endymion II' 6-max Seat #5 is the button
Seat 1: grig2307 ($155.47 in chips) 
Seat 2: tukeiron ($100 in chips) 
Seat 3: Nocarioca ($8.50 in chips) 
Seat 4: sta$igk ($100 in chips) 
Seat 5: Felete1981 ($8.50 in chips) 
Seat 6: nastja336 ($100 in chips) 
nastja336: posts small blind $0.50
grig2307: posts big blind $1
*** HOLE CARDS ***
tukeiron: folds 
Nocarioca: folds 
sta$igk: raises $1.50 to $2.50
Felete1981: folds 
nastja336: folds 
grig2307: calls $1.50
*** FLOP *** [3c As 9c]
grig2307: checks 
sta$igk: bets $1.72
grig2307: calls $1.72
*** TURN *** [3c As 9c] [8s]
grig2307: checks 
sta$igk: bets $12.73
grig2307: folds 
Uncalled bet ($12.73) returned to sta$igk
sta$igk collected $8.49 from pot
sta$igk: doesn't show hand 
*** SUMMARY ***
Total pot $8.94 | Rake $0.45 
Board [3c As 9c 8s]
Seat 1: grig2307 (big blind) folded on the Turn
Seat 2: tukeiron folded before Flop (didn't bet)
Seat 3: Nocarioca folded before Flop (didn't bet)
Seat 4: sta$igk collected ($8.49)
Seat 5: Felete1981 (button) folded before Flop (didn't bet)
Seat 6: nastja336 (small blind) folded before Flop



PokerStars Hand #254262610963:  Hold'em No Limit ($0.50/$1.00 USD) - 2025/01/08 16:00:48 WET [2025/01/08 11:00:48 ET]
Table 'Endymion II' 6-max Seat #6 is the button
Seat 1: grig2307 ($151.25 in chips) 
Seat 2: tukeiron ($100 in chips) 
Seat 3: Nocarioca ($8.50 in chips) 
Seat 4: sta$igk ($104.27 in chips) 
Seat 5: Felete1981 ($8.50 in chips) 
Seat 6: nastja336 ($100 in chips) 
grig2307: posts small blind $0.50
tukeiron: posts big blind $1
*** HOLE CARDS ***
Nocarioca: folds 
sta$igk: folds 
Felete1981: folds 
nastja336: folds 
grig2307: folds 
Uncalled bet ($0.50) returned to tukeiron
tukeiron collected $1 from pot
*** SUMMARY ***
Total pot $1 | Rake $0 
Seat 1: grig2307 (small blind) folded before Flop
Seat 2: tukeiron (big blind) collected ($1)
Seat 3: Nocarioca folded before Flop (didn't bet)
Seat 4: sta$igk folded before Flop (didn't bet)
Seat 5: Felete1981 folded before Flop (didn't bet)
Seat 6: nastja336 (button) folded before Flop (didn't bet)



PokerStars Hand #254262618947:  Hold'em No Limit ($0.50/$1.00 USD) - 2025/01/08 16:01:26 WET [2025/01/08 11:01:26 ET]
Table 'Endymion II' 6-max Seat #1 is the button
Seat 1: grig2307 ($150.75 in chips) 
Seat 2: tukeiron ($100.50 in chips) 
Seat 3: Nocarioca ($8.50 in chips) 
Seat 4: sta$igk ($104.27 in chips) 
Seat 5: Felete1981 ($8.50 in chips) 
Seat 6: nastja336 ($100 in chips) 
tukeiron: posts small blind $0.50
Nocarioca: posts big blind $1
*** HOLE CARDS ***
sta$igk: raises $1.50 to $2.50
Felete1981: folds 
nastja336: folds 
grig2307: calls $2.50
tukeiron: folds 
Nocarioca: folds 
*** FLOP *** [Ts 2d 5h]
sta$igk: checks 
grig2307: checks 
*** TURN *** [Ts 2d 5h] [3h]
sta$igk: checks 
grig2307: bets $3.09
sta$igk: folds 
Uncalled bet ($3.09) returned to grig2307
grig2307 collected $6.18 from pot
grig2307: doesn't show hand 
*** SUMMARY ***
Total pot $6.50 | Rake $0.32 
Board [Ts 2d 5h 3h]
Seat 1: grig2307 (button) collected ($6.18)
Seat 2: tukeiron (small blind) folded before Flop
Seat 3: Nocarioca (big blind) folded before Flop
Seat 4: sta$igk folded on the Turn
Seat 5: Felete1981 folded before Flop (didn't bet)
Seat 6: nastja336 folded before Flop (didn't bet)



PokerStars Hand #254262629643:  Hold'em No Limit ($0.50/$1.00 USD) - 2025/01/08 16:02:16 WET [2025/01/08 11:02:16 ET]
Table 'Endymion II' 6-max Seat #2 is the button
Seat 1: grig2307 ($154.43 in chips) is sitting out
Seat 2: tukeiron ($100 in chips) 
Seat 3: Nocarioca ($7.50 in chips) 
Seat 4: sta$igk ($101.77 in chips) 
Seat 5: Felete1981 ($8.50 in chips) 
Seat 6: nastja336 ($100 in chips) 
Nocarioca: posts small blind $0.50
sta$igk: posts big blind $1
*** HOLE CARDS ***
grig2307 leaves the table
Felete1981: folds 
nastja336: folds 
tukeiron: raises $1.50 to $2.50
Nocarioca: folds 
sta$igk: folds 
Uncalled bet ($1.50) returned to tukeiron
BGS013 joins the table at seat #1 
tukeiron collected $2.50 from pot
tukeiron: doesn't show hand 
*** SUMMARY ***
Total pot $2.50 | Rake $0 
Seat 1: grig2307
Seat 2: tukeiron (button) collected ($2.50)
Seat 3: Nocarioca (small blind) folded before Flop
Seat 4: sta$igk (big blind) folded before Flop
Seat 5: Felete1981 folded before Flop (didn't bet)
Seat 6: nastja336 folded before Flop (didn't bet)



PokerStars Hand #254262634344:  Hold'em No Limit ($0.50/$1.00 USD) - 2025/01/08 16:02:36 WET [2025/01/08 11:02:36 ET]
Table 'Endymion II' 6-max Seat #3 is the button
Seat 1: BGS013 ($100 in chips) is sitting out
Seat 2: tukeiron ($101.50 in chips) 
Seat 3: Nocarioca ($7 in chips) 
Seat 4: sta$igk ($100.77 in chips) 
Seat 5: Felete1981 ($8.50 in chips) 
Seat 6: nastja336 ($100 in chips) 
sta$igk: posts small blind $0.50
Felete1981: posts big blind $1
BGS013: sits out 
*** HOLE CARDS ***
BGS013 leaves the table
nastja336: raises $1.50 to $2.50
tukeiron: folds 
Nocarioca: folds 
sta$igk: folds 
Felete1981: folds 
Uncalled bet ($1.50) returned to nastja336
nastja336 collected $2.50 from pot
nastja336: doesn't show hand 
*** SUMMARY ***
Total pot $2.50 | Rake $0 
Seat 1: BGS013
Seat 2: tukeiron folded before Flop (didn't bet)
Seat 3: Nocarioca (button) folded before Flop (didn't bet)
Seat 4: sta$igk (small blind) folded before Flop
Seat 5: Felete1981 (big blind) folded before Flop
Seat 6: nastja336 collected ($2.50)



PokerStars Hand #254262642149:  Hold'em No Limit ($0.50/$1.00 USD) - 2025/01/08 16:03:11 WET [2025/01/08 11:03:11 ET]
Table 'Endymion II' 6-max Seat #4 is the button
Seat 6: nastja336 ($101.50 in chips) is sitting out
Seat 2: tukeiron ($101.50 in chips) 
Seat 3: Nocarioca ($7 in chips) 
Seat 4: sta$igk ($100.27 in chips) 
Seat 5: Felete1981 ($7.50 in chips) 
Felete1981: posts small blind $0.50
nastja336: is sitting out 
tukeiron: posts big blind $1
*** HOLE CARDS ***
nastja336 leaves the table
Nocarioca: calls $1
sta$igk: folds 
Felete1981: folds 
tukeiron: checks 
*** FLOP *** [Qc Kd Ts]
tukeiron: checks 
Nocarioca: checks 
*** TURN *** [Qc Kd Ts] [9s]
tukeiron: bets $1.50
Nocarioca: folds 
Uncalled bet ($1.50) returned to tukeiron
tukeiron collected $2.38 from pot
*** SUMMARY ***
Total pot $2.50 | Rake $0.12 
Board [Qc Kd Ts 9s]
Seat 6: nastja336
Seat 2: tukeiron (big blind) collected ($2.38)
Seat 3: Nocarioca folded on the Turn
Seat 4: sta$igk (button) folded before Flop (didn't bet)
Seat 5: Felete1981 (small blind) folded before Flop



PokerStars Hand #254262649636:  Hold'em No Limit ($0.50/$1.00 USD) - 2025/01/08 16:03:44 WET [2025/01/08 11:03:44 ET]
Table 'Endymion II' 6-max Seat #5 is the button
Seat 2: tukeiron ($102.88 in chips) 
Seat 3: Nocarioca ($6 in chips) 
Seat 4: sta$igk ($100.27 in chips) 
Seat 5: Felete1981 ($7 in chips) 
tukeiron: posts small blind $0.50
Nocarioca: posts big blind $1
*** HOLE CARDS ***
sta$igk: folds 
Felete1981: raises $1 to $2
tukeiron: folds 
Nocarioca: raises $4 to $6 and is all-in
Felete1981: calls $4
*** FLOP *** [5c Js 7c]
*** TURN *** [5c Js 7c] [Kh]
*** RIVER *** [5c Js 7c Kh] [Kd]
*** SHOW DOWN ***
Nocarioca: shows [Ad Ks] (three of a kind, Kings)
Felete1981: shows [3h Ac] (a pair of Kings)
Nocarioca collected $11.88 from pot
Felete1981 cashed out the hand for $3.12 | Cash Out Fee $0.06
*** SUMMARY ***
Total pot $12.50 | Rake $0.62 
Board [5c Js 7c Kh Kd]
Seat 2: tukeiron (small blind) folded before Flop
Seat 3: Nocarioca (big blind) showed [Ad Ks] and won ($11.88) with three of a kind, Kings
Seat 4: sta$igk folded before Flop (didn't bet)
Seat 5: Felete1981 (button) showed [3h Ac] and lost with a pair of Kings (cashed out).



PokerStars Hand #254262657376:  Hold'em No Limit ($0.50/$1.00 USD) - 2025/01/08 16:04:18 WET [2025/01/08 11:04:18 ET]
Table 'Endymion II' 6-max Seat #2 is the button
Seat 4: sta$igk ($100.27 in chips) is sitting out
Seat 2: tukeiron ($102.38 in chips) 
Seat 3: Nocarioca ($11.88 in chips) 
Seat 5: Felete1981 ($4.12 in chips) 
Nocarioca: posts small blind $0.50
sta$igk: is sitting out 
Felete1981: posts big blind $1
*** HOLE CARDS ***
tukeiron: raises $1.50 to $2.50
sta$igk leaves the table
Nocarioca: folds 
Felete1981: folds 
Uncalled bet ($1.50) returned to tukeiron
tukeiron collected $2.50 from pot
*** SUMMARY ***
Total pot $2.50 | Rake $0 
Seat 4: sta$igk
Seat 2: tukeiron (button) collected ($2.50)
Seat 3: Nocarioca (small blind) folded before Flop
Seat 5: Felete1981 (big blind) folded before Flop



PokerStars Hand #254262660169:  Hold'em No Limit ($0.50/$1.00 USD) - 2025/01/08 16:04:31 WET [2025/01/08 11:04:31 ET]
Table 'Endymion II' 6-max Seat #3 is the button
Seat 2: tukeiron ($103.88 in chips) 
Seat 3: Nocarioca ($11.38 in chips) 
Seat 5: Felete1981 ($3.12 in chips) 
Felete1981: posts small blind $0.50
tukeiron: posts big blind $1
*** HOLE CARDS ***
Fafon8989 joins the table at seat #4 
Fafon8989 is disconnected 
Nocarioca: folds 
Felete1981: calls $0.50
Nocarioca leaves the table
tukeiron: checks 
*** FLOP *** [2c 6s 8h]
Felete1981: bets $2.12 and is all-in
tukeiron: calls $2.12
*** TURN *** [2c 6s 8h] [8s]
*** RIVER *** [2c 6s 8h 8s] [4s]
*** SHOW DOWN ***
Felete1981: shows [5c 7c] (a straight, Four to Eight)
tukeiron: shows [6h Kh] (two pair, Eights and Sixes)
Felete1981 collected $5.93 from pot
*** SUMMARY ***
Total pot $6.24 | Rake $0.31 
Board [2c 6s 8h 8s 4s]
Seat 2: tukeiron (big blind) showed [6h Kh] and lost with two pair, Eights and Sixes
Seat 3: Nocarioca (button) folded before Flop (didn't bet)
Seat 5: Felete1981 (small blind) showed [5c 7c] and won ($5.93) with a straight, Four to Eight



PokerStars Hand #254262667811:  Hold'em No Limit ($0.50/$1.00 USD) - 2025/01/08 16:05:04 WET [2025/01/08 11:05:04 ET]
Table 'Endymion II' 6-max Seat #5 is the button
Seat 2: tukeiron ($100.76 in chips) 
Seat 4: Fafon8989 ($10 in chips) 
Seat 5: Felete1981 ($5.93 in chips) 
tukeiron: posts small blind $0.50
Fafon8989: posts big blind $1
*** HOLE CARDS ***
Felete1981: folds 
tukeiron: raises $2 to $3
Fafon8989: calls $2
*** FLOP *** [4d 5d 8s]
tukeiron: checks 
Fafon8989: bets $2.85
tukeiron: folds 
Uncalled bet ($2.85) returned to Fafon8989
Fafon8989 collected $5.70 from pot
*** SUMMARY ***
Total pot $6 | Rake $0.30 
Board [4d 5d 8s]
Seat 2: tukeiron (small blind) folded on the Flop
Seat 4: Fafon8989 (big blind) collected ($5.70)
Seat 5: Felete1981 (button) folded before Flop (didn't bet)



PokerStars Hand #254262674162:  Hold'em No Limit ($0.50/$1.00 USD) - 2025/01/08 16:05:33 WET [2025/01/08 11:05:33 ET]
Table 'Endymion II' 6-max Seat #2 is the button
Seat 2: tukeiron ($100 in chips) 
Seat 4: Fafon8989 ($12.70 in chips) 
Seat 5: Felete1981 ($5.93 in chips) 
Fafon8989: posts small blind $0.50
Felete1981: posts big blind $1
*** HOLE CARDS ***
tukeiron: calls $1
Fafon8989: calls $0.50
Felete1981: checks 
*** FLOP *** [8h Td 5s]
Fafon8989: checks 
Felete1981: bets $1
tukeiron: calls $1
Fafon8989: calls $1
*** TURN *** [8h Td 5s] [3h]
Fafon8989: checks 
Felete1981: checks 
Rnuhaj1 joins the table at seat #1 
Rnuhaj1 is disconnected 
sta$igk joins the table at seat #3 
tukeiron: checks 
*** RIVER *** [8h Td 5s 3h] [6h]
Fafon8989: checks 
mr.Jckpot joins the table at seat #6 
Felete1981: checks 
tukeiron: checks 
*** SHOW DOWN ***
Fafon8989: shows [Jc 9s] (high card Jack)
Felete1981: shows [5c 9c] (a pair of Fives)
tukeiron: shows [8d 4d] (a pair of Eights)
tukeiron collected $5.70 from pot
*** SUMMARY ***
Total pot $6 | Rake $0.30 
Board [8h Td 5s 3h 6h]
Seat 2: tukeiron (button) showed [8d 4d] and won ($5.70) with a pair of Eights
Seat 4: Fafon8989 (small blind) showed [Jc 9s] and lost with high card Jack
Seat 5: Felete1981 (big blind) showed [5c 9c] and lost with a pair of Fives



PokerStars Hand #254262688426:  Hold'em No Limit ($0.50/$1.00 USD) - 2025/01/08 16:06:36 WET [2025/01/08 11:06:36 ET]
Table 'Endymion II' 6-max Seat #4 is the button
Seat 3: sta$igk ($100.27 in chips) is sitting out
Seat 1: Rnuhaj1 ($10.17 in chips) 
Seat 2: tukeiron ($103.70 in chips) 
Seat 4: Fafon8989 ($10.70 in chips) 
Seat 5: Felete1981 ($3.93 in chips) 
Seat 6: mr.Jckpot ($100 in chips) 
Felete1981: posts small blind $0.50
mr.Jckpot: posts big blind $1
Rnuhaj1: posts big blind $1
sta$igk: sits out 
*** HOLE CARDS ***
Rnuhaj1: checks 
tukeiron: folds 
Fafon8989: calls $1
Felete1981: folds 
mr.Jckpot: checks 
*** FLOP *** [Td 3d Kh]
mr.Jckpot: checks 
tukeiron leaves the table
Rnuhaj1: checks 
Fafon8989: bets $1
mr.Jckpot: calls $1
Rnuhaj1: folds 
*** TURN *** [Td 3d Kh] [2h]
mr.Jckpot: checks 
Fafon8989: checks 
*** RIVER *** [Td 3d Kh 2h] [9h]
mr.Jckpot: checks 
Fafon8989: bets $7
mr.Jckpot: folds 
Uncalled bet ($7) returned to Fafon8989
Fafon8989 collected $5.22 from pot
*** SUMMARY ***
Total pot $5.50 | Rake $0.28 
Board [Td 3d Kh 2h 9h]
Seat 3: sta$igk
Seat 1: Rnuhaj1 folded on the Flop (didn't bet)
Seat 2: tukeiron folded before Flop (didn't bet)
Seat 4: Fafon8989 (button) collected ($5.22)
Seat 5: Felete1981 (small blind) folded before Flop
Seat 6: mr.Jckpot (big blind) folded on the River



PokerStars Hand #254262698443:  Hold'em No Limit ($0.50/$1.00 USD) - 2025/01/08 16:07:19 WET [2025/01/08 11:07:19 ET]
Table 'Endymion II' 6-max Seat #5 is the button
Seat 3: sta$igk ($100.27 in chips) is sitting out
Seat 1: Rnuhaj1 ($9.17 in chips) 
Seat 4: Fafon8989 ($13.92 in chips) 
Seat 5: Felete1981 ($10 in chips) 
Seat 6: mr.Jckpot ($100 in chips) 
mr.Jckpot: posts small blind $0.50
Rnuhaj1: posts big blind $1
sta$igk: sits out 
*** HOLE CARDS ***
Fafon8989: folds 
Felete1981: raises $2 to $3
mr.Jckpot: folds 
PayTaxOrDie joins the table at seat #2 
Rnuhaj1: folds 
Uncalled bet ($2) returned to Felete1981
Felete1981 collected $2.50 from pot
*** SUMMARY ***
Total pot $2.50 | Rake $0 
Seat 3: sta$igk
Seat 1: Rnuhaj1 (big blind) folded before Flop
Seat 4: Fafon8989 folded before Flop (didn't bet)
Seat 5: Felete1981 (button) collected ($2.50)
Seat 6: mr.Jckpot (small blind) folded before Flop



PokerStars Hand #254262705331:  Hold'em No Limit ($0.50/$1.00 USD) - 2025/01/08 16:07:49 WET [2025/01/08 11:07:49 ET]
Table 'Endymion II' 6-max Seat #6 is the button
Seat 3: sta$igk ($100.27 in chips) is sitting out
Seat 1: Rnuhaj1 ($8.17 in chips) 
Seat 2: PayTaxOrDie ($100 in chips) 
Seat 4: Fafon8989 ($13.92 in chips) 
Seat 5: Felete1981 ($11.50 in chips) 
Seat 6: mr.Jckpot ($100 in chips) 
Rnuhaj1: posts small blind $0.50
PayTaxOrDie: posts big blind $1
sta$igk: sits out 
*** HOLE CARDS ***
Fafon8989: calls $1
Felete1981: folds 
mr.Jckpot: folds 
Rnuhaj1: raises $6.17 to $7.17
PayTaxOrDie: folds 
Fafon8989: folds 
Uncalled bet ($6.17) returned to Rnuhaj1
Rnuhaj1 collected $3 from pot
*** SUMMARY ***
Total pot $3 | Rake $0 
Seat 3: sta$igk
Seat 1: Rnuhaj1 (small blind) collected ($3)
Seat 2: PayTaxOrDie (big blind) folded before Flop
Seat 4: Fafon8989 folded before Flop
Seat 5: Felete1981 folded before Flop (didn't bet)
Seat 6: mr.Jckpot (button) folded before Flop (didn't bet)



PokerStars Hand #254262710945:  Hold'em No Limit ($0.50/$1.00 USD) - 2025/01/08 16:08:14 WET [2025/01/08 11:08:14 ET]
Table 'Endymion II' 6-max Seat #1 is the button
Seat 1: Rnuhaj1 ($10.17 in chips) 
Seat 2: PayTaxOrDie ($100 in chips) 
Seat 3: sta$igk ($100.27 in chips) 
Seat 4: Fafon8989 ($12.92 in chips) 
Seat 5: Felete1981 ($11.50 in chips) 
Seat 6: mr.Jckpot ($100 in chips) 
PayTaxOrDie: posts small blind $0.50
sta$igk: posts big blind $1
*** HOLE CARDS ***
Fafon8989: calls $1
Felete1981: folds 
mr.Jckpot: folds 
Rnuhaj1: folds 
PayTaxOrDie: folds 
sta$igk: checks 
*** FLOP *** [Ks 7c 4s]
sta$igk: checks 
Fafon8989: checks 
*** TURN *** [Ks 7c 4s] [Th]
sta$igk: bets $1.19
Fafon8989: calls $1.19
*** RIVER *** [Ks 7c 4s Th] [Qc]
sta$igk: bets $2.32
Fafon8989: folds 
Uncalled bet ($2.32) returned to sta$igk
sta$igk collected $4.64 from pot
sta$igk: doesn't show hand 
*** SUMMARY ***
Total pot $4.88 | Rake $0.24 
Board [Ks 7c 4s Th Qc]
Seat 1: Rnuhaj1 (button) folded before Flop (didn't bet)
Seat 2: PayTaxOrDie (small blind) folded before Flop
Seat 3: sta$igk (big blind) collected ($4.64)
Seat 4: Fafon8989 folded on the River
Seat 5: Felete1981 folded before Flop (didn't bet)
Seat 6: mr.Jckpot folded before Flop (didn't bet)



PokerStars Hand #254262725609:  Hold'em No Limit ($0.50/$1.00 USD) - 2025/01/08 16:09:18 WET [2025/01/08 11:09:18 ET]
Table 'Endymion II' 6-max Seat #2 is the button
Seat 1: Rnuhaj1 ($10.17 in chips) 
Seat 2: PayTaxOrDie ($100 in chips) 
Seat 3: sta$igk ($102.72 in chips) 
Seat 4: Fafon8989 ($10.73 in chips) 
Seat 5: Felete1981 ($11.50 in chips) 
Seat 6: mr.Jckpot ($100 in chips) 
sta$igk: posts small blind $0.50
Fafon8989: posts big blind $1
*** HOLE CARDS ***
Felete1981: raises $10.50 to $11.50 and is all-in
mr.Jckpot: folds 
Rnuhaj1: folds 
PayTaxOrDie: folds 
sta$igk: folds 
Fafon8989: folds 
Uncalled bet ($10.50) returned to Felete1981
Felete1981 collected $2.50 from pot
*** SUMMARY ***
Total pot $2.50 | Rake $0 
Seat 1: Rnuhaj1 folded before Flop (didn't bet)
Seat 2: PayTaxOrDie (button) folded before Flop (didn't bet)
Seat 3: sta$igk (small blind) folded before Flop
Seat 4: Fafon8989 (big blind) folded before Flop
Seat 5: Felete1981 collected ($2.50)
Seat 6: mr.Jckpot folded before Flop (didn't bet)



PokerStars Hand #254262730372:  Hold'em No Limit ($0.50/$1.00 USD) - 2025/01/08 16:09:39 WET [2025/01/08 11:09:39 ET]
Table 'Endymion II' 6-max Seat #3 is the button
Seat 1: Rnuhaj1 ($10.17 in chips) 
Seat 2: PayTaxOrDie ($100 in chips) 
Seat 3: sta$igk ($102.22 in chips) 
Seat 4: Fafon8989 ($9.73 in chips) 
Seat 5: Felete1981 ($13 in chips) 
Seat 6: mr.Jckpot ($100 in chips) 
Fafon8989: posts small blind $0.50
Felete1981: posts big blind $1
*** HOLE CARDS ***
mr.Jckpot: raises $1.50 to $2.50
Rnuhaj1: folds 
PayTaxOrDie: folds 
sta$igk: folds 
Fafon8989: calls $2
Felete1981: folds 
*** FLOP *** [3h 3d 9h]
Fafon8989: bets $7.23 and is all-in
mr.Jckpot: folds 
Uncalled bet ($7.23) returned to Fafon8989
Fafon8989 collected $5.70 from pot
*** SUMMARY ***
Total pot $6 | Rake $0.30 
Board [3h 3d 9h]
Seat 1: Rnuhaj1 folded before Flop (didn't bet)
Seat 2: PayTaxOrDie folded before Flop (didn't bet)
Seat 3: sta$igk (button) folded before Flop (didn't bet)
Seat 4: Fafon8989 (small blind) collected ($5.70)
Seat 5: Felete1981 (big blind) folded before Flop
Seat 6: mr.Jckpot folded on the Flop



PokerStars Hand #254262734893:  Hold'em No Limit ($0.50/$1.00 USD) - 2025/01/08 16:09:58 WET [2025/01/08 11:09:58 ET]
Table 'Endymion II' 6-max Seat #4 is the button
Seat 1: Rnuhaj1 ($10.17 in chips) 
Seat 2: PayTaxOrDie ($100 in chips) 
Seat 3: sta$igk ($102.22 in chips) 
Seat 4: Fafon8989 ($12.93 in chips) 
Seat 5: Felete1981 ($12 in chips) 
Seat 6: mr.Jckpot ($100 in chips) 
Felete1981: posts small blind $0.50
mr.Jckpot: posts big blind $1
*** HOLE CARDS ***
Rnuhaj1: folds 
PayTaxOrDie: folds 
sta$igk: folds 
Fafon8989: folds 
Felete1981: folds 
Uncalled bet ($0.50) returned to mr.Jckpot
mr.Jckpot collected $1 from pot
mr.Jckpot: doesn't show hand 
*** SUMMARY ***
Total pot $1 | Rake $0 
Seat 1: Rnuhaj1 folded before Flop (didn't bet)
Seat 2: PayTaxOrDie folded before Flop (didn't bet)
Seat 3: sta$igk folded before Flop (didn't bet)
Seat 4: Fafon8989 (button) folded before Flop (didn't bet)
Seat 5: Felete1981 (small blind) folded before Flop
Seat 6: mr.Jckpot (big blind) collected ($1)



PokerStars Hand #254262737399:  Hold'em No Limit ($0.50/$1.00 USD) - 2025/01/08 16:10:09 WET [2025/01/08 11:10:09 ET]
Table 'Endymion II' 6-max Seat #5 is the button
Seat 1: Rnuhaj1 ($10.17 in chips) 
Seat 2: PayTaxOrDie ($100 in chips) 
Seat 3: sta$igk ($102.22 in chips) 
Seat 4: Fafon8989 ($12.93 in chips) 
Seat 5: Felete1981 ($11.50 in chips) 
Seat 6: mr.Jckpot ($100.50 in chips) 
mr.Jckpot: posts small blind $0.50
Rnuhaj1: posts big blind $1
*** HOLE CARDS ***
PayTaxOrDie: folds 
sta$igk: folds 
Fafon8989: raises $2 to $3
Felete1981: folds 
mr.Jckpot: folds 
Rnuhaj1: folds 
Uncalled bet ($2) returned to Fafon8989
Fafon8989 collected $2.50 from pot
*** SUMMARY ***
Total pot $2.50 | Rake $0 
Seat 1: Rnuhaj1 (big blind) folded before Flop
Seat 2: PayTaxOrDie folded before Flop (didn't bet)
Seat 3: sta$igk folded before Flop (didn't bet)
Seat 4: Fafon8989 collected ($2.50)
Seat 5: Felete1981 (button) folded before Flop (didn't bet)
Seat 6: mr.Jckpot (small blind) folded before Flop



PokerStars Hand #254262741873:  Hold'em No Limit ($0.50/$1.00 USD) - 2025/01/08 16:10:28 WET [2025/01/08 11:10:28 ET]
Table 'Endymion II' 6-max Seat #6 is the button
Seat 1: Rnuhaj1 ($9.17 in chips) 
Seat 2: PayTaxOrDie ($100 in chips) 
Seat 3: sta$igk ($102.22 in chips) 
Seat 4: Fafon8989 ($14.43 in chips) 
Seat 5: Felete1981 ($11.50 in chips) 
Seat 6: mr.Jckpot ($100 in chips) 
Rnuhaj1: posts small blind $0.50
PayTaxOrDie: posts big blind $1
*** HOLE CARDS ***
sta$igk: folds 
Fafon8989: folds 
Felete1981: folds 
mr.Jckpot: folds 
Rnuhaj1: folds 
Uncalled bet ($0.50) returned to PayTaxOrDie
PayTaxOrDie collected $1 from pot
PayTaxOrDie: doesn't show hand 
*** SUMMARY ***
Total pot $1 | Rake $0 
Seat 1: Rnuhaj1 (small blind) folded before Flop
Seat 2: PayTaxOrDie (big blind) collected ($1)
Seat 3: sta$igk folded before Flop (didn't bet)
Seat 4: Fafon8989 folded before Flop (didn't bet)
Seat 5: Felete1981 folded before Flop (didn't bet)
Seat 6: mr.Jckpot (button) folded before Flop (didn't bet)



PokerStars Hand #254262744233:  Hold'em No Limit ($0.50/$1.00 USD) - 2025/01/08 16:10:38 WET [2025/01/08 11:10:38 ET]
Table 'Endymion II' 6-max Seat #1 is the button
Seat 1: Rnuhaj1 ($8.67 in chips) 
Seat 2: PayTaxOrDie ($100.50 in chips) 
Seat 3: sta$igk ($102.22 in chips) 
Seat 4: Fafon8989 ($14.43 in chips) 
Seat 5: Felete1981 ($11.50 in chips) 
Seat 6: mr.Jckpot ($100 in chips) 
PayTaxOrDie: posts small blind $0.50
sta$igk: posts big blind $1
*** HOLE CARDS ***
Fafon8989: folds 
Felete1981: folds 
mr.Jckpot: folds 
Rnuhaj1: folds 
PayTaxOrDie: raises $2 to $3
sta$igk: folds 
Uncalled bet ($2) returned to PayTaxOrDie
PayTaxOrDie collected $2 from pot
PayTaxOrDie: doesn't show hand 
*** SUMMARY ***
Total pot $2 | Rake $0 
Seat 1: Rnuhaj1 (button) folded before Flop (didn't bet)
Seat 2: PayTaxOrDie (small blind) collected ($2)
Seat 3: sta$igk (big blind) folded before Flop
Seat 4: Fafon8989 folded before Flop (didn't bet)
Seat 5: Felete1981 folded before Flop (didn't bet)
Seat 6: mr.Jckpot folded before Flop (didn't bet)



PokerStars Hand #254262754478:  Hold'em No Limit ($0.50/$1.00 USD) - 2025/01/08 16:11:23 WET [2025/01/08 11:11:23 ET]
Table 'Endymion II' 6-max Seat #2 is the button
Seat 1: Rnuhaj1 ($8.67 in chips) 
Seat 2: PayTaxOrDie ($101.50 in chips) 
Seat 3: sta$igk ($101.22 in chips) 
Seat 4: Fafon8989 ($14.43 in chips) 
Seat 5: Felete1981 ($11.50 in chips) 
Seat 6: mr.Jckpot ($100 in chips) 
sta$igk: posts small blind $0.50
Fafon8989: posts big blind $1
*** HOLE CARDS ***
Felete1981: calls $1
mr.Jckpot: folds 
Rnuhaj1: raises $7.67 to $8.67 and is all-in
PayTaxOrDie: folds 
sta$igk: folds 
Fafon8989: folds 
Felete1981: folds 
Uncalled bet ($7.67) returned to Rnuhaj1
Rnuhaj1 collected $3.50 from pot
*** SUMMARY ***
Total pot $3.50 | Rake $0 
Seat 1: Rnuhaj1 collected ($3.50)
Seat 2: PayTaxOrDie (button) folded before Flop (didn't bet)
Seat 3: sta$igk (small blind) folded before Flop
Seat 4: Fafon8989 (big blind) folded before Flop
Seat 5: Felete1981 folded before Flop
Seat 6: mr.Jckpot folded before Flop (didn't bet)



PokerStars Hand #254262761213:  Hold'em No Limit ($0.50/$1.00 USD) - 2025/01/08 16:11:52 WET [2025/01/08 11:11:52 ET]
Table 'Endymion II' 6-max Seat #3 is the button
Seat 1: Rnuhaj1 ($11.17 in chips) 
Seat 2: PayTaxOrDie ($101.50 in chips) 
Seat 3: sta$igk ($100.72 in chips) 
Seat 4: Fafon8989 ($13.43 in chips) 
Seat 5: Felete1981 ($10.50 in chips) 
Seat 6: mr.Jckpot ($100 in chips) 
Fafon8989: posts small blind $0.50
Felete1981: posts big blind $1
*** HOLE CARDS ***
mr.Jckpot: folds 
Rnuhaj1: folds 
PayTaxOrDie: folds 
sta$igk: folds 
Fafon8989: raises $3 to $4
Felete1981: folds 
Uncalled bet ($3) returned to Fafon8989
Fafon8989 collected $2 from pot
*** SUMMARY ***
Total pot $2 | Rake $0 
Seat 1: Rnuhaj1 folded before Flop (didn't bet)
Seat 2: PayTaxOrDie folded before Flop (didn't bet)
Seat 3: sta$igk (button) folded before Flop (didn't bet)
Seat 4: Fafon8989 (small blind) collected ($2)
Seat 5: Felete1981 (big blind) folded before Flop
Seat 6: mr.Jckpot folded before Flop (didn't bet)



PokerStars Hand #254262765224:  Hold'em No Limit ($0.50/$1.00 USD) - 2025/01/08 16:12:08 WET [2025/01/08 11:12:08 ET]
Table 'Endymion II' 6-max Seat #4 is the button
Seat 1: Rnuhaj1 ($11.17 in chips) 
Seat 2: PayTaxOrDie ($101.50 in chips) 
Seat 3: sta$igk ($100.72 in chips) 
Seat 4: Fafon8989 ($14.43 in chips) 
Seat 5: Felete1981 ($9.50 in chips) 
Seat 6: mr.Jckpot ($100 in chips) 
Felete1981: posts small blind $0.50
mr.Jckpot: posts big blind $1
*** HOLE CARDS ***
Rnuhaj1: folds 
PayTaxOrDie: folds 
sta$igk: folds 
Fafon8989: folds 
Felete1981: calls $0.50
mr.Jckpot: checks 
*** FLOP *** [9d 8c 7s]
Felete1981: checks 
mr.Jckpot: checks 
*** TURN *** [9d 8c 7s] [4c]
Felete1981: bets $1
mr.Jckpot: calls $1
*** RIVER *** [9d 8c 7s 4c] [4s]
Felete1981: checks 
mr.Jckpot: checks 
*** SHOW DOWN ***
Felete1981: shows [3d Qd] (a pair of Fours)
mr.Jckpot: shows [3c 7c] (two pair, Sevens and Fours)
mr.Jckpot collected $3.80 from pot
*** SUMMARY ***
Total pot $4 | Rake $0.20 
Board [9d 8c 7s 4c 4s]
Seat 1: Rnuhaj1 folded before Flop (didn't bet)
Seat 2: PayTaxOrDie folded before Flop (didn't bet)
Seat 3: sta$igk folded before Flop (didn't bet)
Seat 4: Fafon8989 (button) folded before Flop (didn't bet)
Seat 5: Felete1981 (small blind) showed [3d Qd] and lost with a pair of Fours
Seat 6: mr.Jckpot (big blind) showed [3c 7c] and won ($3.80) with two pair, Sevens and Fours



PokerStars Hand #254262773201:  Hold'em No Limit ($0.50/$1.00 USD) - 2025/01/08 16:12:43 WET [2025/01/08 11:12:43 ET]
Table 'Endymion II' 6-max Seat #5 is the button
Seat 1: Rnuhaj1 ($11.17 in chips) 
Seat 2: PayTaxOrDie ($101.50 in chips) 
Seat 3: sta$igk ($100.72 in chips) 
Seat 4: Fafon8989 ($14.43 in chips) 
Seat 5: Felete1981 ($7.50 in chips) 
Seat 6: mr.Jckpot ($101.80 in chips) 
mr.Jckpot: posts small blind $0.50
Rnuhaj1: posts big blind $1
*** HOLE CARDS ***
PayTaxOrDie: raises $1 to $2
sta$igk: folds 
Fafon8989: calls $2
Felete1981: folds 
mr.Jckpot: folds 
Rnuhaj1: calls $1
*** FLOP *** [4s Ac 6d]
Rnuhaj1: checks 
PayTaxOrDie: bets $1.54
Fafon8989: folds 
Rnuhaj1: folds 
Uncalled bet ($1.54) returned to PayTaxOrDie
PayTaxOrDie collected $6.18 from pot
PayTaxOrDie: doesn't show hand 
*** SUMMARY ***
Total pot $6.50 | Rake $0.32 
Board [4s Ac 6d]
Seat 1: Rnuhaj1 (big blind) folded on the Flop
Seat 2: PayTaxOrDie collected ($6.18)
Seat 3: sta$igk folded before Flop (didn't bet)
Seat 4: Fafon8989 folded on the Flop
Seat 5: Felete1981 (button) folded before Flop (didn't bet)
Seat 6: mr.Jckpot (small blind) folded before Flop



PokerStars Hand #254262782196:  Hold'em No Limit ($0.50/$1.00 USD) - 2025/01/08 16:13:21 WET [2025/01/08 11:13:21 ET]
Table 'Endymion II' 6-max Seat #6 is the button
Seat 1: Rnuhaj1 ($9.17 in chips) 
Seat 2: PayTaxOrDie ($105.68 in chips) 
Seat 3: sta$igk ($100.72 in chips) 
Seat 4: Fafon8989 ($12.43 in chips) 
Seat 5: Felete1981 ($7.50 in chips) 
Seat 6: mr.Jckpot ($101.30 in chips) 
Rnuhaj1: posts small blind $0.50
PayTaxOrDie: posts big blind $1
*** HOLE CARDS ***
sta$igk: folds 
Fafon8989: folds 
Felete1981: raises $2 to $3
mr.Jckpot: folds 
Rnuhaj1: folds 
PayTaxOrDie: calls $2
*** FLOP *** [Ad 6h Jh]
PayTaxOrDie: checks 
Felete1981: bets $4.50 and is all-in
PayTaxOrDie: calls $4.50
*** TURN *** [Ad 6h Jh] [9d]
*** RIVER *** [Ad 6h Jh 9d] [Qs]
*** SHOW DOWN ***
PayTaxOrDie: shows [2h Kh] (high card Ace)
Felete1981: shows [6s As] (two pair, Aces and Sixes)
Felete1981 cashed out the hand for $9.95 | Cash Out Fee $0.20
*** SUMMARY ***
Total pot $15.50 | Rake $0.78 
Board [Ad 6h Jh 9d Qs]
Seat 1: Rnuhaj1 (small blind) folded before Flop
Seat 2: PayTaxOrDie (big blind) showed [2h Kh] and lost with high card Ace
Seat 3: sta$igk folded before Flop (didn't bet)
Seat 4: Fafon8989 folded before Flop (didn't bet)
Seat 5: Felete1981 showed [6s As] and won ($14.72) with two pair, Aces and Sixes (pot not awarded as player cashed out)
Seat 6: mr.Jckpot (button) folded before Flop (didn't bet)



PokerStars Hand #254262848762:  Hold'em No Limit ($0.50/$1.00 USD) - 2025/01/08 16:18:05 WET [2025/01/08 11:18:05 ET]
Table 'Endymion II' 6-max Seat #2 is the button
Seat 3: zanda91 ($40.87 in chips) is sitting out
Seat 1: Xenicide ($100 in chips) 
Seat 2: PayTaxOrDie ($103 in chips) 
Seat 4: Fafon8989 ($6.93 in chips) 
Seat 6: BallerXOne ($100 in chips) 
Fafon8989: posts small blind $0.50
BallerXOne: posts big blind $1
*** HOLE CARDS ***
Xenicide: folds 
sta$igk joins the table at seat #5 
PayTaxOrDie: folds 
Fafon8989: calls $0.50
BallerXOne: checks 
*** FLOP *** [8s 5h 5c]
Fafon8989: bets $1
BallerXOne: calls $1
*** TURN *** [8s 5h 5c] [Qh]
Fafon8989: bets $1
BallerXOne: folds 
Uncalled bet ($1) returned to Fafon8989
Fafon8989 collected $3.80 from pot
*** SUMMARY ***
Total pot $4 | Rake $0.20 
Board [8s 5h 5c Qh]
Seat 3: zanda91
Seat 1: Xenicide folded before Flop (didn't bet)
Seat 2: PayTaxOrDie (button) folded before Flop (didn't bet)
Seat 4: Fafon8989 (small blind) collected ($3.80)
Seat 6: BallerXOne (big blind) folded on the Turn



PokerStars Hand #254262856934:  Hold'em No Limit ($0.50/$1.00 USD) - 2025/01/08 16:18:39 WET [2025/01/08 11:18:39 ET]
Table 'Endymion II' 6-max Seat #4 is the button
Seat 5: sta$igk ($100 in chips) is sitting out
Seat 1: Xenicide ($100 in chips) 
Seat 2: PayTaxOrDie ($103 in chips) 
Seat 3: zanda91 ($40.87 in chips) 
Seat 4: Fafon8989 ($8.73 in chips) 
Seat 6: BallerXOne ($100 in chips) 
BallerXOne: posts small blind $0.50
Xenicide: posts big blind $1
zanda91: posts big blind $1
*** HOLE CARDS ***
PayTaxOrDie: folds 
zanda91: checks 
Fafon8989: folds 
BallerXOne: folds 
Xenicide: checks 
*** FLOP *** [6c 4s 5h]
Xenicide: bets $1.31
zanda91: folds 
Uncalled bet ($1.31) returned to Xenicide
Xenicide collected $2.38 from pot
*** SUMMARY ***
Total pot $2.50 | Rake $0.12 
Board [6c 4s 5h]
Seat 5: sta$igk
Seat 1: Xenicide (big blind) collected ($2.38)
Seat 2: PayTaxOrDie folded before Flop (didn't bet)
Seat 3: zanda91 folded on the Flop (didn't bet)
Seat 4: Fafon8989 (button) folded before Flop (didn't bet)
Seat 6: BallerXOne (small blind) folded before Flop



PokerStars Hand #254262861777:  Hold'em No Limit ($0.50/$1.00 USD) - 2025/01/08 16:19:00 WET [2025/01/08 11:19:00 ET]
Table 'Endymion II' 6-max Seat #6 is the button
Seat 5: sta$igk ($100 in chips) is sitting out
Seat 1: Xenicide ($101.38 in chips) 
Seat 2: PayTaxOrDie ($103 in chips) 
Seat 3: zanda91 ($39.87 in chips) 
Seat 4: Fafon8989 ($8.73 in chips) 
Seat 6: BallerXOne ($100 in chips) 
Xenicide: posts small blind $0.50
PayTaxOrDie: posts big blind $1
sta$igk: sits out 
*** HOLE CARDS ***
zanda91: folds 
Fafon8989: folds 
BallerXOne: folds 
Xenicide: raises $2.50 to $3.50
PayTaxOrDie: folds 
Uncalled bet ($2.50) returned to Xenicide
Xenicide collected $2 from pot
*** SUMMARY ***
Total pot $2 | Rake $0 
Seat 5: sta$igk
Seat 1: Xenicide (small blind) collected ($2)
Seat 2: PayTaxOrDie (big blind) folded before Flop
Seat 3: zanda91 folded before Flop (didn't bet)
Seat 4: Fafon8989 folded before Flop (didn't bet)
Seat 6: BallerXOne (button) folded before Flop (didn't bet)



PokerStars Hand #254262864228:  Hold'em No Limit ($0.50/$1.00 USD) - 2025/01/08 16:19:10 WET [2025/01/08 11:19:10 ET]
Table 'Endymion II' 6-max Seat #1 is the button
Seat 5: sta$igk ($100 in chips) is sitting out
Seat 1: Xenicide ($102.38 in chips) 
Seat 2: PayTaxOrDie ($102 in chips) 
Seat 3: zanda91 ($39.87 in chips) 
Seat 4: Fafon8989 ($8.73 in chips) 
Seat 6: BallerXOne ($100 in chips) 
PayTaxOrDie: posts small blind $0.50
zanda91: posts big blind $1
sta$igk: sits out 
*** HOLE CARDS ***
Fafon8989: folds 
BallerXOne: raises $1.50 to $2.50
Xenicide: raises $4.50 to $7
PayTaxOrDie: folds 
zanda91: calls $6
BallerXOne: raises $17 to $24
Xenicide: folds 
zanda91: raises $15.87 to $39.87 and is all-in
BallerXOne: calls $15.87
*** FLOP *** [Jd Ad 6d]
*** TURN *** [Jd Ad 6d] [8h]
*** RIVER *** [Jd Ad 6d 8h] [5d]
*** SHOW DOWN ***
zanda91: shows [7s 7h] (a pair of Sevens)
BallerXOne: shows [Qc Qh] (a pair of Queens)
BallerXOne collected $84.74 from pot
*** SUMMARY ***
Total pot $87.24 | Rake $2.50 
Board [Jd Ad 6d 8h 5d]
Seat 5: sta$igk
Seat 1: Xenicide (button) folded before Flop
Seat 2: PayTaxOrDie (small blind) folded before Flop
Seat 3: zanda91 (big blind) showed [7s 7h] and lost with a pair of Sevens
Seat 4: Fafon8989 folded before Flop (didn't bet)
Seat 6: BallerXOne showed [Qc Qh] and won ($84.74) with a pair of Queens



PokerStars Hand #254262878867:  Hold'em No Limit ($0.50/$1.00 USD) - 2025/01/08 16:20:13 WET [2025/01/08 11:20:13 ET]
Table 'Endymion II' 6-max Seat #2 is the button
Seat 3: zanda91 ($0 in chips) is sitting out
Seat 1: Xenicide ($100 in chips) 
Seat 2: PayTaxOrDie ($101.50 in chips) 
Seat 4: Fafon8989 ($8.73 in chips) 
Seat 5: sta$igk ($100 in chips) 
Seat 6: BallerXOne ($144.87 in chips) 
Fafon8989: posts small blind $0.50
sta$igk: posts big blind $1
*** HOLE CARDS ***
BallerXOne: raises $1.50 to $2.50
Xenicide: folds 
PayTaxOrDie: folds 
Fafon8989: folds 
sta$igk: folds 
Uncalled bet ($1.50) returned to BallerXOne
BallerXOne collected $2.50 from pot
BallerXOne: doesn't show hand 
zanda91 leaves the table
*** SUMMARY ***
Total pot $2.50 | Rake $0 
Seat 3: zanda91
Seat 1: Xenicide folded before Flop (didn't bet)
Seat 2: PayTaxOrDie (button) folded before Flop (didn't bet)
Seat 4: Fafon8989 (small blind) folded before Flop
Seat 5: sta$igk (big blind) folded before Flop
Seat 6: BallerXOne collected ($2.50)



PokerStars Hand #254262881426:  Hold'em No Limit ($0.50/$1.00 USD) - 2025/01/08 16:20:23 WET [2025/01/08 11:20:23 ET]
Table 'Endymion II' 6-max Seat #4 is the button
Seat 1: Xenicide ($100 in chips) 
Seat 2: PayTaxOrDie ($101.50 in chips) 
Seat 4: Fafon8989 ($8.23 in chips) 
Seat 5: sta$igk ($100 in chips) 
Seat 6: BallerXOne ($146.37 in chips) 
sta$igk: posts small blind $0.50
BallerXOne: posts big blind $1
*** HOLE CARDS ***
Xenicide: folds 
PayTaxOrDie: folds 
Gjeneral66 joins the table at seat #3 
Gjeneral66 is disconnected 
Fafon8989: calls $1
sta$igk: raises $10 to $11
BallerXOne: folds 
Fafon8989: folds 
Uncalled bet ($10) returned to sta$igk
sta$igk collected $3 from pot
sta$igk: doesn't show hand 
*** SUMMARY ***
Total pot $3 | Rake $0 
Seat 1: Xenicide folded before Flop (didn't bet)
Seat 2: PayTaxOrDie folded before Flop (didn't bet)
Seat 4: Fafon8989 (button) folded before Flop
Seat 5: sta$igk (small blind) collected ($3)
Seat 6: BallerXOne (big blind) folded before Flop



PokerStars Hand #254262889440:  Hold'em No Limit ($0.50/$1.00 USD) - 2025/01/08 16:20:57 WET [2025/01/08 11:20:57 ET]
Table 'Endymion II' 6-max Seat #5 is the button
Seat 1: Xenicide ($100 in chips) 
Seat 2: PayTaxOrDie ($101.50 in chips) 
Seat 3: Gjeneral66 ($41.56 in chips) 
Seat 4: Fafon8989 ($7.23 in chips) 
Seat 5: sta$igk ($102 in chips) 
Seat 6: BallerXOne ($145.37 in chips) 
BallerXOne: posts small blind $0.50
Xenicide: posts big blind $1
Gjeneral66: posts big blind $1
*** HOLE CARDS ***
PayTaxOrDie: folds 
Gjeneral66: checks 
Fafon8989: folds 
sta$igk: folds 
BallerXOne: folds 
Xenicide: checks 
*** FLOP *** [2d 4h 7c]
Xenicide: bets $1.31
Gjeneral66: folds 
Uncalled bet ($1.31) returned to Xenicide
Xenicide collected $2.38 from pot
*** SUMMARY ***
Total pot $2.50 | Rake $0.12 
Board [2d 4h 7c]
Seat 1: Xenicide (big blind) collected ($2.38)
Seat 2: PayTaxOrDie folded before Flop (didn't bet)
Seat 3: Gjeneral66 folded on the Flop (didn't bet)
Seat 4: Fafon8989 folded before Flop (didn't bet)
Seat 5: sta$igk (button) folded before Flop (didn't bet)
Seat 6: BallerXOne (small blind) folded before Flop



PokerStars Hand #254262897455:  Hold'em No Limit ($0.50/$1.00 USD) - 2025/01/08 16:21:31 WET [2025/01/08 11:21:31 ET]
Table 'Endymion II' 6-max Seat #6 is the button
Seat 1: Xenicide ($101.38 in chips) 
Seat 2: PayTaxOrDie ($101.50 in chips) 
Seat 3: Gjeneral66 ($40.56 in chips) 
Seat 4: Fafon8989 ($7.23 in chips) 
Seat 5: sta$igk ($102 in chips) 
Seat 6: BallerXOne ($144.87 in chips) 
Xenicide: posts small blind $0.50
PayTaxOrDie: posts big blind $1
*** HOLE CARDS ***
Gjeneral66: folds 
Fafon8989: raises $2 to $3
sta$igk: folds 
BallerXOne: folds 
Xenicide: folds 
PayTaxOrDie: calls $2
*** FLOP *** [8s 4s 2s]
PayTaxOrDie: checks 
Fafon8989: bets $4.23 and is all-in
PayTaxOrDie: calls $4.23
*** TURN *** [8s 4s 2s] [6c]
*** RIVER *** [8s 4s 2s 6c] [Qs]
*** SHOW DOWN ***
PayTaxOrDie: shows [9c Ks] (a flush, King high)
Fafon8989: shows [Ad Ac] (a pair of Aces)
PayTaxOrDie collected $14.21 from pot
*** SUMMARY ***
Total pot $14.96 | Rake $0.75 
Board [8s 4s 2s 6c Qs]
Seat 1: Xenicide (small blind) folded before Flop
Seat 2: PayTaxOrDie (big blind) showed [9c Ks] and won ($14.21) with a flush, King high
Seat 3: Gjeneral66 folded before Flop (didn't bet)
Seat 4: Fafon8989 showed [Ad Ac] and lost with a pair of Aces
Seat 5: sta$igk folded before Flop (didn't bet)
Seat 6: BallerXOne (button) folded before Flop (didn't bet)



PokerStars Hand #254262908739:  Hold'em No Limit ($0.50/$1.00 USD) - 2025/01/08 16:22:19 WET [2025/01/08 11:22:19 ET]
Table 'Endymion II' 6-max Seat #1 is the button
Seat 4: Fafon8989 ($0 in chips) is sitting out
Seat 1: Xenicide ($100.88 in chips) 
Seat 2: PayTaxOrDie ($108.48 in chips) 
Seat 3: Gjeneral66 ($40.56 in chips) 
Seat 5: sta$igk ($102 in chips) 
Seat 6: BallerXOne ($144.87 in chips) 
PayTaxOrDie: posts small blind $0.50
Gjeneral66: posts big blind $1
*** HOLE CARDS ***
sta$igk: folds 
BallerXOne: folds 
Fafon8989 leaves the table
Xenicide: raises $1.25 to $2.25
PayTaxOrDie: folds 
Gjeneral66: folds 
Uncalled bet ($1.25) returned to Xenicide
Xenicide collected $2.50 from pot
*** SUMMARY ***
Total pot $2.50 | Rake $0 
Seat 4: Fafon8989
Seat 1: Xenicide (button) collected ($2.50)
Seat 2: PayTaxOrDie (small blind) folded before Flop
Seat 3: Gjeneral66 (big blind) folded before Flop
Seat 5: sta$igk folded before Flop (didn't bet)
Seat 6: BallerXOne folded before Flop (didn't bet)



PokerStars Hand #254262914804:  Hold'em No Limit ($0.50/$1.00 USD) - 2025/01/08 16:22:45 WET [2025/01/08 11:22:45 ET]
Table 'Endymion II' 6-max Seat #2 is the button
Seat 1: Xenicide ($102.38 in chips) 
Seat 2: PayTaxOrDie ($107.98 in chips) 
Seat 3: Gjeneral66 ($39.56 in chips) 
Seat 5: sta$igk ($102 in chips) 
Seat 6: BallerXOne ($144.87 in chips) 
Gjeneral66: posts small blind $0.50
sta$igk: posts big blind $1
*** HOLE CARDS ***
BallerXOne: folds 
TheBluffPL joins the table at seat #4 
Xenicide: folds 
PayTaxOrDie: raises $1.50 to $2.50
Gjeneral66: folds 
sta$igk: folds 
Uncalled bet ($1.50) returned to PayTaxOrDie
PayTaxOrDie collected $2.50 from pot
PayTaxOrDie: doesn't show hand 
*** SUMMARY ***
Total pot $2.50 | Rake $0 
Seat 1: Xenicide folded before Flop (didn't bet)
Seat 2: PayTaxOrDie (button) collected ($2.50)
Seat 3: Gjeneral66 (small blind) folded before Flop
Seat 5: sta$igk (big blind) folded before Flop
Seat 6: BallerXOne folded before Flop (didn't bet)



PokerStars Hand #254262918098:  Hold'em No Limit ($0.50/$1.00 USD) - 2025/01/08 16:22:59 WET [2025/01/08 11:22:59 ET]
Table 'Endymion II' 6-max Seat #3 is the button
Seat 4: TheBluffPL ($20 in chips) is sitting out
Seat 1: Xenicide ($102.38 in chips) 
Seat 2: PayTaxOrDie ($109.48 in chips) 
Seat 3: Gjeneral66 ($39.06 in chips) 
Seat 5: sta$igk ($101 in chips) 
Seat 6: BallerXOne ($144.87 in chips) 
sta$igk: posts small blind $0.50
BallerXOne: posts big blind $1
*** HOLE CARDS ***
Xenicide: folds 
PayTaxOrDie: raises $1.30 to $2.30
Gjeneral66: folds 
sta$igk: folds 
BallerXOne: folds 
Uncalled bet ($1.30) returned to PayTaxOrDie
PayTaxOrDie collected $2.50 from pot
PayTaxOrDie: doesn't show hand 
*** SUMMARY ***
Total pot $2.50 | Rake $0 
Seat 4: TheBluffPL
Seat 1: Xenicide folded before Flop (didn't bet)
Seat 2: PayTaxOrDie collected ($2.50)
Seat 3: Gjeneral66 (button) folded before Flop (didn't bet)
Seat 5: sta$igk (small blind) folded before Flop
Seat 6: BallerXOne (big blind) folded before Flop



PokerStars Hand #254262920720:  Hold'em No Limit ($0.50/$1.00 USD) - 2025/01/08 16:23:10 WET [2025/01/08 11:23:10 ET]
Table 'Endymion II' 6-max Seat #5 is the button
Seat 1: Xenicide ($102.38 in chips) is sitting out
Seat 4: TheBluffPL ($20 in chips) is sitting out
Seat 2: PayTaxOrDie ($110.98 in chips) 
Seat 3: Gjeneral66 ($39.06 in chips) 
Seat 5: sta$igk ($100.50 in chips) 
Seat 6: BallerXOne ($143.87 in chips) 
BallerXOne: posts small blind $0.50
Xenicide: is sitting out 
PayTaxOrDie: posts big blind $1
TheBluffPL: sits out 
*** HOLE CARDS ***
Gjeneral66: folds 
Xenicide leaves the table
sta$igk: folds 
BallerXOne: folds 
Uncalled bet ($0.50) returned to PayTaxOrDie
PayTaxOrDie collected $1 from pot
PayTaxOrDie: doesn't show hand 
*** SUMMARY ***
Total pot $1 | Rake $0 
Seat 1: Xenicide
Seat 4: TheBluffPL
Seat 2: PayTaxOrDie (big blind) collected ($1)
Seat 3: Gjeneral66 folded before Flop (didn't bet)
Seat 5: sta$igk (button) folded before Flop (didn't bet)
Seat 6: BallerXOne (small blind) folded before Flop



PokerStars Hand #254262922700:  Hold'em No Limit ($0.50/$1.00 USD) - 2025/01/08 16:23:18 WET [2025/01/08 11:23:18 ET]
Table 'Endymion II' 6-max Seat #6 is the button
Seat 4: TheBluffPL ($20 in chips) is sitting out
Seat 2: PayTaxOrDie ($111.48 in chips) 
Seat 3: Gjeneral66 ($39.06 in chips) 
Seat 5: sta$igk ($100.50 in chips) 
Seat 6: BallerXOne ($143.37 in chips) 
PayTaxOrDie: posts small blind $0.50
Gjeneral66: posts big blind $1
TheBluffPL: sits out 
*** HOLE CARDS ***
sta$igk: raises $1.50 to $2.50
BallerXOne: raises $5 to $7.50
PayTaxOrDie: folds 
Gjeneral66: folds 
sta$igk: raises $14.50 to $22
BallerXOne: calls $14.50
*** FLOP *** [3c 4s 7s]
GuigaMan joins the table at seat #1 
sta$igk: bets $22.25
BallerXOne: calls $22.25
*** TURN *** [3c 4s 7s] [6h]
sta$igk: bets $56.25 and is all-in
BallerXOne: calls $56.25
*** RIVER *** [3c 4s 7s 6h] [5h]
*** SHOW DOWN ***
sta$igk: shows [Jc Jd] (a straight, Three to Seven)
BallerXOne: shows [4c Ac] (a straight, Three to Seven)
sta$igk collected $100.75 from pot
BallerXOne collected $100.75 from pot
*** SUMMARY ***
Total pot $202.50 | Rake $1 
Board [3c 4s 7s 6h 5h]
Seat 4: TheBluffPL
Seat 2: PayTaxOrDie (small blind) folded before Flop
Seat 3: Gjeneral66 (big blind) folded before Flop
Seat 5: sta$igk showed [Jc Jd] and won ($100.75) with a straight, Three to Seven
Seat 6: BallerXOne (button) showed [4c Ac] and won ($100.75) with a straight, Three to Seven



PokerStars Hand #254262938439:  Hold'em No Limit ($0.50/$1.00 USD) - 2025/01/08 16:24:25 WET [2025/01/08 11:24:25 ET]
Table 'Endymion II' 6-max Seat #2 is the button
Seat 1: GuigaMan ($100 in chips) is sitting out
Seat 2: PayTaxOrDie ($110.98 in chips) 
Seat 3: Gjeneral66 ($38.06 in chips) 
Seat 4: TheBluffPL ($20 in chips) 
Seat 5: sta$igk ($100.75 in chips) 
Seat 6: BallerXOne ($143.62 in chips) 
Gjeneral66: posts small blind $0.50
TheBluffPL: posts big blind $1
GuigaMan: sits out 
*** HOLE CARDS ***
sta$igk: folds 
BallerXOne: folds 
PayTaxOrDie: folds 
sta$igk leaves the table
Gjeneral66: folds 
Uncalled bet ($0.50) returned to TheBluffPL
TheBluffPL collected $1 from pot
*** SUMMARY ***
Total pot $1 | Rake $0 
Seat 1: GuigaMan
Seat 2: PayTaxOrDie (button) folded before Flop (didn't bet)
Seat 3: Gjeneral66 (small blind) folded before Flop
Seat 4: TheBluffPL (big blind) collected ($1)
Seat 5: sta$igk folded before Flop (didn't bet)
Seat 6: BallerXOne folded before Flop (didn't bet)



PokerStars Hand #254262941490:  Hold'em No Limit ($0.50/$1.00 USD) - 2025/01/08 16:24:38 WET [2025/01/08 11:24:38 ET]
Table 'Endymion II' 6-max Seat #3 is the button
Seat 1: GuigaMan ($100 in chips) is sitting out
Seat 2: PayTaxOrDie ($110.98 in chips) 
Seat 3: Gjeneral66 ($37.56 in chips) 
Seat 4: TheBluffPL ($20.50 in chips) 
Seat 6: BallerXOne ($143.62 in chips) 
TheBluffPL: posts small blind $0.50
BallerXOne: posts big blind $1
GuigaMan: sits out 
*** HOLE CARDS ***
PayTaxOrDie: folds 
Gjeneral66: folds 
TheBluffPL: raises $1.75 to $2.75
BallerXOne: folds 
Uncalled bet ($1.75) returned to TheBluffPL
TheBluffPL collected $2 from pot
*** SUMMARY ***
Total pot $2 | Rake $0 
Seat 1: GuigaMan
Seat 2: PayTaxOrDie folded before Flop (didn't bet)
Seat 3: Gjeneral66 (button) folded before Flop (didn't bet)
Seat 4: TheBluffPL (small blind) collected ($2)
Seat 6: BallerXOne (big blind) folded before Flop



PokerStars Hand #254262943670:  Hold'em No Limit ($0.50/$1.00 USD) - 2025/01/08 16:24:47 WET [2025/01/08 11:24:47 ET]
Table 'Endymion II' 6-max Seat #4 is the button
Seat 1: GuigaMan ($100 in chips) 
Seat 2: PayTaxOrDie ($110.98 in chips) 
Seat 3: Gjeneral66 ($37.56 in chips) 
Seat 4: TheBluffPL ($21.50 in chips) 
Seat 6: BallerXOne ($142.62 in chips) 
BallerXOne: posts small blind $0.50
GuigaMan: posts big blind $1
*** HOLE CARDS ***
PayTaxOrDie: folds 
Gjeneral66: folds 
TheBluffPL: raises $1.50 to $2.50
BallerXOne: folds 
GuigaMan: folds 
Uncalled bet ($1.50) returned to TheBluffPL
TheBluffPL collected $2.50 from pot
Redillo16 joins the table at seat #5 
*** SUMMARY ***
Total pot $2.50 | Rake $0 
Seat 1: GuigaMan (big blind) folded before Flop
Seat 2: PayTaxOrDie folded before Flop (didn't bet)
Seat 3: Gjeneral66 folded before Flop (didn't bet)
Seat 4: TheBluffPL (button) collected ($2.50)
Seat 6: BallerXOne (small blind) folded before Flop



PokerStars Hand #254262947070:  Hold'em No Limit ($0.50/$1.00 USD) - 2025/01/08 16:25:01 WET [2025/01/08 11:25:01 ET]
Table 'Endymion II' 6-max Seat #6 is the button
Seat 5: Redillo16 ($100 in chips) is sitting out
Seat 1: GuigaMan ($100 in chips) 
Seat 2: PayTaxOrDie ($110.98 in chips) 
Seat 3: Gjeneral66 ($37.56 in chips) 
Seat 4: TheBluffPL ($23 in chips) 
Seat 6: BallerXOne ($142.12 in chips) 
GuigaMan: posts small blind $0.50
PayTaxOrDie: posts big blind $1
Redillo16: sits out 
*** HOLE CARDS ***
Gjeneral66: folds 
TheBluffPL: folds 
BallerXOne: folds 
GuigaMan: folds 
Uncalled bet ($0.50) returned to PayTaxOrDie
PayTaxOrDie collected $1 from pot
PayTaxOrDie: doesn't show hand 
*** SUMMARY ***
Total pot $1 | Rake $0 
Seat 5: Redillo16
Seat 1: GuigaMan (small blind) folded before Flop
Seat 2: PayTaxOrDie (big blind) collected ($1)
Seat 3: Gjeneral66 folded before Flop (didn't bet)
Seat 4: TheBluffPL folded before Flop (didn't bet)
Seat 6: BallerXOne (button) folded before Flop (didn't bet)



PokerStars Hand #254262949817:  Hold'em No Limit ($0.50/$1.00 USD) - 2025/01/08 16:25:13 WET [2025/01/08 11:25:13 ET]
Table 'Endymion II' 6-max Seat #1 is the button
Seat 5: Redillo16 ($100 in chips) is sitting out
Seat 1: GuigaMan ($100 in chips) 
Seat 2: PayTaxOrDie ($111.48 in chips) 
Seat 3: Gjeneral66 ($37.56 in chips) 
Seat 4: TheBluffPL ($23 in chips) 
Seat 6: BallerXOne ($142.12 in chips) 
PayTaxOrDie: posts small blind $0.50
Gjeneral66: posts big blind $1
Redillo16: sits out 
*** HOLE CARDS ***
TheBluffPL: folds 
BallerXOne: folds 
GuigaMan: raises $1.10 to $2.10
PayTaxOrDie: folds 
Gjeneral66: folds 
Uncalled bet ($1.10) returned to GuigaMan
GuigaMan collected $2.50 from pot
GuigaMan: doesn't show hand 
*** SUMMARY ***
Total pot $2.50 | Rake $0 
Seat 5: Redillo16
Seat 1: GuigaMan (button) collected ($2.50)
Seat 2: PayTaxOrDie (small blind) folded before Flop
Seat 3: Gjeneral66 (big blind) folded before Flop
Seat 4: TheBluffPL folded before Flop (didn't bet)
Seat 6: BallerXOne folded before Flop (didn't bet)



PokerStars Hand #254262953226:  Hold'em No Limit ($0.50/$1.00 USD) - 2025/01/08 16:25:27 WET [2025/01/08 11:25:27 ET]
Table 'Endymion II' 6-max Seat #2 is the button
Seat 5: Redillo16 ($100 in chips) is sitting out
Seat 1: GuigaMan ($101.50 in chips) 
Seat 2: PayTaxOrDie ($110.98 in chips) 
Seat 3: Gjeneral66 ($36.56 in chips) 
Seat 4: TheBluffPL ($23 in chips) 
Seat 6: BallerXOne ($142.12 in chips) 
Gjeneral66: posts small blind $0.50
TheBluffPL: posts big blind $1
Redillo16: sits out 
*** HOLE CARDS ***
BallerXOne: raises $1.50 to $2.50
GuigaMan: folds 
PayTaxOrDie: folds 
Gjeneral66: folds 
TheBluffPL: folds 
Uncalled bet ($1.50) returned to BallerXOne
BallerXOne collected $2.50 from pot
BallerXOne: doesn't show hand 
*** SUMMARY ***
Total pot $2.50 | Rake $0 
Seat 5: Redillo16
Seat 1: GuigaMan folded before Flop (didn't bet)
Seat 2: PayTaxOrDie (button) folded before Flop (didn't bet)
Seat 3: Gjeneral66 (small blind) folded before Flop
Seat 4: TheBluffPL (big blind) folded before Flop
Seat 6: BallerXOne collected ($2.50)



PokerStars Hand #254262958982:  Hold'em No Limit ($0.50/$1.00 USD) - 2025/01/08 16:25:51 WET [2025/01/08 11:25:51 ET]
Table 'Endymion II' 6-max Seat #3 is the button
Seat 1: GuigaMan ($101.50 in chips) 
Seat 2: PayTaxOrDie ($110.98 in chips) 
Seat 3: Gjeneral66 ($36.06 in chips) 
Seat 4: TheBluffPL ($22 in chips) 
Seat 5: Redillo16 ($100 in chips) 
Seat 6: BallerXOne ($143.62 in chips) 
TheBluffPL: posts small blind $0.50
Redillo16: posts big blind $1
*** HOLE CARDS ***
BallerXOne: folds 
GuigaMan: folds 
PayTaxOrDie: folds 
Gjeneral66: folds 
TheBluffPL: folds 
Uncalled bet ($0.50) returned to Redillo16
Redillo16 collected $1 from pot
Redillo16: doesn't show hand 
*** SUMMARY ***
Total pot $1 | Rake $0 
Seat 1: GuigaMan folded before Flop (didn't bet)
Seat 2: PayTaxOrDie folded before Flop (didn't bet)
Seat 3: Gjeneral66 (button) folded before Flop (didn't bet)
Seat 4: TheBluffPL (small blind) folded before Flop
Seat 5: Redillo16 (big blind) collected ($1)
Seat 6: BallerXOne folded before Flop (didn't bet)



PokerStars Hand #254262963231:  Hold'em No Limit ($0.50/$1.00 USD) - 2025/01/08 16:26:09 WET [2025/01/08 11:26:09 ET]
Table 'Endymion II' 6-max Seat #4 is the button
Seat 1: GuigaMan ($101.50 in chips) 
Seat 2: PayTaxOrDie ($110.98 in chips) 
Seat 3: Gjeneral66 ($36.06 in chips) 
Seat 4: TheBluffPL ($21.50 in chips) 
Seat 5: Redillo16 ($100.50 in chips) 
Seat 6: BallerXOne ($143.62 in chips) 
Redillo16: posts small blind $0.50
BallerXOne: posts big blind $1
*** HOLE CARDS ***
GuigaMan: folds 
PayTaxOrDie: folds 
Gjeneral66: raises $1.50 to $2.50
TheBluffPL: folds 
Redillo16: folds 
BallerXOne: raises $8.50 to $11
Gjeneral66: folds 
Uncalled bet ($8.50) returned to BallerXOne
BallerXOne collected $5.50 from pot
BallerXOne: doesn't show hand 
*** SUMMARY ***
Total pot $5.50 | Rake $0 
Seat 1: GuigaMan folded before Flop (didn't bet)
Seat 2: PayTaxOrDie folded before Flop (didn't bet)
Seat 3: Gjeneral66 folded before Flop
Seat 4: TheBluffPL (button) folded before Flop (didn't bet)
Seat 5: Redillo16 (small blind) folded before Flop
Seat 6: BallerXOne (big blind) collected ($5.50)



PokerStars Hand #254262972346:  Hold'em No Limit ($0.50/$1.00 USD) - 2025/01/08 16:26:48 WET [2025/01/08 11:26:48 ET]
Table 'Endymion II' 6-max Seat #5 is the button
Seat 1: GuigaMan ($101.50 in chips) 
Seat 2: PayTaxOrDie ($110.98 in chips) 
Seat 3: Gjeneral66 ($33.56 in chips) 
Seat 4: TheBluffPL ($21.50 in chips) 
Seat 5: Redillo16 ($100 in chips) 
Seat 6: BallerXOne ($146.62 in chips) 
BallerXOne: posts small blind $0.50
GuigaMan: posts big blind $1
*** HOLE CARDS ***
PayTaxOrDie: folds 
Gjeneral66: raises $1.50 to $2.50
TheBluffPL: folds 
Redillo16: folds 
BallerXOne: folds 
GuigaMan: folds 
Uncalled bet ($1.50) returned to Gjeneral66
Gjeneral66 collected $2.50 from pot
*** SUMMARY ***
Total pot $2.50 | Rake $0 
Seat 1: GuigaMan (big blind) folded before Flop
Seat 2: PayTaxOrDie folded before Flop (didn't bet)
Seat 3: Gjeneral66 collected ($2.50)
Seat 4: TheBluffPL folded before Flop (didn't bet)
Seat 5: Redillo16 (button) folded before Flop (didn't bet)
Seat 6: BallerXOne (small blind) folded before Flop



PokerStars Hand #254262975949:  Hold'em No Limit ($0.50/$1.00 USD) - 2025/01/08 16:27:02 WET [2025/01/08 11:27:02 ET]
Table 'Endymion II' 6-max Seat #6 is the button
Seat 2: PayTaxOrDie ($110.98 in chips) is sitting out
Seat 1: GuigaMan ($100.50 in chips) 
Seat 3: Gjeneral66 ($35.06 in chips) 
Seat 4: TheBluffPL ($21.50 in chips) 
Seat 5: Redillo16 ($100 in chips) 
Seat 6: BallerXOne ($146.12 in chips) 
GuigaMan: posts small blind $0.50
PayTaxOrDie: is sitting out 
Gjeneral66: posts big blind $1
*** HOLE CARDS ***
PayTaxOrDie leaves the table
TheBluffPL: raises $1 to $2
Redillo16: folds 
BallerXOne: raises $5.50 to $7.50
GuigaMan: folds 
Gjeneral66: folds 
TheBluffPL: folds 
Uncalled bet ($5.50) returned to BallerXOne
BallerXOne collected $5.50 from pot
BallerXOne: doesn't show hand 
*** SUMMARY ***
Total pot $5.50 | Rake $0 
Seat 2: PayTaxOrDie
Seat 1: GuigaMan (small blind) folded before Flop
Seat 3: Gjeneral66 (big blind) folded before Flop
Seat 4: TheBluffPL folded before Flop
Seat 5: Redillo16 folded before Flop (didn't bet)
Seat 6: BallerXOne (button) collected ($5.50)



PokerStars Hand #254262981485:  Hold'em No Limit ($0.50/$1.00 USD) - 2025/01/08 16:27:26 WET [2025/01/08 11:27:26 ET]
Table 'Endymion II' 6-max Seat #1 is the button
Seat 1: GuigaMan ($100 in chips) 
Seat 3: Gjeneral66 ($34.06 in chips) 
Seat 4: TheBluffPL ($20 in chips) 
Seat 5: Redillo16 ($100 in chips) 
Seat 6: BallerXOne ($149.62 in chips) 
Gjeneral66: posts small blind $0.50
TheBluffPL: posts big blind $1
*** HOLE CARDS ***
Redillo16: folds 
BallerXOne: folds 
GuigaMan: raises $1.10 to $2.10
Gjeneral66: folds 
TheBluffPL: calls $1.10
*** FLOP *** [2d 8h 9s]
TheBluffPL: checks 
lerouge001 joins the table at seat #2 
lerouge001 is disconnected 
GuigaMan: checks 
*** TURN *** [2d 8h 9s] [Ad]
TheBluffPL: checks 
GuigaMan: checks 
*** RIVER *** [2d 8h 9s Ad] [Kd]
TheBluffPL: bets $3.35
GuigaMan: folds 
Uncalled bet ($3.35) returned to TheBluffPL
TheBluffPL collected $4.46 from pot
*** SUMMARY ***
Total pot $4.70 | Rake $0.24 
Board [2d 8h 9s Ad Kd]
Seat 1: GuigaMan (button) folded on the River
Seat 3: Gjeneral66 (small blind) folded before Flop
Seat 4: TheBluffPL (big blind) collected ($4.46)
Seat 5: Redillo16 folded before Flop (didn't bet)
Seat 6: BallerXOne folded before Flop (didn't bet)



PokerStars Hand #254262996603:  Hold'em No Limit ($0.50/$1.00 USD) - 2025/01/08 16:28:29 WET [2025/01/08 11:28:29 ET]
Table 'Endymion II' 6-max Seat #3 is the button
Seat 2: lerouge001 ($20.33 in chips) is sitting out
Seat 1: GuigaMan ($100 in chips) 
Seat 3: Gjeneral66 ($33.56 in chips) 
Seat 4: TheBluffPL ($22.36 in chips) 
Seat 5: Redillo16 ($100 in chips) 
Seat 6: BallerXOne ($149.62 in chips) 
TheBluffPL: posts small blind $0.50
Redillo16: posts big blind $1
lerouge001: sits out 
*** HOLE CARDS ***
BallerXOne: folds 
GuigaMan: raises $1.10 to $2.10
Gjeneral66: folds 
TheBluffPL: raises $20.26 to $22.36 and is all-in
Redillo16: folds 
GuigaMan: folds 
Uncalled bet ($20.26) returned to TheBluffPL
TheBluffPL collected $5.20 from pot
*** SUMMARY ***
Total pot $5.20 | Rake $0 
Seat 2: lerouge001
Seat 1: GuigaMan folded before Flop
Seat 3: Gjeneral66 (button) folded before Flop (didn't bet)
Seat 4: TheBluffPL (small blind) collected ($5.20)
Seat 5: Redillo16 (big blind) folded before Flop
Seat 6: BallerXOne folded before Flop (didn't bet)



PokerStars Hand #254263001633:  Hold'em No Limit ($0.50/$1.00 USD) - 2025/01/08 16:28:50 WET [2025/01/08 11:28:50 ET]
Table 'Endymion II' 6-max Seat #4 is the button
Seat 2: lerouge001 ($20.33 in chips) is sitting out
Seat 1: GuigaMan ($100 in chips) 
Seat 3: Gjeneral66 ($33.56 in chips) 
Seat 4: TheBluffPL ($25.46 in chips) 
Seat 5: Redillo16 ($100 in chips) 
Seat 6: BallerXOne ($149.62 in chips) 
Redillo16: posts small blind $0.50
BallerXOne: posts big blind $1
lerouge001: sits out 
*** HOLE CARDS ***
GuigaMan: folds 
Gjeneral66: folds 
TheBluffPL: raises $1.50 to $2.50
Redillo16: folds 
BallerXOne: folds 
Uncalled bet ($1.50) returned to TheBluffPL
TheBluffPL collected $2.50 from pot
*** SUMMARY ***
Total pot $2.50 | Rake $0 
Seat 2: lerouge001
Seat 1: GuigaMan folded before Flop (didn't bet)
Seat 3: Gjeneral66 folded before Flop (didn't bet)
Seat 4: TheBluffPL (button) collected ($2.50)
Seat 5: Redillo16 (small blind) folded before Flop
Seat 6: BallerXOne (big blind) folded before Flop



PokerStars Hand #254263004899:  Hold'em No Limit ($0.50/$1.00 USD) - 2025/01/08 16:29:04 WET [2025/01/08 11:29:04 ET]
Table 'Endymion II' 6-max Seat #5 is the button
Seat 2: lerouge001 ($20.33 in chips) is sitting out
Seat 1: GuigaMan ($100 in chips) 
Seat 3: Gjeneral66 ($33.56 in chips) 
Seat 4: TheBluffPL ($26.96 in chips) 
Seat 5: Redillo16 ($100 in chips) 
Seat 6: BallerXOne ($148.62 in chips) 
BallerXOne: posts small blind $0.50
GuigaMan: posts big blind $1
lerouge001: sits out 
*** HOLE CARDS ***
Gjeneral66: folds 
TheBluffPL: folds 
Redillo16: folds 
BallerXOne: folds 
Uncalled bet ($0.50) returned to GuigaMan
GuigaMan collected $1 from pot
GuigaMan: doesn't show hand 
*** SUMMARY ***
Total pot $1 | Rake $0 
Seat 2: lerouge001
Seat 1: GuigaMan (big blind) collected ($1)
Seat 3: Gjeneral66 folded before Flop (didn't bet)
Seat 4: TheBluffPL folded before Flop (didn't bet)
Seat 5: Redillo16 (button) folded before Flop (didn't bet)
Seat 6: BallerXOne (small blind) folded before Flop



PokerStars Hand #254263008618:  Hold'em No Limit ($0.50/$1.00 USD) - 2025/01/08 16:29:19 WET [2025/01/08 11:29:19 ET]
Table 'Endymion II' 6-max Seat #6 is the button
Seat 1: GuigaMan ($100.50 in chips) 
Seat 2: lerouge001 ($20.33 in chips) 
Seat 3: Gjeneral66 ($33.56 in chips) 
Seat 4: TheBluffPL ($26.96 in chips) 
Seat 5: Redillo16 ($100 in chips) 
Seat 6: BallerXOne ($148.12 in chips) 
GuigaMan: posts small blind $0.50
lerouge001: posts big blind $1
*** HOLE CARDS ***
Gjeneral66: raises $1.50 to $2.50
TheBluffPL: folds 
Redillo16: folds 
BallerXOne: folds 
GuigaMan: folds 
lerouge001: calls $1.50
*** FLOP *** [3c Jh Ts]
lerouge001: checks 
Gjeneral66: bets $3.95
lerouge001: folds 
Uncalled bet ($3.95) returned to Gjeneral66
Gjeneral66 collected $5.22 from pot
*** SUMMARY ***
Total pot $5.50 | Rake $0.28 
Board [3c Jh Ts]
Seat 1: GuigaMan (small blind) folded before Flop
Seat 2: lerouge001 (big blind) folded on the Flop
Seat 3: Gjeneral66 collected ($5.22)
Seat 4: TheBluffPL folded before Flop (didn't bet)
Seat 5: Redillo16 folded before Flop (didn't bet)
Seat 6: BallerXOne (button) folded before Flop (didn't bet)



PokerStars Hand #254263019081:  Hold'em No Limit ($0.50/$1.00 USD) - 2025/01/08 16:30:01 WET [2025/01/08 11:30:01 ET]
Table 'Endymion II' 6-max Seat #1 is the button
Seat 1: GuigaMan ($100 in chips) 
Seat 2: lerouge001 ($17.83 in chips) 
Seat 3: Gjeneral66 ($36.28 in chips) 
Seat 4: TheBluffPL ($26.96 in chips) 
Seat 5: Redillo16 ($100 in chips) 
Seat 6: BallerXOne ($148.12 in chips) 
lerouge001: posts small blind $0.50
Gjeneral66: posts big blind $1
*** HOLE CARDS ***
TheBluffPL: raises $1 to $2
Redillo16: folds 
BallerXOne: raises $5 to $7
GuigaMan: folds 
lerouge001: calls $6.50
Gjeneral66: folds 
TheBluffPL: folds 
*** FLOP *** [Tc Js 7s]
lerouge001: checks 
BallerXOne: bets $65.50
lerouge001: calls $10.83 and is all-in
Uncalled bet ($54.67) returned to BallerXOne
lerouge001 has timed out
*** TURN *** [Tc Js 7s] [2d]
*** RIVER *** [Tc Js 7s 2d] [7d]
*** SHOW DOWN ***
lerouge001: shows [9c 6c] (a pair of Sevens)
BallerXOne: shows [5c Ac] (a pair of Sevens - Ace kicker)
BallerXOne collected $36.73 from pot
*** SUMMARY ***
Total pot $38.66 | Rake $1.93 
Board [Tc Js 7s 2d 7d]
Seat 1: GuigaMan (button) folded before Flop (didn't bet)
Seat 2: lerouge001 (small blind) showed [9c 6c] and lost with a pair of Sevens
Seat 3: Gjeneral66 (big blind) folded before Flop
Seat 4: TheBluffPL folded before Flop
Seat 5: Redillo16 folded before Flop (didn't bet)
Seat 6: BallerXOne showed [5c Ac] and won ($36.73) with a pair of Sevens



PokerStars Hand #254263033673:  Hold'em No Limit ($0.50/$1.00 USD) - 2025/01/08 16:31:01 WET [2025/01/08 11:31:01 ET]
Table 'Endymion II' 6-max Seat #3 is the button
Seat 2: lerouge001 ($0 in chips) is sitting out
Seat 1: GuigaMan ($100 in chips) 
Seat 3: Gjeneral66 ($35.28 in chips) 
Seat 4: TheBluffPL ($24.96 in chips) 
Seat 5: Redillo16 ($100 in chips) 
Seat 6: BallerXOne ($167.02 in chips) 
TheBluffPL: posts small blind $0.50
Redillo16: posts big blind $1
*** HOLE CARDS ***
BallerXOne: folds 
GuigaMan: folds 
Gjeneral66: folds 
TheBluffPL: folds 
Uncalled bet ($0.50) returned to Redillo16
Redillo16 collected $1 from pot
Redillo16: doesn't show hand 
*** SUMMARY ***
Total pot $1 | Rake $0 
Seat 2: lerouge001
Seat 1: GuigaMan folded before Flop (didn't bet)
Seat 3: Gjeneral66 (button) folded before Flop (didn't bet)
Seat 4: TheBluffPL (small blind) folded before Flop
Seat 5: Redillo16 (big blind) collected ($1)
Seat 6: BallerXOne folded before Flop (didn't bet)



PokerStars Hand #254263035619:  Hold'em No Limit ($0.50/$1.00 USD) - 2025/01/08 16:31:09 WET [2025/01/08 11:31:09 ET]
Table 'Endymion II' 6-max Seat #4 is the button
Seat 2: lerouge001 ($0 in chips) is sitting out
Seat 1: GuigaMan ($100 in chips) 
Seat 3: Gjeneral66 ($35.28 in chips) 
Seat 4: TheBluffPL ($24.46 in chips) 
Seat 5: Redillo16 ($100.50 in chips) 
Seat 6: BallerXOne ($167.02 in chips) 
Redillo16: posts small blind $0.50
BallerXOne: posts big blind $1
*** HOLE CARDS ***
GuigaMan: folds 
Gjeneral66: folds 
TheBluffPL: raises $1.50 to $2.50
Redillo16: folds 
BallerXOne: folds 
Uncalled bet ($1.50) returned to TheBluffPL
TheBluffPL collected $2.50 from pot
*** SUMMARY ***
Total pot $2.50 | Rake $0 
Seat 2: lerouge001
Seat 1: GuigaMan folded before Flop (didn't bet)
Seat 3: Gjeneral66 folded before Flop (didn't bet)
Seat 4: TheBluffPL (button) collected ($2.50)
Seat 5: Redillo16 (small blind) folded before Flop
Seat 6: BallerXOne (big blind) folded before Flop



PokerStars Hand #254263040043:  Hold'em No Limit ($0.50/$1.00 USD) - 2025/01/08 16:31:27 WET [2025/01/08 11:31:27 ET]
Table 'Endymion II' 6-max Seat #5 is the button
Seat 1: GuigaMan ($100 in chips) 
Seat 2: lerouge001 ($28.38 in chips) 
Seat 3: Gjeneral66 ($35.28 in chips) 
Seat 4: TheBluffPL ($25.96 in chips) 
Seat 5: Redillo16 ($100 in chips) 
Seat 6: BallerXOne ($166.02 in chips) 
BallerXOne: posts small blind $0.50
GuigaMan: posts big blind $1
*** HOLE CARDS ***
lerouge001: folds 
Gjeneral66: folds 
TheBluffPL: raises $1 to $2
Redillo16: folds 
BallerXOne: folds 
GuigaMan: folds 
Uncalled bet ($1) returned to TheBluffPL
TheBluffPL collected $2.50 from pot
*** SUMMARY ***
Total pot $2.50 | Rake $0 
Seat 1: GuigaMan (big blind) folded before Flop
Seat 2: lerouge001 folded before Flop (didn't bet)
Seat 3: Gjeneral66 folded before Flop (didn't bet)
Seat 4: TheBluffPL collected ($2.50)
Seat 5: Redillo16 (button) folded before Flop (didn't bet)
Seat 6: BallerXOne (small blind) folded before Flop



PokerStars Hand #254263043885:  Hold'em No Limit ($0.50/$1.00 USD) - 2025/01/08 16:31:43 WET [2025/01/08 11:31:43 ET]
Table 'Endymion II' 6-max Seat #6 is the button
Seat 1: GuigaMan ($100 in chips) 
Seat 2: lerouge001 ($28.38 in chips) 
Seat 3: Gjeneral66 ($35.28 in chips) 
Seat 4: TheBluffPL ($27.46 in chips) 
Seat 5: Redillo16 ($100 in chips) 
Seat 6: BallerXOne ($165.52 in chips) 
GuigaMan: posts small blind $0.50
lerouge001: posts big blind $1
*** HOLE CARDS ***
Gjeneral66: raises $1.50 to $2.50
TheBluffPL: folds 
Redillo16: folds 
BallerXOne: folds 
GuigaMan: folds 
lerouge001: calls $1.50
*** FLOP *** [As 7s 9h]
lerouge001: checks 
Gjeneral66: bets $2.61
lerouge001: calls $2.61
*** TURN *** [As 7s 9h] [2c]
lerouge001: checks 
Gjeneral66: checks 
*** RIVER *** [As 7s 9h 2c] [Ks]
lerouge001: checks 
Gjeneral66: checks 
*** SHOW DOWN ***
lerouge001: shows [5d 8h] (high card Ace)
Gjeneral66: mucks hand 
lerouge001 collected $10.18 from pot
*** SUMMARY ***
Total pot $10.72 | Rake $0.54 
Board [As 7s 9h 2c Ks]
Seat 1: GuigaMan (small blind) folded before Flop
Seat 2: lerouge001 (big blind) showed [5d 8h] and won ($10.18) with high card Ace
Seat 3: Gjeneral66 mucked
Seat 4: TheBluffPL folded before Flop (didn't bet)
Seat 5: Redillo16 folded before Flop (didn't bet)
Seat 6: BallerXOne (button) folded before Flop (didn't bet)



PokerStars Hand #254263054458:  Hold'em No Limit ($0.50/$1.00 USD) - 2025/01/08 16:32:26 WET [2025/01/08 11:32:26 ET]
Table 'Endymion II' 6-max Seat #1 is the button
Seat 1: GuigaMan ($100 in chips) 
Seat 2: lerouge001 ($33.45 in chips) 
Seat 3: Gjeneral66 ($30.17 in chips) 
Seat 4: TheBluffPL ($27.46 in chips) 
Seat 5: Redillo16 ($100 in chips) 
Seat 6: BallerXOne ($165.52 in chips) 
lerouge001: posts small blind $0.50
Gjeneral66: posts big blind $1
*** HOLE CARDS ***
TheBluffPL: folds 
Redillo16: folds 
BallerXOne: folds 
GuigaMan: folds 
lerouge001: calls $0.50
Gjeneral66: checks 
*** FLOP *** [2d Ad Qs]
lerouge001: checks 
Gjeneral66: checks 
*** TURN *** [2d Ad Qs] [Js]
lerouge001: checks 
Gjeneral66: checks 
*** RIVER *** [2d Ad Qs Js] [5c]
lerouge001: checks 
Gjeneral66: checks 
*** SHOW DOWN ***
lerouge001: shows [6s 3h] (high card Ace)
Gjeneral66: shows [9d 8d] (high card Ace - Queen+Jack+Nine kicker)
Gjeneral66 collected $1.90 from pot
*** SUMMARY ***
Total pot $2 | Rake $0.10 
Board [2d Ad Qs Js 5c]
Seat 1: GuigaMan (button) folded before Flop (didn't bet)
Seat 2: lerouge001 (small blind) showed [6s 3h] and lost with high card Ace
Seat 3: Gjeneral66 (big blind) showed [9d 8d] and won ($1.90) with high card Ace
Seat 4: TheBluffPL folded before Flop (didn't bet)
Seat 5: Redillo16 folded before Flop (didn't bet)
Seat 6: BallerXOne folded before Flop (didn't bet)



PokerStars Hand #254263063027:  Hold'em No Limit ($0.50/$1.00 USD) - 2025/01/08 16:33:00 WET [2025/01/08 11:33:00 ET]
Table 'Endymion II' 6-max Seat #2 is the button
Seat 1: GuigaMan ($100 in chips) 
Seat 2: lerouge001 ($32.45 in chips) 
Seat 3: Gjeneral66 ($31.07 in chips) 
Seat 4: TheBluffPL ($27.46 in chips) 
Seat 5: Redillo16 ($100 in chips) 
Seat 6: BallerXOne ($165.52 in chips) 
Gjeneral66: posts small blind $0.50
TheBluffPL: posts big blind $1
*** HOLE CARDS ***
Redillo16: folds 
BallerXOne: folds 
GuigaMan: folds 
lerouge001: calls $1
Gjeneral66: calls $0.50
TheBluffPL: checks 
*** FLOP *** [Ts 9d Kd]
Gjeneral66: checks 
TheBluffPL: checks 
lerouge001: checks 
*** TURN *** [Ts 9d Kd] [5s]
Gjeneral66: bets $1.43
TheBluffPL: folds 
lerouge001: calls $1.43
*** RIVER *** [Ts 9d Kd 5s] [Qh]
Gjeneral66: checks 
lerouge001: bets $3
Gjeneral66: calls $3
*** SHOW DOWN ***
lerouge001: shows [Qs 8s] (a pair of Queens)
Gjeneral66: shows [Kc 5c] (two pair, Kings and Fives)
Gjeneral66 collected $11.27 from pot
*** SUMMARY ***
Total pot $11.86 | Rake $0.59 
Board [Ts 9d Kd 5s Qh]
Seat 1: GuigaMan folded before Flop (didn't bet)
Seat 2: lerouge001 (button) showed [Qs 8s] and lost with a pair of Queens
Seat 3: Gjeneral66 (small blind) showed [Kc 5c] and won ($11.27) with two pair, Kings and Fives
Seat 4: TheBluffPL (big blind) folded on the Turn
Seat 5: Redillo16 folded before Flop (didn't bet)
Seat 6: BallerXOne folded before Flop (didn't bet)



PokerStars Hand #254263076051:  Hold'em No Limit ($0.50/$1.00 USD) - 2025/01/08 16:33:54 WET [2025/01/08 11:33:54 ET]
Table 'Endymion II' 6-max Seat #3 is the button
Seat 1: GuigaMan ($100 in chips) 
Seat 2: lerouge001 ($27.02 in chips) 
Seat 3: Gjeneral66 ($36.91 in chips) 
Seat 4: TheBluffPL ($26.46 in chips) 
Seat 5: Redillo16 ($100 in chips) 
Seat 6: BallerXOne ($165.52 in chips) 
TheBluffPL: posts small blind $0.50
Redillo16: posts big blind $1
*** HOLE CARDS ***
BallerXOne: raises $1.50 to $2.50
GuigaMan: folds 
lerouge001: calls $2.50
Gjeneral66: folds 
TheBluffPL: folds 
Redillo16: folds 
*** FLOP *** [Th 3s Kh]
BallerXOne: checks 
lerouge001: checks 
*** TURN *** [Th 3s Kh] [Tc]
BallerXOne: checks 
lerouge001: checks 
*** RIVER *** [Th 3s Kh Tc] [Td]
BallerXOne: bets $5.31
lerouge001: folds 
Uncalled bet ($5.31) returned to BallerXOne
BallerXOne collected $6.18 from pot
BallerXOne: doesn't show hand 
*** SUMMARY ***
Total pot $6.50 | Rake $0.32 
Board [Th 3s Kh Tc Td]
Seat 1: GuigaMan folded before Flop (didn't bet)
Seat 2: lerouge001 folded on the River
Seat 3: Gjeneral66 (button) folded before Flop (didn't bet)
Seat 4: TheBluffPL (small blind) folded before Flop
Seat 5: Redillo16 (big blind) folded before Flop
Seat 6: BallerXOne collected ($6.18)



PokerStars Hand #254263089287:  Hold'em No Limit ($0.50/$1.00 USD) - 2025/01/08 16:34:48 WET [2025/01/08 11:34:48 ET]
Table 'Endymion II' 6-max Seat #4 is the button
Seat 1: GuigaMan ($100 in chips) 
Seat 2: lerouge001 ($24.52 in chips) 
Seat 3: Gjeneral66 ($36.91 in chips) 
Seat 4: TheBluffPL ($25.96 in chips) 
Seat 5: Redillo16 ($100 in chips) 
Seat 6: BallerXOne ($169.20 in chips) 
Redillo16: posts small blind $0.50
BallerXOne: posts big blind $1
*** HOLE CARDS ***
GuigaMan: folds 
lerouge001: raises $2 to $3
Gjeneral66: folds 
TheBluffPL: folds 
Redillo16: raises $4.50 to $7.50
BallerXOne: folds 
lerouge001: calls $4.50
*** FLOP *** [4c Qd 9s]
Redillo16: bets $25.38
lerouge001: calls $17.02 and is all-in
Uncalled bet ($8.36) returned to Redillo16
lerouge001 has timed out
*** TURN *** [4c Qd 9s] [2c]
*** RIVER *** [4c Qd 9s 2c] [5c]
*** SHOW DOWN ***
Redillo16: shows [Jd Td] (high card Queen)
lerouge001: shows [9c 9d] (three of a kind, Nines)
lerouge001 collected $47.54 from pot
*** SUMMARY ***
Total pot $50.04 | Rake $2.50 
Board [4c Qd 9s 2c 5c]
Seat 1: GuigaMan folded before Flop (didn't bet)
Seat 2: lerouge001 showed [9c 9d] and won ($47.54) with three of a kind, Nines
Seat 3: Gjeneral66 folded before Flop (didn't bet)
Seat 4: TheBluffPL (button) folded before Flop (didn't bet)
Seat 5: Redillo16 (small blind) showed [Jd Td] and lost with high card Queen
Seat 6: BallerXOne (big blind) folded before Flop



PokerStars Hand #254263103463:  Hold'em No Limit ($0.50/$1.00 USD) - 2025/01/08 16:35:45 WET [2025/01/08 11:35:45 ET]
Table 'Endymion II' 6-max Seat #5 is the button
Seat 1: GuigaMan ($100 in chips) 
Seat 2: lerouge001 ($47.54 in chips) 
Seat 3: Gjeneral66 ($36.91 in chips) 
Seat 4: TheBluffPL ($25.96 in chips) 
Seat 5: Redillo16 ($100 in chips) 
Seat 6: BallerXOne ($168.20 in chips) 
BallerXOne: posts small blind $0.50
GuigaMan: posts big blind $1
*** HOLE CARDS ***
lerouge001: calls $1
Gjeneral66: calls $1
TheBluffPL: folds 
Redillo16: calls $1
BallerXOne: folds 
GuigaMan: checks 
*** FLOP *** [2h 5c Qd]
GuigaMan: checks 
lerouge001: checks 
Gjeneral66: checks 
Redillo16: bets $1.41
GuigaMan: folds 
lerouge001: calls $1.41
Gjeneral66: calls $1.41
*** TURN *** [2h 5c Qd] [7h]
lerouge001: checks 
Gjeneral66: checks 
Redillo16: bets $6.10
lerouge001: folds 
Gjeneral66: calls $6.10
*** RIVER *** [2h 5c Qd 7h] [Kd]
Gjeneral66: checks 
Redillo16: bets $33.20
Gjeneral66: calls $28.40 and is all-in
Uncalled bet ($4.80) returned to Redillo16
*** SHOW DOWN ***
Redillo16: shows [2c 2s] (three of a kind, Deuces)
Gjeneral66: shows [5d 7d] (two pair, Sevens and Fives)
Redillo16 collected $75.23 from pot
*** SUMMARY ***
Total pot $77.73 | Rake $2.50 
Board [2h 5c Qd 7h Kd]
Seat 1: GuigaMan (big blind) folded on the Flop
Seat 2: lerouge001 folded on the Turn
Seat 3: Gjeneral66 showed [5d 7d] and lost with two pair, Sevens and Fives
Seat 4: TheBluffPL folded before Flop (didn't bet)
Seat 5: Redillo16 (button) showed [2c 2s] and won ($75.23) with three of a kind, Deuces
Seat 6: BallerXOne (small blind) folded before Flop



PokerStars Hand #254263126126:  Hold'em No Limit ($0.50/$1.00 USD) - 2025/01/08 16:37:16 WET [2025/01/08 11:37:16 ET]
Table 'Endymion II' 6-max Seat #6 is the button
Seat 3: Gjeneral66 ($0 in chips) is sitting out
Seat 1: GuigaMan ($100 in chips) 
Seat 2: lerouge001 ($45.13 in chips) 
Seat 4: TheBluffPL ($25.96 in chips) 
Seat 5: Redillo16 ($138.32 in chips) 
Seat 6: BallerXOne ($167.70 in chips) 
GuigaMan: posts small blind $0.50
lerouge001: posts big blind $1
*** HOLE CARDS ***
TheBluffPL: raises $1 to $2
Redillo16: raises $5 to $7
BallerXOne: folds 
GuigaMan: folds 
lerouge001: calls $6
TheBluffPL: raises $18.96 to $25.96 and is all-in
Redillo16: raises $112.36 to $138.32 and is all-in
lerouge001: calls $38.13 and is all-in
Uncalled bet ($93.19) returned to Redillo16
lerouge001 has timed out
*** FLOP *** [3s 9h 7h]
*** TURN *** [3s 9h 7h] [Th]
*** RIVER *** [3s 9h 7h Th] [7d]
*** SHOW DOWN ***
lerouge001: shows [Ks Qh] (a pair of Sevens)
Redillo16: shows [8h 8s] (two pair, Eights and Sevens)
Redillo16 collected $38.34 from side pot
TheBluffPL: shows [Jh Jd] (two pair, Jacks and Sevens)
TheBluffPL collected $75.88 from main pot
*** SUMMARY ***
Total pot $116.72 Main pot $75.88. Side pot $38.34. | Rake $2.50 
Board [3s 9h 7h Th 7d]
Seat 3: Gjeneral66
Seat 1: GuigaMan (small blind) folded before Flop
Seat 2: lerouge001 (big blind) showed [Ks Qh] and lost with a pair of Sevens
Seat 4: TheBluffPL showed [Jh Jd] and won ($75.88) with two pair, Jacks and Sevens
Seat 5: Redillo16 showed [8h 8s] and won ($38.34) with two pair, Eights and Sevens
Seat 6: BallerXOne (button) folded before Flop (didn't bet)



PokerStars Hand #254263139330:  Hold'em No Limit ($0.50/$1.00 USD) - 2025/01/08 16:38:09 WET [2025/01/08 11:38:09 ET]
Table 'Endymion II' 6-max Seat #1 is the button
Seat 2: lerouge001 ($0 in chips) is sitting out
Seat 4: TheBluffPL ($75.88 in chips) is sitting out
Seat 1: GuigaMan ($100 in chips) 
Seat 3: Gjeneral66 ($45.23 in chips) 
Seat 5: Redillo16 ($131.53 in chips) 
Seat 6: BallerXOne ($167.70 in chips) 
Gjeneral66: posts small blind $0.50
TheBluffPL: is sitting out 
Redillo16: posts big blind $1
*** HOLE CARDS ***
TheBluffPL leaves the table
BallerXOne: raises $1.50 to $2.50
GuigaMan: folds 
Gjeneral66: folds 
Redillo16: folds 
Uncalled bet ($1.50) returned to BallerXOne
BallerXOne collected $2.50 from pot
BallerXOne: doesn't show hand 
*** SUMMARY ***
Total pot $2.50 | Rake $0 
Seat 2: lerouge001
Seat 4: TheBluffPL
Seat 1: GuigaMan (button) folded before Flop (didn't bet)
Seat 3: Gjeneral66 (small blind) folded before Flop
Seat 5: Redillo16 (big blind) folded before Flop
Seat 6: BallerXOne collected ($2.50)



PokerStars Hand #254263146219:  Hold'em No Limit ($0.50/$1.00 USD) - 2025/01/08 16:38:37 WET [2025/01/08 11:38:37 ET]
Table 'Endymion II' 6-max Seat #3 is the button
Seat 1: GuigaMan ($100 in chips) 
Seat 2: lerouge001 ($19.66 in chips) 
Seat 3: Gjeneral66 ($44.73 in chips) 
Seat 5: Redillo16 ($130.53 in chips) 
Seat 6: BallerXOne ($169.20 in chips) 
Redillo16: posts small blind $0.50
BallerXOne: posts big blind $1
lerouge001: posts small blind $0.50
*** HOLE CARDS ***
sta$igk joins the table at seat #4 
GuigaMan: folds 
lerouge001: raises $1 to $2
Gjeneral66: folds 
Redillo16: folds 
BallerXOne: calls $1
*** FLOP *** [6s 8h 9d]
BallerXOne: checks 
lerouge001: bets $3
BallerXOne: calls $3
*** TURN *** [6s 8h 9d] [6c]
BallerXOne: checks 
lerouge001: checks 
*** RIVER *** [6s 8h 9d 6c] [2s]
BallerXOne: bets $15
lerouge001: folds 
Uncalled bet ($15) returned to BallerXOne
BallerXOne collected $10.45 from pot
BallerXOne: doesn't show hand 
*** SUMMARY ***
Total pot $11 | Rake $0.55 
Board [6s 8h 9d 6c 2s]
Seat 1: GuigaMan folded before Flop (didn't bet)
Seat 2: lerouge001 folded on the River
Seat 3: Gjeneral66 (button) folded before Flop (didn't bet)
Seat 5: Redillo16 (small blind) folded before Flop
Seat 6: BallerXOne (big blind) collected ($10.45)



PokerStars Hand #254263159681:  Hold'em No Limit ($0.50/$1.00 USD) - 2025/01/08 16:39:31 WET [2025/01/08 11:39:31 ET]
Table 'Endymion II' 6-max Seat #5 is the button
Seat 4: sta$igk ($100.75 in chips) is sitting out
Seat 1: GuigaMan ($100 in chips) 
Seat 2: lerouge001 ($14.16 in chips) 
Seat 3: Gjeneral66 ($44.73 in chips) 
Seat 5: Redillo16 ($130.03 in chips) 
Seat 6: BallerXOne ($174.65 in chips) 
BallerXOne: posts small blind $0.50
GuigaMan: posts big blind $1
sta$igk: sits out 
*** HOLE CARDS ***
lerouge001: raises $1 to $2
Gjeneral66: folds 
Redillo16: folds 
BallerXOne: raises $13 to $15
GuigaMan: folds 
lerouge001: calls $12.16 and is all-in
Uncalled bet ($0.84) returned to BallerXOne
lerouge001 has timed out
*** FLOP *** [8d Jh 2s]
*** TURN *** [8d Jh 2s] [Qc]
*** RIVER *** [8d Jh 2s Qc] [9c]
*** SHOW DOWN ***
BallerXOne: shows [Jd Td] (a straight, Eight to Queen)
lerouge001: shows [9h 2h] (two pair, Nines and Deuces)
BallerXOne collected $27.85 from pot
*** SUMMARY ***
Total pot $29.32 | Rake $1.47 
Board [8d Jh 2s Qc 9c]
Seat 4: sta$igk
Seat 1: GuigaMan (big blind) folded before Flop
Seat 2: lerouge001 showed [9h 2h] and lost with two pair, Nines and Deuces
Seat 3: Gjeneral66 folded before Flop (didn't bet)
Seat 5: Redillo16 (button) folded before Flop (didn't bet)
Seat 6: BallerXOne (small blind) showed [Jd Td] and won ($27.85) with a straight, Eight to Queen



PokerStars Hand #254263171021:  Hold'em No Limit ($0.50/$1.00 USD) - 2025/01/08 16:40:16 WET [2025/01/08 11:40:16 ET]
Table 'Endymion II' 6-max Seat #6 is the button
Seat 2: lerouge001 ($0 in chips) is sitting out
Seat 4: sta$igk ($100.75 in chips) is sitting out
Seat 1: GuigaMan ($100 in chips) 
Seat 3: Gjeneral66 ($44.73 in chips) 
Seat 5: Redillo16 ($130.03 in chips) 
Seat 6: BallerXOne ($188.34 in chips) 
GuigaMan: posts small blind $0.50
Gjeneral66: posts big blind $1
sta$igk: sits out 
*** HOLE CARDS ***
Redillo16: folds 
BallerXOne: folds 
GuigaMan: folds 
Uncalled bet ($0.50) returned to Gjeneral66
Gjeneral66 collected $1 from pot
*** SUMMARY ***
Total pot $1 | Rake $0 
Seat 2: lerouge001
Seat 4: sta$igk
Seat 1: GuigaMan (small blind) folded before Flop
Seat 3: Gjeneral66 (big blind) collected ($1)
Seat 5: Redillo16 folded before Flop (didn't bet)
Seat 6: BallerXOne (button) folded before Flop (didn't bet)



PokerStars Hand #254263174812:  Hold'em No Limit ($0.50/$1.00 USD) - 2025/01/08 16:40:31 WET [2025/01/08 11:40:31 ET]
Table 'Endymion II' 6-max Seat #1 is the button
Seat 2: lerouge001 ($0 in chips) is sitting out
Seat 1: GuigaMan ($100 in chips) 
Seat 3: Gjeneral66 ($45.23 in chips) 
Seat 4: sta$igk ($100.75 in chips) 
Seat 5: Redillo16 ($130.03 in chips) 
Seat 6: BallerXOne ($188.34 in chips) 
Gjeneral66: posts small blind $0.50
sta$igk: posts big blind $1
*** HOLE CARDS ***
Redillo16: folds 
BallerXOne: folds 
GuigaMan: raises $1.10 to $2.10
Gjeneral66: folds 
sta$igk: raises $9.90 to $12
GuigaMan: folds 
Uncalled bet ($9.90) returned to sta$igk
sta$igk collected $4.70 from pot
sta$igk: doesn't show hand 
*** SUMMARY ***
Total pot $4.70 | Rake $0 
Seat 2: lerouge001
Seat 1: GuigaMan (button) folded before Flop
Seat 3: Gjeneral66 (small blind) folded before Flop
Seat 4: sta$igk (big blind) collected ($4.70)
Seat 5: Redillo16 folded before Flop (didn't bet)
Seat 6: BallerXOne folded before Flop (didn't bet)



PokerStars Hand #254263179306:  Hold'em No Limit ($0.50/$1.00 USD) - 2025/01/08 16:40:49 WET [2025/01/08 11:40:49 ET]
Table 'Endymion II' 6-max Seat #3 is the button
Seat 2: lerouge001 ($0 in chips) is sitting out
Seat 1: GuigaMan ($100 in chips) 
Seat 3: Gjeneral66 ($44.73 in chips) 
Seat 4: sta$igk ($103.35 in chips) 
Seat 5: Redillo16 ($130.03 in chips) 
Seat 6: BallerXOne ($188.34 in chips) 
sta$igk: posts small blind $0.50
Redillo16: posts big blind $1
*** HOLE CARDS ***
BallerXOne: folds 
GuigaMan: folds 
Gjeneral66: folds 
sta$igk: raises $2 to $3
Redillo16: folds 
Uncalled bet ($2) returned to sta$igk
sta$igk collected $2 from pot
sta$igk: doesn't show hand 
*** SUMMARY ***
Total pot $2 | Rake $0 
Seat 2: lerouge001
Seat 1: GuigaMan folded before Flop (didn't bet)
Seat 3: Gjeneral66 (button) folded before Flop (didn't bet)
Seat 4: sta$igk (small blind) collected ($2)
Seat 5: Redillo16 (big blind) folded before Flop
Seat 6: BallerXOne folded before Flop (didn't bet)



PokerStars Hand #254263183782:  Hold'em No Limit ($0.50/$1.00 USD) - 2025/01/08 16:41:07 WET [2025/01/08 11:41:07 ET]
Table 'Endymion II' 6-max Seat #4 is the button
Seat 2: lerouge001 ($0 in chips) is sitting out
Seat 1: GuigaMan ($100 in chips) 
Seat 3: Gjeneral66 ($44.73 in chips) 
Seat 4: sta$igk ($104.35 in chips) 
Seat 5: Redillo16 ($129.03 in chips) 
Seat 6: BallerXOne ($188.34 in chips) 
Redillo16: posts small blind $0.50
BallerXOne: posts big blind $1
*** HOLE CARDS ***
GuigaMan: folds 
Gjeneral66: folds 
sta$igk: folds 
Redillo16: folds 
Uncalled bet ($0.50) returned to BallerXOne
BallerXOne collected $1 from pot
BallerXOne: doesn't show hand 
*** SUMMARY ***
Total pot $1 | Rake $0 
Seat 2: lerouge001
Seat 1: GuigaMan folded before Flop (didn't bet)
Seat 3: Gjeneral66 folded before Flop (didn't bet)
Seat 4: sta$igk (button) folded before Flop (didn't bet)
Seat 5: Redillo16 (small blind) folded before Flop
Seat 6: BallerXOne (big blind) collected ($1)



PokerStars Hand #254263188787:  Hold'em No Limit ($0.50/$1.00 USD) - 2025/01/08 16:41:27 WET [2025/01/08 11:41:27 ET]
Table 'Endymion II' 6-max Seat #5 is the button
Seat 2: lerouge001 ($0 in chips) is sitting out
Seat 1: GuigaMan ($100 in chips) 
Seat 3: Gjeneral66 ($44.73 in chips) 
Seat 4: sta$igk ($104.35 in chips) 
Seat 5: Redillo16 ($128.53 in chips) 
Seat 6: BallerXOne ($188.84 in chips) 
BallerXOne: posts small blind $0.50
GuigaMan: posts big blind $1
*** HOLE CARDS ***
Gjeneral66: folds 
sta$igk: folds 
Redillo16: folds 
BallerXOne: folds 
Uncalled bet ($0.50) returned to GuigaMan
GuigaMan collected $1 from pot
GuigaMan: doesn't show hand 
*** SUMMARY ***
Total pot $1 | Rake $0 
Seat 2: lerouge001
Seat 1: GuigaMan (big blind) collected ($1)
Seat 3: Gjeneral66 folded before Flop (didn't bet)
Seat 4: sta$igk folded before Flop (didn't bet)
Seat 5: Redillo16 (button) folded before Flop (didn't bet)
Seat 6: BallerXOne (small blind) folded before Flop



PokerStars Hand #254263191729:  Hold'em No Limit ($0.50/$1.00 USD) - 2025/01/08 16:41:38 WET [2025/01/08 11:41:38 ET]
Table 'Endymion II' 6-max Seat #6 is the button
Seat 2: lerouge001 ($0 in chips) is sitting out
Seat 1: GuigaMan ($100.50 in chips) 
Seat 3: Gjeneral66 ($44.73 in chips) 
Seat 4: sta$igk ($104.35 in chips) 
Seat 5: Redillo16 ($128.53 in chips) 
Seat 6: BallerXOne ($188.34 in chips) 
GuigaMan: posts small blind $0.50
Gjeneral66: posts big blind $1
*** HOLE CARDS ***
sta$igk: folds 
Redillo16: folds 
BallerXOne: raises $1.50 to $2.50
GuigaMan: folds 
Gjeneral66: calls $1.50
*** FLOP *** [7h Jc 8c]
Gjeneral66: checks 
BallerXOne: bets $4.49
Gjeneral66: calls $4.49
*** TURN *** [7h Jc 8c] [7d]
Gjeneral66: checks 
BallerXOne: checks 
*** RIVER *** [7h Jc 8c 7d] [Tc]
Gjeneral66: bets $11
BallerXOne: folds 
Uncalled bet ($11) returned to Gjeneral66
Gjeneral66 collected $13.76 from pot
*** SUMMARY ***
Total pot $14.48 | Rake $0.72 
Board [7h Jc 8c 7d Tc]
Seat 2: lerouge001
Seat 1: GuigaMan (small blind) folded before Flop
Seat 3: Gjeneral66 (big blind) collected ($13.76)
Seat 4: sta$igk folded before Flop (didn't bet)
Seat 5: Redillo16 folded before Flop (didn't bet)
Seat 6: BallerXOne (button) folded on the River



PokerStars Hand #254263205313:  Hold'em No Limit ($0.50/$1.00 USD) - 2025/01/08 16:42:33 WET [2025/01/08 11:42:33 ET]
Table 'Endymion II' 6-max Seat #1 is the button
Seat 2: lerouge001 ($0 in chips) is sitting out
Seat 1: GuigaMan ($100 in chips) 
Seat 3: Gjeneral66 ($51.50 in chips) 
Seat 4: sta$igk ($104.35 in chips) 
Seat 5: Redillo16 ($128.53 in chips) 
Seat 6: BallerXOne ($181.35 in chips) 
Gjeneral66: posts small blind $0.50
sta$igk: posts big blind $1
*** HOLE CARDS ***
Redillo16: folds 
BallerXOne: folds 
GuigaMan: folds 
Gjeneral66: folds 
Uncalled bet ($0.50) returned to sta$igk
sta$igk collected $1 from pot
sta$igk: doesn't show hand 
*** SUMMARY ***
Total pot $1 | Rake $0 
Seat 2: lerouge001
Seat 1: GuigaMan (button) folded before Flop (didn't bet)
Seat 3: Gjeneral66 (small blind) folded before Flop
Seat 4: sta$igk (big blind) collected ($1)
Seat 5: Redillo16 folded before Flop (didn't bet)
Seat 6: BallerXOne folded before Flop (didn't bet)



PokerStars Hand #254263207472:  Hold'em No Limit ($0.50/$1.00 USD) - 2025/01/08 16:42:41 WET [2025/01/08 11:42:41 ET]
Table 'Endymion II' 6-max Seat #3 is the button
Seat 2: lerouge001 ($0 in chips) is sitting out
Seat 5: Redillo16 ($128.53 in chips) is sitting out
Seat 1: GuigaMan ($100 in chips) 
Seat 3: Gjeneral66 ($51 in chips) 
Seat 4: sta$igk ($104.85 in chips) 
Seat 6: BallerXOne ($181.35 in chips) 
sta$igk: posts small blind $0.50
Redillo16: is sitting out 
BallerXOne: posts big blind $1
*** HOLE CARDS ***
GuigaMan: folds 
Gjeneral66: raises $1.50 to $2.50
sta$igk: folds 
BallerXOne: raises $7.50 to $10
Gjeneral66: calls $7.50
*** FLOP *** [Ac 9s 9d]
BallerXOne: bets $4.88
Gjeneral66: calls $4.88
*** TURN *** [Ac 9s 9d] [4s]
BallerXOne: checks 
Gjeneral66: bets $10
BallerXOne: raises $92 to $102
Gjeneral66: folds 
Uncalled bet ($92) returned to BallerXOne
BallerXOne collected $49.26 from pot
BallerXOne: doesn't show hand 
*** SUMMARY ***
Total pot $50.26 | Rake $1 
Board [Ac 9s 9d 4s]
Seat 2: lerouge001
Seat 5: Redillo16
Seat 1: GuigaMan folded before Flop (didn't bet)
Seat 3: Gjeneral66 (button) folded on the Turn
Seat 4: sta$igk (small blind) folded before Flop
Seat 6: BallerXOne (big blind) collected ($49.26)



PokerStars Hand #254263224954:  Hold'em No Limit ($0.50/$1.00 USD) - 2025/01/08 16:43:51 WET [2025/01/08 11:43:51 ET]
Table 'Endymion II' 6-max Seat #4 is the button
Seat 2: lerouge001 ($0 in chips) is sitting out
Seat 5: Redillo16 ($128.53 in chips) is sitting out
Seat 1: GuigaMan ($100 in chips) 
Seat 3: Gjeneral66 ($26.12 in chips) 
Seat 4: sta$igk ($104.35 in chips) 
Seat 6: BallerXOne ($205.73 in chips) 
BallerXOne: posts small blind $0.50
GuigaMan: posts big blind $1
*** HOLE CARDS ***
Gjeneral66: folds 
sta$igk: raises $1.50 to $2.50
BallerXOne: folds 
GuigaMan: folds 
Uncalled bet ($1.50) returned to sta$igk
sta$igk collected $2.50 from pot
sta$igk: doesn't show hand 
*** SUMMARY ***
Total pot $2.50 | Rake $0 
Seat 2: lerouge001
Seat 5: Redillo16
Seat 1: GuigaMan (big blind) folded before Flop
Seat 3: Gjeneral66 folded before Flop (didn't bet)
Seat 4: sta$igk (button) collected ($2.50)
Seat 6: BallerXOne (small blind) folded before Flop



PokerStars Hand #254263229342:  Hold'em No Limit ($0.50/$1.00 USD) - 2025/01/08 16:44:08 WET [2025/01/08 11:44:08 ET]
Table 'Endymion II' 6-max Seat #6 is the button
Seat 2: lerouge001 ($0 in chips) is sitting out
Seat 5: Redillo16 ($128.53 in chips) is sitting out
Seat 1: GuigaMan ($100 in chips) 
Seat 3: Gjeneral66 ($26.12 in chips) 
Seat 4: sta$igk ($105.85 in chips) 
Seat 6: BallerXOne ($205.23 in chips) 
GuigaMan: posts small blind $0.50
Gjeneral66: posts big blind $1
*** HOLE CARDS ***
sta$igk: folds 
BallerXOne: folds 
GuigaMan: folds 
Uncalled bet ($0.50) returned to Gjeneral66
Gjeneral66 collected $1 from pot
*** SUMMARY ***
Total pot $1 | Rake $0 
Seat 2: lerouge001
Seat 5: Redillo16
Seat 1: GuigaMan (small blind) folded before Flop
Seat 3: Gjeneral66 (big blind) collected ($1)
Seat 4: sta$igk folded before Flop (didn't bet)
Seat 6: BallerXOne (button) folded before Flop (didn't bet)



PokerStars Hand #254263230943:  Hold'em No Limit ($0.50/$1.00 USD) - 2025/01/08 16:44:15 WET [2025/01/08 11:44:15 ET]
Table 'Endymion II' 6-max Seat #1 is the button
Seat 2: lerouge001 ($37.62 in chips) is sitting out
Seat 5: Redillo16 ($128.53 in chips) is sitting out
Seat 1: GuigaMan ($100 in chips) 
Seat 3: Gjeneral66 ($26.62 in chips) 
Seat 4: sta$igk ($105.85 in chips) 
Seat 6: BallerXOne ($205.23 in chips) 
Gjeneral66: posts small blind $0.50
sta$igk: posts big blind $1
*** HOLE CARDS ***
BallerXOne: raises $1.50 to $2.50
GuigaMan: folds 
Gjeneral66: folds 
sta$igk: folds 
Uncalled bet ($1.50) returned to BallerXOne
BallerXOne collected $2.50 from pot
BallerXOne: doesn't show hand 
*** SUMMARY ***
Total pot $2.50 | Rake $0 
Seat 2: lerouge001
Seat 5: Redillo16
Seat 1: GuigaMan (button) folded before Flop (didn't bet)
Seat 3: Gjeneral66 (small blind) folded before Flop
Seat 4: sta$igk (big blind) folded before Flop
Seat 6: BallerXOne collected ($2.50)



PokerStars Hand #254263234709:  Hold'em No Limit ($0.50/$1.00 USD) - 2025/01/08 16:44:30 WET [2025/01/08 11:44:30 ET]
Table 'Endymion II' 6-max Seat #3 is the button
Seat 1: GuigaMan ($100 in chips) 
Seat 2: lerouge001 ($37.62 in chips) 
Seat 3: Gjeneral66 ($26.12 in chips) 
Seat 4: sta$igk ($104.85 in chips) 
Seat 5: Redillo16 ($128.53 in chips) 
Seat 6: BallerXOne ($206.73 in chips) 
sta$igk: posts small blind $0.50
Redillo16: posts big blind $1
lerouge001: posts small & big blinds $1.50
*** HOLE CARDS ***
BallerXOne: folds 
GuigaMan: folds 
lerouge001: raises $3 to $4
Gjeneral66: folds 
sta$igk: folds 
Redillo16: folds 
Uncalled bet ($3) returned to lerouge001
lerouge001 collected $3 from pot
*** SUMMARY ***
Total pot $3 | Rake $0 
Seat 1: GuigaMan folded before Flop (didn't bet)
Seat 2: lerouge001 collected ($3)
Seat 3: Gjeneral66 (button) folded before Flop (didn't bet)
Seat 4: sta$igk (small blind) folded before Flop
Seat 5: Redillo16 (big blind) folded before Flop
Seat 6: BallerXOne folded before Flop (didn't bet)



PokerStars Hand #254263238071:  Hold'em No Limit ($0.50/$1.00 USD) - 2025/01/08 16:44:43 WET [2025/01/08 11:44:43 ET]
Table 'Endymion II' 6-max Seat #4 is the button
Seat 1: GuigaMan ($100 in chips) 
Seat 2: lerouge001 ($39.12 in chips) 
Seat 3: Gjeneral66 ($26.12 in chips) 
Seat 4: sta$igk ($104.35 in chips) 
Seat 5: Redillo16 ($127.53 in chips) 
Seat 6: BallerXOne ($206.73 in chips) 
Redillo16: posts small blind $0.50
BallerXOne: posts big blind $1
*** HOLE CARDS ***
GuigaMan: folds 
lerouge001: calls $1
Gjeneral66: folds 
sta$igk: raises $3 to $4
Redillo16: folds 
BallerXOne: raises $9 to $13
lerouge001: folds 
sta$igk: calls $9
*** FLOP *** [Qs 8d 5h]
BallerXOne: bets $6.53
sta$igk: folds 
Uncalled bet ($6.53) returned to BallerXOne
BallerXOne collected $26.12 from pot
BallerXOne: doesn't show hand 
*** SUMMARY ***
Total pot $27.50 | Rake $1.38 
Board [Qs 8d 5h]
Seat 1: GuigaMan folded before Flop (didn't bet)
Seat 2: lerouge001 folded before Flop
Seat 3: Gjeneral66 folded before Flop (didn't bet)
Seat 4: sta$igk (button) folded on the Flop
Seat 5: Redillo16 (small blind) folded before Flop
Seat 6: BallerXOne (big blind) collected ($26.12)



PokerStars Hand #254263252724:  Hold'em No Limit ($0.50/$1.00 USD) - 2025/01/08 16:45:41 WET [2025/01/08 11:45:41 ET]
Table 'Endymion II' 6-max Seat #5 is the button
Seat 1: GuigaMan ($100 in chips) 
Seat 2: lerouge001 ($38.12 in chips) 
Seat 3: Gjeneral66 ($26.12 in chips) 
Seat 4: sta$igk ($100 in chips) 
Seat 5: Redillo16 ($127.03 in chips) 
Seat 6: BallerXOne ($219.85 in chips) 
BallerXOne: posts small blind $0.50
GuigaMan: posts big blind $1
*** HOLE CARDS ***
lerouge001: calls $1
Gjeneral66: folds 
sta$igk: folds 
Redillo16: folds 
BallerXOne: folds 
GuigaMan: checks 
*** FLOP *** [4h 4c 6s]
GuigaMan: checks 
lerouge001: checks 
*** TURN *** [4h 4c 6s] [4d]
GuigaMan: checks 
lerouge001: checks 
*** RIVER *** [4h 4c 6s 4d] [5h]
GuigaMan: checks 
lerouge001: checks 
*** SHOW DOWN ***
GuigaMan: shows [7s 5s] (a full house, Fours full of Fives)
lerouge001: mucks hand 
GuigaMan collected $2.38 from pot
*** SUMMARY ***
Total pot $2.50 | Rake $0.12 
Board [4h 4c 6s 4d 5h]
Seat 1: GuigaMan (big blind) showed [7s 5s] and won ($2.38) with a full house, Fours full of Fives
Seat 2: lerouge001 mucked
Seat 3: Gjeneral66 folded before Flop (didn't bet)
Seat 4: sta$igk folded before Flop (didn't bet)
Seat 5: Redillo16 (button) folded before Flop (didn't bet)
Seat 6: BallerXOne (small blind) folded before Flop



PokerStars Hand #254263263886:  Hold'em No Limit ($0.50/$1.00 USD) - 2025/01/08 16:46:26 WET [2025/01/08 11:46:26 ET]
Table 'Endymion II' 6-max Seat #6 is the button
Seat 1: GuigaMan ($101.38 in chips) 
Seat 2: lerouge001 ($37.12 in chips) 
Seat 3: Gjeneral66 ($26.12 in chips) 
Seat 4: sta$igk ($100 in chips) 
Seat 5: Redillo16 ($127.03 in chips) 
Seat 6: BallerXOne ($219.35 in chips) 
GuigaMan: posts small blind $0.50
lerouge001: posts big blind $1
*** HOLE CARDS ***
Gjeneral66: folds 
sta$igk: folds 
Redillo16: raises $2.50 to $3.50
BallerXOne: folds 
GuigaMan: folds 
lerouge001: calls $2.50
*** FLOP *** [2h 7s 8s]
lerouge001: bets $3
Redillo16: calls $3
*** TURN *** [2h 7s 8s] [3s]
lerouge001: checks 
Redillo16: checks 
*** RIVER *** [2h 7s 8s 3s] [5d]
lerouge001: checks 
Redillo16: checks 
*** SHOW DOWN ***
lerouge001: shows [9c 7c] (a pair of Sevens)
Redillo16: mucks hand 
lerouge001 collected $12.82 from pot
*** SUMMARY ***
Total pot $13.50 | Rake $0.68 
Board [2h 7s 8s 3s 5d]
Seat 1: GuigaMan (small blind) folded before Flop
Seat 2: lerouge001 (big blind) showed [9c 7c] and won ($12.82) with a pair of Sevens
Seat 3: Gjeneral66 folded before Flop (didn't bet)
Seat 4: sta$igk folded before Flop (didn't bet)
Seat 5: Redillo16 mucked
Seat 6: BallerXOne (button) folded before Flop (didn't bet)



PokerStars Hand #254263279042:  Hold'em No Limit ($0.50/$1.00 USD) - 2025/01/08 16:47:26 WET [2025/01/08 11:47:26 ET]
Table 'Endymion II' 6-max Seat #1 is the button
Seat 1: GuigaMan ($100.88 in chips) 
Seat 2: lerouge001 ($43.44 in chips) 
Seat 3: Gjeneral66 ($26.12 in chips) 
Seat 4: sta$igk ($100 in chips) 
Seat 5: Redillo16 ($120.53 in chips) 
Seat 6: BallerXOne ($219.35 in chips) 
lerouge001: posts small blind $0.50
Gjeneral66: posts big blind $1
*** HOLE CARDS ***
sta$igk: folds 
Redillo16: folds 
BallerXOne: raises $1.50 to $2.50
GuigaMan: folds 
lerouge001: calls $2
Gjeneral66: raises $23.62 to $26.12 and is all-in
BallerXOne: folds 
lerouge001: calls $23.62
lerouge001 has timed out
*** FLOP *** [8s Js Ts]
*** TURN *** [8s Js Ts] [6d]
*** RIVER *** [8s Js Ts 6d] [9d]
*** SHOW DOWN ***
lerouge001: shows [9s Ah] (a pair of Nines)
Gjeneral66: shows [Ac Ks] (high card Ace)
lerouge001 collected $52.24 from pot
*** SUMMARY ***
Total pot $54.74 | Rake $2.50 
Board [8s Js Ts 6d 9d]
Seat 1: GuigaMan (button) folded before Flop (didn't bet)
Seat 2: lerouge001 (small blind) showed [9s Ah] and won ($52.24) with a pair of Nines
Seat 3: Gjeneral66 (big blind) showed [Ac Ks] and lost with high card Ace
Seat 4: sta$igk folded before Flop (didn't bet)
Seat 5: Redillo16 folded before Flop (didn't bet)
Seat 6: BallerXOne folded before Flop



PokerStars Hand #254263289694:  Hold'em No Limit ($0.50/$1.00 USD) - 2025/01/08 16:48:08 WET [2025/01/08 11:48:08 ET]
Table 'Endymion II' 6-max Seat #2 is the button
Seat 3: Gjeneral66 ($0 in chips) is sitting out
Seat 1: GuigaMan ($100.88 in chips) 
Seat 2: lerouge001 ($69.56 in chips) 
Seat 4: sta$igk ($100 in chips) 
Seat 5: Redillo16 ($120.53 in chips) 
Seat 6: BallerXOne ($216.85 in chips) 
sta$igk: posts small blind $0.50
Redillo16: posts big blind $1
*** HOLE CARDS ***
Gjeneral66 leaves the table
BallerXOne: raises $1.50 to $2.50
GuigaMan: raises $5.50 to $8
poker_soul11 joins the table at seat #3 
lerouge001: folds 
sta$igk: folds 
Redillo16: folds 
BallerXOne: raises $14 to $22
GuigaMan: folds 
Uncalled bet ($14) returned to BallerXOne
BallerXOne collected $17.50 from pot
BallerXOne: doesn't show hand 
*** SUMMARY ***
Total pot $17.50 | Rake $0 
Seat 3: Gjeneral66
Seat 1: GuigaMan folded before Flop
Seat 2: lerouge001 (button) folded before Flop (didn't bet)
Seat 4: sta$igk (small blind) folded before Flop
Seat 5: Redillo16 (big blind) folded before Flop
Seat 6: BallerXOne collected ($17.50)



PokerStars Hand #254263307803:  Hold'em No Limit ($0.50/$1.00 USD) - 2025/01/08 16:49:20 WET [2025/01/08 11:49:20 ET]
Table 'Endymion II' 6-max Seat #4 is the button
Seat 3: poker_soul11 ($100 in chips) is sitting out
Seat 1: GuigaMan ($100 in chips) 
Seat 2: lerouge001 ($69.56 in chips) 
Seat 4: sta$igk ($100 in chips) 
Seat 5: Redillo16 ($119.53 in chips) 
Seat 6: BallerXOne ($226.35 in chips) 
Redillo16: posts small blind $0.50
BallerXOne: posts big blind $1
poker_soul11: sits out 
*** HOLE CARDS ***
GuigaMan: folds 
lerouge001: calls $1
sta$igk: raises $3 to $4
Redillo16: folds 
BallerXOne: folds 
lerouge001: calls $3
*** FLOP *** [Jh Kh Kd]
lerouge001: checks 
sta$igk: checks 
*** TURN *** [Jh Kh Kd] [5d]
lerouge001: checks 
sta$igk: bets $2.98
lerouge001: raises $4.98 to $7.96
sta$igk: calls $4.98
*** RIVER *** [Jh Kh Kd 5d] [3d]
lerouge001: bets $10
sta$igk: calls $10
*** SHOW DOWN ***
lerouge001: shows [Ks 9c] (three of a kind, Kings)
sta$igk: mucks hand 
lerouge001 collected $43.15 from pot
*** SUMMARY ***
Total pot $45.42 | Rake $2.27 
Board [Jh Kh Kd 5d 3d]
Seat 3: poker_soul11
Seat 1: GuigaMan folded before Flop (didn't bet)
Seat 2: lerouge001 showed [Ks 9c] and won ($43.15) with three of a kind, Kings
Seat 4: sta$igk (button) mucked
Seat 5: Redillo16 (small blind) folded before Flop
Seat 6: BallerXOne (big blind) folded before Flop



PokerStars Hand #254263329833:  Hold'em No Limit ($0.50/$1.00 USD) - 2025/01/08 16:50:47 WET [2025/01/08 11:50:47 ET]
Table 'Endymion II' 6-max Seat #5 is the button
Seat 3: poker_soul11 ($100 in chips) is sitting out
Seat 1: GuigaMan ($100 in chips) 
Seat 2: lerouge001 ($90.75 in chips) 
Seat 4: sta$igk ($100 in chips) 
Seat 5: Redillo16 ($119.03 in chips) 
Seat 6: BallerXOne ($225.35 in chips) 
BallerXOne: posts small blind $0.50
GuigaMan: posts big blind $1
poker_soul11: sits out 
*** HOLE CARDS ***
lerouge001: calls $1
sta$igk: folds 
Redillo16: raises $5 to $6
BallerXOne: folds 
GuigaMan: folds 
lerouge001: calls $5
*** FLOP *** [9s 4h 3c]
lerouge001: checks 
Redillo16: bets $5.50
lerouge001: folds 
Uncalled bet ($5.50) returned to Redillo16
Redillo16 collected $12.82 from pot
Redillo16: doesn't show hand 
*** SUMMARY ***
Total pot $13.50 | Rake $0.68 
Board [9s 4h 3c]
Seat 3: poker_soul11
Seat 1: GuigaMan (big blind) folded before Flop
Seat 2: lerouge001 folded on the Flop
Seat 4: sta$igk folded before Flop (didn't bet)
Seat 5: Redillo16 (button) collected ($12.82)
Seat 6: BallerXOne (small blind) folded before Flop



PokerStars Hand #254263339336:  Hold'em No Limit ($0.50/$1.00 USD) - 2025/01/08 16:51:25 WET [2025/01/08 11:51:25 ET]
Table 'Endymion II' 6-max Seat #6 is the button
Seat 3: poker_soul11 ($100 in chips) is sitting out
Seat 1: GuigaMan ($100 in chips) 
Seat 2: lerouge001 ($84.75 in chips) 
Seat 4: sta$igk ($100 in chips) 
Seat 5: Redillo16 ($125.85 in chips) 
Seat 6: BallerXOne ($224.85 in chips) 
GuigaMan: posts small blind $0.50
lerouge001: posts big blind $1
poker_soul11: sits out 
*** HOLE CARDS ***
sta$igk: folds 
Redillo16: folds 
BallerXOne: raises $1.50 to $2.50
GuigaMan: folds 
lerouge001: folds 
Uncalled bet ($1.50) returned to BallerXOne
BallerXOne collected $2.50 from pot
BallerXOne: doesn't show hand 
*** SUMMARY ***
Total pot $2.50 | Rake $0 
Seat 3: poker_soul11
Seat 1: GuigaMan (small blind) folded before Flop
Seat 2: lerouge001 (big blind) folded before Flop
Seat 4: sta$igk folded before Flop (didn't bet)
Seat 5: Redillo16 folded before Flop (didn't bet)
Seat 6: BallerXOne (button) collected ($2.50)



PokerStars Hand #254263342690:  Hold'em No Limit ($0.50/$1.00 USD) - 2025/01/08 16:51:38 WET [2025/01/08 11:51:38 ET]
Table 'Endymion II' 6-max Seat #1 is the button
Seat 1: GuigaMan ($100 in chips) 
Seat 2: lerouge001 ($83.75 in chips) 
Seat 3: poker_soul11 ($100 in chips) 
Seat 4: sta$igk ($100 in chips) 
Seat 5: Redillo16 ($125.85 in chips) 
Seat 6: BallerXOne ($226.35 in chips) 
lerouge001: posts small blind $0.50
poker_soul11: posts big blind $1
*** HOLE CARDS ***
sta$igk: folds 
Redillo16: raises $2.50 to $3.50
BallerXOne: folds 
GuigaMan: folds 
lerouge001: folds 
poker_soul11: folds 
Uncalled bet ($2.50) returned to Redillo16
Redillo16 collected $2.50 from pot
Redillo16: doesn't show hand 
*** SUMMARY ***
Total pot $2.50 | Rake $0 
Seat 1: GuigaMan (button) folded before Flop (didn't bet)
Seat 2: lerouge001 (small blind) folded before Flop
Seat 3: poker_soul11 (big blind) folded before Flop
Seat 4: sta$igk folded before Flop (didn't bet)
Seat 5: Redillo16 collected ($2.50)
Seat 6: BallerXOne folded before Flop (didn't bet)



PokerStars Hand #254263347137:  Hold'em No Limit ($0.50/$1.00 USD) - 2025/01/08 16:51:56 WET [2025/01/08 11:51:56 ET]
Table 'Endymion II' 6-max Seat #2 is the button
Seat 1: GuigaMan ($100 in chips) 
Seat 2: lerouge001 ($83.25 in chips) 
Seat 3: poker_soul11 ($100 in chips) 
Seat 4: sta$igk ($100 in chips) 
Seat 5: Redillo16 ($127.35 in chips) 
Seat 6: BallerXOne ($226.35 in chips) 
poker_soul11: posts small blind $0.50
sta$igk: posts big blind $1
*** HOLE CARDS ***
Redillo16: folds 
BallerXOne: folds 
GuigaMan: folds 
lerouge001: raises $4 to $5
poker_soul11: folds 
sta$igk: folds 
Uncalled bet ($4) returned to lerouge001
lerouge001 collected $2.50 from pot
*** SUMMARY ***
Total pot $2.50 | Rake $0 
Seat 1: GuigaMan folded before Flop (didn't bet)
Seat 2: lerouge001 (button) collected ($2.50)
Seat 3: poker_soul11 (small blind) folded before Flop
Seat 4: sta$igk (big blind) folded before Flop
Seat 5: Redillo16 folded before Flop (didn't bet)
Seat 6: BallerXOne folded before Flop (didn't bet)



PokerStars Hand #254263353183:  Hold'em No Limit ($0.50/$1.00 USD) - 2025/01/08 16:52:20 WET [2025/01/08 11:52:20 ET]
Table 'Endymion II' 6-max Seat #3 is the button
Seat 1: GuigaMan ($100 in chips) 
Seat 2: lerouge001 ($84.75 in chips) 
Seat 3: poker_soul11 ($100 in chips) 
Seat 4: sta$igk ($100 in chips) 
Seat 5: Redillo16 ($127.35 in chips) 
Seat 6: BallerXOne ($226.35 in chips) 
sta$igk: posts small blind $0.50
Redillo16: posts big blind $1
*** HOLE CARDS ***
BallerXOne: folds 
GuigaMan: folds 
lerouge001: calls $1
poker_soul11: folds 
sta$igk: folds 
Redillo16: checks 
*** FLOP *** [8d 9d Td]
Redillo16: checks 
lerouge001: checks 
*** TURN *** [8d 9d Td] [Jc]
Redillo16: checks 
lerouge001: bets $3
Redillo16: folds 
Uncalled bet ($3) returned to lerouge001
lerouge001 collected $2.38 from pot
*** SUMMARY ***
Total pot $2.50 | Rake $0.12 
Board [8d 9d Td Jc]
Seat 1: GuigaMan folded before Flop (didn't bet)
Seat 2: lerouge001 collected ($2.38)
Seat 3: poker_soul11 (button) folded before Flop (didn't bet)
Seat 4: sta$igk (small blind) folded before Flop
Seat 5: Redillo16 (big blind) folded on the Turn
Seat 6: BallerXOne folded before Flop (didn't bet)



PokerStars Hand #254263360537:  Hold'em No Limit ($0.50/$1.00 USD) - 2025/01/08 16:52:48 WET [2025/01/08 11:52:48 ET]
Table 'Endymion II' 6-max Seat #4 is the button
Seat 1: GuigaMan ($100 in chips) 
Seat 2: lerouge001 ($86.13 in chips) 
Seat 3: poker_soul11 ($100 in chips) 
Seat 4: sta$igk ($100 in chips) 
Seat 5: Redillo16 ($126.35 in chips) 
Seat 6: BallerXOne ($226.35 in chips) 
Redillo16: posts small blind $0.50
BallerXOne: posts big blind $1
*** HOLE CARDS ***
GuigaMan: folds 
lerouge001: raises $1 to $2
poker_soul11: folds 
sta$igk: folds 
Redillo16: raises $7.50 to $9.50
BallerXOne: folds 
lerouge001: calls $7.50
*** FLOP *** [Js 2h Ad]
Redillo16: bets $5.97
lerouge001: folds 
Uncalled bet ($5.97) returned to Redillo16
Redillo16 collected $19 from pot
Redillo16: doesn't show hand 
*** SUMMARY ***
Total pot $20 | Rake $1 
Board [Js 2h Ad]
Seat 1: GuigaMan folded before Flop (didn't bet)
Seat 2: lerouge001 folded on the Flop
Seat 3: poker_soul11 folded before Flop (didn't bet)
Seat 4: sta$igk (button) folded before Flop (didn't bet)
Seat 5: Redillo16 (small blind) collected ($19)
Seat 6: BallerXOne (big blind) folded before Flop



PokerStars Hand #254263370793:  Hold'em No Limit ($0.50/$1.00 USD) - 2025/01/08 16:53:29 WET [2025/01/08 11:53:29 ET]
Table 'Endymion II' 6-max Seat #5 is the button
Seat 1: GuigaMan ($100 in chips) 
Seat 2: lerouge001 ($76.63 in chips) 
Seat 3: poker_soul11 ($100 in chips) 
Seat 4: sta$igk ($100 in chips) 
Seat 5: Redillo16 ($135.85 in chips) 
Seat 6: BallerXOne ($225.35 in chips) 
BallerXOne: posts small blind $0.50
GuigaMan: posts big blind $1
*** HOLE CARDS ***
lerouge001: calls $1
poker_soul11: folds 
sta$igk: folds 
Redillo16: folds 
BallerXOne: folds 
GuigaMan: checks 
*** FLOP *** [6s Js Jc]
GuigaMan: checks 
lerouge001: checks 
*** TURN *** [6s Js Jc] [Ac]
GuigaMan: checks 
lerouge001: checks 
*** RIVER *** [6s Js Jc Ac] [Qh]
GuigaMan: checks 
lerouge001: checks 
*** SHOW DOWN ***
GuigaMan: shows [7d Ks] (a pair of Jacks)
lerouge001: shows [Th 6h] (two pair, Jacks and Sixes)
lerouge001 collected $2.38 from pot
*** SUMMARY ***
Total pot $2.50 | Rake $0.12 
Board [6s Js Jc Ac Qh]
Seat 1: GuigaMan (big blind) showed [7d Ks] and lost with a pair of Jacks
Seat 2: lerouge001 showed [Th 6h] and won ($2.38) with two pair, Jacks and Sixes
Seat 3: poker_soul11 folded before Flop (didn't bet)
Seat 4: sta$igk folded before Flop (didn't bet)
Seat 5: Redillo16 (button) folded before Flop (didn't bet)
Seat 6: BallerXOne (small blind) folded before Flop



PokerStars Hand #254263378257:  Hold'em No Limit ($0.50/$1.00 USD) - 2025/01/08 16:53:59 WET [2025/01/08 11:53:59 ET]
Table 'Endymion II' 6-max Seat #6 is the button
Seat 1: GuigaMan ($100 in chips) 
Seat 2: lerouge001 ($78.01 in chips) 
Seat 3: poker_soul11 ($100 in chips) 
Seat 4: sta$igk ($100 in chips) 
Seat 5: Redillo16 ($135.85 in chips) 
Seat 6: BallerXOne ($224.85 in chips) 
GuigaMan: posts small blind $0.50
lerouge001: posts big blind $1
*** HOLE CARDS ***
poker_soul11: raises $1.20 to $2.20
sta$igk: folds 
Redillo16: folds 
BallerXOne: folds 
GuigaMan: folds 
lerouge001: calls $1.20
*** FLOP *** [9d Qc 7s]
lerouge001: checks 
poker_soul11: bets $1.17
lerouge001: raises $1.17 to $2.34
poker_soul11: calls $1.17
*** TURN *** [9d Qc 7s] [Jh]
lerouge001: bets $5
poker_soul11: folds 
Uncalled bet ($5) returned to lerouge001
lerouge001 collected $9.10 from pot
*** SUMMARY ***
Total pot $9.58 | Rake $0.48 
Board [9d Qc 7s Jh]
Seat 1: GuigaMan (small blind) folded before Flop
Seat 2: lerouge001 (big blind) collected ($9.10)
Seat 3: poker_soul11 folded on the Turn
Seat 4: sta$igk folded before Flop (didn't bet)
Seat 5: Redillo16 folded before Flop (didn't bet)
Seat 6: BallerXOne (button) folded before Flop (didn't bet)



PokerStars Hand #254263389760:  Hold'em No Limit ($0.50/$1.00 USD) - 2025/01/08 16:54:45 WET [2025/01/08 11:54:45 ET]
Table 'Endymion II' 6-max Seat #1 is the button
Seat 1: GuigaMan ($100 in chips) 
Seat 2: lerouge001 ($82.57 in chips) 
Seat 3: poker_soul11 ($100 in chips) 
Seat 4: sta$igk ($100 in chips) 
Seat 5: Redillo16 ($135.85 in chips) 
Seat 6: BallerXOne ($224.85 in chips) 
lerouge001: posts small blind $0.50
poker_soul11: posts big blind $1
*** HOLE CARDS ***
sta$igk: folds 
Redillo16: folds 
BallerXOne: folds 
GuigaMan: raises $1.10 to $2.10
lerouge001: calls $1.60
poker_soul11: folds 
*** FLOP *** [6h Js 5d]
lerouge001: bets $3
GuigaMan: folds 
Uncalled bet ($3) returned to lerouge001
lerouge001 collected $4.94 from pot
*** SUMMARY ***
Total pot $5.20 | Rake $0.26 
Board [6h Js 5d]
Seat 1: GuigaMan (button) folded on the Flop
Seat 2: lerouge001 (small blind) collected ($4.94)
Seat 3: poker_soul11 (big blind) folded before Flop
Seat 4: sta$igk folded before Flop (didn't bet)
Seat 5: Redillo16 folded before Flop (didn't bet)
Seat 6: BallerXOne folded before Flop (didn't bet)



PokerStars Hand #254263399782:  Hold'em No Limit ($0.50/$1.00 USD) - 2025/01/08 16:55:30 WET [2025/01/08 11:55:30 ET]
Table 'Endymion II' 6-max Seat #2 is the button
Seat 1: GuigaMan ($100 in chips) 
Seat 2: lerouge001 ($85.41 in chips) 
Seat 3: poker_soul11 ($100 in chips) 
Seat 4: sta$igk ($100 in chips) 
Seat 5: Redillo16 ($135.85 in chips) 
Seat 6: BallerXOne ($224.85 in chips) 
poker_soul11: posts small blind $0.50
sta$igk: posts big blind $1
*** HOLE CARDS ***
Redillo16: raises $2 to $3
BallerXOne: folds 
GuigaMan: folds 
lerouge001: calls $3
poker_soul11: folds 
sta$igk: folds 
*** FLOP *** [Qc Kd 6s]
Redillo16: checks 
lerouge001: checks 
*** TURN *** [Qc Kd 6s] [Jd]
Redillo16: checks 
lerouge001: bets $3
Redillo16: calls $3
*** RIVER *** [Qc Kd 6s Jd] [2d]
Redillo16: checks 
lerouge001: bets $10
Redillo16: calls $10
*** SHOW DOWN ***
lerouge001: shows [Tc Ah] (a straight, Ten to Ace)
Redillo16: mucks hand 
lerouge001 collected $31.82 from pot
*** SUMMARY ***
Total pot $33.50 | Rake $1.68 
Board [Qc Kd 6s Jd 2d]
Seat 1: GuigaMan folded before Flop (didn't bet)
Seat 2: lerouge001 (button) showed [Tc Ah] and won ($31.82) with a straight, Ten to Ace
Seat 3: poker_soul11 (small blind) folded before Flop
Seat 4: sta$igk (big blind) folded before Flop
Seat 5: Redillo16 mucked
Seat 6: BallerXOne folded before Flop (didn't bet)



PokerStars Hand #254263408817:  Hold'em No Limit ($0.50/$1.00 USD) - 2025/01/08 16:56:18 WET [2025/01/08 11:56:18 ET]
Table 'Endymion II' 6-max Seat #3 is the button
Seat 1: GuigaMan ($100 in chips) 
Seat 2: lerouge001 ($101.23 in chips) 
Seat 3: poker_soul11 ($100 in chips) 
Seat 4: sta$igk ($100 in chips) 
Seat 5: Redillo16 ($119.85 in chips) 
Seat 6: BallerXOne ($224.85 in chips) 
sta$igk: posts small blind $0.50
Redillo16: posts big blind $1
*** HOLE CARDS ***
BallerXOne: raises $1.50 to $2.50
GuigaMan: folds 
lerouge001: calls $2.50
poker_soul11: folds 
sta$igk: folds 
Redillo16: folds 
*** FLOP *** [8c Th 9s]
BallerXOne: bets $2.04
lerouge001: calls $2.04
*** TURN *** [8c Th 9s] [6s]
BallerXOne: checks 
lerouge001: bets $5
BallerXOne: calls $5
*** RIVER *** [8c Th 9s 6s] [7h]
BallerXOne: checks 
lerouge001: checks 
*** SHOW DOWN ***
BallerXOne: shows [Td Kd] (a straight, Six to Ten)
lerouge001: shows [4d Ts] (a straight, Six to Ten)
BallerXOne collected $9.78 from pot
lerouge001 collected $9.77 from pot
*** SUMMARY ***
Total pot $20.58 | Rake $1.03 
Board [8c Th 9s 6s 7h]
Seat 1: GuigaMan folded before Flop (didn't bet)
Seat 2: lerouge001 showed [4d Ts] and won ($9.77) with a straight, Six to Ten
Seat 3: poker_soul11 (button) folded before Flop (didn't bet)
Seat 4: sta$igk (small blind) folded before Flop
Seat 5: Redillo16 (big blind) folded before Flop
Seat 6: BallerXOne showed [Td Kd] and won ($9.78) with a straight, Six to Ten



PokerStars Hand #254263415532:  Hold'em No Limit ($0.50/$1.00 USD) - 2025/01/08 16:56:54 WET [2025/01/08 11:56:54 ET]
Table 'Endymion II' 6-max Seat #4 is the button
Seat 6: BallerXOne ($225.09 in chips) is sitting out
Seat 1: GuigaMan ($100 in chips) 
Seat 2: lerouge001 ($101.46 in chips) 
Seat 3: poker_soul11 ($100 in chips) 
Seat 4: sta$igk ($100 in chips) 
Seat 5: Redillo16 ($118.85 in chips) 
Redillo16: posts small blind $0.50
BallerXOne: is sitting out 
GuigaMan: posts big blind $1
*** HOLE CARDS ***
BallerXOne leaves the table
lerouge001: calls $1
poker_soul11: raises $3 to $4
sta$igk: folds 
Redillo16: folds 
GuigaMan: folds 
lerouge001: calls $3
*** FLOP *** [2c Jc Ah]
lerouge001: bets $3
poker_soul11: calls $3
*** TURN *** [2c Jc Ah] [Qs]
lerouge001: checks 
poker_soul11: checks 
*** RIVER *** [2c Jc Ah Qs] [9d]
lerouge001: checks 
poker_soul11: bets $7.36
lerouge001: calls $7.36
*** SHOW DOWN ***
poker_soul11: shows [Ks Kh] (a pair of Kings)
lerouge001: mucks hand 
poker_soul11 collected $28.71 from pot
*** SUMMARY ***
Total pot $30.22 | Rake $1.51 
Board [2c Jc Ah Qs 9d]
Seat 6: BallerXOne
Seat 1: GuigaMan (big blind) folded before Flop
Seat 2: lerouge001 mucked
Seat 3: poker_soul11 showed [Ks Kh] and won ($28.71) with a pair of Kings
Seat 4: sta$igk (button) folded before Flop (didn't bet)
Seat 5: Redillo16 (small blind) folded before Flop



PokerStars Hand #254263423693:  Hold'em No Limit ($0.50/$1.00 USD) - 2025/01/08 16:57:36 WET [2025/01/08 11:57:36 ET]
Table 'Endymion II' 6-max Seat #5 is the button
Seat 1: GuigaMan ($100 in chips) 
Seat 2: lerouge001 ($87.10 in chips) 
Seat 3: poker_soul11 ($114.35 in chips) 
Seat 4: sta$igk ($100 in chips) 
Seat 5: Redillo16 ($118.35 in chips) 
GuigaMan: posts small blind $0.50
lerouge001: posts big blind $1
*** HOLE CARDS ***
poker_soul11: folds 
Joe_Li7 joins the table at seat #6 
sta$igk: folds 
Redillo16: raises $2.50 to $3.50
GuigaMan: folds 
lerouge001: calls $2.50
*** FLOP *** [2d 5d Td]
lerouge001: checks 
Redillo16: bets $2.40
lerouge001: calls $2.40
*** TURN *** [2d 5d Td] [Kh]
lerouge001: checks 
Redillo16: bets $7.50
lerouge001: calls $7.50
*** RIVER *** [2d 5d Td Kh] [3c]
lerouge001: checks 
Redillo16: checks 
*** SHOW DOWN ***
lerouge001: shows [4d Ah] (a straight, Ace to Five)
Redillo16: mucks hand 
lerouge001 collected $25.94 from pot
*** SUMMARY ***
Total pot $27.30 | Rake $1.36 
Board [2d 5d Td Kh 3c]
Seat 1: GuigaMan (small blind) folded before Flop
Seat 2: lerouge001 (big blind) showed [4d Ah] and won ($25.94) with a straight, Ace to Five
Seat 3: poker_soul11 folded before Flop (didn't bet)
Seat 4: sta$igk folded before Flop (didn't bet)
Seat 5: Redillo16 (button) mucked



PokerStars Hand #254263433812:  Hold'em No Limit ($0.50/$1.00 USD) - 2025/01/08 16:58:29 WET [2025/01/08 11:58:29 ET]
Table 'Endymion II' 6-max Seat #1 is the button
Seat 6: Joe_Li7 ($100 in chips) is sitting out
Seat 1: GuigaMan ($100 in chips) 
Seat 2: lerouge001 ($99.64 in chips) 
Seat 3: poker_soul11 ($114.35 in chips) 
Seat 4: sta$igk ($100 in chips) 
Seat 5: Redillo16 ($104.95 in chips) 
lerouge001: posts small blind $0.50
poker_soul11: posts big blind $1
Joe_Li7: sits out 
*** HOLE CARDS ***
sta$igk: folds 
Redillo16: raises $1.50 to $2.50
GuigaMan: folds 
lerouge001: calls $2
poker_soul11: folds 
*** FLOP *** [2d Ac 5s]
lerouge001: bets $2
Redillo16: raises $4.50 to $6.50
lerouge001: calls $4.50
*** TURN *** [2d Ac 5s] [3c]
lerouge001: checks 
Redillo16: checks 
*** RIVER *** [2d Ac 5s 3c] [8s]
lerouge001: checks 
Redillo16: bets $11
lerouge001: folds 
Uncalled bet ($11) returned to Redillo16
Redillo16 collected $18.05 from pot
Redillo16: doesn't show hand 
*** SUMMARY ***
Total pot $19 | Rake $0.95 
Board [2d Ac 5s 3c 8s]
Seat 6: Joe_Li7
Seat 1: GuigaMan (button) folded before Flop (didn't bet)
Seat 2: lerouge001 (small blind) folded on the River
Seat 3: poker_soul11 (big blind) folded before Flop
Seat 4: sta$igk folded before Flop (didn't bet)
Seat 5: Redillo16 collected ($18.05)



PokerStars Hand #254263444435:  Hold'em No Limit ($0.50/$1.00 USD) - 2025/01/08 16:59:24 WET [2025/01/08 11:59:24 ET]
Table 'Endymion II' 6-max Seat #2 is the button
Seat 6: Joe_Li7 ($100 in chips) is sitting out
Seat 1: GuigaMan ($100 in chips) 
Seat 2: lerouge001 ($90.64 in chips) 
Seat 3: poker_soul11 ($113.35 in chips) 
Seat 4: sta$igk ($100 in chips) 
Seat 5: Redillo16 ($114 in chips) 
poker_soul11: posts small blind $0.50
sta$igk: posts big blind $1
Joe_Li7: sits out 
*** HOLE CARDS ***
Redillo16: folds 
GuigaMan: folds 
lerouge001: raises $1 to $2
poker_soul11: raises $8 to $10
sta$igk: folds 
lerouge001: calls $8
*** FLOP *** [2d Ac 3c]
poker_soul11: bets $4.99
lerouge001: calls $4.99
*** TURN *** [2d Ac 3c] [8c]
poker_soul11: checks 
lerouge001: bets $6
poker_soul11: folds 
Uncalled bet ($6) returned to lerouge001
lerouge001 collected $29.43 from pot
*** SUMMARY ***
Total pot $30.98 | Rake $1.55 
Board [2d Ac 3c 8c]
Seat 6: Joe_Li7
Seat 1: GuigaMan folded before Flop (didn't bet)
Seat 2: lerouge001 (button) collected ($29.43)
Seat 3: poker_soul11 (small blind) folded on the Turn
Seat 4: sta$igk (big blind) folded before Flop
Seat 5: Redillo16 folded before Flop (didn't bet)



PokerStars Hand #254263454380:  Hold'em No Limit ($0.50/$1.00 USD) - 2025/01/08 17:00:15 WET [2025/01/08 12:00:15 ET]
Table 'Endymion II' 6-max Seat #3 is the button
Seat 6: Joe_Li7 ($100 in chips) is sitting out
Seat 1: GuigaMan ($100 in chips) 
Seat 2: lerouge001 ($105.08 in chips) 
Seat 3: poker_soul11 ($100 in chips) 
Seat 4: sta$igk ($100 in chips) 
Seat 5: Redillo16 ($114 in chips) 
sta$igk: posts small blind $0.50
Redillo16: posts big blind $1
Joe_Li7: sits out 
*** HOLE CARDS ***
GuigaMan: folds 
lerouge001: raises $1 to $2
poker_soul11: calls $2
sta$igk: folds 
Redillo16: folds 
*** FLOP *** [Qh 6c 3s]
lerouge001: checks 
poker_soul11: bets $1.31
lerouge001: calls $1.31
*** TURN *** [Qh 6c 3s] [Ad]
lerouge001: checks 
poker_soul11: bets $2.54
lerouge001: folds 
Uncalled bet ($2.54) returned to poker_soul11
poker_soul11 collected $7.71 from pot
poker_soul11: doesn't show hand 
*** SUMMARY ***
Total pot $8.12 | Rake $0.41 
Board [Qh 6c 3s Ad]
Seat 6: Joe_Li7
Seat 1: GuigaMan folded before Flop (didn't bet)
Seat 2: lerouge001 folded on the Turn
Seat 3: poker_soul11 (button) collected ($7.71)
Seat 4: sta$igk (small blind) folded before Flop
Seat 5: Redillo16 (big blind) folded before Flop



PokerStars Hand #254263463331:  Hold'em No Limit ($0.50/$1.00 USD) - 2025/01/08 17:00:58 WET [2025/01/08 12:00:58 ET]
Table 'Endymion II' 6-max Seat #4 is the button
Seat 1: GuigaMan ($100 in chips) 
Seat 2: lerouge001 ($101.77 in chips) 
Seat 3: poker_soul11 ($104.40 in chips) 
Seat 4: sta$igk ($100 in chips) 
Seat 5: Redillo16 ($113 in chips) 
Seat 6: Joe_Li7 ($100 in chips) 
Redillo16: posts small blind $0.50
Joe_Li7: posts big blind $1
*** HOLE CARDS ***
GuigaMan: folds 
lerouge001: raises $1 to $2
poker_soul11: raises $4.50 to $6.50
sta$igk: folds 
Redillo16: folds 
Joe_Li7: folds 
lerouge001: calls $4.50
*** FLOP *** [4c 2d Tc]
lerouge001: checks 
poker_soul11: bets $10.34
lerouge001: folds 
Uncalled bet ($10.34) returned to poker_soul11
poker_soul11 collected $13.78 from pot
poker_soul11: doesn't show hand 
*** SUMMARY ***
Total pot $14.50 | Rake $0.72 
Board [4c 2d Tc]
Seat 1: GuigaMan folded before Flop (didn't bet)
Seat 2: lerouge001 folded on the Flop
Seat 3: poker_soul11 collected ($13.78)
Seat 4: sta$igk (button) folded before Flop (didn't bet)
Seat 5: Redillo16 (small blind) folded before Flop
Seat 6: Joe_Li7 (big blind) folded before Flop



PokerStars Hand #254263470214:  Hold'em No Limit ($0.50/$1.00 USD) - 2025/01/08 17:01:29 WET [2025/01/08 12:01:29 ET]
Table 'Endymion II' 6-max Seat #5 is the button
Seat 1: GuigaMan ($100 in chips) is sitting out
Seat 2: lerouge001 ($95.27 in chips) 
Seat 3: poker_soul11 ($111.68 in chips) 
Seat 4: sta$igk ($100 in chips) 
Seat 5: Redillo16 ($112.50 in chips) 
Seat 6: Joe_Li7 ($100 in chips) 
Joe_Li7: posts small blind $0.50
GuigaMan: is sitting out 
lerouge001: posts big blind $1
*** HOLE CARDS ***
GuigaMan leaves the table
poker_soul11: folds 
sta$igk: folds 
Redillo16: raises $2.50 to $3.50
Joe_Li7: raises $10.10 to $13.60
lerouge001: calls $12.60
Redillo16: folds 
*** FLOP *** [4d 4s 8s]
mr.Jckpot joins the table at seat #1 
Joe_Li7: bets $3.50
lerouge001: calls $3.50
*** TURN *** [4d 4s 8s] [Ac]
Joe_Li7: bets $7.16
lerouge001: raises $13.16 to $20.32
Joe_Li7: calls $13.16
*** RIVER *** [4d 4s 8s Ac] [9s]
Joe_Li7: checks 
lerouge001: checks 
*** SHOW DOWN ***
Joe_Li7: shows [8d 8c] (a full house, Eights full of Fours)
lerouge001: mucks hand 
Joe_Li7 collected $75.84 from pot
*** SUMMARY ***
Total pot $78.34 | Rake $2.50 
Board [4d 4s 8s Ac 9s]
Seat 1: GuigaMan
Seat 2: lerouge001 (big blind) mucked
Seat 3: poker_soul11 folded before Flop (didn't bet)
Seat 4: sta$igk folded before Flop (didn't bet)
Seat 5: Redillo16 (button) folded before Flop
Seat 6: Joe_Li7 (small blind) showed [8d 8c] and won ($75.84) with a full house, Eights full of Fours



PokerStars Hand #254263493228:  Hold'em No Limit ($0.50/$1.00 USD) - 2025/01/08 17:03:03 WET [2025/01/08 12:03:03 ET]
Table 'Endymion II' 6-max Seat #6 is the button
Seat 1: mr.Jckpot ($101.30 in chips) is sitting out
Seat 2: lerouge001 ($57.85 in chips) 
Seat 3: poker_soul11 ($111.68 in chips) 
Seat 4: sta$igk ($100 in chips) 
Seat 5: Redillo16 ($109 in chips) 
Seat 6: Joe_Li7 ($138.42 in chips) 
lerouge001: posts small blind $0.50
poker_soul11: posts big blind $1
*** HOLE CARDS ***
sta$igk: raises $1.50 to $2.50
Redillo16: folds 
Joe_Li7: raises $5 to $7.50
lerouge001: calls $7
poker_soul11: folds 
sta$igk: calls $5
*** FLOP *** [8h Jh 2s]
lerouge001: bets $3
sta$igk: raises $6 to $9
Joe_Li7: calls $9
lerouge001: calls $6
*** TURN *** [8h Jh 2s] [6h]
lerouge001: bets $41.35 and is all-in
sta$igk: folds 
Joe_Li7: calls $41.35
*** RIVER *** [8h Jh 2s 6h] [Ks]
*** SHOW DOWN ***
lerouge001: shows [6d 8s] (two pair, Eights and Sixes)
Joe_Li7: shows [Js Jd] (three of a kind, Jacks)
Joe_Li7 collected $130.70 from pot
*** SUMMARY ***
Total pot $133.20 | Rake $2.50 
Board [8h Jh 2s 6h Ks]
Seat 1: mr.Jckpot
Seat 2: lerouge001 (small blind) showed [6d 8s] and lost with two pair, Eights and Sixes
Seat 3: poker_soul11 (big blind) folded before Flop
Seat 4: sta$igk folded on the Turn
Seat 5: Redillo16 folded before Flop (didn't bet)
Seat 6: Joe_Li7 (button) showed [Js Jd] and won ($130.70) with three of a kind, Jacks



PokerStars Hand #254263514238:  Hold'em No Limit ($0.50/$1.00 USD) - 2025/01/08 17:04:27 WET [2025/01/08 12:04:27 ET]
Table 'Endymion II' 6-max Seat #3 is the button
Seat 1: mr.Jckpot ($101.30 in chips) is sitting out
Seat 2: lerouge001 ($0 in chips) is sitting out
Seat 5: Redillo16 ($109 in chips) is sitting out
Seat 3: poker_soul11 ($110.68 in chips) 
Seat 4: sta$igk ($100 in chips) 
Seat 6: Joe_Li7 ($211.27 in chips) 
sta$igk: posts small blind $0.50
Redillo16: is sitting out 
Joe_Li7: posts big blind $1
mr.Jckpot: sits out 
*** HOLE CARDS ***
poker_soul11: folds 
sta$igk: raises $2 to $3
Joe_Li7: calls $2
*** FLOP *** [8h 7c 9s]
sta$igk: checks 
Joe_Li7: bets $1.88
sta$igk: calls $1.88
*** TURN *** [8h 7c 9s] [Kh]
sta$igk: checks 
Joe_Li7: bets $9.27
sta$igk: calls $9.27
*** RIVER *** [8h 7c 9s Kh] [9d]
sta$igk: checks 
Joe_Li7: checks 
*** SHOW DOWN ***
sta$igk: shows [8c Kc] (two pair, Kings and Nines)
Joe_Li7: mucks hand 
sta$igk collected $27.30 from pot
*** SUMMARY ***
Total pot $28.30 | Rake $1 
Board [8h 7c 9s Kh 9d]
Seat 1: mr.Jckpot
Seat 2: lerouge001
Seat 5: Redillo16
Seat 3: poker_soul11 (button) folded before Flop (didn't bet)
Seat 4: sta$igk (small blind) showed [8c Kc] and won ($27.30) with two pair, Kings and Nines
Seat 6: Joe_Li7 (big blind) mucked



PokerStars Hand #254263537127:  Hold'em No Limit ($0.50/$1.00 USD) - 2025/01/08 17:05:56 WET [2025/01/08 12:05:56 ET]
Table 'Endymion II' 6-max Seat #4 is the button
Seat 5: Redillo16 ($109 in chips) is sitting out
Seat 1: mr.Jckpot ($101.30 in chips) 
Seat 2: lerouge001 ($29.78 in chips) 
Seat 3: poker_soul11 ($110.68 in chips) 
Seat 4: sta$igk ($113.15 in chips) 
Seat 6: Joe_Li7 ($197.12 in chips) 
Joe_Li7: posts small blind $0.50
mr.Jckpot: posts big blind $1
*** HOLE CARDS ***
lerouge001: calls $1
poker_soul11: folds 
sta$igk: folds 
Joe_Li7: raises $8 to $9
mr.Jckpot: folds 
lerouge001: calls $8
*** FLOP *** [8s Qh 2s]
Joe_Li7: bets $21
lerouge001: folds 
Uncalled bet ($21) returned to Joe_Li7
Joe_Li7 collected $18.05 from pot
*** SUMMARY ***
Total pot $19 | Rake $0.95 
Board [8s Qh 2s]
Seat 5: Redillo16
Seat 1: mr.Jckpot (big blind) folded before Flop
Seat 2: lerouge001 folded on the Flop
Seat 3: poker_soul11 folded before Flop (didn't bet)
Seat 4: sta$igk (button) folded before Flop (didn't bet)
Seat 6: Joe_Li7 (small blind) collected ($18.05)



PokerStars Hand #254263548653:  Hold'em No Limit ($0.50/$1.00 USD) - 2025/01/08 17:06:41 WET [2025/01/08 12:06:41 ET]
Table 'Endymion II' 6-max Seat #6 is the button
Seat 5: Redillo16 ($109 in chips) is sitting out
Seat 1: mr.Jckpot ($100.30 in chips) 
Seat 2: lerouge001 ($20.78 in chips) 
Seat 3: poker_soul11 ($110.68 in chips) 
Seat 4: sta$igk ($113.15 in chips) 
Seat 6: Joe_Li7 ($206.17 in chips) 
mr.Jckpot: posts small blind $0.50
lerouge001: posts big blind $1
Redillo16: sits out 
*** HOLE CARDS ***
poker_soul11: raises $1.20 to $2.20
sta$igk: raises $5.30 to $7.50
Joe_Li7: folds 
mr.Jckpot: folds 
lerouge001: folds 
poker_soul11: raises $103.18 to $110.68 and is all-in
sta$igk: folds 
Uncalled bet ($103.18) returned to poker_soul11
poker_soul11 collected $16.50 from pot
poker_soul11: doesn't show hand 
*** SUMMARY ***
Total pot $16.50 | Rake $0 
Seat 5: Redillo16
Seat 1: mr.Jckpot (small blind) folded before Flop
Seat 2: lerouge001 (big blind) folded before Flop
Seat 3: poker_soul11 collected ($16.50)
Seat 4: sta$igk folded before Flop
Seat 6: Joe_Li7 (button) folded before Flop (didn't bet)



PokerStars Hand #254263555626:  Hold'em No Limit ($0.50/$1.00 USD) - 2025/01/08 17:07:09 WET [2025/01/08 12:07:09 ET]
Table 'Endymion II' 6-max Seat #1 is the button
Seat 5: Redillo16 ($109 in chips) is sitting out
Seat 1: mr.Jckpot ($100 in chips) 
Seat 2: lerouge001 ($19.78 in chips) 
Seat 3: poker_soul11 ($119.68 in chips) 
Seat 4: sta$igk ($105.65 in chips) 
Seat 6: Joe_Li7 ($206.17 in chips) 
lerouge001: posts small blind $0.50
poker_soul11: posts big blind $1
Redillo16: sits out 
*** HOLE CARDS ***
sta$igk: folds 
Joe_Li7: folds 
mr.Jckpot: raises $1.50 to $2.50
lerouge001: calls $2
poker_soul11: folds 
*** FLOP *** [6d Jd 5s]
lerouge001: checks 
mr.Jckpot: bets $1.88
lerouge001: folds 
Uncalled bet ($1.88) returned to mr.Jckpot
mr.Jckpot collected $5.70 from pot
mr.Jckpot: doesn't show hand 
*** SUMMARY ***
Total pot $6 | Rake $0.30 
Board [6d Jd 5s]
Seat 5: Redillo16
Seat 1: mr.Jckpot (button) collected ($5.70)
Seat 2: lerouge001 (small blind) folded on the Flop
Seat 3: poker_soul11 (big blind) folded before Flop
Seat 4: sta$igk folded before Flop (didn't bet)
Seat 6: Joe_Li7 folded before Flop (didn't bet)



PokerStars Hand #254263562250:  Hold'em No Limit ($0.50/$1.00 USD) - 2025/01/08 17:07:35 WET [2025/01/08 12:07:35 ET]
Table 'Endymion II' 6-max Seat #2 is the button
Seat 5: Redillo16 ($109 in chips) is sitting out
Seat 1: mr.Jckpot ($103.20 in chips) 
Seat 2: lerouge001 ($17.28 in chips) 
Seat 3: poker_soul11 ($118.68 in chips) 
Seat 4: sta$igk ($105.65 in chips) 
Seat 6: Joe_Li7 ($206.17 in chips) 
poker_soul11: posts small blind $0.50
sta$igk: posts big blind $1
Redillo16: sits out 
*** HOLE CARDS ***
Joe_Li7: folds 
mr.Jckpot: folds 
lerouge001: calls $1
poker_soul11: calls $0.50
sta$igk: checks 
*** FLOP *** [Qc Kh 2c]
poker_soul11: checks 
sta$igk: checks 
lerouge001: bets $3
poker_soul11: folds 
sta$igk: folds 
Uncalled bet ($3) returned to lerouge001
lerouge001 collected $2.85 from pot
*** SUMMARY ***
Total pot $3 | Rake $0.15 
Board [Qc Kh 2c]
Seat 5: Redillo16
Seat 1: mr.Jckpot folded before Flop (didn't bet)
Seat 2: lerouge001 (button) collected ($2.85)
Seat 3: poker_soul11 (small blind) folded on the Flop
Seat 4: sta$igk (big blind) folded on the Flop
Seat 6: Joe_Li7 folded before Flop (didn't bet)



PokerStars Hand #254263570998:  Hold'em No Limit ($0.50/$1.00 USD) - 2025/01/08 17:08:09 WET [2025/01/08 12:08:09 ET]
Table 'Endymion II' 6-max Seat #3 is the button
Seat 1: mr.Jckpot ($103.20 in chips) 
Seat 2: lerouge001 ($19.13 in chips) 
Seat 3: poker_soul11 ($117.68 in chips) 
Seat 4: sta$igk ($104.65 in chips) 
Seat 5: Redillo16 ($109 in chips) 
Seat 6: Joe_Li7 ($206.17 in chips) 
sta$igk: posts small blind $0.50
Redillo16: posts big blind $1
*** HOLE CARDS ***
Joe_Li7: folds 
mr.Jckpot: folds 
lerouge001: calls $1
poker_soul11: folds 
sta$igk: folds 
Redillo16: checks 
*** FLOP *** [5d 5h 9d]
Redillo16: checks 
lerouge001: checks 
*** TURN *** [5d 5h 9d] [Ac]
Redillo16: checks 
lerouge001: checks 
*** RIVER *** [5d 5h 9d Ac] [3h]
Redillo16: checks 
lerouge001: bets $18.13 and is all-in
Redillo16: folds 
Uncalled bet ($18.13) returned to lerouge001
lerouge001 collected $2.38 from pot
*** SUMMARY ***
Total pot $2.50 | Rake $0.12 
Board [5d 5h 9d Ac 3h]
Seat 1: mr.Jckpot folded before Flop (didn't bet)
Seat 2: lerouge001 collected ($2.38)
Seat 3: poker_soul11 (button) folded before Flop (didn't bet)
Seat 4: sta$igk (small blind) folded before Flop
Seat 5: Redillo16 (big blind) folded on the River
Seat 6: Joe_Li7 folded before Flop (didn't bet)



PokerStars Hand #254263585888:  Hold'em No Limit ($0.50/$1.00 USD) - 2025/01/08 17:09:08 WET [2025/01/08 12:09:08 ET]
Table 'Endymion II' 6-max Seat #4 is the button
Seat 1: mr.Jckpot ($103.20 in chips) 
Seat 2: lerouge001 ($20.51 in chips) 
Seat 3: poker_soul11 ($117.68 in chips) 
Seat 4: sta$igk ($104.15 in chips) 
Seat 5: Redillo16 ($108 in chips) 
Seat 6: Joe_Li7 ($206.17 in chips) 
Redillo16: posts small blind $0.50
Joe_Li7: posts big blind $1
*** HOLE CARDS ***
mr.Jckpot: folds 
lerouge001: raises $1 to $2
poker_soul11: folds 
sta$igk: folds 
Redillo16: folds 
Joe_Li7: calls $1
*** FLOP *** [As 6s Kd]
Joe_Li7: checks 
lerouge001: checks 
*** TURN *** [As 6s Kd] [4d]
Joe_Li7: checks 
lerouge001: checks 
*** RIVER *** [As 6s Kd 4d] [Th]
Joe_Li7: checks 
lerouge001: checks 
*** SHOW DOWN ***
Joe_Li7: shows [Qh 2h] (high card Ace)
lerouge001: shows [9c Ts] (a pair of Tens)
lerouge001 collected $4.28 from pot
*** SUMMARY ***
Total pot $4.50 | Rake $0.22 
Board [As 6s Kd 4d Th]
Seat 1: mr.Jckpot folded before Flop (didn't bet)
Seat 2: lerouge001 showed [9c Ts] and won ($4.28) with a pair of Tens
Seat 3: poker_soul11 folded before Flop (didn't bet)
Seat 4: sta$igk (button) folded before Flop (didn't bet)
Seat 5: Redillo16 (small blind) folded before Flop
Seat 6: Joe_Li7 (big blind) showed [Qh 2h] and lost with high card Ace



PokerStars Hand #254263597583:  Hold'em No Limit ($0.50/$1.00 USD) - 2025/01/08 17:09:54 WET [2025/01/08 12:09:54 ET]
Table 'Endymion II' 6-max Seat #5 is the button
Seat 1: mr.Jckpot ($103.20 in chips) 
Seat 2: lerouge001 ($22.79 in chips) 
Seat 3: poker_soul11 ($117.68 in chips) 
Seat 4: sta$igk ($104.15 in chips) 
Seat 5: Redillo16 ($107.50 in chips) 
Seat 6: Joe_Li7 ($204.17 in chips) 
Joe_Li7: posts small blind $0.50
mr.Jckpot: posts big blind $1
*** HOLE CARDS ***
lerouge001: calls $1
poker_soul11: folds 
sta$igk: folds 
Redillo16: folds 
Joe_Li7: raises $7 to $8
mr.Jckpot: folds 
lerouge001: folds 
Uncalled bet ($7) returned to Joe_Li7
Joe_Li7 collected $3 from pot
*** SUMMARY ***
Total pot $3 | Rake $0 
Seat 1: mr.Jckpot (big blind) folded before Flop
Seat 2: lerouge001 folded before Flop
Seat 3: poker_soul11 folded before Flop (didn't bet)
Seat 4: sta$igk folded before Flop (didn't bet)
Seat 5: Redillo16 (button) folded before Flop (didn't bet)
Seat 6: Joe_Li7 (small blind) collected ($3)



PokerStars Hand #254263603093:  Hold'em No Limit ($0.50/$1.00 USD) - 2025/01/08 17:10:15 WET [2025/01/08 12:10:15 ET]
Table 'Endymion II' 6-max Seat #6 is the button
Seat 1: mr.Jckpot ($102.20 in chips) 
Seat 2: lerouge001 ($21.79 in chips) 
Seat 3: poker_soul11 ($117.68 in chips) 
Seat 4: sta$igk ($104.15 in chips) 
Seat 5: Redillo16 ($107.50 in chips) 
Seat 6: Joe_Li7 ($206.17 in chips) 
mr.Jckpot: posts small blind $0.50
lerouge001: posts big blind $1
*** HOLE CARDS ***
poker_soul11: folds 
sta$igk: raises $1 to $2
Redillo16: folds 
Joe_Li7: folds 
mr.Jckpot: folds 
lerouge001: calls $1
*** FLOP *** [As 9s 7h]
lerouge001: bets $19.79 and is all-in
sta$igk: folds [Qd Jh]
Uncalled bet ($19.79) returned to lerouge001
lerouge001 collected $4.28 from pot
*** SUMMARY ***
Total pot $4.50 | Rake $0.22 
Board [As 9s 7h]
Seat 1: mr.Jckpot (small blind) folded before Flop
Seat 2: lerouge001 (big blind) collected ($4.28)
Seat 3: poker_soul11 folded before Flop (didn't bet)
Seat 4: sta$igk folded on the Flop
Seat 5: Redillo16 folded before Flop (didn't bet)
Seat 6: Joe_Li7 (button) folded before Flop (didn't bet)



PokerStars Hand #254263610618:  Hold'em No Limit ($0.50/$1.00 USD) - 2025/01/08 17:10:43 WET [2025/01/08 12:10:43 ET]
Table 'Endymion II' 6-max Seat #1 is the button
Seat 1: mr.Jckpot ($101.70 in chips) 
Seat 2: lerouge001 ($24.07 in chips) 
Seat 3: poker_soul11 ($117.68 in chips) 
Seat 4: sta$igk ($102.15 in chips) 
Seat 5: Redillo16 ($107.50 in chips) 
Seat 6: Joe_Li7 ($206.17 in chips) 
lerouge001: posts small blind $0.50
poker_soul11: posts big blind $1
*** HOLE CARDS ***
sta$igk: folds 
Redillo16: raises $1.50 to $2.50
Joe_Li7: folds 
mr.Jckpot: folds 
lerouge001: calls $2
poker_soul11: folds 
*** FLOP *** [Jh Ac 6h]
lerouge001: checks 
Redillo16: bets $1.88
lerouge001: folds 
Uncalled bet ($1.88) returned to Redillo16
Redillo16 collected $5.70 from pot
Redillo16: doesn't show hand 
*** SUMMARY ***
Total pot $6 | Rake $0.30 
Board [Jh Ac 6h]
Seat 1: mr.Jckpot (button) folded before Flop (didn't bet)
Seat 2: lerouge001 (small blind) folded on the Flop
Seat 3: poker_soul11 (big blind) folded before Flop
Seat 4: sta$igk folded before Flop (didn't bet)
Seat 5: Redillo16 collected ($5.70)
Seat 6: Joe_Li7 folded before Flop (didn't bet)



PokerStars Hand #254263620049:  Hold'em No Limit ($0.50/$1.00 USD) - 2025/01/08 17:11:19 WET [2025/01/08 12:11:19 ET]
Table 'Endymion II' 6-max Seat #2 is the button
Seat 1: mr.Jckpot ($101.70 in chips) 
Seat 2: lerouge001 ($21.57 in chips) 
Seat 3: poker_soul11 ($116.68 in chips) 
Seat 4: sta$igk ($102.15 in chips) 
Seat 5: Redillo16 ($110.70 in chips) 
Seat 6: Joe_Li7 ($206.17 in chips) 
poker_soul11: posts small blind $0.50
sta$igk: posts big blind $1
*** HOLE CARDS ***
Redillo16: folds 
Joe_Li7: folds 
mr.Jckpot: folds 
lerouge001: calls $1
poker_soul11: folds 
sta$igk: raises $101.15 to $102.15 and is all-in
lerouge001: calls $20.57 and is all-in
Uncalled bet ($80.58) returned to sta$igk
lerouge001 has timed out
*** FLOP *** [2s 6c 3h]
*** TURN *** [2s 6c 3h] [Jd]
*** RIVER *** [2s 6c 3h Jd] [7s]
*** SHOW DOWN ***
sta$igk: shows [Ts Ad] (high card Ace)
lerouge001: shows [Td 9s] (high card Jack)
sta$igk collected $41.46 from pot
*** SUMMARY ***
Total pot $43.64 | Rake $2.18 
Board [2s 6c 3h Jd 7s]
Seat 1: mr.Jckpot folded before Flop (didn't bet)
Seat 2: lerouge001 (button) showed [Td 9s] and lost with high card Jack
Seat 3: poker_soul11 (small blind) folded before Flop
Seat 4: sta$igk (big blind) showed [Ts Ad] and won ($41.46) with high card Ace
Seat 5: Redillo16 folded before Flop (didn't bet)
Seat 6: Joe_Li7 folded before Flop (didn't bet)



PokerStars Hand #254263631533:  Hold'em No Limit ($0.50/$1.00 USD) - 2025/01/08 17:12:02 WET [2025/01/08 12:12:02 ET]
Table 'Endymion II' 6-max Seat #3 is the button
Seat 2: lerouge001 ($0 in chips) is sitting out
Seat 5: Redillo16 ($110.70 in chips) is sitting out
Seat 1: mr.Jckpot ($101.70 in chips) 
Seat 3: poker_soul11 ($116.18 in chips) 
Seat 4: sta$igk ($122.04 in chips) 
Seat 6: Joe_Li7 ($206.17 in chips) 
sta$igk: posts small blind $0.50
Redillo16: is sitting out 
Joe_Li7: posts big blind $1
*** HOLE CARDS ***
Redillo16 leaves the table
mr.Jckpot: folds 
poker_soul11: folds 
sta$igk: raises $2 to $3
Joe_Li7: calls $2
*** FLOP *** [Ad 8d Js]
sta$igk: bets $1.88
Joe_Li7: calls $1.88
*** TURN *** [Ad 8d Js] [Qd]
sta$igk: bets $4.64
Joe_Li7: calls $4.64
*** RIVER *** [Ad 8d Js Qd] [7c]
mucho_d1n3ro joins the table at seat #5 
mucho_d1n3ro is disconnected 
lerouge001 is disconnected 
sta$igk: bets $22.61
Joe_Li7: folds 
Uncalled bet ($22.61) returned to sta$igk
sta$igk collected $18.09 from pot
sta$igk: doesn't show hand 
*** SUMMARY ***
Total pot $19.04 | Rake $0.95 
Board [Ad 8d Js Qd 7c]
Seat 2: lerouge001
Seat 5: Redillo16
Seat 1: mr.Jckpot folded before Flop (didn't bet)
Seat 3: poker_soul11 (button) folded before Flop (didn't bet)
Seat 4: sta$igk (small blind) collected ($18.09)
Seat 6: Joe_Li7 (big blind) folded on the River



PokerStars Hand #254263660638:  Hold'em No Limit ($0.50/$1.00 USD) - 2025/01/08 17:13:50 WET [2025/01/08 12:13:50 ET]
Table 'Endymion II' 6-max Seat #4 is the button
Seat 2: lerouge001 ($0 in chips) is sitting out
Seat 5: mucho_d1n3ro ($100 in chips) is sitting out
Seat 1: mr.Jckpot ($101.70 in chips) 
Seat 3: poker_soul11 ($116.18 in chips) 
Seat 4: sta$igk ($130.61 in chips) 
Seat 6: Joe_Li7 ($196.65 in chips) 
Joe_Li7: posts small blind $0.50
mr.Jckpot: posts big blind $1
*** HOLE CARDS ***
poker_soul11: folds 
sta$igk: folds 
Joe_Li7: raises $2 to $3
mr.Jckpot: raises $6 to $9
Joe_Li7: calls $6
*** FLOP *** [8c Td 6d]
Joe_Li7: checks 
mr.Jckpot: checks 
*** TURN *** [8c Td 6d] [7s]
Joe_Li7: bets $4.28
mr.Jckpot: folds 
Uncalled bet ($4.28) returned to Joe_Li7
Joe_Li7 collected $17.10 from pot
*** SUMMARY ***
Total pot $18 | Rake $0.90 
Board [8c Td 6d 7s]
Seat 2: lerouge001
Seat 5: mucho_d1n3ro
Seat 1: mr.Jckpot (big blind) folded on the Turn
Seat 3: poker_soul11 folded before Flop (didn't bet)
Seat 4: sta$igk (button) folded before Flop (didn't bet)
Seat 6: Joe_Li7 (small blind) collected ($17.10)



PokerStars Hand #254263678946:  Hold'em No Limit ($0.50/$1.00 USD) - 2025/01/08 17:14:58 WET [2025/01/08 12:14:58 ET]
Table 'Endymion II' 6-max Seat #6 is the button
Seat 2: lerouge001 ($0 in chips) is sitting out
Seat 1: mr.Jckpot ($100 in chips) 
Seat 3: poker_soul11 ($116.18 in chips) 
Seat 4: sta$igk ($130.61 in chips) 
Seat 5: mucho_d1n3ro ($100 in chips) 
Seat 6: Joe_Li7 ($204.75 in chips) 
mr.Jckpot: posts small blind $0.50
poker_soul11: posts big blind $1
mucho_d1n3ro: posts big blind $1
*** HOLE CARDS ***
sta$igk: folds 
mucho_d1n3ro: checks 
Joe_Li7: raises $3.50 to $4.50
mr.Jckpot: folds 
poker_soul11: folds 
mucho_d1n3ro: calls $3.50
*** FLOP *** [4h 6c 9h]
mucho_d1n3ro: checks 
Joe_Li7: checks 
*** TURN *** [4h 6c 9h] [3d]
mucho_d1n3ro: bets $1
Joe_Li7: calls $1
*** RIVER *** [4h 6c 9h 3d] [5d]
mucho_d1n3ro: bets $94.50 and is all-in
Joe_Li7: folds 
Uncalled bet ($94.50) returned to mucho_d1n3ro
mucho_d1n3ro collected $11.88 from pot
*** SUMMARY ***
Total pot $12.50 | Rake $0.62 
Board [4h 6c 9h 3d 5d]
Seat 2: lerouge001
Seat 1: mr.Jckpot (small blind) folded before Flop
Seat 3: poker_soul11 (big blind) folded before Flop
Seat 4: sta$igk folded before Flop (didn't bet)
Seat 5: mucho_d1n3ro collected ($11.88)
Seat 6: Joe_Li7 (button) folded on the River



PokerStars Hand #254263697122:  Hold'em No Limit ($0.50/$1.00 USD) - 2025/01/08 17:16:05 WET [2025/01/08 12:16:05 ET]
Table 'Endymion II' 6-max Seat #1 is the button
Seat 2: lerouge001 ($0 in chips) is sitting out
Seat 1: mr.Jckpot ($100 in chips) 
Seat 3: poker_soul11 ($115.18 in chips) 
Seat 4: sta$igk ($130.61 in chips) 
Seat 5: mucho_d1n3ro ($106.38 in chips) 
Seat 6: Joe_Li7 ($199.25 in chips) 
poker_soul11: posts small blind $0.50
sta$igk: posts big blind $1
*** HOLE CARDS ***
mucho_d1n3ro: folds 
Joe_Li7: raises $1.20 to $2.20
mr.Jckpot: folds 
poker_soul11: folds 
sta$igk: calls $1.20
*** FLOP *** [5h Qc Th]
sta$igk: checks 
Joe_Li7: checks 
*** TURN *** [5h Qc Th] [Jh]
sta$igk: checks 
Joe_Li7: bets $1.54
sta$igk: raises $7.74 to $9.28
Joe_Li7: folds 
Uncalled bet ($7.74) returned to sta$igk
sta$igk collected $7.58 from pot
sta$igk: doesn't show hand 
*** SUMMARY ***
Total pot $7.98 | Rake $0.40 
Board [5h Qc Th Jh]
Seat 2: lerouge001
Seat 1: mr.Jckpot (button) folded before Flop (didn't bet)
Seat 3: poker_soul11 (small blind) folded before Flop
Seat 4: sta$igk (big blind) collected ($7.58)
Seat 5: mucho_d1n3ro folded before Flop (didn't bet)
Seat 6: Joe_Li7 folded on the Turn



PokerStars Hand #254263713747:  Hold'em No Limit ($0.50/$1.00 USD) - 2025/01/08 17:17:06 WET [2025/01/08 12:17:06 ET]
Table 'Endymion II' 6-max Seat #3 is the button
Seat 2: lerouge001 ($0 in chips) is sitting out
Seat 1: mr.Jckpot ($100 in chips) 
Seat 3: poker_soul11 ($114.68 in chips) 
Seat 4: sta$igk ($134.45 in chips) 
Seat 5: mucho_d1n3ro ($106.38 in chips) 
Seat 6: Joe_Li7 ($195.51 in chips) 
sta$igk: posts small blind $0.50
mucho_d1n3ro: posts big blind $1
*** HOLE CARDS ***
Joe_Li7: folds 
mr.Jckpot: folds 
poker_soul11: raises $1.20 to $2.20
sta$igk: folds 
mucho_d1n3ro: calls $1.20
*** FLOP *** [7d 5s 6c]
mucho_d1n3ro: bets $1
poker_soul11: calls $1
*** TURN *** [7d 5s 6c] [Ac]
mucho_d1n3ro: bets $1
poker_soul11: raises $2.14 to $3.14
mucho_d1n3ro: folds 
Uncalled bet ($2.14) returned to poker_soul11
poker_soul11 collected $8.46 from pot
poker_soul11: doesn't show hand 
*** SUMMARY ***
Total pot $8.90 | Rake $0.44 
Board [7d 5s 6c Ac]
Seat 2: lerouge001
Seat 1: mr.Jckpot folded before Flop (didn't bet)
Seat 3: poker_soul11 (button) collected ($8.46)
Seat 4: sta$igk (small blind) folded before Flop
Seat 5: mucho_d1n3ro (big blind) folded on the Turn
Seat 6: Joe_Li7 folded before Flop (didn't bet)



PokerStars Hand #254263721982:  Hold'em No Limit ($0.50/$1.00 USD) - 2025/01/08 17:17:35 WET [2025/01/08 12:17:35 ET]
Table 'Endymion II' 6-max Seat #4 is the button
Seat 2: lerouge001 ($0 in chips) is sitting out
Seat 1: mr.Jckpot ($100 in chips) 
Seat 3: poker_soul11 ($118.94 in chips) 
Seat 4: sta$igk ($133.95 in chips) 
Seat 5: mucho_d1n3ro ($102.18 in chips) 
Seat 6: Joe_Li7 ($195.51 in chips) 
mucho_d1n3ro: posts small blind $0.50
Joe_Li7: posts big blind $1
*** HOLE CARDS ***
mr.Jckpot: folds 
poker_soul11: folds 
sta$igk: raises $1.50 to $2.50
mucho_d1n3ro: calls $2
Joe_Li7: folds 
*** FLOP *** [Kh 4d 7h]
mucho_d1n3ro: checks 
sta$igk: bets $1.88
mucho_d1n3ro: folds 
Uncalled bet ($1.88) returned to sta$igk
sta$igk collected $5.70 from pot
sta$igk: doesn't show hand 
*** SUMMARY ***
Total pot $6 | Rake $0.30 
Board [Kh 4d 7h]
Seat 2: lerouge001
Seat 1: mr.Jckpot folded before Flop (didn't bet)
Seat 3: poker_soul11 folded before Flop (didn't bet)
Seat 4: sta$igk (button) collected ($5.70)
Seat 5: mucho_d1n3ro (small blind) folded on the Flop
Seat 6: Joe_Li7 (big blind) folded before Flop



PokerStars Hand #254263728834:  Hold'em No Limit ($0.50/$1.00 USD) - 2025/01/08 17:18:00 WET [2025/01/08 12:18:00 ET]
Table 'Endymion II' 6-max Seat #5 is the button
Seat 1: mr.Jckpot ($100 in chips) is sitting out
Seat 2: lerouge001 ($0 in chips) is sitting out
Seat 3: poker_soul11 ($118.94 in chips) 
Seat 4: sta$igk ($137.15 in chips) 
Seat 5: mucho_d1n3ro ($99.68 in chips) 
Seat 6: Joe_Li7 ($194.51 in chips) 
Joe_Li7: posts small blind $0.50
poker_soul11: posts big blind $1
*** HOLE CARDS ***
sta$igk: folds 
mucho_d1n3ro: raises $3 to $4
Joe_Li7: folds 
poker_soul11: folds 
Uncalled bet ($3) returned to mucho_d1n3ro
mucho_d1n3ro collected $2.50 from pot
*** SUMMARY ***
Total pot $2.50 | Rake $0 
Seat 1: mr.Jckpot
Seat 2: lerouge001
Seat 3: poker_soul11 (big blind) folded before Flop
Seat 4: sta$igk folded before Flop (didn't bet)
Seat 5: mucho_d1n3ro (button) collected ($2.50)
Seat 6: Joe_Li7 (small blind) folded before Flop



PokerStars Hand #254263733972:  Hold'em No Limit ($0.50/$1.00 USD) - 2025/01/08 17:18:18 WET [2025/01/08 12:18:18 ET]
Table 'Endymion II' 6-max Seat #6 is the button
Seat 1: mr.Jckpot ($100 in chips) is sitting out
Seat 2: lerouge001 ($0 in chips) is sitting out
Seat 3: poker_soul11 ($117.94 in chips) 
Seat 4: sta$igk ($137.15 in chips) 
Seat 5: mucho_d1n3ro ($101.18 in chips) 
Seat 6: Joe_Li7 ($194.01 in chips) 
poker_soul11: posts small blind $0.50
sta$igk: posts big blind $1
*** HOLE CARDS ***
mucho_d1n3ro: raises $4 to $5
Joe_Li7: folds 
poker_soul11: folds 
sta$igk: folds 
Uncalled bet ($4) returned to mucho_d1n3ro
mucho_d1n3ro collected $2.50 from pot
*** SUMMARY ***
Total pot $2.50 | Rake $0 
Seat 1: mr.Jckpot
Seat 2: lerouge001
Seat 3: poker_soul11 (small blind) folded before Flop
Seat 4: sta$igk (big blind) folded before Flop
Seat 5: mucho_d1n3ro collected ($2.50)
Seat 6: Joe_Li7 (button) folded before Flop (didn't bet)



PokerStars Hand #254263738311:  Hold'em No Limit ($0.50/$1.00 USD) - 2025/01/08 17:18:34 WET [2025/01/08 12:18:34 ET]
Table 'Endymion II' 6-max Seat #3 is the button
Seat 1: mr.Jckpot ($100 in chips) is sitting out
Seat 2: lerouge001 ($0 in chips) is sitting out
Seat 3: poker_soul11 ($117.44 in chips) 
Seat 4: sta$igk ($136.15 in chips) 
Seat 5: mucho_d1n3ro ($102.68 in chips) 
Seat 6: Joe_Li7 ($194.01 in chips) 
sta$igk: posts small blind $0.50
mucho_d1n3ro: posts big blind $1
*** HOLE CARDS ***
Joe_Li7: raises $1.50 to $2.50
poker_soul11: raises $5 to $7.50
sta$igk: folds 
mucho_d1n3ro: folds 
Joe_Li7: calls $5
*** FLOP *** [7h 9s 6d]
Joe_Li7: bets $3.93
poker_soul11: calls $3.93
*** TURN *** [7h 9s 6d] [3h]
Joe_Li7: bets $7.71
poker_soul11: calls $7.71
*** RIVER *** [7h 9s 6d 3h] [3s]
Joe_Li7: checks 
poker_soul11: bets $9.70
sta$igk leaves the table
Joe_Li7: calls $9.70
*** SHOW DOWN ***
poker_soul11: shows [Kd Kc] (two pair, Kings and Threes)
Joe_Li7: mucks hand 
poker_soul11 collected $58.18 from pot
*** SUMMARY ***
Total pot $59.18 | Rake $1 
Board [7h 9s 6d 3h 3s]
Seat 1: mr.Jckpot
Seat 2: lerouge001
Seat 3: poker_soul11 (button) showed [Kd Kc] and won ($58.18) with two pair, Kings and Threes
Seat 4: sta$igk (small blind) folded before Flop
Seat 5: mucho_d1n3ro (big blind) folded before Flop
Seat 6: Joe_Li7 mucked



PokerStars Hand #254263773265:  Hold'em No Limit ($0.50/$1.00 USD) - 2025/01/08 17:20:41 WET [2025/01/08 12:20:41 ET]
Table 'Endymion II' 6-max Seat #5 is the button
Seat 2: lerouge001 ($0 in chips) is sitting out
Seat 1: mr.Jckpot ($100 in chips) 
Seat 3: poker_soul11 ($146.78 in chips) 
Seat 5: mucho_d1n3ro ($101.68 in chips) 
Seat 6: Joe_Li7 ($165.17 in chips) 
Joe_Li7: posts small blind $0.50
mr.Jckpot: posts big blind $1
*** HOLE CARDS ***
poker_soul11: raises $1.20 to $2.20
mucho_d1n3ro: raises $13.90 to $16.10
Joe_Li7: folds 
mr.Jckpot: folds 
poker_soul11: folds 
Uncalled bet ($13.90) returned to mucho_d1n3ro
mucho_d1n3ro collected $5.90 from pot
*** SUMMARY ***
Total pot $5.90 | Rake $0 
Seat 2: lerouge001
Seat 1: mr.Jckpot (big blind) folded before Flop
Seat 3: poker_soul11 folded before Flop
Seat 5: mucho_d1n3ro (button) collected ($5.90)
Seat 6: Joe_Li7 (small blind) folded before Flop



PokerStars Hand #254263779828:  Hold'em No Limit ($0.50/$1.00 USD) - 2025/01/08 17:21:04 WET [2025/01/08 12:21:04 ET]
Table 'Endymion II' 6-max Seat #6 is the button
Seat 2: lerouge001 ($0 in chips) is sitting out
Seat 1: mr.Jckpot ($100 in chips) 
Seat 3: poker_soul11 ($144.58 in chips) 
Seat 5: mucho_d1n3ro ($105.38 in chips) 
Seat 6: Joe_Li7 ($164.67 in chips) 
mr.Jckpot: posts small blind $0.50
poker_soul11: posts big blind $1
*** HOLE CARDS ***
mucho_d1n3ro: folds 
Joe_Li7: raises $1.50 to $2.50
mr.Jckpot: folds 
poker_soul11: raises $9.50 to $12
Joe_Li7: folds 
Uncalled bet ($9.50) returned to poker_soul11
poker_soul11 collected $5.50 from pot
poker_soul11: doesn't show hand 
*** SUMMARY ***
Total pot $5.50 | Rake $0 
Seat 2: lerouge001
Seat 1: mr.Jckpot (small blind) folded before Flop
Seat 3: poker_soul11 (big blind) collected ($5.50)
Seat 5: mucho_d1n3ro folded before Flop (didn't bet)
Seat 6: Joe_Li7 (button) folded before Flop



PokerStars Hand #254263786261:  Hold'em No Limit ($0.50/$1.00 USD) - 2025/01/08 17:21:27 WET [2025/01/08 12:21:27 ET]
Table 'Endymion II' 6-max Seat #1 is the button
Seat 2: lerouge001 ($0 in chips) is sitting out
Seat 1: mr.Jckpot ($100 in chips) 
Seat 3: poker_soul11 ($147.58 in chips) 
Seat 5: mucho_d1n3ro ($105.38 in chips) 
Seat 6: Joe_Li7 ($162.17 in chips) 
poker_soul11: posts small blind $0.50
mucho_d1n3ro: posts big blind $1
*** HOLE CARDS ***
Joe_Li7: folds 
mr.Jckpot: raises $1.50 to $2.50
poker_soul11: folds 
mucho_d1n3ro: folds 
Uncalled bet ($1.50) returned to mr.Jckpot
mr.Jckpot collected $2.50 from pot
mr.Jckpot: doesn't show hand 
*** SUMMARY ***
Total pot $2.50 | Rake $0 
Seat 2: lerouge001
Seat 1: mr.Jckpot (button) collected ($2.50)
Seat 3: poker_soul11 (small blind) folded before Flop
Seat 5: mucho_d1n3ro (big blind) folded before Flop
Seat 6: Joe_Li7 folded before Flop (didn't bet)



PokerStars Hand #254263790645:  Hold'em No Limit ($0.50/$1.00 USD) - 2025/01/08 17:21:43 WET [2025/01/08 12:21:43 ET]
Table 'Endymion II' 6-max Seat #3 is the button
Seat 2: lerouge001 ($0 in chips) is sitting out
Seat 1: mr.Jckpot ($101.50 in chips) 
Seat 3: poker_soul11 ($147.08 in chips) 
Seat 5: mucho_d1n3ro ($104.38 in chips) 
Seat 6: Joe_Li7 ($162.17 in chips) 
mucho_d1n3ro: posts small blind $0.50
Joe_Li7: posts big blind $1
*** HOLE CARDS ***
mr.Jckpot: folds 
poker_soul11: folds 
mucho_d1n3ro: calls $0.50
app1e_j@ck joins the table at seat #4 
Joe_Li7: checks 
*** FLOP *** [3s Js Th]
mucho_d1n3ro: checks 
Joe_Li7: checks 
*** TURN *** [3s Js Th] [6h]
mucho_d1n3ro: checks 
Joe_Li7: bets $1.43
mucho_d1n3ro: calls $1.43
*** RIVER *** [3s Js Th 6h] [7s]
mucho_d1n3ro: bets $5.62
Joe_Li7: raises $8.70 to $14.32
mucho_d1n3ro: calls $8.70
*** SHOW DOWN ***
Joe_Li7: shows [9d 5c] (high card Jack)
mucho_d1n3ro: shows [Jh 6c] (two pair, Jacks and Sixes)
mucho_d1n3ro collected $32.50 from pot
*** SUMMARY ***
Total pot $33.50 | Rake $1 
Board [3s Js Th 6h 7s]
Seat 2: lerouge001
Seat 1: mr.Jckpot folded before Flop (didn't bet)
Seat 3: poker_soul11 (button) folded before Flop (didn't bet)
Seat 5: mucho_d1n3ro (small blind) showed [Jh 6c] and won ($32.50) with two pair, Jacks and Sixes
Seat 6: Joe_Li7 (big blind) showed [9d 5c] and lost with high card Jack



PokerStars Hand #254263812374:  Hold'em No Limit ($0.50/$1.00 USD) - 2025/01/08 17:23:02 WET [2025/01/08 12:23:02 ET]
Table 'Endymion II' 6-max Seat #5 is the button
Seat 2: lerouge001 ($0 in chips) is sitting out
Seat 4: app1e_j@ck ($10 in chips) is sitting out
Seat 1: mr.Jckpot ($101.50 in chips) 
Seat 3: poker_soul11 ($147.08 in chips) 
Seat 5: mucho_d1n3ro ($120.13 in chips) 
Seat 6: Joe_Li7 ($145.42 in chips) 
Joe_Li7: posts small blind $0.50
mr.Jckpot: posts big blind $1
app1e_j@ck: sits out 
*** HOLE CARDS ***
poker_soul11: raises $1.20 to $2.20
mucho_d1n3ro: calls $2.20
Joe_Li7: folds 
lerouge001 leaves the table
mr.Jckpot: folds 
*** FLOP *** [9d Ac 7c]
poker_soul11: bets $1.40
mucho_d1n3ro: calls $1.40
*** TURN *** [9d Ac 7c] [3c]
dreimis190 joins the table at seat #2 
poker_soul11: bets $2.73
mucho_d1n3ro: calls $2.73
*** RIVER *** [9d Ac 7c 3c] [Ad]
poker_soul11: bets $16.81
mucho_d1n3ro: raises $47.07 to $63.88
poker_soul11: folds 
Uncalled bet ($47.07) returned to mucho_d1n3ro
mucho_d1n3ro collected $46.78 from pot
*** SUMMARY ***
Total pot $47.78 | Rake $1 
Board [9d Ac 7c 3c Ad]
Seat 2: lerouge001
Seat 4: app1e_j@ck
Seat 1: mr.Jckpot (big blind) folded before Flop
Seat 3: poker_soul11 folded on the River
Seat 5: mucho_d1n3ro (button) collected ($46.78)
Seat 6: Joe_Li7 (small blind) folded before Flop



PokerStars Hand #254263825938:  Hold'em No Limit ($0.50/$1.00 USD) - 2025/01/08 17:23:52 WET [2025/01/08 12:23:52 ET]
Table 'Endymion II' 6-max Seat #6 is the button
Seat 4: app1e_j@ck ($10 in chips) is sitting out
Seat 1: mr.Jckpot ($100.50 in chips) 
Seat 2: dreimis190 ($100 in chips) 
Seat 3: poker_soul11 ($123.94 in chips) 
Seat 5: mucho_d1n3ro ($143.77 in chips) 
Seat 6: Joe_Li7 ($144.92 in chips) 
mr.Jckpot: posts small blind $0.50
dreimis190: posts big blind $1
app1e_j@ck: sits out 
*** HOLE CARDS ***
poker_soul11: folds 
mucho_d1n3ro: folds 
Joe_Li7: raises $1.50 to $2.50
mr.Jckpot: folds 
dreimis190: calls $1.50
*** FLOP *** [8d 3c 9c]
dreimis190: checks 
Joe_Li7: checks 
*** TURN *** [8d 3c 9c] [Qc]
dreimis190: checks 
Joe_Li7: checks 
*** RIVER *** [8d 3c 9c Qc] [Jc]
dreimis190: bets $1.22
Joe_Li7: folds 
Uncalled bet ($1.22) returned to dreimis190
dreimis190 collected $5.22 from pot
dreimis190: doesn't show hand 
*** SUMMARY ***
Total pot $5.50 | Rake $0.28 
Board [8d 3c 9c Qc Jc]
Seat 4: app1e_j@ck
Seat 1: mr.Jckpot (small blind) folded before Flop
Seat 2: dreimis190 (big blind) collected ($5.22)
Seat 3: poker_soul11 folded before Flop (didn't bet)
Seat 5: mucho_d1n3ro folded before Flop (didn't bet)
Seat 6: Joe_Li7 (button) folded on the River



PokerStars Hand #254263845537:  Hold'em No Limit ($0.50/$1.00 USD) - 2025/01/08 17:25:04 WET [2025/01/08 12:25:04 ET]
Table 'Endymion II' 6-max Seat #1 is the button
Seat 4: app1e_j@ck ($100 in chips) is sitting out
Seat 1: mr.Jckpot ($100 in chips) 
Seat 2: dreimis190 ($102.72 in chips) 
Seat 3: poker_soul11 ($123.94 in chips) 
Seat 5: mucho_d1n3ro ($143.77 in chips) 
Seat 6: Joe_Li7 ($142.42 in chips) 
dreimis190: posts small blind $0.50
poker_soul11: posts big blind $1
app1e_j@ck: sits out 
*** HOLE CARDS ***
mucho_d1n3ro: folds 
Joe_Li7: folds 
mr.Jckpot: raises $1.50 to $2.50
dreimis190: folds 
poker_soul11: folds 
Uncalled bet ($1.50) returned to mr.Jckpot
mr.Jckpot collected $2.50 from pot
mr.Jckpot: doesn't show hand 
*** SUMMARY ***
Total pot $2.50 | Rake $0 
Seat 4: app1e_j@ck
Seat 1: mr.Jckpot (button) collected ($2.50)
Seat 2: dreimis190 (small blind) folded before Flop
Seat 3: poker_soul11 (big blind) folded before Flop
Seat 5: mucho_d1n3ro folded before Flop (didn't bet)
Seat 6: Joe_Li7 folded before Flop (didn't bet)



PokerStars Hand #254263849025:  Hold'em No Limit ($0.50/$1.00 USD) - 2025/01/08 17:25:17 WET [2025/01/08 12:25:17 ET]
Table 'Endymion II' 6-max Seat #2 is the button
Seat 1: mr.Jckpot ($101.50 in chips) 
Seat 2: dreimis190 ($102.22 in chips) 
Seat 3: poker_soul11 ($122.94 in chips) 
Seat 4: app1e_j@ck ($100 in chips) 
Seat 5: mucho_d1n3ro ($143.77 in chips) 
Seat 6: Joe_Li7 ($142.42 in chips) 
poker_soul11: posts small blind $0.50
app1e_j@ck: posts big blind $1
*** HOLE CARDS ***
mucho_d1n3ro: raises $2.50 to $3.50
Joe_Li7: folds 
mr.Jckpot: folds 
dreimis190: folds 
poker_soul11: folds 
app1e_j@ck: folds 
Uncalled bet ($2.50) returned to mucho_d1n3ro
mucho_d1n3ro collected $2.50 from pot
*** SUMMARY ***
Total pot $2.50 | Rake $0 
Seat 1: mr.Jckpot folded before Flop (didn't bet)
Seat 2: dreimis190 (button) folded before Flop (didn't bet)
Seat 3: poker_soul11 (small blind) folded before Flop
Seat 4: app1e_j@ck (big blind) folded before Flop
Seat 5: mucho_d1n3ro collected ($2.50)
Seat 6: Joe_Li7 folded before Flop (didn't bet)



PokerStars Hand #254263854358:  Hold'em No Limit ($0.50/$1.00 USD) - 2025/01/08 17:25:37 WET [2025/01/08 12:25:37 ET]
Table 'Endymion II' 6-max Seat #3 is the button
Seat 1: mr.Jckpot ($101.50 in chips) 
Seat 2: dreimis190 ($102.22 in chips) 
Seat 3: poker_soul11 ($122.44 in chips) 
Seat 4: app1e_j@ck ($99 in chips) 
Seat 5: mucho_d1n3ro ($145.27 in chips) 
Seat 6: Joe_Li7 ($142.42 in chips) 
app1e_j@ck: posts small blind $0.50
mucho_d1n3ro: posts big blind $1
*** HOLE CARDS ***
Joe_Li7: folds 
mr.Jckpot: raises $1.50 to $2.50
dreimis190: folds 
poker_soul11: raises $5 to $7.50
app1e_j@ck: folds 
mucho_d1n3ro: calls $6.50
mr.Jckpot: calls $5
*** FLOP *** [Kd 3d 7c]
mucho_d1n3ro: checks 
mr.Jckpot: checks 
poker_soul11: checks 
*** TURN *** [Kd 3d 7c] [Js]
mucho_d1n3ro: checks 
mr.Jckpot: bets $14
poker_soul11: calls $14
mucho_d1n3ro: raises $14 to $28
mr.Jckpot: raises $66 to $94 and is all-in
poker_soul11: folds 
mucho_d1n3ro: calls $66
*** RIVER *** [Kd 3d 7c Js] [Jh]
*** SHOW DOWN ***
mucho_d1n3ro: shows [Ac Ad] (two pair, Aces and Jacks)
mr.Jckpot: shows [7d 7s] (a full house, Sevens full of Jacks)
mr.Jckpot collected $222.50 from pot
*** SUMMARY ***
Total pot $225 | Rake $2.50 
Board [Kd 3d 7c Js Jh]
Seat 1: mr.Jckpot showed [7d 7s] and won ($222.50) with a full house, Sevens full of Jacks
Seat 2: dreimis190 folded before Flop (didn't bet)
Seat 3: poker_soul11 (button) folded on the Turn
Seat 4: app1e_j@ck (small blind) folded before Flop
Seat 5: mucho_d1n3ro (big blind) showed [Ac Ad] and lost with two pair, Aces and Jacks
Seat 6: Joe_Li7 folded before Flop (didn't bet)



PokerStars Hand #254263881955:  Hold'em No Limit ($0.50/$1.00 USD) - 2025/01/08 17:27:17 WET [2025/01/08 12:27:17 ET]
Table 'Endymion II' 6-max Seat #4 is the button
Seat 1: mr.Jckpot ($222.50 in chips) 
Seat 2: dreimis190 ($102.22 in chips) 
Seat 3: poker_soul11 ($100.94 in chips) 
Seat 4: app1e_j@ck ($98.50 in chips) 
Seat 5: mucho_d1n3ro ($43.77 in chips) 
Seat 6: Joe_Li7 ($142.42 in chips) 
mucho_d1n3ro: posts small blind $0.50
Joe_Li7: posts big blind $1
*** HOLE CARDS ***
mr.Jckpot: folds 
dreimis190: folds 
poker_soul11: folds 
app1e_j@ck: folds 
mucho_d1n3ro: raises $1 to $2
Joe_Li7: calls $1
*** FLOP *** [Qc Ad 9s]
mucho_d1n3ro: checks 
Joe_Li7: checks 
*** TURN *** [Qc Ad 9s] [6s]
mucho_d1n3ro: bets $1
Joe_Li7: folds 
Uncalled bet ($1) returned to mucho_d1n3ro
mucho_d1n3ro collected $3.80 from pot
*** SUMMARY ***
Total pot $4 | Rake $0.20 
Board [Qc Ad 9s 6s]
Seat 1: mr.Jckpot folded before Flop (didn't bet)
Seat 2: dreimis190 folded before Flop (didn't bet)
Seat 3: poker_soul11 folded before Flop (didn't bet)
Seat 4: app1e_j@ck (button) folded before Flop (didn't bet)
Seat 5: mucho_d1n3ro (small blind) collected ($3.80)
Seat 6: Joe_Li7 (big blind) folded on the Turn



PokerStars Hand #254263894219:  Hold'em No Limit ($0.50/$1.00 USD) - 2025/01/08 17:28:02 WET [2025/01/08 12:28:02 ET]
Table 'Endymion II' 6-max Seat #5 is the button
Seat 1: mr.Jckpot ($222.50 in chips) 
Seat 2: dreimis190 ($102.22 in chips) 
Seat 3: poker_soul11 ($100.94 in chips) 
Seat 4: app1e_j@ck ($98.50 in chips) 
Seat 5: mucho_d1n3ro ($45.57 in chips) 
Seat 6: Joe_Li7 ($140.42 in chips) 
Joe_Li7: posts small blind $0.50
mr.Jckpot: posts big blind $1
*** HOLE CARDS ***
dreimis190: folds 
poker_soul11: folds 
app1e_j@ck: folds 
mucho_d1n3ro: folds 
mucho_d1n3ro leaves the table
Joe_Li7: raises $2 to $3
sta$igk joins the table at seat #5 
dreimis190 leaves the table
mr.Jckpot: folds 
Uncalled bet ($2) returned to Joe_Li7
Joe_Li7 collected $2 from pot
*** SUMMARY ***
Total pot $2 | Rake $0 
Seat 1: mr.Jckpot (big blind) folded before Flop
Seat 2: dreimis190 folded before Flop (didn't bet)
Seat 3: poker_soul11 folded before Flop (didn't bet)
Seat 4: app1e_j@ck folded before Flop (didn't bet)
Seat 5: mucho_d1n3ro (button) folded before Flop (didn't bet)
Seat 6: Joe_Li7 (small blind) collected ($2)



PokerStars Hand #254263899036:  Hold'em No Limit ($0.50/$1.00 USD) - 2025/01/08 17:28:19 WET [2025/01/08 12:28:19 ET]
Table 'Endymion II' 6-max Seat #6 is the button
Seat 4: app1e_j@ck ($98.50 in chips) is sitting out
Seat 5: sta$igk ($135.65 in chips) is sitting out
Seat 1: mr.Jckpot ($221.50 in chips) 
Seat 3: poker_soul11 ($100.94 in chips) 
Seat 6: Joe_Li7 ($141.42 in chips) 
mr.Jckpot: posts small blind $0.50
poker_soul11: posts big blind $1
sta$igk: sits out 
*** HOLE CARDS ***
Joe_Li7: raises $1.50 to $2.50
mr.Jckpot: folds 
app1e_j@ck leaves the table
poker_soul11: folds 
Uncalled bet ($1.50) returned to Joe_Li7
Joe_Li7 collected $2.50 from pot
*** SUMMARY ***
Total pot $2.50 | Rake $0 
Seat 4: app1e_j@ck
Seat 5: sta$igk
Seat 1: mr.Jckpot (small blind) folded before Flop
Seat 3: poker_soul11 (big blind) folded before Flop
Seat 6: Joe_Li7 (button) collected ($2.50)



PokerStars Hand #254263902397:  Hold'em No Limit ($0.50/$1.00 USD) - 2025/01/08 17:28:32 WET [2025/01/08 12:28:32 ET]
Table 'Endymion II' 6-max Seat #1 is the button
Seat 1: mr.Jckpot ($221 in chips) 
Seat 3: poker_soul11 ($100 in chips) 
Seat 5: sta$igk ($135.65 in chips) 
Seat 6: Joe_Li7 ($142.92 in chips) 
poker_soul11: posts small blind $0.50
sta$igk: posts big blind $1
*** HOLE CARDS ***
Joe_Li7: folds 
mr.Jckpot: folds 
Joe_Li7 leaves the table
poker_soul11: raises $2 to $3
sta$igk: folds 
Uncalled bet ($2) returned to poker_soul11
poker_soul11 collected $2 from pot
poker_soul11: doesn't show hand 
*** SUMMARY ***
Total pot $2 | Rake $0 
Seat 1: mr.Jckpot (button) folded before Flop (didn't bet)
Seat 3: poker_soul11 (small blind) collected ($2)
Seat 5: sta$igk (big blind) folded before Flop
Seat 6: Joe_Li7 folded before Flop (didn't bet)



