PokerStars Hand #254262331113:  Hold'em No Limit ($0.50/$1.00 USD) - 2025/01/08 15:38:32 WET [2025/01/08 10:38:32 ET]
Table 'Meges III' 6-max Seat #1 is the button
Seat 1: CaHek-Ty3 ($100 in chips) 
Seat 2: EvilReality ($100 in chips) 
Seat 3: hans1231 ($110 in chips) 
Seat 4: blistein ($100 in chips) 
Seat 5: kuhclemO ($100 in chips) 
Seat 6: Burlica2013 ($100 in chips) 
EvilReality: posts small blind $0.50
hans1231: posts big blind $1
*** HOLE CARDS ***
blistein: folds 
kuhclemO: folds 
Burlica2013: folds 
CaHek-Ty3: raises $1.50 to $2.50
EvilReality: folds 
hans1231: folds 
Uncalled bet ($1.50) returned to CaHek-Ty3
CaHek-Ty3 collected $2.50 from pot
*** SUMMARY ***
Total pot $2.50 | Rake $0 
Seat 1: CaHek-Ty3 (button) collected ($2.50)
Seat 2: EvilReality (small blind) folded before Flop
Seat 3: hans1231 (big blind) folded before Flop
Seat 4: blistein folded before Flop (didn't bet)
Seat 5: kuhclemO folded before Flop (didn't bet)
Seat 6: Burlica2013 folded before Flop (didn't bet)



PokerStars Hand #254262334811:  Hold'em No Limit ($0.50/$1.00 USD) - 2025/01/08 15:38:48 WET [2025/01/08 10:38:48 ET]
Table 'Meges III' 6-max Seat #2 is the button
Seat 1: CaHek-Ty3 ($101.50 in chips) 
Seat 2: EvilReality ($100 in chips) 
Seat 3: hans1231 ($109 in chips) 
Seat 4: blistein ($100 in chips) 
Seat 5: kuhclemO ($100 in chips) 
Seat 6: Burlica2013 ($100 in chips) 
hans1231: posts small blind $0.50
blistein: posts big blind $1
*** HOLE CARDS ***
kuhclemO: folds 
Burlica2013: folds 
CaHek-Ty3: folds 
EvilReality: folds 
hans1231: raises $2 to $3
blistein: folds 
Uncalled bet ($2) returned to hans1231
hans1231 collected $2 from pot
hans1231: doesn't show hand 
*** SUMMARY ***
Total pot $2 | Rake $0 
Seat 1: CaHek-Ty3 folded before Flop (didn't bet)
Seat 2: EvilReality (button) folded before Flop (didn't bet)
Seat 3: hans1231 (small blind) collected ($2)
Seat 4: blistein (big blind) folded before Flop
Seat 5: kuhclemO folded before Flop (didn't bet)
Seat 6: Burlica2013 folded before Flop (didn't bet)



PokerStars Hand #254262339818:  Hold'em No Limit ($0.50/$1.00 USD) - 2025/01/08 15:39:11 WET [2025/01/08 10:39:11 ET]
Table 'Meges III' 6-max Seat #3 is the button
Seat 1: CaHek-Ty3 ($101.50 in chips) 
Seat 2: EvilReality ($100 in chips) 
Seat 3: hans1231 ($110 in chips) 
Seat 4: blistein ($100 in chips) 
Seat 5: kuhclemO ($100 in chips) 
Seat 6: Burlica2013 ($100 in chips) 
blistein: posts small blind $0.50
kuhclemO: posts big blind $1
*** HOLE CARDS ***
Burlica2013: folds 
CaHek-Ty3: folds 
EvilReality has timed out
EvilReality: folds 
hans1231: folds 
blistein: folds 
Uncalled bet ($0.50) returned to kuhclemO
kuhclemO collected $1 from pot
kuhclemO: doesn't show hand 
*** SUMMARY ***
Total pot $1 | Rake $0 
Seat 1: CaHek-Ty3 folded before Flop (didn't bet)
Seat 2: EvilReality folded before Flop (didn't bet)
Seat 3: hans1231 (button) folded before Flop (didn't bet)
Seat 4: blistein (small blind) folded before Flop
Seat 5: kuhclemO (big blind) collected ($1)
Seat 6: Burlica2013 folded before Flop (didn't bet)



PokerStars Hand #254262347025:  Hold'em No Limit ($0.50/$1.00 USD) - 2025/01/08 15:39:44 WET [2025/01/08 10:39:44 ET]
Table 'Meges III' 6-max Seat #4 is the button
Seat 1: CaHek-Ty3 ($101.50 in chips) 
Seat 2: EvilReality ($100 in chips) 
Seat 3: hans1231 ($110 in chips) 
Seat 4: blistein ($100 in chips) 
Seat 5: kuhclemO ($100.50 in chips) 
Seat 6: Burlica2013 ($100 in chips) 
kuhclemO: posts small blind $0.50
Burlica2013: posts big blind $1
*** HOLE CARDS ***
CaHek-Ty3: folds 
CaHek-Ty3 leaves the table
EvilReality: folds 
hans1231: folds 
gig.gyty joins the table at seat #1 
blistein: raises $1.50 to $2.50
kuhclemO: folds 
Burlica2013: folds 
Uncalled bet ($1.50) returned to blistein
blistein collected $2.50 from pot
blistein: doesn't show hand 
*** SUMMARY ***
Total pot $2.50 | Rake $0 
Seat 1: CaHek-Ty3 folded before Flop (didn't bet)
Seat 2: EvilReality folded before Flop (didn't bet)
Seat 3: hans1231 folded before Flop (didn't bet)
Seat 4: blistein (button) collected ($2.50)
Seat 5: kuhclemO (small blind) folded before Flop
Seat 6: Burlica2013 (big blind) folded before Flop



PokerStars Hand #254262351759:  Hold'em No Limit ($0.50/$1.00 USD) - 2025/01/08 15:40:06 WET [2025/01/08 10:40:06 ET]
Table 'Meges III' 6-max Seat #5 is the button
Seat 1: gig.gyty ($100 in chips) 
Seat 2: EvilReality ($100 in chips) 
Seat 3: hans1231 ($110 in chips) 
Seat 4: blistein ($101.50 in chips) 
Seat 5: kuhclemO ($100 in chips) 
Seat 6: Burlica2013 ($100 in chips) 
Burlica2013: posts small blind $0.50
gig.gyty: posts big blind $1
*** HOLE CARDS ***
EvilReality has timed out
EvilReality: folds 
hans1231: folds 
blistein: raises $1.30 to $2.30
kuhclemO: folds 
Burlica2013: calls $1.80
gig.gyty: folds 
*** FLOP *** [3h 2c Qs]
Burlica2013: checks 
blistein: bets $2.66
Burlica2013: raises $5.32 to $7.98
blistein: calls $5.32
*** TURN *** [3h 2c Qs] [4h]
Burlica2013: checks 
blistein: bets $5.12
Burlica2013: folds 
Uncalled bet ($5.12) returned to blistein
blistein collected $20.48 from pot
blistein: doesn't show hand 
*** SUMMARY ***
Total pot $21.56 | Rake $1.08 
Board [3h 2c Qs 4h]
Seat 1: gig.gyty (big blind) folded before Flop
Seat 2: EvilReality folded before Flop (didn't bet)
Seat 3: hans1231 folded before Flop (didn't bet)
Seat 4: blistein collected ($20.48)
Seat 5: kuhclemO (button) folded before Flop (didn't bet)
Seat 6: Burlica2013 (small blind) folded on the Turn



PokerStars Hand #254262377057:  Hold'em No Limit ($0.50/$1.00 USD) - 2025/01/08 15:42:01 WET [2025/01/08 10:42:01 ET]
Table 'Meges III' 6-max Seat #6 is the button
Seat 1: gig.gyty ($100 in chips) 
Seat 2: EvilReality ($100 in chips) 
Seat 3: hans1231 ($110 in chips) 
Seat 4: blistein ($111.70 in chips) 
Seat 5: kuhclemO ($100 in chips) 
Seat 6: Burlica2013 ($100 in chips) 
gig.gyty: posts small blind $0.50
EvilReality: posts big blind $1
*** HOLE CARDS ***
hans1231: folds 
blistein: folds 
kuhclemO: folds 
Burlica2013: folds 
gig.gyty: folds 
Uncalled bet ($0.50) returned to EvilReality
EvilReality collected $1 from pot
EvilReality: doesn't show hand 
*** SUMMARY ***
Total pot $1 | Rake $0 
Seat 1: gig.gyty (small blind) folded before Flop
Seat 2: EvilReality (big blind) collected ($1)
Seat 3: hans1231 folded before Flop (didn't bet)
Seat 4: blistein folded before Flop (didn't bet)
Seat 5: kuhclemO folded before Flop (didn't bet)
Seat 6: Burlica2013 (button) folded before Flop (didn't bet)



PokerStars Hand #254262379823:  Hold'em No Limit ($0.50/$1.00 USD) - 2025/01/08 15:42:13 WET [2025/01/08 10:42:13 ET]
Table 'Meges III' 6-max Seat #1 is the button
Seat 1: gig.gyty ($100 in chips) 
Seat 2: EvilReality ($100.50 in chips) 
Seat 3: hans1231 ($110 in chips) 
Seat 4: blistein ($111.70 in chips) 
Seat 5: kuhclemO ($100 in chips) 
Seat 6: Burlica2013 ($100 in chips) 
EvilReality: posts small blind $0.50
hans1231: posts big blind $1
*** HOLE CARDS ***
blistein: folds 
kuhclemO: folds 
Burlica2013: folds 
gig.gyty: raises $1.50 to $2.50
EvilReality: folds 
blistein leaves the table
hans1231: raises $3.60 to $6.10
gig.gyty: calls $3.60
*** FLOP *** [Js Jd Jc]
hans1231: checks 
gig.gyty: checks 
*** TURN *** [Js Jd Jc] [5c]
hans1231: checks 
gig.gyty: checks 
*** RIVER *** [Js Jd Jc 5c] [4h]
hans1231: checks 
gig.gyty: checks 
*** SHOW DOWN ***
hans1231: shows [As 9s] (three of a kind, Jacks)
gig.gyty: mucks hand 
hans1231 collected $11.90 from pot
*** SUMMARY ***
Total pot $12.70 | Rake $0.80 
Board [Js Jd Jc 5c 4h]
Seat 1: gig.gyty (button) mucked
Seat 2: EvilReality (small blind) folded before Flop
Seat 3: hans1231 (big blind) showed [As 9s] and won ($11.90) with three of a kind, Jacks
Seat 4: blistein folded before Flop (didn't bet)
Seat 5: kuhclemO folded before Flop (didn't bet)
Seat 6: Burlica2013 folded before Flop (didn't bet)



PokerStars Hand #254262391972:  Hold'em No Limit ($0.50/$1.00 USD) - 2025/01/08 15:43:08 WET [2025/01/08 10:43:08 ET]
Table 'Meges III' 6-max Seat #2 is the button
Seat 5: kuhclemO ($100 in chips) is sitting out
Seat 1: gig.gyty ($100 in chips) 
Seat 2: EvilReality ($100 in chips) 
Seat 3: hans1231 ($115.80 in chips) 
Seat 6: Burlica2013 ($100 in chips) 
hans1231: posts small blind $0.50
kuhclemO: is sitting out 
Burlica2013: posts big blind $1
*** HOLE CARDS ***
gig.gyty: folds 
kuhclemO leaves the table
EvilReality: folds 
hans1231: calls $0.50
Burlica2013: checks 
*** FLOP *** [Jc 8c Kh]
hans1231: checks 
Burlica2013: checks 
*** TURN *** [Jc 8c Kh] [Jh]
Espada Fish joins the table at seat #4 
hans1231: bets $2
Burlica2013: folds 
Uncalled bet ($2) returned to hans1231
hans1231 collected $1.88 from pot
hans1231: doesn't show hand 
*** SUMMARY ***
Total pot $2 | Rake $0.12 
Board [Jc 8c Kh Jh]
Seat 5: kuhclemO
Seat 1: gig.gyty folded before Flop (didn't bet)
Seat 2: EvilReality (button) folded before Flop (didn't bet)
Seat 3: hans1231 (small blind) collected ($1.88)
Seat 6: Burlica2013 (big blind) folded on the Turn



PokerStars Hand #254262399272:  Hold'em No Limit ($0.50/$1.00 USD) - 2025/01/08 15:43:40 WET [2025/01/08 10:43:40 ET]
Table 'Meges III' 6-max Seat #3 is the button
Seat 4: Espada Fish ($100 in chips) is sitting out
Seat 1: gig.gyty ($100 in chips) 
Seat 2: EvilReality ($100 in chips) 
Seat 3: hans1231 ($116.68 in chips) 
Seat 6: Burlica2013 ($100 in chips) 
Burlica2013: posts small blind $0.50
gig.gyty: posts big blind $1
*** HOLE CARDS ***
EvilReality: raises $1.50 to $2.50
hans1231: calls $2.50
Burlica2013: folds 
gig.gyty: folds 
*** FLOP *** [2d 9d 2s]
EvilReality: bets $4.64
hans1231: folds 
Uncalled bet ($4.64) returned to EvilReality
EvilReality collected $6.18 from pot
EvilReality: doesn't show hand 
*** SUMMARY ***
Total pot $6.50 | Rake $0.32 
Board [2d 9d 2s]
Seat 4: Espada Fish
Seat 1: gig.gyty (big blind) folded before Flop
Seat 2: EvilReality collected ($6.18)
Seat 3: hans1231 (button) folded on the Flop
Seat 6: Burlica2013 (small blind) folded before Flop



PokerStars Hand #254262405380:  Hold'em No Limit ($0.50/$1.00 USD) - 2025/01/08 15:44:07 WET [2025/01/08 10:44:07 ET]
Table 'Meges III' 6-max Seat #6 is the button
Seat 4: Espada Fish ($100 in chips) is sitting out
Seat 1: gig.gyty ($100 in chips) 
Seat 3: hans1231 ($114.18 in chips) 
Seat 6: Burlica2013 ($100 in chips) 
gig.gyty: posts small blind $0.50
hans1231: posts big blind $1
Espada Fish: sits out 
*** HOLE CARDS ***
Burlica2013: raises $1.45 to $2.45
gig.gyty: raises $8.55 to $11
hans1231: folds 
Burlica2013: calls $8.55
*** FLOP *** [3d 8h 2s]
gig.gyty: bets $11
treebole joins the table at seat #5 
Aescul@pius joins the table at seat #2 
Burlica2013: folds 
Uncalled bet ($11) returned to gig.gyty
gig.gyty collected $22 from pot
gig.gyty: doesn't show hand 
*** SUMMARY ***
Total pot $23 | Rake $1 
Board [3d 8h 2s]
Seat 4: Espada Fish
Seat 1: gig.gyty (small blind) collected ($22)
Seat 3: hans1231 (big blind) folded before Flop
Seat 6: Burlica2013 (button) folded on the Flop



PokerStars Hand #254262415679:  Hold'em No Limit ($0.50/$1.00 USD) - 2025/01/08 15:44:54 WET [2025/01/08 10:44:54 ET]
Table 'Meges III' 6-max Seat #1 is the button
Seat 2: Aescul@pius ($100 in chips) is sitting out
Seat 5: treebole ($40 in chips) is sitting out
Seat 1: gig.gyty ($111 in chips) 
Seat 3: hans1231 ($113.18 in chips) 
Seat 4: Espada Fish ($100 in chips) 
Seat 6: Burlica2013 ($100 in chips) 
hans1231: posts small blind $0.50
Espada Fish: posts big blind $1
treebole: sits out 
*** HOLE CARDS ***
Burlica2013: folds 
gig.gyty: folds 
hans1231: raises $2 to $3
Espada Fish: folds 
Uncalled bet ($2) returned to hans1231
hans1231 collected $2 from pot
hans1231: doesn't show hand 
*** SUMMARY ***
Total pot $2 | Rake $0 
Seat 2: Aescul@pius
Seat 5: treebole
Seat 1: gig.gyty (button) folded before Flop (didn't bet)
Seat 3: hans1231 (small blind) collected ($2)
Seat 4: Espada Fish (big blind) folded before Flop
Seat 6: Burlica2013 folded before Flop (didn't bet)



PokerStars Hand #254262421087:  Hold'em No Limit ($0.50/$1.00 USD) - 2025/01/08 15:45:18 WET [2025/01/08 10:45:18 ET]
Table 'Meges III' 6-max Seat #3 is the button
Seat 2: Aescul@pius ($100 in chips) is sitting out
Seat 1: gig.gyty ($111 in chips) 
Seat 3: hans1231 ($114.18 in chips) 
Seat 4: Espada Fish ($100 in chips) 
Seat 5: treebole ($40 in chips) 
Seat 6: Burlica2013 ($100 in chips) 
Espada Fish: posts small blind $0.50
treebole: posts big blind $1
Aescul@pius: sits out 
*** HOLE CARDS ***
Burlica2013: raises $1.20 to $2.20
gig.gyty: folds 
hans1231: raises $4.35 to $6.55
Espada Fish: folds 
treebole: folds 
Burlica2013: calls $4.35
*** FLOP *** [8d 9d 6c]
Burlica2013: checks 
hans1231: bets $4.28
Burlica2013: calls $4.28
*** TURN *** [8d 9d 6c] [5s]
Burlica2013: checks 
hans1231: checks 
*** RIVER *** [8d 9d 6c 5s] [7h]
Burlica2013: bets $16.50
hans1231: folds 
Uncalled bet ($16.50) returned to Burlica2013
Burlica2013 collected $22 from pot
Burlica2013: doesn't show hand 
*** SUMMARY ***
Total pot $23.16 | Rake $1.16 
Board [8d 9d 6c 5s 7h]
Seat 2: Aescul@pius
Seat 1: gig.gyty folded before Flop (didn't bet)
Seat 3: hans1231 (button) folded on the River
Seat 4: Espada Fish (small blind) folded before Flop
Seat 5: treebole (big blind) folded before Flop
Seat 6: Burlica2013 collected ($22)



PokerStars Hand #254262433670:  Hold'em No Limit ($0.50/$1.00 USD) - 2025/01/08 15:46:15 WET [2025/01/08 10:46:15 ET]
Table 'Meges III' 6-max Seat #4 is the button
Seat 2: Aescul@pius ($100 in chips) is sitting out
Seat 1: gig.gyty ($111 in chips) 
Seat 3: hans1231 ($103.35 in chips) 
Seat 4: Espada Fish ($100 in chips) 
Seat 5: treebole ($39 in chips) 
Seat 6: Burlica2013 ($111.17 in chips) 
treebole: posts small blind $0.50
Burlica2013: posts big blind $1
Aescul@pius: sits out 
*** HOLE CARDS ***
gig.gyty: raises $1.25 to $2.25
hans1231: folds 
Espada Fish: folds 
treebole: raises $3.75 to $6
Burlica2013: folds 
gig.gyty: calls $3.75
*** FLOP *** [5h Js 8s]
treebole: bets $7
gig.gyty: calls $7
*** TURN *** [5h Js 8s] [Ad]
treebole: checks 
gig.gyty: checks 
*** RIVER *** [5h Js 8s Ad] [Ac]
treebole: checks 
gig.gyty: checks 
*** SHOW DOWN ***
treebole: shows [9h 9c] (two pair, Aces and Nines)
gig.gyty: shows [Jh Qh] (two pair, Aces and Jacks)
gig.gyty collected $25.65 from pot
*** SUMMARY ***
Total pot $27 | Rake $1.35 
Board [5h Js 8s Ad Ac]
Seat 2: Aescul@pius
Seat 1: gig.gyty showed [Jh Qh] and won ($25.65) with two pair, Aces and Jacks
Seat 3: hans1231 folded before Flop (didn't bet)
Seat 4: Espada Fish (button) folded before Flop (didn't bet)
Seat 5: treebole (small blind) showed [9h 9c] and lost with two pair, Aces and Nines
Seat 6: Burlica2013 (big blind) folded before Flop



PokerStars Hand #254262444236:  Hold'em No Limit ($0.50/$1.00 USD) - 2025/01/08 15:47:01 WET [2025/01/08 10:47:01 ET]
Table 'Meges III' 6-max Seat #5 is the button
Seat 2: Aescul@pius ($100 in chips) is sitting out
Seat 1: gig.gyty ($123.65 in chips) 
Seat 3: hans1231 ($103.35 in chips) 
Seat 4: Espada Fish ($100 in chips) 
Seat 5: treebole ($26 in chips) 
Seat 6: Burlica2013 ($110.17 in chips) 
Burlica2013: posts small blind $0.50
gig.gyty: posts big blind $1
Aescul@pius: sits out 
*** HOLE CARDS ***
hans1231: raises $1.40 to $2.40
Espada Fish: folds 
treebole: folds 
Burlica2013: folds 
gig.gyty: folds 
Uncalled bet ($1.40) returned to hans1231
hans1231 collected $2.50 from pot
hans1231: doesn't show hand 
*** SUMMARY ***
Total pot $2.50 | Rake $0 
Seat 2: Aescul@pius
Seat 1: gig.gyty (big blind) folded before Flop
Seat 3: hans1231 collected ($2.50)
Seat 4: Espada Fish folded before Flop (didn't bet)
Seat 5: treebole (button) folded before Flop (didn't bet)
Seat 6: Burlica2013 (small blind) folded before Flop



PokerStars Hand #254262451454:  Hold'em No Limit ($0.50/$1.00 USD) - 2025/01/08 15:47:34 WET [2025/01/08 10:47:34 ET]
Table 'Meges III' 6-max Seat #6 is the button
Seat 1: gig.gyty ($122.65 in chips) 
Seat 2: Aescul@pius ($100 in chips) 
Seat 3: hans1231 ($104.85 in chips) 
Seat 4: Espada Fish ($100 in chips) 
Seat 5: treebole ($26 in chips) 
Seat 6: Burlica2013 ($109.67 in chips) 
gig.gyty: posts small blind $0.50
Aescul@pius: posts big blind $1
*** HOLE CARDS ***
hans1231: folds 
Espada Fish: folds 
treebole: folds 
Burlica2013: raises $1.45 to $2.45
gig.gyty: folds 
Aescul@pius: folds 
Uncalled bet ($1.45) returned to Burlica2013
Burlica2013 collected $2.50 from pot
Burlica2013: doesn't show hand 
*** SUMMARY ***
Total pot $2.50 | Rake $0 
Seat 1: gig.gyty (small blind) folded before Flop
Seat 2: Aescul@pius (big blind) folded before Flop
Seat 3: hans1231 folded before Flop (didn't bet)
Seat 4: Espada Fish folded before Flop (didn't bet)
Seat 5: treebole folded before Flop (didn't bet)
Seat 6: Burlica2013 (button) collected ($2.50)



PokerStars Hand #254262454405:  Hold'em No Limit ($0.50/$1.00 USD) - 2025/01/08 15:47:47 WET [2025/01/08 10:47:47 ET]
Table 'Meges III' 6-max Seat #1 is the button
Seat 1: gig.gyty ($122.15 in chips) 
Seat 2: Aescul@pius ($100 in chips) 
Seat 3: hans1231 ($104.85 in chips) 
Seat 4: Espada Fish ($100 in chips) 
Seat 5: treebole ($26 in chips) 
Seat 6: Burlica2013 ($111.17 in chips) 
Aescul@pius: posts small blind $0.50
hans1231: posts big blind $1
*** HOLE CARDS ***
Espada Fish: raises $1.20 to $2.20
treebole: folds 
Burlica2013: folds 
gig.gyty: folds 
Aescul@pius: folds 
hans1231: folds 
Uncalled bet ($1.20) returned to Espada Fish
Espada Fish collected $2.50 from pot
Espada Fish: doesn't show hand 
*** SUMMARY ***
Total pot $2.50 | Rake $0 
Seat 1: gig.gyty (button) folded before Flop (didn't bet)
Seat 2: Aescul@pius (small blind) folded before Flop
Seat 3: hans1231 (big blind) folded before Flop
Seat 4: Espada Fish collected ($2.50)
Seat 5: treebole folded before Flop (didn't bet)
Seat 6: Burlica2013 folded before Flop (didn't bet)



PokerStars Hand #254262457463:  Hold'em No Limit ($0.50/$1.00 USD) - 2025/01/08 15:48:01 WET [2025/01/08 10:48:01 ET]
Table 'Meges III' 6-max Seat #2 is the button
Seat 1: gig.gyty ($122.15 in chips) 
Seat 2: Aescul@pius ($100 in chips) 
Seat 3: hans1231 ($103.85 in chips) 
Seat 4: Espada Fish ($101.50 in chips) 
Seat 5: treebole ($26 in chips) 
Seat 6: Burlica2013 ($111.17 in chips) 
hans1231: posts small blind $0.50
Espada Fish: posts big blind $1
*** HOLE CARDS ***
treebole: calls $1
Burlica2013: folds 
gig.gyty: folds 
Burlica2013 leaves the table
Aescul@pius: folds 
hans1231: folds 
Espada Fish: checks 
*** FLOP *** [7d Jd 3c]
dreimis190 joins the table at seat #6 
Espada Fish: checks 
treebole: checks 
*** TURN *** [7d Jd 3c] [6c]
Espada Fish: bets $1.76
treebole: calls $1.76
*** RIVER *** [7d Jd 3c 6c] [2c]
Espada Fish: bets $4.23
treebole: folds 
Uncalled bet ($4.23) returned to Espada Fish
Espada Fish collected $5.72 from pot
Espada Fish: doesn't show hand 
*** SUMMARY ***
Total pot $6.02 | Rake $0.30 
Board [7d Jd 3c 6c 2c]
Seat 1: gig.gyty folded before Flop (didn't bet)
Seat 2: Aescul@pius (button) folded before Flop (didn't bet)
Seat 3: hans1231 (small blind) folded before Flop
Seat 4: Espada Fish (big blind) collected ($5.72)
Seat 5: treebole folded on the River
Seat 6: Burlica2013 folded before Flop (didn't bet)



PokerStars Hand #254262474272:  Hold'em No Limit ($0.50/$1.00 USD) - 2025/01/08 15:49:16 WET [2025/01/08 10:49:16 ET]
Table 'Meges III' 6-max Seat #3 is the button
Seat 6: dreimis190 ($100 in chips) is sitting out
Seat 1: gig.gyty ($122.15 in chips) 
Seat 2: Aescul@pius ($100 in chips) 
Seat 3: hans1231 ($103.35 in chips) 
Seat 4: Espada Fish ($104.46 in chips) 
Seat 5: treebole ($23.24 in chips) 
Espada Fish: posts small blind $0.50
treebole: posts big blind $1
dreimis190: sits out 
*** HOLE CARDS ***
gig.gyty: folds 
Aescul@pius: folds 
hans1231: raises $1.40 to $2.40
Espada Fish: folds 
treebole: calls $1.40
*** FLOP *** [Kc Jh Qd]
treebole: bets $5
hans1231: calls $5
*** TURN *** [Kc Jh Qd] [Jd]
treebole: bets $10
hans1231: raises $10 to $20
treebole: calls $5.84 and is all-in
Uncalled bet ($4.16) returned to hans1231
*** FIRST RIVER *** [Kc Jh Qd Jd] [5s]
*** SECOND RIVER *** [Kc Jh Qd Jd] [Ad]
*** FIRST SHOW DOWN ***
treebole: shows [9d Tc] (a straight, Nine to King)
hans1231: shows [Qc 7d] (two pair, Queens and Jacks)
treebole collected $22.32 from pot
*** SECOND SHOW DOWN ***
treebole: shows [9d Tc] (a straight, Ten to Ace)
hans1231: shows [Qc 7d] (two pair, Queens and Jacks)
treebole collected $22.31 from pot
*** SUMMARY ***
Total pot $46.98 | Rake $2.35 
Hand was run twice
FIRST Board [Kc Jh Qd Jd 5s]
SECOND Board [Kc Jh Qd Jd Ad]
Seat 6: dreimis190
Seat 1: gig.gyty folded before Flop (didn't bet)
Seat 2: Aescul@pius folded before Flop (didn't bet)
Seat 3: hans1231 (button) showed [Qc 7d] and lost with two pair, Queens and Jacks, and lost with two pair, Queens and Jacks
Seat 4: Espada Fish (small blind) folded before Flop
Seat 5: treebole (big blind) showed [9d Tc] and won ($22.32) with a straight, Nine to King, and won ($22.31) with a straight, Ten to Ace



PokerStars Hand #254262485446:  Hold'em No Limit ($0.50/$1.00 USD) - 2025/01/08 15:50:06 WET [2025/01/08 10:50:06 ET]
Table 'Meges III' 6-max Seat #4 is the button
Seat 1: gig.gyty ($122.15 in chips) 
Seat 2: Aescul@pius ($100 in chips) 
Seat 3: hans1231 ($80.11 in chips) 
Seat 4: Espada Fish ($103.96 in chips) 
Seat 5: treebole ($44.63 in chips) 
Seat 6: dreimis190 ($100 in chips) 
treebole: posts small blind $0.50
dreimis190: posts big blind $1
*** HOLE CARDS ***
gig.gyty: folds 
Aescul@pius: folds 
hans1231: folds 
Espada Fish: folds 
treebole: calls $0.50
dreimis190: raises $3.50 to $4.50
treebole: calls $3.50
*** FLOP *** [5d Kc Ts]
treebole: checks 
dreimis190: bets $7.41
treebole: calls $7.41
*** TURN *** [5d Kc Ts] [5s]
treebole: checks 
dreimis190: bets $18.47
treebole: folds 
Uncalled bet ($18.47) returned to dreimis190
dreimis190 collected $22.63 from pot
dreimis190: doesn't show hand 
*** SUMMARY ***
Total pot $23.82 | Rake $1.19 
Board [5d Kc Ts 5s]
Seat 1: gig.gyty folded before Flop (didn't bet)
Seat 2: Aescul@pius folded before Flop (didn't bet)
Seat 3: hans1231 folded before Flop (didn't bet)
Seat 4: Espada Fish (button) folded before Flop (didn't bet)
Seat 5: treebole (small blind) folded on the Turn
Seat 6: dreimis190 (big blind) collected ($22.63)



PokerStars Hand #254262498490:  Hold'em No Limit ($0.50/$1.00 USD) - 2025/01/08 15:51:05 WET [2025/01/08 10:51:05 ET]
Table 'Meges III' 6-max Seat #5 is the button
Seat 1: gig.gyty ($122.15 in chips) 
Seat 2: Aescul@pius ($100 in chips) 
Seat 3: hans1231 ($80.11 in chips) 
Seat 4: Espada Fish ($103.96 in chips) 
Seat 5: treebole ($32.72 in chips) 
Seat 6: dreimis190 ($110.72 in chips) 
dreimis190: posts small blind $0.50
gig.gyty: posts big blind $1
*** HOLE CARDS ***
Aescul@pius: folds 
hans1231: folds 
Espada Fish: folds 
treebole: calls $1
dreimis190: calls $0.50
gig.gyty: checks 
*** FLOP *** [2c 9s Jh]
dreimis190: bets $2.14
gig.gyty: folds 
treebole: calls $2.14
*** TURN *** [2c 9s Jh] [Ks]
dreimis190: bets $3.46
treebole: folds 
Uncalled bet ($3.46) returned to dreimis190
dreimis190 collected $6.92 from pot
dreimis190: doesn't show hand 
*** SUMMARY ***
Total pot $7.28 | Rake $0.36 
Board [2c 9s Jh Ks]
Seat 1: gig.gyty (big blind) folded on the Flop
Seat 2: Aescul@pius folded before Flop (didn't bet)
Seat 3: hans1231 folded before Flop (didn't bet)
Seat 4: Espada Fish folded before Flop (didn't bet)
Seat 5: treebole (button) folded on the Turn
Seat 6: dreimis190 (small blind) collected ($6.92)



PokerStars Hand #254262508354:  Hold'em No Limit ($0.50/$1.00 USD) - 2025/01/08 15:51:49 WET [2025/01/08 10:51:49 ET]
Table 'Meges III' 6-max Seat #6 is the button
Seat 1: gig.gyty ($121.15 in chips) 
Seat 2: Aescul@pius ($100 in chips) 
Seat 3: hans1231 ($80.11 in chips) 
Seat 4: Espada Fish ($103.96 in chips) 
Seat 5: treebole ($29.58 in chips) 
Seat 6: dreimis190 ($114.50 in chips) 
gig.gyty: posts small blind $0.50
Aescul@pius: posts big blind $1
*** HOLE CARDS ***
hans1231: raises $1.80 to $2.80
Espada Fish: folds 
treebole: folds 
dreimis190: folds 
gig.gyty: raises $8.60 to $11.40
Aescul@pius: folds 
hans1231: calls $8.60
*** FLOP *** [Th Ts 8s]
gig.gyty: bets $11.31
hans1231: calls $11.31
*** TURN *** [Th Ts 8s] [3c]
gig.gyty: bets $29
hans1231: folds 
Uncalled bet ($29) returned to gig.gyty
gig.gyty collected $44.10 from pot
gig.gyty: doesn't show hand 
*** SUMMARY ***
Total pot $46.42 | Rake $2.32 
Board [Th Ts 8s 3c]
Seat 1: gig.gyty (small blind) collected ($44.10)
Seat 2: Aescul@pius (big blind) folded before Flop
Seat 3: hans1231 folded on the Turn
Seat 4: Espada Fish folded before Flop (didn't bet)
Seat 5: treebole folded before Flop (didn't bet)
Seat 6: dreimis190 (button) folded before Flop (didn't bet)



PokerStars Hand #254262524587:  Hold'em No Limit ($0.50/$1.00 USD) - 2025/01/08 15:53:02 WET [2025/01/08 10:53:02 ET]
Table 'Meges III' 6-max Seat #1 is the button
Seat 1: gig.gyty ($142.54 in chips) 
Seat 2: Aescul@pius ($100 in chips) 
Seat 3: hans1231 ($57.40 in chips) 
Seat 4: Espada Fish ($103.96 in chips) 
Seat 5: treebole ($29.58 in chips) 
Seat 6: dreimis190 ($114.50 in chips) 
Aescul@pius: posts small blind $0.50
hans1231: posts big blind $1
*** HOLE CARDS ***
Espada Fish: folds 
treebole: folds 
dreimis190: folds 
gig.gyty: raises $1.50 to $2.50
Aescul@pius: folds 
hans1231: raises $4.50 to $7
gig.gyty: folds 
Uncalled bet ($4.50) returned to hans1231
hans1231 collected $5.50 from pot
hans1231: doesn't show hand 
*** SUMMARY ***
Total pot $5.50 | Rake $0 
Seat 1: gig.gyty (button) folded before Flop
Seat 2: Aescul@pius (small blind) folded before Flop
Seat 3: hans1231 (big blind) collected ($5.50)
Seat 4: Espada Fish folded before Flop (didn't bet)
Seat 5: treebole folded before Flop (didn't bet)
Seat 6: dreimis190 folded before Flop (didn't bet)



PokerStars Hand #254262529460:  Hold'em No Limit ($0.50/$1.00 USD) - 2025/01/08 15:53:24 WET [2025/01/08 10:53:24 ET]
Table 'Meges III' 6-max Seat #2 is the button
Seat 1: gig.gyty ($140.04 in chips) 
Seat 2: Aescul@pius ($100 in chips) 
Seat 3: hans1231 ($60.40 in chips) 
Seat 4: Espada Fish ($103.96 in chips) 
Seat 5: treebole ($29.58 in chips) 
Seat 6: dreimis190 ($114.50 in chips) 
hans1231: posts small blind $0.50
Espada Fish: posts big blind $1
*** HOLE CARDS ***
treebole: calls $1
dreimis190: folds 
gig.gyty: raises $2.50 to $3.50
Aescul@pius: folds 
hans1231: folds 
Espada Fish: folds 
treebole: calls $2.50
*** FLOP *** [3s 8s 6d]
treebole: checks 
gig.gyty: bets $2.02
treebole: calls $2.02
*** TURN *** [3s 8s 6d] [3h]
treebole: bets $8
gig.gyty: folds 
Uncalled bet ($8) returned to treebole
treebole collected $11.91 from pot
treebole: doesn't show hand 
*** SUMMARY ***
Total pot $12.54 | Rake $0.63 
Board [3s 8s 6d 3h]
Seat 1: gig.gyty folded on the Turn
Seat 2: Aescul@pius (button) folded before Flop (didn't bet)
Seat 3: hans1231 (small blind) folded before Flop
Seat 4: Espada Fish (big blind) folded before Flop
Seat 5: treebole collected ($11.91)
Seat 6: dreimis190 folded before Flop (didn't bet)



PokerStars Hand #254262536397:  Hold'em No Limit ($0.50/$1.00 USD) - 2025/01/08 15:53:55 WET [2025/01/08 10:53:55 ET]
Table 'Meges III' 6-max Seat #3 is the button
Seat 1: gig.gyty ($134.52 in chips) 
Seat 2: Aescul@pius ($100 in chips) 
Seat 3: hans1231 ($59.90 in chips) 
Seat 4: Espada Fish ($102.96 in chips) 
Seat 5: treebole ($35.97 in chips) 
Seat 6: dreimis190 ($114.50 in chips) 
Espada Fish: posts small blind $0.50
treebole: posts big blind $1
*** HOLE CARDS ***
dreimis190: folds 
gig.gyty: folds 
Aescul@pius: raises $1.20 to $2.20
hans1231: folds 
Espada Fish: folds 
treebole: calls $1.20
*** FLOP *** [Jc Kh Jh]
treebole: checks 
Aescul@pius: checks 
*** TURN *** [Jc Kh Jh] [4h]
treebole: bets $2
Aescul@pius: calls $2
*** RIVER *** [Jc Kh Jh 4h] [Qs]
treebole: bets $6
Aescul@pius: calls $6
*** SHOW DOWN ***
treebole: shows [5d Js] (three of a kind, Jacks)
Aescul@pius: mucks hand 
treebole collected $19.86 from pot
*** SUMMARY ***
Total pot $20.90 | Rake $1.04 
Board [Jc Kh Jh 4h Qs]
Seat 1: gig.gyty folded before Flop (didn't bet)
Seat 2: Aescul@pius mucked
Seat 3: hans1231 (button) folded before Flop (didn't bet)
Seat 4: Espada Fish (small blind) folded before Flop
Seat 5: treebole (big blind) showed [5d Js] and won ($19.86) with three of a kind, Jacks
Seat 6: dreimis190 folded before Flop (didn't bet)



PokerStars Hand #254262547727:  Hold'em No Limit ($0.50/$1.00 USD) - 2025/01/08 15:54:45 WET [2025/01/08 10:54:45 ET]
Table 'Meges III' 6-max Seat #4 is the button
Seat 1: gig.gyty ($134.52 in chips) 
Seat 2: Aescul@pius ($100 in chips) 
Seat 3: hans1231 ($59.90 in chips) 
Seat 4: Espada Fish ($102.46 in chips) 
Seat 5: treebole ($45.63 in chips) 
Seat 6: dreimis190 ($114.50 in chips) 
treebole: posts small blind $0.50
dreimis190: posts big blind $1
*** HOLE CARDS ***
gig.gyty: raises $1.25 to $2.25
Aescul@pius: folds 
hans1231: folds 
Espada Fish: folds 
treebole: folds 
dreimis190: folds 
Uncalled bet ($1.25) returned to gig.gyty
gig.gyty collected $2.50 from pot
gig.gyty: doesn't show hand 
*** SUMMARY ***
Total pot $2.50 | Rake $0 
Seat 1: gig.gyty collected ($2.50)
Seat 2: Aescul@pius folded before Flop (didn't bet)
Seat 3: hans1231 folded before Flop (didn't bet)
Seat 4: Espada Fish (button) folded before Flop (didn't bet)
Seat 5: treebole (small blind) folded before Flop
Seat 6: dreimis190 (big blind) folded before Flop



PokerStars Hand #254262551903:  Hold'em No Limit ($0.50/$1.00 USD) - 2025/01/08 15:55:04 WET [2025/01/08 10:55:04 ET]
Table 'Meges III' 6-max Seat #5 is the button
Seat 1: gig.gyty ($136.02 in chips) 
Seat 2: Aescul@pius ($100 in chips) 
Seat 3: hans1231 ($59.90 in chips) 
Seat 4: Espada Fish ($102.46 in chips) 
Seat 5: treebole ($45.13 in chips) 
Seat 6: dreimis190 ($113.50 in chips) 
dreimis190: posts small blind $0.50
gig.gyty: posts big blind $1
*** HOLE CARDS ***
Aescul@pius: folds 
hans1231: raises $1.40 to $2.40
Espada Fish: folds 
treebole: raises $3.60 to $6
dreimis190: folds 
gig.gyty: folds 
hans1231: raises $10 to $16
treebole: calls $10
*** FLOP *** [8d 5d 6d]
hans1231: bets $22.27
treebole: calls $22.27
*** TURN *** [8d 5d 6d] [3s]
hans1231: bets $21.63 and is all-in
treebole: calls $6.86 and is all-in
Uncalled bet ($14.77) returned to hans1231
*** RIVER *** [8d 5d 6d 3s] [Kd]
*** SHOW DOWN ***
hans1231: shows [3c 3d] (a flush, King high)
treebole: shows [Ad Kc] (a flush, Ace high)
treebole collected $89.26 from pot
hans1231 cashed out the hand for $71.58 | Cash Out Fee $1.46
*** SUMMARY ***
Total pot $91.76 | Rake $2.50 
Board [8d 5d 6d 3s Kd]
Seat 1: gig.gyty (big blind) folded before Flop
Seat 2: Aescul@pius folded before Flop (didn't bet)
Seat 3: hans1231 showed [3c 3d] and lost with a flush, King high (cashed out).
Seat 4: Espada Fish folded before Flop (didn't bet)
Seat 5: treebole (button) showed [Ad Kc] and won ($89.26) with a flush, Ace high
Seat 6: dreimis190 (small blind) folded before Flop



PokerStars Hand #254262560108:  Hold'em No Limit ($0.50/$1.00 USD) - 2025/01/08 15:55:52 WET [2025/01/08 10:55:52 ET]
Table 'Meges III' 6-max Seat #6 is the button
Seat 1: gig.gyty ($135.02 in chips) 
Seat 2: Aescul@pius ($100 in chips) 
Seat 3: hans1231 ($86.35 in chips) 
Seat 4: Espada Fish ($102.46 in chips) 
Seat 5: treebole ($89.26 in chips) 
Seat 6: dreimis190 ($113 in chips) 
gig.gyty: posts small blind $0.50
Aescul@pius: posts big blind $1
*** HOLE CARDS ***
hans1231: raises $1.40 to $2.40
Espada Fish: folds 
treebole: folds 
dreimis190: folds 
gig.gyty: folds 
Aescul@pius: folds 
Uncalled bet ($1.40) returned to hans1231
hans1231 collected $2.50 from pot
hans1231: doesn't show hand 
*** SUMMARY ***
Total pot $2.50 | Rake $0 
Seat 1: gig.gyty (small blind) folded before Flop
Seat 2: Aescul@pius (big blind) folded before Flop
Seat 3: hans1231 collected ($2.50)
Seat 4: Espada Fish folded before Flop (didn't bet)
Seat 5: treebole folded before Flop (didn't bet)
Seat 6: dreimis190 (button) folded before Flop (didn't bet)



PokerStars Hand #254262562884:  Hold'em No Limit ($0.50/$1.00 USD) - 2025/01/08 15:56:09 WET [2025/01/08 10:56:09 ET]
Table 'Meges III' 6-max Seat #1 is the button
Seat 1: gig.gyty ($134.52 in chips) 
Seat 2: Aescul@pius ($100 in chips) 
Seat 3: hans1231 ($87.85 in chips) 
Seat 4: Espada Fish ($102.46 in chips) 
Seat 5: treebole ($89.26 in chips) 
Seat 6: dreimis190 ($113 in chips) 
Aescul@pius: posts small blind $0.50
hans1231: posts big blind $1
*** HOLE CARDS ***
Espada Fish: folds 
treebole: folds 
dreimis190: folds 
gig.gyty: folds 
Aescul@pius: folds 
Uncalled bet ($0.50) returned to hans1231
hans1231 collected $1 from pot
hans1231: doesn't show hand 
*** SUMMARY ***
Total pot $1 | Rake $0 
Seat 1: gig.gyty (button) folded before Flop (didn't bet)
Seat 2: Aescul@pius (small blind) folded before Flop
Seat 3: hans1231 (big blind) collected ($1)
Seat 4: Espada Fish folded before Flop (didn't bet)
Seat 5: treebole folded before Flop (didn't bet)
Seat 6: dreimis190 folded before Flop (didn't bet)



PokerStars Hand #254262565708:  Hold'em No Limit ($0.50/$1.00 USD) - 2025/01/08 15:56:25 WET [2025/01/08 10:56:25 ET]
Table 'Meges III' 6-max Seat #2 is the button
Seat 1: gig.gyty ($134.52 in chips) 
Seat 2: Aescul@pius ($100 in chips) 
Seat 3: hans1231 ($88.35 in chips) 
Seat 4: Espada Fish ($102.46 in chips) 
Seat 5: treebole ($89.26 in chips) 
Seat 6: dreimis190 ($113 in chips) 
hans1231: posts small blind $0.50
Espada Fish: posts big blind $1
*** HOLE CARDS ***
treebole: calls $1
dreimis190: folds 
gig.gyty: folds 
Aescul@pius: raises $4 to $5
hans1231: folds 
Espada Fish: folds 
treebole: calls $4
*** FLOP *** [Kd 7c 2s]
treebole: checks 
Aescul@pius: checks 
*** TURN *** [Kd 7c 2s] [4h]
treebole: bets $5
Aescul@pius: calls $5
*** RIVER *** [Kd 7c 2s 4h] [Td]
treebole: checks 
Aescul@pius: bets $13.02
treebole: folds 
Uncalled bet ($13.02) returned to Aescul@pius
Aescul@pius collected $20.42 from pot
Aescul@pius: doesn't show hand 
*** SUMMARY ***
Total pot $21.50 | Rake $1.08 
Board [Kd 7c 2s 4h Td]
Seat 1: gig.gyty folded before Flop (didn't bet)
Seat 2: Aescul@pius (button) collected ($20.42)
Seat 3: hans1231 (small blind) folded before Flop
Seat 4: Espada Fish (big blind) folded before Flop
Seat 5: treebole folded on the River
Seat 6: dreimis190 folded before Flop (didn't bet)



PokerStars Hand #254262576208:  Hold'em No Limit ($0.50/$1.00 USD) - 2025/01/08 15:57:27 WET [2025/01/08 10:57:27 ET]
Table 'Meges III' 6-max Seat #3 is the button
Seat 1: gig.gyty ($134.52 in chips) 
Seat 2: Aescul@pius ($110.42 in chips) 
Seat 3: hans1231 ($87.85 in chips) 
Seat 4: Espada Fish ($101.46 in chips) 
Seat 5: treebole ($79.26 in chips) 
Seat 6: dreimis190 ($113 in chips) 
Espada Fish: posts small blind $0.50
treebole: posts big blind $1
*** HOLE CARDS ***
dreimis190: raises $1 to $2
gig.gyty: folds 
Aescul@pius: folds 
hans1231: raises $6 to $8
Espada Fish: folds 
treebole: folds 
dreimis190: folds 
Uncalled bet ($6) returned to hans1231
hans1231 collected $5.50 from pot
hans1231: doesn't show hand 
*** SUMMARY ***
Total pot $5.50 | Rake $0 
Seat 1: gig.gyty folded before Flop (didn't bet)
Seat 2: Aescul@pius folded before Flop (didn't bet)
Seat 3: hans1231 (button) collected ($5.50)
Seat 4: Espada Fish (small blind) folded before Flop
Seat 5: treebole (big blind) folded before Flop
Seat 6: dreimis190 folded before Flop



PokerStars Hand #254262581535:  Hold'em No Limit ($0.50/$1.00 USD) - 2025/01/08 15:57:58 WET [2025/01/08 10:57:58 ET]
Table 'Meges III' 6-max Seat #4 is the button
Seat 1: gig.gyty ($134.52 in chips) 
Seat 2: Aescul@pius ($110.42 in chips) 
Seat 3: hans1231 ($91.35 in chips) 
Seat 4: Espada Fish ($100.96 in chips) 
Seat 5: treebole ($78.26 in chips) 
Seat 6: dreimis190 ($111 in chips) 
treebole: posts small blind $0.50
dreimis190: posts big blind $1
*** HOLE CARDS ***
gig.gyty: folds 
Aescul@pius: folds 
hans1231: folds 
Espada Fish: raises $1.50 to $2.50
treebole: calls $2
dreimis190: folds 
*** FLOP *** [Ac 6d 5h]
treebole: checks 
Espada Fish: bets $2.91
treebole: folds 
Uncalled bet ($2.91) returned to Espada Fish
Espada Fish collected $5.70 from pot
Espada Fish: doesn't show hand 
*** SUMMARY ***
Total pot $6 | Rake $0.30 
Board [Ac 6d 5h]
Seat 1: gig.gyty folded before Flop (didn't bet)
Seat 2: Aescul@pius folded before Flop (didn't bet)
Seat 3: hans1231 folded before Flop (didn't bet)
Seat 4: Espada Fish (button) collected ($5.70)
Seat 5: treebole (small blind) folded on the Flop
Seat 6: dreimis190 (big blind) folded before Flop



PokerStars Hand #254262589109:  Hold'em No Limit ($0.50/$1.00 USD) - 2025/01/08 15:58:43 WET [2025/01/08 10:58:43 ET]
Table 'Meges III' 6-max Seat #5 is the button
Seat 1: gig.gyty ($134.52 in chips) 
Seat 2: Aescul@pius ($110.42 in chips) 
Seat 3: hans1231 ($91.35 in chips) 
Seat 4: Espada Fish ($104.16 in chips) 
Seat 5: treebole ($75.76 in chips) 
Seat 6: dreimis190 ($110 in chips) 
dreimis190: posts small blind $0.50
gig.gyty: posts big blind $1
*** HOLE CARDS ***
Aescul@pius: folds 
hans1231: raises $1.40 to $2.40
Espada Fish: folds 
treebole: folds 
dreimis190: folds 
gig.gyty: calls $1.40
*** FLOP *** [As 9h Js]
gig.gyty: checks 
hans1231: bets $2
gig.gyty: calls $2
*** TURN *** [As 9h Js] [8d]
gig.gyty: checks 
hans1231: checks 
*** RIVER *** [As 9h Js 8d] [Qs]
gig.gyty: bets $2.21
hans1231: raises $3.18 to $5.39
gig.gyty: calls $3.18
*** SHOW DOWN ***
hans1231: shows [Th Qc] (a straight, Eight to Queen)
gig.gyty: mucks hand 
hans1231 collected $18.83 from pot
*** SUMMARY ***
Total pot $20.08 | Rake $1.25 
Board [As 9h Js 8d Qs]
Seat 1: gig.gyty (big blind) mucked
Seat 2: Aescul@pius folded before Flop (didn't bet)
Seat 3: hans1231 showed [Th Qc] and won ($18.83) with a straight, Eight to Queen
Seat 4: Espada Fish folded before Flop (didn't bet)
Seat 5: treebole (button) folded before Flop (didn't bet)
Seat 6: dreimis190 (small blind) folded before Flop



PokerStars Hand #254262597170:  Hold'em No Limit ($0.50/$1.00 USD) - 2025/01/08 15:59:30 WET [2025/01/08 10:59:30 ET]
Table 'Meges III' 6-max Seat #6 is the button
Seat 1: gig.gyty ($124.73 in chips) 
Seat 2: Aescul@pius ($110.42 in chips) 
Seat 3: hans1231 ($100.39 in chips) 
Seat 4: Espada Fish ($104.16 in chips) 
Seat 5: treebole ($75.76 in chips) 
Seat 6: dreimis190 ($109.50 in chips) 
gig.gyty: posts small blind $0.50
Aescul@pius: posts big blind $1
*** HOLE CARDS ***
hans1231: folds 
Espada Fish: folds 
treebole: folds 
dreimis190: raises $1.50 to $2.50
gig.gyty: raises $8.50 to $11
Aescul@pius: folds 
dreimis190: folds 
Uncalled bet ($8.50) returned to gig.gyty
gig.gyty collected $6 from pot
gig.gyty: doesn't show hand 
*** SUMMARY ***
Total pot $6 | Rake $0 
Seat 1: gig.gyty (small blind) collected ($6)
Seat 2: Aescul@pius (big blind) folded before Flop
Seat 3: hans1231 folded before Flop (didn't bet)
Seat 4: Espada Fish folded before Flop (didn't bet)
Seat 5: treebole folded before Flop (didn't bet)
Seat 6: dreimis190 (button) folded before Flop



PokerStars Hand #254262600756:  Hold'em No Limit ($0.50/$1.00 USD) - 2025/01/08 15:59:51 WET [2025/01/08 10:59:51 ET]
Table 'Meges III' 6-max Seat #1 is the button
Seat 1: gig.gyty ($128.23 in chips) 
Seat 2: Aescul@pius ($109.42 in chips) 
Seat 3: hans1231 ($100.39 in chips) 
Seat 4: Espada Fish ($104.16 in chips) 
Seat 5: treebole ($75.76 in chips) 
Seat 6: dreimis190 ($107 in chips) 
Aescul@pius: posts small blind $0.50
hans1231: posts big blind $1
*** HOLE CARDS ***
Espada Fish: folds 
treebole: folds 
dreimis190: folds 
gig.gyty: folds 
Aescul@pius: folds 
Uncalled bet ($0.50) returned to hans1231
hans1231 collected $1 from pot
hans1231: doesn't show hand 
*** SUMMARY ***
Total pot $1 | Rake $0 
Seat 1: gig.gyty (button) folded before Flop (didn't bet)
Seat 2: Aescul@pius (small blind) folded before Flop
Seat 3: hans1231 (big blind) collected ($1)
Seat 4: Espada Fish folded before Flop (didn't bet)
Seat 5: treebole folded before Flop (didn't bet)
Seat 6: dreimis190 folded before Flop (didn't bet)



PokerStars Hand #254262602652:  Hold'em No Limit ($0.50/$1.00 USD) - 2025/01/08 16:00:02 WET [2025/01/08 11:00:02 ET]
Table 'Meges III' 6-max Seat #2 is the button
Seat 1: gig.gyty ($128.23 in chips) 
Seat 2: Aescul@pius ($108.92 in chips) 
Seat 3: hans1231 ($100.89 in chips) 
Seat 4: Espada Fish ($104.16 in chips) 
Seat 5: treebole ($75.76 in chips) 
Seat 6: dreimis190 ($107 in chips) 
hans1231: posts small blind $0.50
Espada Fish: posts big blind $1
*** HOLE CARDS ***
treebole: folds 
dreimis190: folds 
gig.gyty: raises $1.25 to $2.25
Aescul@pius: folds 
hans1231: folds 
Espada Fish: folds 
Uncalled bet ($1.25) returned to gig.gyty
gig.gyty collected $2.50 from pot
gig.gyty: doesn't show hand 
*** SUMMARY ***
Total pot $2.50 | Rake $0 
Seat 1: gig.gyty collected ($2.50)
Seat 2: Aescul@pius (button) folded before Flop (didn't bet)
Seat 3: hans1231 (small blind) folded before Flop
Seat 4: Espada Fish (big blind) folded before Flop
Seat 5: treebole folded before Flop (didn't bet)
Seat 6: dreimis190 folded before Flop (didn't bet)



PokerStars Hand #254262605324:  Hold'em No Limit ($0.50/$1.00 USD) - 2025/01/08 16:00:17 WET [2025/01/08 11:00:17 ET]
Table 'Meges III' 6-max Seat #3 is the button
Seat 1: gig.gyty ($129.73 in chips) 
Seat 2: Aescul@pius ($108.92 in chips) 
Seat 3: hans1231 ($100.39 in chips) 
Seat 4: Espada Fish ($103.16 in chips) 
Seat 5: treebole ($75.76 in chips) 
Seat 6: dreimis190 ($107 in chips) 
Espada Fish: posts small blind $0.50
treebole: posts big blind $1
*** HOLE CARDS ***
dreimis190: folds 
gig.gyty: raises $1.25 to $2.25
Aescul@pius: folds 
hans1231: folds 
Espada Fish: folds 
treebole: calls $1.25
*** FLOP *** [Qc 7c 2d]
treebole: checks 
gig.gyty: bets $1.57
treebole: calls $1.57
*** TURN *** [Qc 7c 2d] [6h]
treebole: bets $5
gig.gyty: folds 
Uncalled bet ($5) returned to treebole
treebole collected $7.73 from pot
treebole: doesn't show hand 
*** SUMMARY ***
Total pot $8.14 | Rake $0.41 
Board [Qc 7c 2d 6h]
Seat 1: gig.gyty folded on the Turn
Seat 2: Aescul@pius folded before Flop (didn't bet)
Seat 3: hans1231 (button) folded before Flop (didn't bet)
Seat 4: Espada Fish (small blind) folded before Flop
Seat 5: treebole (big blind) collected ($7.73)
Seat 6: dreimis190 folded before Flop (didn't bet)



PokerStars Hand #254262617454:  Hold'em No Limit ($0.50/$1.00 USD) - 2025/01/08 16:01:19 WET [2025/01/08 11:01:19 ET]
Table 'Meges III' 6-max Seat #4 is the button
Seat 1: gig.gyty ($125.91 in chips) 
Seat 2: Aescul@pius ($108.92 in chips) 
Seat 3: hans1231 ($100.39 in chips) 
Seat 4: Espada Fish ($102.66 in chips) 
Seat 5: treebole ($79.67 in chips) 
Seat 6: dreimis190 ($107 in chips) 
treebole: posts small blind $0.50
dreimis190: posts big blind $1
*** HOLE CARDS ***
gig.gyty: folds 
Aescul@pius: raises $1.20 to $2.20
hans1231: calls $2.20
Espada Fish: folds 
treebole: raises $3.80 to $6
dreimis190: folds 
Aescul@pius: calls $3.80
hans1231: calls $3.80
*** FLOP *** [2h Th 6s]
treebole: bets $14
Aescul@pius: folds 
hans1231: calls $14
*** TURN *** [2h Th 6s] [Kh]
treebole: checks 
hans1231: bets $17
treebole: calls $17
*** RIVER *** [2h Th 6s Kh] [8h]
treebole: bets $42.67 and is all-in
hans1231: folds 
Uncalled bet ($42.67) returned to treebole
treebole collected $78.50 from pot
treebole: doesn't show hand 
*** SUMMARY ***
Total pot $81 | Rake $2.50 
Board [2h Th 6s Kh 8h]
Seat 1: gig.gyty folded before Flop (didn't bet)
Seat 2: Aescul@pius folded on the Flop
Seat 3: hans1231 folded on the River
Seat 4: Espada Fish (button) folded before Flop (didn't bet)
Seat 5: treebole (small blind) collected ($78.50)
Seat 6: dreimis190 (big blind) folded before Flop



PokerStars Hand #254262635921:  Hold'em No Limit ($0.50/$1.00 USD) - 2025/01/08 16:02:43 WET [2025/01/08 11:02:43 ET]
Table 'Meges III' 6-max Seat #5 is the button
Seat 1: gig.gyty ($125.91 in chips) 
Seat 2: Aescul@pius ($102.92 in chips) 
Seat 3: hans1231 ($63.39 in chips) 
Seat 4: Espada Fish ($102.66 in chips) 
Seat 5: treebole ($121.17 in chips) 
Seat 6: dreimis190 ($106 in chips) 
dreimis190: posts small blind $0.50
gig.gyty: posts big blind $1
*** HOLE CARDS ***
Aescul@pius: folds 
hans1231: folds 
Espada Fish: folds 
treebole: calls $1
dreimis190: calls $0.50
gig.gyty: checks 
*** FLOP *** [Qs Kc 8d]
dreimis190: checks 
gig.gyty: checks 
treebole: bets $2
dreimis190: calls $2
gig.gyty: folds 
*** TURN *** [Qs Kc 8d] [6s]
dreimis190: checks 
treebole: checks 
*** RIVER *** [Qs Kc 8d 6s] [8c]
dreimis190: checks 
Aescul@pius leaves the table
treebole: bets $5
Joe_Li7 joins the table at seat #2 
dreimis190: calls $5
*** SHOW DOWN ***
treebole: shows [Tc 7c] (a pair of Eights)
dreimis190: shows [4h Kh] (two pair, Kings and Eights)
dreimis190 collected $16.15 from pot
*** SUMMARY ***
Total pot $17 | Rake $0.85 
Board [Qs Kc 8d 6s 8c]
Seat 1: gig.gyty (big blind) folded on the Flop
Seat 2: Aescul@pius folded before Flop (didn't bet)
Seat 3: hans1231 folded before Flop (didn't bet)
Seat 4: Espada Fish folded before Flop (didn't bet)
Seat 5: treebole (button) showed [Tc 7c] and lost with a pair of Eights
Seat 6: dreimis190 (small blind) showed [4h Kh] and won ($16.15) with two pair, Kings and Eights



PokerStars Hand #254262646179:  Hold'em No Limit ($0.50/$1.00 USD) - 2025/01/08 16:03:29 WET [2025/01/08 11:03:29 ET]
Table 'Meges III' 6-max Seat #6 is the button
Seat 2: Joe_Li7 ($100 in chips) is sitting out
Seat 1: gig.gyty ($124.91 in chips) 
Seat 3: hans1231 ($63.39 in chips) 
Seat 4: Espada Fish ($102.66 in chips) 
Seat 5: treebole ($113.17 in chips) 
Seat 6: dreimis190 ($114.15 in chips) 
gig.gyty: posts small blind $0.50
hans1231: posts big blind $1
*** HOLE CARDS ***
Joe_Li7 leaves the table
Espada Fish: raises $1.20 to $2.20
treebole: folds 
dreimis190: folds 
gig.gyty: folds 
hans1231: folds 
Uncalled bet ($1.20) returned to Espada Fish
Espada Fish collected $2.50 from pot
Espada Fish: doesn't show hand 
*** SUMMARY ***
Total pot $2.50 | Rake $0 
Seat 2: Joe_Li7
Seat 1: gig.gyty (small blind) folded before Flop
Seat 3: hans1231 (big blind) folded before Flop
Seat 4: Espada Fish collected ($2.50)
Seat 5: treebole folded before Flop (didn't bet)
Seat 6: dreimis190 (button) folded before Flop (didn't bet)



PokerStars Hand #254262649450:  Hold'em No Limit ($0.50/$1.00 USD) - 2025/01/08 16:03:44 WET [2025/01/08 11:03:44 ET]
Table 'Meges III' 6-max Seat #1 is the button
Seat 1: gig.gyty ($124.41 in chips) 
Seat 3: hans1231 ($62.39 in chips) 
Seat 4: Espada Fish ($104.16 in chips) 
Seat 5: treebole ($113.17 in chips) 
Seat 6: dreimis190 ($114.15 in chips) 
hans1231: posts small blind $0.50
Espada Fish: posts big blind $1
*** HOLE CARDS ***
treebole: folds 
dreimis190: folds 
gig.gyty: raises $1.50 to $2.50
hans1231: folds 
Espada Fish: folds 
Uncalled bet ($1.50) returned to gig.gyty
gig.gyty collected $2.50 from pot
gig.gyty: doesn't show hand 
*** SUMMARY ***
Total pot $2.50 | Rake $0 
Seat 1: gig.gyty (button) collected ($2.50)
Seat 3: hans1231 (small blind) folded before Flop
Seat 4: Espada Fish (big blind) folded before Flop
Seat 5: treebole folded before Flop (didn't bet)
Seat 6: dreimis190 folded before Flop (didn't bet)



PokerStars Hand #254262652950:  Hold'em No Limit ($0.50/$1.00 USD) - 2025/01/08 16:03:59 WET [2025/01/08 11:03:59 ET]
Table 'Meges III' 6-max Seat #3 is the button
Seat 1: gig.gyty ($125.91 in chips) 
Seat 3: hans1231 ($61.89 in chips) 
Seat 4: Espada Fish ($103.16 in chips) 
Seat 5: treebole ($113.17 in chips) 
Seat 6: dreimis190 ($114.15 in chips) 
Espada Fish: posts small blind $0.50
treebole: posts big blind $1
*** HOLE CARDS ***
dreimis190: raises $1 to $2
gig.gyty: folds 
hans1231: folds 
Espada Fish: folds 
coeeeelho joins the table at seat #2 
treebole: calls $1
*** FLOP *** [Td 9c Jd]
treebole: checks 
dreimis190: bets $3.21
treebole: calls $3.21
*** TURN *** [Td 9c Jd] [9s]
treebole: checks 
dreimis190: checks 
*** RIVER *** [Td 9c Jd 9s] [5d]
treebole: checks 
dreimis190: bets $5.19
treebole: folds 
Uncalled bet ($5.19) returned to dreimis190
dreimis190 collected $10.37 from pot
dreimis190: doesn't show hand 
*** SUMMARY ***
Total pot $10.92 | Rake $0.55 
Board [Td 9c Jd 9s 5d]
Seat 1: gig.gyty folded before Flop (didn't bet)
Seat 3: hans1231 (button) folded before Flop (didn't bet)
Seat 4: Espada Fish (small blind) folded before Flop
Seat 5: treebole (big blind) folded on the River
Seat 6: dreimis190 collected ($10.37)



PokerStars Hand #254262661533:  Hold'em No Limit ($0.50/$1.00 USD) - 2025/01/08 16:04:37 WET [2025/01/08 11:04:37 ET]
Table 'Meges III' 6-max Seat #4 is the button
Seat 2: coeeeelho ($100 in chips) is sitting out
Seat 1: gig.gyty ($125.91 in chips) 
Seat 3: hans1231 ($61.89 in chips) 
Seat 4: Espada Fish ($102.66 in chips) 
Seat 5: treebole ($107.96 in chips) 
Seat 6: dreimis190 ($119.31 in chips) 
treebole: posts small blind $0.50
dreimis190: posts big blind $1
coeeeelho: sits out 
*** HOLE CARDS ***
gig.gyty: folds 
hans1231: folds 
Espada Fish: raises $1.50 to $2.50
treebole: folds 
dreimis190: raises $10.50 to $13
Espada Fish: folds 
Uncalled bet ($10.50) returned to dreimis190
dreimis190 collected $5.50 from pot
dreimis190: doesn't show hand 
*** SUMMARY ***
Total pot $5.50 | Rake $0 
Seat 2: coeeeelho
Seat 1: gig.gyty folded before Flop (didn't bet)
Seat 3: hans1231 folded before Flop (didn't bet)
Seat 4: Espada Fish (button) folded before Flop
Seat 5: treebole (small blind) folded before Flop
Seat 6: dreimis190 (big blind) collected ($5.50)



PokerStars Hand #254262668017:  Hold'em No Limit ($0.50/$1.00 USD) - 2025/01/08 16:05:05 WET [2025/01/08 11:05:05 ET]
Table 'Meges III' 6-max Seat #5 is the button
Seat 2: coeeeelho ($100 in chips) is sitting out
Seat 1: gig.gyty ($125.91 in chips) 
Seat 3: hans1231 ($61.89 in chips) 
Seat 4: Espada Fish ($100.16 in chips) 
Seat 5: treebole ($107.46 in chips) 
Seat 6: dreimis190 ($122.31 in chips) 
dreimis190: posts small blind $0.50
gig.gyty: posts big blind $1
coeeeelho: sits out 
*** HOLE CARDS ***
hans1231: folds 
Espada Fish: folds 
treebole: folds 
dreimis190: folds 
Uncalled bet ($0.50) returned to gig.gyty
gig.gyty collected $1 from pot
gig.gyty: doesn't show hand 
*** SUMMARY ***
Total pot $1 | Rake $0 
Seat 2: coeeeelho
Seat 1: gig.gyty (big blind) collected ($1)
Seat 3: hans1231 folded before Flop (didn't bet)
Seat 4: Espada Fish folded before Flop (didn't bet)
Seat 5: treebole (button) folded before Flop (didn't bet)
Seat 6: dreimis190 (small blind) folded before Flop



PokerStars Hand #254262669734:  Hold'em No Limit ($0.50/$1.00 USD) - 2025/01/08 16:05:13 WET [2025/01/08 11:05:13 ET]
Table 'Meges III' 6-max Seat #6 is the button
Seat 1: gig.gyty ($126.41 in chips) 
Seat 2: coeeeelho ($100 in chips) 
Seat 3: hans1231 ($61.89 in chips) 
Seat 4: Espada Fish ($100.16 in chips) 
Seat 5: treebole ($107.46 in chips) 
Seat 6: dreimis190 ($121.81 in chips) 
gig.gyty: posts small blind $0.50
coeeeelho: posts big blind $1
*** HOLE CARDS ***
hans1231: folds 
Espada Fish: folds 
treebole: raises $3 to $4
dreimis190: folds 
gig.gyty: folds 
coeeeelho: folds 
Uncalled bet ($3) returned to treebole
treebole collected $2.50 from pot
treebole: doesn't show hand 
*** SUMMARY ***
Total pot $2.50 | Rake $0 
Seat 1: gig.gyty (small blind) folded before Flop
Seat 2: coeeeelho (big blind) folded before Flop
Seat 3: hans1231 folded before Flop (didn't bet)
Seat 4: Espada Fish folded before Flop (didn't bet)
Seat 5: treebole collected ($2.50)
Seat 6: dreimis190 (button) folded before Flop (didn't bet)



PokerStars Hand #254262672454:  Hold'em No Limit ($0.50/$1.00 USD) - 2025/01/08 16:05:25 WET [2025/01/08 11:05:25 ET]
Table 'Meges III' 6-max Seat #1 is the button
Seat 1: gig.gyty ($125.91 in chips) 
Seat 2: coeeeelho ($100 in chips) 
Seat 3: hans1231 ($61.89 in chips) 
Seat 4: Espada Fish ($100.16 in chips) 
Seat 5: treebole ($108.96 in chips) 
Seat 6: dreimis190 ($121.81 in chips) 
coeeeelho: posts small blind $0.50
hans1231: posts big blind $1
*** HOLE CARDS ***
Espada Fish: folds 
treebole: folds 
dreimis190: folds 
gig.gyty: folds 
coeeeelho: raises $2 to $3
hans1231: raises $10 to $13
coeeeelho: folds 
Uncalled bet ($10) returned to hans1231
hans1231 collected $6 from pot
hans1231: doesn't show hand 
*** SUMMARY ***
Total pot $6 | Rake $0 
Seat 1: gig.gyty (button) folded before Flop (didn't bet)
Seat 2: coeeeelho (small blind) folded before Flop
Seat 3: hans1231 (big blind) collected ($6)
Seat 4: Espada Fish folded before Flop (didn't bet)
Seat 5: treebole folded before Flop (didn't bet)
Seat 6: dreimis190 folded before Flop (didn't bet)



PokerStars Hand #254262680444:  Hold'em No Limit ($0.50/$1.00 USD) - 2025/01/08 16:06:00 WET [2025/01/08 11:06:00 ET]
Table 'Meges III' 6-max Seat #2 is the button
Seat 1: gig.gyty ($125.91 in chips) 
Seat 2: coeeeelho ($100 in chips) 
Seat 3: hans1231 ($64.89 in chips) 
Seat 4: Espada Fish ($100.16 in chips) 
Seat 5: treebole ($108.96 in chips) 
Seat 6: dreimis190 ($121.81 in chips) 
hans1231: posts small blind $0.50
Espada Fish: posts big blind $1
*** HOLE CARDS ***
treebole: calls $1
dreimis190: folds 
gig.gyty: folds 
coeeeelho: folds 
hans1231: raises $1.40 to $2.40
Espada Fish: folds 
treebole: calls $1.40
*** FLOP *** [Ks 2h Th]
hans1231: checks 
treebole: checks 
*** TURN *** [Ks 2h Th] [8d]
hans1231: checks 
treebole: checks 
*** RIVER *** [Ks 2h Th 8d] [7c]
hans1231: checks 
treebole: checks 
*** SHOW DOWN ***
hans1231: shows [3s Ad] (high card Ace)
treebole: shows [9h 8h] (a pair of Eights)
treebole collected $5.51 from pot
*** SUMMARY ***
Total pot $5.80 | Rake $0.29 
Board [Ks 2h Th 8d 7c]
Seat 1: gig.gyty folded before Flop (didn't bet)
Seat 2: coeeeelho (button) folded before Flop (didn't bet)
Seat 3: hans1231 (small blind) showed [3s Ad] and lost with high card Ace
Seat 4: Espada Fish (big blind) folded before Flop
Seat 5: treebole showed [9h 8h] and won ($5.51) with a pair of Eights
Seat 6: dreimis190 folded before Flop (didn't bet)



PokerStars Hand #254262691208:  Hold'em No Limit ($0.50/$1.00 USD) - 2025/01/08 16:06:48 WET [2025/01/08 11:06:48 ET]
Table 'Meges III' 6-max Seat #3 is the button
Seat 1: gig.gyty ($125.91 in chips) 
Seat 2: coeeeelho ($100 in chips) 
Seat 3: hans1231 ($62.49 in chips) 
Seat 4: Espada Fish ($100 in chips) 
Seat 5: treebole ($112.07 in chips) 
Seat 6: dreimis190 ($121.81 in chips) 
Espada Fish: posts small blind $0.50
treebole: posts big blind $1
*** HOLE CARDS ***
dreimis190: folds 
gig.gyty: raises $1.25 to $2.25
coeeeelho: folds 
hans1231: folds 
Espada Fish: folds 
treebole: calls $1.25
*** FLOP *** [Kd 4s 5s]
treebole: checks 
gig.gyty: bets $3.66
treebole: calls $3.66
*** TURN *** [Kd 4s 5s] [8d]
treebole: checks 
gig.gyty: bets $9.01
treebole: calls $9.01
*** RIVER *** [Kd 4s 5s 8d] [3h]
treebole: checks 
gig.gyty: bets $22.19
treebole: folds 
Uncalled bet ($22.19) returned to gig.gyty
gig.gyty collected $28.82 from pot
gig.gyty: doesn't show hand 
*** SUMMARY ***
Total pot $30.34 | Rake $1.52 
Board [Kd 4s 5s 8d 3h]
Seat 1: gig.gyty collected ($28.82)
Seat 2: coeeeelho folded before Flop (didn't bet)
Seat 3: hans1231 (button) folded before Flop (didn't bet)
Seat 4: Espada Fish (small blind) folded before Flop
Seat 5: treebole (big blind) folded on the River
Seat 6: dreimis190 folded before Flop (didn't bet)



PokerStars Hand #254262708463:  Hold'em No Limit ($0.50/$1.00 USD) - 2025/01/08 16:08:03 WET [2025/01/08 11:08:03 ET]
Table 'Meges III' 6-max Seat #4 is the button
Seat 1: gig.gyty ($139.81 in chips) 
Seat 2: coeeeelho ($100 in chips) 
Seat 3: hans1231 ($62.49 in chips) 
Seat 4: Espada Fish ($100 in chips) 
Seat 5: treebole ($97.15 in chips) 
Seat 6: dreimis190 ($121.81 in chips) 
treebole: posts small blind $0.50
dreimis190: posts big blind $1
*** HOLE CARDS ***
gig.gyty: raises $1.25 to $2.25
coeeeelho: folds 
hans1231: folds 
Espada Fish: folds 
treebole: calls $1.75
dreimis190: folds 
*** FLOP *** [5c Tc 9s]
treebole: checks 
gig.gyty: checks 
*** TURN *** [5c Tc 9s] [4d]
treebole: checks 
gig.gyty: bets $1.72
treebole: calls $1.72
*** RIVER *** [5c Tc 9s 4d] [2s]
treebole: checks 
gig.gyty: checks 
*** SHOW DOWN ***
treebole: shows [Jh Qd] (high card Queen)
gig.gyty: shows [6s 6c] (a pair of Sixes)
gig.gyty collected $8.49 from pot
*** SUMMARY ***
Total pot $8.94 | Rake $0.45 
Board [5c Tc 9s 4d 2s]
Seat 1: gig.gyty showed [6s 6c] and won ($8.49) with a pair of Sixes
Seat 2: coeeeelho folded before Flop (didn't bet)
Seat 3: hans1231 folded before Flop (didn't bet)
Seat 4: Espada Fish (button) folded before Flop (didn't bet)
Seat 5: treebole (small blind) showed [Jh Qd] and lost with high card Queen
Seat 6: dreimis190 (big blind) folded before Flop



PokerStars Hand #254262716527:  Hold'em No Limit ($0.50/$1.00 USD) - 2025/01/08 16:08:38 WET [2025/01/08 11:08:38 ET]
Table 'Meges III' 6-max Seat #5 is the button
Seat 1: gig.gyty ($144.33 in chips) 
Seat 2: coeeeelho ($100 in chips) 
Seat 3: hans1231 ($62.49 in chips) 
Seat 4: Espada Fish ($100 in chips) 
Seat 5: treebole ($93.18 in chips) 
Seat 6: dreimis190 ($120.81 in chips) 
dreimis190: posts small blind $0.50
gig.gyty: posts big blind $1
*** HOLE CARDS ***
coeeeelho: folds 
hans1231: folds 
Espada Fish: folds 
treebole: folds 
dreimis190: raises $2 to $3
gig.gyty: folds 
Uncalled bet ($2) returned to dreimis190
dreimis190 collected $2 from pot
dreimis190: doesn't show hand 
*** SUMMARY ***
Total pot $2 | Rake $0 
Seat 1: gig.gyty (big blind) folded before Flop
Seat 2: coeeeelho folded before Flop (didn't bet)
Seat 3: hans1231 folded before Flop (didn't bet)
Seat 4: Espada Fish folded before Flop (didn't bet)
Seat 5: treebole (button) folded before Flop (didn't bet)
Seat 6: dreimis190 (small blind) collected ($2)



PokerStars Hand #254262719716:  Hold'em No Limit ($0.50/$1.00 USD) - 2025/01/08 16:08:52 WET [2025/01/08 11:08:52 ET]
Table 'Meges III' 6-max Seat #6 is the button
Seat 1: gig.gyty ($143.33 in chips) 
Seat 2: coeeeelho ($100 in chips) 
Seat 3: hans1231 ($62.49 in chips) 
Seat 4: Espada Fish ($100 in chips) 
Seat 5: treebole ($93.18 in chips) 
Seat 6: dreimis190 ($121.81 in chips) 
gig.gyty: posts small blind $0.50
coeeeelho: posts big blind $1
*** HOLE CARDS ***
hans1231: folds 
Espada Fish: raises $1.20 to $2.20
treebole: folds 
dreimis190: raises $5.30 to $7.50
gig.gyty: folds 
coeeeelho: folds 
Espada Fish: raises $14.50 to $22
dreimis190: folds 
Uncalled bet ($14.50) returned to Espada Fish
Espada Fish collected $16.50 from pot
Espada Fish: doesn't show hand 
*** SUMMARY ***
Total pot $16.50 | Rake $0 
Seat 1: gig.gyty (small blind) folded before Flop
Seat 2: coeeeelho (big blind) folded before Flop
Seat 3: hans1231 folded before Flop (didn't bet)
Seat 4: Espada Fish collected ($16.50)
Seat 5: treebole folded before Flop (didn't bet)
Seat 6: dreimis190 (button) folded before Flop



PokerStars Hand #254262729431:  Hold'em No Limit ($0.50/$1.00 USD) - 2025/01/08 16:09:34 WET [2025/01/08 11:09:34 ET]
Table 'Meges III' 6-max Seat #1 is the button
Seat 1: gig.gyty ($142.83 in chips) 
Seat 2: coeeeelho ($100 in chips) 
Seat 3: hans1231 ($62.49 in chips) 
Seat 4: Espada Fish ($109 in chips) 
Seat 5: treebole ($93.18 in chips) 
Seat 6: dreimis190 ($114.31 in chips) 
coeeeelho: posts small blind $0.50
hans1231: posts big blind $1
*** HOLE CARDS ***
Espada Fish: folds 
treebole: calls $1
dreimis190: raises $2.50 to $3.50
gig.gyty: folds 
coeeeelho: folds 
hans1231: calls $2.50
treebole: calls $2.50
*** FLOP *** [3h Ac 7c]
hans1231: checks 
treebole: checks 
dreimis190: checks 
*** TURN *** [3h Ac 7c] [Ts]
hans1231: checks 
treebole: checks 
Espada Fish leaves the table
dreimis190: checks 
*** RIVER *** [3h Ac 7c Ts] [2h]
hans1231: checks 
treebole: checks 
dreimis190: checks 
*** SHOW DOWN ***
hans1231: shows [7s 5h] (a pair of Sevens)
treebole: mucks hand 
dreimis190: mucks hand 
hans1231 collected $10.31 from pot
*** SUMMARY ***
Total pot $11 | Rake $0.69 
Board [3h Ac 7c Ts 2h]
Seat 1: gig.gyty (button) folded before Flop (didn't bet)
Seat 2: coeeeelho (small blind) folded before Flop
Seat 3: hans1231 (big blind) showed [7s 5h] and won ($10.31) with a pair of Sevens
Seat 4: Espada Fish folded before Flop (didn't bet)
Seat 5: treebole mucked
Seat 6: dreimis190 mucked



PokerStars Hand #254262741247:  Hold'em No Limit ($0.50/$1.00 USD) - 2025/01/08 16:10:26 WET [2025/01/08 11:10:26 ET]
Table 'Meges III' 6-max Seat #2 is the button
Seat 1: gig.gyty ($142.83 in chips) 
Seat 2: coeeeelho ($100 in chips) 
Seat 3: hans1231 ($69.30 in chips) 
Seat 5: treebole ($89.68 in chips) 
Seat 6: dreimis190 ($110.81 in chips) 
hans1231: posts small blind $0.50
treebole: posts big blind $1
*** HOLE CARDS ***
dreimis190: folds 
gig.gyty: folds 
coeeeelho: raises $1.50 to $2.50
BGS013 joins the table at seat #4 
hans1231: folds 
treebole: folds 
Uncalled bet ($1.50) returned to coeeeelho
coeeeelho collected $2.50 from pot
*** SUMMARY ***
Total pot $2.50 | Rake $0 
Seat 1: gig.gyty folded before Flop (didn't bet)
Seat 2: coeeeelho (button) collected ($2.50)
Seat 3: hans1231 (small blind) folded before Flop
Seat 5: treebole (big blind) folded before Flop
Seat 6: dreimis190 folded before Flop (didn't bet)



PokerStars Hand #254262744292:  Hold'em No Limit ($0.50/$1.00 USD) - 2025/01/08 16:10:39 WET [2025/01/08 11:10:39 ET]
Table 'Meges III' 6-max Seat #3 is the button
Seat 4: BGS013 ($100 in chips) is sitting out
Seat 1: gig.gyty ($142.83 in chips) 
Seat 2: coeeeelho ($101.50 in chips) 
Seat 3: hans1231 ($68.80 in chips) 
Seat 5: treebole ($88.68 in chips) 
Seat 6: dreimis190 ($110.81 in chips) 
treebole: posts small blind $0.50
dreimis190: posts big blind $1
*** HOLE CARDS ***
gig.gyty: folds 
coeeeelho: folds 
hans1231: raises $1.80 to $2.80
treebole: folds 
dreimis190: folds 
Uncalled bet ($1.80) returned to hans1231
hans1231 collected $2.50 from pot
hans1231: doesn't show hand 
*** SUMMARY ***
Total pot $2.50 | Rake $0 
Seat 4: BGS013
Seat 1: gig.gyty folded before Flop (didn't bet)
Seat 2: coeeeelho folded before Flop (didn't bet)
Seat 3: hans1231 (button) collected ($2.50)
Seat 5: treebole (small blind) folded before Flop
Seat 6: dreimis190 (big blind) folded before Flop



PokerStars Hand #254262749593:  Hold'em No Limit ($0.50/$1.00 USD) - 2025/01/08 16:11:02 WET [2025/01/08 11:11:02 ET]
Table 'Meges III' 6-max Seat #5 is the button
Seat 4: BGS013 ($100 in chips) is sitting out
Seat 1: gig.gyty ($142.83 in chips) 
Seat 2: coeeeelho ($101.50 in chips) 
Seat 3: hans1231 ($70.30 in chips) 
Seat 5: treebole ($88.18 in chips) 
Seat 6: dreimis190 ($109.81 in chips) 
dreimis190: posts small blind $0.50
gig.gyty: posts big blind $1
BGS013: sits out 
*** HOLE CARDS ***
coeeeelho: folds 
hans1231: folds 
treebole: calls $1
dreimis190: calls $0.50
gig.gyty: raises $5 to $6
treebole: calls $5
dreimis190: folds 
*** FLOP *** [9c As Tc]
gig.gyty: checks 
treebole: checks 
*** TURN *** [9c As Tc] [Th]
gig.gyty: checks 
treebole: bets $10
gig.gyty: calls $10
*** RIVER *** [9c As Tc Th] [Qh]
gig.gyty: checks 
treebole: checks 
*** SHOW DOWN ***
gig.gyty: shows [8d Ah] (two pair, Aces and Tens)
treebole: shows [Ts Jd] (three of a kind, Tens)
treebole collected $31.35 from pot
*** SUMMARY ***
Total pot $33 | Rake $1.65 
Board [9c As Tc Th Qh]
Seat 4: BGS013
Seat 1: gig.gyty (big blind) showed [8d Ah] and lost with two pair, Aces and Tens
Seat 2: coeeeelho folded before Flop (didn't bet)
Seat 3: hans1231 folded before Flop (didn't bet)
Seat 5: treebole (button) showed [Ts Jd] and won ($31.35) with three of a kind, Tens
Seat 6: dreimis190 (small blind) folded before Flop



PokerStars Hand #254262761583:  Hold'em No Limit ($0.50/$1.00 USD) - 2025/01/08 16:11:53 WET [2025/01/08 11:11:53 ET]
Table 'Meges III' 6-max Seat #6 is the button
Seat 4: BGS013 ($100 in chips) is sitting out
Seat 1: gig.gyty ($126.83 in chips) 
Seat 2: coeeeelho ($101.50 in chips) 
Seat 3: hans1231 ($70.30 in chips) 
Seat 5: treebole ($103.53 in chips) 
Seat 6: dreimis190 ($108.81 in chips) 
gig.gyty: posts small blind $0.50
coeeeelho: posts big blind $1
BGS013: sits out 
*** HOLE CARDS ***
hans1231: raises $1.80 to $2.80
treebole: folds 
dreimis190: folds 
gig.gyty: folds 
coeeeelho: folds 
Uncalled bet ($1.80) returned to hans1231
hans1231 collected $2.50 from pot
hans1231: doesn't show hand 
*** SUMMARY ***
Total pot $2.50 | Rake $0 
Seat 4: BGS013
Seat 1: gig.gyty (small blind) folded before Flop
Seat 2: coeeeelho (big blind) folded before Flop
Seat 3: hans1231 collected ($2.50)
Seat 5: treebole folded before Flop (didn't bet)
Seat 6: dreimis190 (button) folded before Flop (didn't bet)



PokerStars Hand #254262764983:  Hold'em No Limit ($0.50/$1.00 USD) - 2025/01/08 16:12:07 WET [2025/01/08 11:12:07 ET]
Table 'Meges III' 6-max Seat #1 is the button
Seat 4: BGS013 ($100 in chips) is sitting out
Seat 1: gig.gyty ($126.33 in chips) 
Seat 2: coeeeelho ($100.50 in chips) 
Seat 3: hans1231 ($71.80 in chips) 
Seat 5: treebole ($103.53 in chips) 
Seat 6: dreimis190 ($108.81 in chips) 
coeeeelho: posts small blind $0.50
hans1231: posts big blind $1
BGS013: sits out 
*** HOLE CARDS ***
treebole: folds 
dreimis190: folds 
gig.gyty: raises $1.50 to $2.50
coeeeelho: folds 
hans1231: calls $1.50
*** FLOP *** [9d Kd Ks]
hans1231: bets $2
gig.gyty: raises $3.04 to $5.04
hans1231: calls $3.04
*** TURN *** [9d Kd Ks] [Kc]
hans1231: checks 
gig.gyty: checks 
*** RIVER *** [9d Kd Ks Kc] [Qs]
hans1231: checks 
gig.gyty: checks 
*** SHOW DOWN ***
hans1231: shows [Tc 9s] (a full house, Kings full of Nines)
gig.gyty: mucks hand 
hans1231 collected $14.60 from pot
*** SUMMARY ***
Total pot $15.58 | Rake $0.98 
Board [9d Kd Ks Kc Qs]
Seat 4: BGS013
Seat 1: gig.gyty (button) mucked
Seat 2: coeeeelho (small blind) folded before Flop
Seat 3: hans1231 (big blind) showed [Tc 9s] and won ($14.60) with a full house, Kings full of Nines
Seat 5: treebole folded before Flop (didn't bet)
Seat 6: dreimis190 folded before Flop (didn't bet)



PokerStars Hand #254262774644:  Hold'em No Limit ($0.50/$1.00 USD) - 2025/01/08 16:12:49 WET [2025/01/08 11:12:49 ET]
Table 'Meges III' 6-max Seat #2 is the button
Seat 1: gig.gyty ($118.79 in chips) 
Seat 2: coeeeelho ($100 in chips) 
Seat 3: hans1231 ($78.86 in chips) 
Seat 4: BGS013 ($100 in chips) 
Seat 5: treebole ($103.53 in chips) 
Seat 6: dreimis190 ($108.81 in chips) 
hans1231: posts small blind $0.50
BGS013: posts big blind $1
*** HOLE CARDS ***
treebole: raises $2 to $3
dreimis190: folds 
gig.gyty: folds 
coeeeelho: folds 
hans1231: calls $2.50
BGS013: folds 
*** FLOP *** [7c 9d 2c]
hans1231: checks 
treebole: bets $5
hans1231: raises $5.49 to $10.49
treebole: calls $5.49
*** TURN *** [7c 9d 2c] [Js]
hans1231: checks 
treebole: checks 
*** RIVER *** [7c 9d 2c Js] [Qd]
hans1231: checks 
treebole: checks 
*** SHOW DOWN ***
hans1231: shows [3c 6c] (high card Queen)
treebole: shows [5c 5d] (a pair of Fives)
treebole collected $26.58 from pot
*** SUMMARY ***
Total pot $27.98 | Rake $1.40 
Board [7c 9d 2c Js Qd]
Seat 1: gig.gyty folded before Flop (didn't bet)
Seat 2: coeeeelho (button) folded before Flop (didn't bet)
Seat 3: hans1231 (small blind) showed [3c 6c] and lost with high card Queen
Seat 4: BGS013 (big blind) folded before Flop
Seat 5: treebole showed [5c 5d] and won ($26.58) with a pair of Fives
Seat 6: dreimis190 folded before Flop (didn't bet)



PokerStars Hand #254262787210:  Hold'em No Limit ($0.50/$1.00 USD) - 2025/01/08 16:13:43 WET [2025/01/08 11:13:43 ET]
Table 'Meges III' 6-max Seat #3 is the button
Seat 1: gig.gyty ($118.79 in chips) 
Seat 2: coeeeelho ($100 in chips) 
Seat 3: hans1231 ($65.37 in chips) 
Seat 4: BGS013 ($100 in chips) 
Seat 5: treebole ($116.62 in chips) 
Seat 6: dreimis190 ($108.81 in chips) 
BGS013: posts small blind $0.50
treebole: posts big blind $1
*** HOLE CARDS ***
dreimis190: folds 
gig.gyty: folds 
coeeeelho: folds 
hans1231: folds 
BGS013: raises $2 to $3
treebole: calls $2
*** FLOP *** [Kh 8c Kc]
BGS013: bets $1.48
treebole: raises $1.52 to $3
BGS013: folds 
Uncalled bet ($1.52) returned to treebole
treebole collected $8.51 from pot
treebole: doesn't show hand 
*** SUMMARY ***
Total pot $8.96 | Rake $0.45 
Board [Kh 8c Kc]
Seat 1: gig.gyty folded before Flop (didn't bet)
Seat 2: coeeeelho folded before Flop (didn't bet)
Seat 3: hans1231 (button) folded before Flop (didn't bet)
Seat 4: BGS013 (small blind) folded on the Flop
Seat 5: treebole (big blind) collected ($8.51)
Seat 6: dreimis190 folded before Flop (didn't bet)



PokerStars Hand #254262851494:  Hold'em No Limit ($0.50/$1.00 USD) - 2025/01/08 16:18:17 WET [2025/01/08 11:18:17 ET]
Table 'Meges III' 6-max Seat #3 is the button
Seat 1: gig.gyty ($126.89 in chips) 
Seat 2: coeeeelho ($100 in chips) 
Seat 3: hans1231 ($89.67 in chips) 
Seat 4: BGS013 ($100 in chips) 
Seat 5: treebole ($109.22 in chips) 
Seat 6: dreimis190 ($100 in chips) 
BGS013: posts small blind $0.50
treebole: posts big blind $1
*** HOLE CARDS ***
dreimis190: raises $1 to $2
gig.gyty: folds 
coeeeelho: folds 
hans1231: folds 
BGS013: folds 
treebole: calls $1
*** FLOP *** [Ks 9c Ah]
treebole: checks 
dreimis190: bets $3.21
treebole: folds 
Uncalled bet ($3.21) returned to dreimis190
dreimis190 collected $4.28 from pot
dreimis190: doesn't show hand 
*** SUMMARY ***
Total pot $4.50 | Rake $0.22 
Board [Ks 9c Ah]
Seat 1: gig.gyty folded before Flop (didn't bet)
Seat 2: coeeeelho folded before Flop (didn't bet)
Seat 3: hans1231 (button) folded before Flop (didn't bet)
Seat 4: BGS013 (small blind) folded before Flop
Seat 5: treebole (big blind) folded on the Flop
Seat 6: dreimis190 collected ($4.28)



PokerStars Hand #254262857237:  Hold'em No Limit ($0.50/$1.00 USD) - 2025/01/08 16:18:40 WET [2025/01/08 11:18:40 ET]
Table 'Meges III' 6-max Seat #4 is the button
Seat 1: gig.gyty ($126.89 in chips) 
Seat 2: coeeeelho ($100 in chips) 
Seat 3: hans1231 ($89.67 in chips) 
Seat 4: BGS013 ($100 in chips) 
Seat 5: treebole ($107.22 in chips) 
Seat 6: dreimis190 ($102.28 in chips) 
treebole: posts small blind $0.50
dreimis190: posts big blind $1
*** HOLE CARDS ***
gig.gyty: folds 
coeeeelho: folds 
hans1231: raises $1.40 to $2.40
BGS013: folds 
treebole: calls $1.90
dreimis190: folds 
*** FLOP *** [Kd 7c 9c]
treebole: checks 
hans1231: bets $3
treebole: folds 
Uncalled bet ($3) returned to hans1231
hans1231 collected $5.44 from pot
hans1231: doesn't show hand 
*** SUMMARY ***
Total pot $5.80 | Rake $0.36 
Board [Kd 7c 9c]
Seat 1: gig.gyty folded before Flop (didn't bet)
Seat 2: coeeeelho folded before Flop (didn't bet)
Seat 3: hans1231 collected ($5.44)
Seat 4: BGS013 (button) folded before Flop (didn't bet)
Seat 5: treebole (small blind) folded on the Flop
Seat 6: dreimis190 (big blind) folded before Flop



PokerStars Hand #254262866698:  Hold'em No Limit ($0.50/$1.00 USD) - 2025/01/08 16:19:21 WET [2025/01/08 11:19:21 ET]
Table 'Meges III' 6-max Seat #5 is the button
Seat 1: gig.gyty ($126.89 in chips) 
Seat 2: coeeeelho ($100 in chips) 
Seat 3: hans1231 ($92.71 in chips) 
Seat 4: BGS013 ($100 in chips) 
Seat 5: treebole ($104.82 in chips) 
Seat 6: dreimis190 ($101.28 in chips) 
dreimis190: posts small blind $0.50
gig.gyty: posts big blind $1
*** HOLE CARDS ***
coeeeelho: folds 
hans1231: folds 
BGS013: folds 
treebole has timed out
treebole: folds 
dreimis190: folds 
Uncalled bet ($0.50) returned to gig.gyty
gig.gyty collected $1 from pot
gig.gyty: doesn't show hand 
*** SUMMARY ***
Total pot $1 | Rake $0 
Seat 1: gig.gyty (big blind) collected ($1)
Seat 2: coeeeelho folded before Flop (didn't bet)
Seat 3: hans1231 folded before Flop (didn't bet)
Seat 4: BGS013 folded before Flop (didn't bet)
Seat 5: treebole (button) folded before Flop (didn't bet)
Seat 6: dreimis190 (small blind) folded before Flop



PokerStars Hand #254262872848:  Hold'em No Limit ($0.50/$1.00 USD) - 2025/01/08 16:19:47 WET [2025/01/08 11:19:47 ET]
Table 'Meges III' 6-max Seat #6 is the button
Seat 5: treebole ($104.82 in chips) is sitting out
Seat 1: gig.gyty ($127.39 in chips) 
Seat 2: coeeeelho ($100 in chips) 
Seat 3: hans1231 ($92.71 in chips) 
Seat 4: BGS013 ($100 in chips) 
Seat 6: dreimis190 ($100.78 in chips) 
gig.gyty: posts small blind $0.50
coeeeelho: posts big blind $1
*** HOLE CARDS ***
hans1231: folds 
treebole leaves the table
BGS013: raises $1.50 to $2.50
dreimis190: folds 
gig.gyty: folds 
coeeeelho: folds 
Uncalled bet ($1.50) returned to BGS013
BGS013 collected $2.50 from pot
nastja336 joins the table at seat #5 
BGS013: doesn't show hand 
*** SUMMARY ***
Total pot $2.50 | Rake $0 
Seat 5: treebole
Seat 1: gig.gyty (small blind) folded before Flop
Seat 2: coeeeelho (big blind) folded before Flop
Seat 3: hans1231 folded before Flop (didn't bet)
Seat 4: BGS013 collected ($2.50)
Seat 6: dreimis190 (button) folded before Flop (didn't bet)



PokerStars Hand #254262879914:  Hold'em No Limit ($0.50/$1.00 USD) - 2025/01/08 16:20:17 WET [2025/01/08 11:20:17 ET]
Table 'Meges III' 6-max Seat #1 is the button
Seat 5: nastja336 ($100 in chips) is sitting out
Seat 1: gig.gyty ($126.89 in chips) 
Seat 2: coeeeelho ($100 in chips) 
Seat 3: hans1231 ($92.71 in chips) 
Seat 4: BGS013 ($101.50 in chips) 
Seat 6: dreimis190 ($100.78 in chips) 
coeeeelho: posts small blind $0.50
hans1231: posts big blind $1
nastja336: sits out 
*** HOLE CARDS ***
BGS013: folds 
dreimis190: folds 
gig.gyty: folds 
coeeeelho: raises $2 to $3
hans1231: folds 
Uncalled bet ($2) returned to coeeeelho
coeeeelho collected $2 from pot
*** SUMMARY ***
Total pot $2 | Rake $0 
Seat 5: nastja336
Seat 1: gig.gyty (button) folded before Flop (didn't bet)
Seat 2: coeeeelho (small blind) collected ($2)
Seat 3: hans1231 (big blind) folded before Flop
Seat 4: BGS013 folded before Flop (didn't bet)
Seat 6: dreimis190 folded before Flop (didn't bet)



PokerStars Hand #254262885791:  Hold'em No Limit ($0.50/$1.00 USD) - 2025/01/08 16:20:42 WET [2025/01/08 11:20:42 ET]
Table 'Meges III' 6-max Seat #2 is the button
Seat 5: nastja336 ($100 in chips) is sitting out
Seat 1: gig.gyty ($126.89 in chips) 
Seat 2: coeeeelho ($101 in chips) 
Seat 3: hans1231 ($91.71 in chips) 
Seat 4: BGS013 ($101.50 in chips) 
Seat 6: dreimis190 ($100.78 in chips) 
hans1231: posts small blind $0.50
BGS013: posts big blind $1
nastja336: sits out 
*** HOLE CARDS ***
dreimis190: folds 
gig.gyty: folds 
coeeeelho: folds 
hans1231: raises $1.40 to $2.40
BGS013: calls $1.40
*** FLOP *** [4h 3d 8c]
hans1231: bets $1.09
BGS013: calls $1.09
*** TURN *** [4h 3d 8c] [Jd]
hans1231: bets $2.19
BGS013: raises $11.81 to $14
hans1231: calls $11.81
*** RIVER *** [4h 3d 8c Jd] [6s]
hans1231: checks 
BGS013: bets $84.01 and is all-in
hans1231: folds 
Uncalled bet ($84.01) returned to BGS013
BGS013 collected $33.23 from pot
BGS013: doesn't show hand 
*** SUMMARY ***
Total pot $34.98 | Rake $1.75 
Board [4h 3d 8c Jd 6s]
Seat 5: nastja336
Seat 1: gig.gyty folded before Flop (didn't bet)
Seat 2: coeeeelho (button) folded before Flop (didn't bet)
Seat 3: hans1231 (small blind) folded on the River
Seat 4: BGS013 (big blind) collected ($33.23)
Seat 6: dreimis190 folded before Flop (didn't bet)



PokerStars Hand #254262898288:  Hold'em No Limit ($0.50/$1.00 USD) - 2025/01/08 16:21:34 WET [2025/01/08 11:21:34 ET]
Table 'Meges III' 6-max Seat #3 is the button
Seat 1: gig.gyty ($126.89 in chips) 
Seat 2: coeeeelho ($101 in chips) 
Seat 3: hans1231 ($74.22 in chips) 
Seat 4: BGS013 ($117.24 in chips) 
Seat 5: nastja336 ($100 in chips) 
Seat 6: dreimis190 ($100.78 in chips) 
BGS013: posts small blind $0.50
nastja336: posts big blind $1
*** HOLE CARDS ***
dreimis190: folds 
gig.gyty: raises $1.25 to $2.25
coeeeelho: folds 
hans1231: calls $2.25
BGS013: raises $10.25 to $12.50
nastja336: folds 
gig.gyty: raises $14.50 to $27
hans1231: folds 
BGS013: calls $14.50
*** FLOP *** [4h Jh Td]
BGS013: checks 
gig.gyty: bets $99.89 and is all-in
BGS013: calls $90.24 and is all-in
Uncalled bet ($9.65) returned to gig.gyty
*** TURN *** [4h Jh Td] [4s]
*** RIVER *** [4h Jh Td 4s] [8d]
*** SHOW DOWN ***
BGS013: shows [Ah Qh] (a pair of Fours)
gig.gyty: shows [Qc Qs] (two pair, Queens and Fours)
gig.gyty collected $235.23 from pot
*** SUMMARY ***
Total pot $237.73 | Rake $2.50 
Board [4h Jh Td 4s 8d]
Seat 1: gig.gyty showed [Qc Qs] and won ($235.23) with two pair, Queens and Fours
Seat 2: coeeeelho folded before Flop (didn't bet)
Seat 3: hans1231 (button) folded before Flop
Seat 4: BGS013 (small blind) showed [Ah Qh] and lost with a pair of Fours
Seat 5: nastja336 (big blind) folded before Flop
Seat 6: dreimis190 folded before Flop (didn't bet)



PokerStars Hand #254262916481:  Hold'em No Limit ($0.50/$1.00 USD) - 2025/01/08 16:22:52 WET [2025/01/08 11:22:52 ET]
Table 'Meges III' 6-max Seat #4 is the button
Seat 6: dreimis190 ($100.78 in chips) is sitting out
Seat 1: gig.gyty ($244.88 in chips) 
Seat 2: coeeeelho ($101 in chips) 
Seat 3: hans1231 ($71.97 in chips) 
Seat 4: BGS013 ($100 in chips) 
Seat 5: nastja336 ($100 in chips) 
nastja336: posts small blind $0.50
dreimis190: is sitting out 
gig.gyty: posts big blind $1
*** HOLE CARDS ***
dreimis190 leaves the table
coeeeelho: raises $1.20 to $2.20
hans1231: folds 
BGS013: folds 
nastja336: folds 
gig.gyty: folds 
Uncalled bet ($1.20) returned to coeeeelho
coeeeelho collected $2.50 from pot
*** SUMMARY ***
Total pot $2.50 | Rake $0 
Seat 6: dreimis190
Seat 1: gig.gyty (big blind) folded before Flop
Seat 2: coeeeelho collected ($2.50)
Seat 3: hans1231 folded before Flop (didn't bet)
Seat 4: BGS013 (button) folded before Flop (didn't bet)
Seat 5: nastja336 (small blind) folded before Flop



PokerStars Hand #254262920111:  Hold'em No Limit ($0.50/$1.00 USD) - 2025/01/08 16:23:07 WET [2025/01/08 11:23:07 ET]
Table 'Meges III' 6-max Seat #5 is the button
Seat 1: gig.gyty ($243.88 in chips) 
Seat 2: coeeeelho ($102.50 in chips) 
Seat 3: hans1231 ($71.97 in chips) 
Seat 4: BGS013 ($100 in chips) 
Seat 5: nastja336 ($100 in chips) 
gig.gyty: posts small blind $0.50
coeeeelho: posts big blind $1
*** HOLE CARDS ***
hans1231: folds 
BGS013: folds 
nastja336: raises $1.50 to $2.50
gig.gyty: folds 
sosatime96 joins the table at seat #6 
coeeeelho: folds 
Uncalled bet ($1.50) returned to nastja336
nastja336 collected $2.50 from pot
nastja336: doesn't show hand 
*** SUMMARY ***
Total pot $2.50 | Rake $0 
Seat 1: gig.gyty (small blind) folded before Flop
Seat 2: coeeeelho (big blind) folded before Flop
Seat 3: hans1231 folded before Flop (didn't bet)
Seat 4: BGS013 folded before Flop (didn't bet)
Seat 5: nastja336 (button) collected ($2.50)



PokerStars Hand #254262924106:  Hold'em No Limit ($0.50/$1.00 USD) - 2025/01/08 16:23:24 WET [2025/01/08 11:23:24 ET]
Table 'Meges III' 6-max Seat #1 is the button
Seat 6: sosatime96 ($100 in chips) is sitting out
Seat 1: gig.gyty ($243.38 in chips) 
Seat 2: coeeeelho ($101.50 in chips) 
Seat 3: hans1231 ($71.97 in chips) 
Seat 4: BGS013 ($100 in chips) 
Seat 5: nastja336 ($101.50 in chips) 
coeeeelho: posts small blind $0.50
hans1231: posts big blind $1
sosatime96: sits out 
*** HOLE CARDS ***
BGS013: folds 
nastja336: folds 
gig.gyty: folds 
coeeeelho: raises $2 to $3
hans1231: folds 
Uncalled bet ($2) returned to coeeeelho
coeeeelho collected $2 from pot
*** SUMMARY ***
Total pot $2 | Rake $0 
Seat 6: sosatime96
Seat 1: gig.gyty (button) folded before Flop (didn't bet)
Seat 2: coeeeelho (small blind) collected ($2)
Seat 3: hans1231 (big blind) folded before Flop
Seat 4: BGS013 folded before Flop (didn't bet)
Seat 5: nastja336 folded before Flop (didn't bet)



PokerStars Hand #254262929388:  Hold'em No Limit ($0.50/$1.00 USD) - 2025/01/08 16:23:46 WET [2025/01/08 11:23:46 ET]
Table 'Meges III' 6-max Seat #2 is the button
Seat 6: sosatime96 ($100 in chips) is sitting out
Seat 1: gig.gyty ($243.38 in chips) 
Seat 2: coeeeelho ($102.50 in chips) 
Seat 3: hans1231 ($70.97 in chips) 
Seat 4: BGS013 ($100 in chips) 
Seat 5: nastja336 ($101.50 in chips) 
hans1231: posts small blind $0.50
BGS013: posts big blind $1
sosatime96: sits out 
*** HOLE CARDS ***
nastja336: folds 
gig.gyty: folds 
coeeeelho: raises $1.20 to $2.20
hans1231: folds 
BGS013: raises $9.30 to $11.50
coeeeelho: folds 
Uncalled bet ($9.30) returned to BGS013
BGS013 collected $4.90 from pot
BGS013: doesn't show hand 
*** SUMMARY ***
Total pot $4.90 | Rake $0 
Seat 6: sosatime96
Seat 1: gig.gyty folded before Flop (didn't bet)
Seat 2: coeeeelho (button) folded before Flop
Seat 3: hans1231 (small blind) folded before Flop
Seat 4: BGS013 (big blind) collected ($4.90)
Seat 5: nastja336 folded before Flop (didn't bet)



PokerStars Hand #254262935527:  Hold'em No Limit ($0.50/$1.00 USD) - 2025/01/08 16:24:13 WET [2025/01/08 11:24:13 ET]
Table 'Meges III' 6-max Seat #3 is the button
Seat 6: sosatime96 ($100 in chips) is sitting out
Seat 1: gig.gyty ($243.38 in chips) 
Seat 2: coeeeelho ($100.30 in chips) 
Seat 3: hans1231 ($70.47 in chips) 
Seat 4: BGS013 ($102.70 in chips) 
Seat 5: nastja336 ($101.50 in chips) 
BGS013: posts small blind $0.50
nastja336: posts big blind $1
sosatime96: sits out 
*** HOLE CARDS ***
gig.gyty: folds 
coeeeelho: folds 
hans1231: folds 
BGS013: raises $2 to $3
hans1231 leaves the table
nastja336: folds 
Uncalled bet ($2) returned to BGS013
BGS013 collected $2 from pot
BGS013: doesn't show hand 
*** SUMMARY ***
Total pot $2 | Rake $0 
Seat 6: sosatime96
Seat 1: gig.gyty folded before Flop (didn't bet)
Seat 2: coeeeelho folded before Flop (didn't bet)
Seat 3: hans1231 (button) folded before Flop (didn't bet)
Seat 4: BGS013 (small blind) collected ($2)
Seat 5: nastja336 (big blind) folded before Flop



PokerStars Hand #254262939108:  Hold'em No Limit ($0.50/$1.00 USD) - 2025/01/08 16:24:28 WET [2025/01/08 11:24:28 ET]
Table 'Meges III' 6-max Seat #4 is the button
Seat 1: gig.gyty ($243.38 in chips) 
Seat 2: coeeeelho ($100.30 in chips) 
Seat 4: BGS013 ($103.70 in chips) 
Seat 5: nastja336 ($100.50 in chips) 
Seat 6: sosatime96 ($100 in chips) 
nastja336: posts small blind $0.50
sosatime96: posts big blind $1
*** HOLE CARDS ***
gig.gyty: folds 
coeeeelho: folds 
BGS013: folds 
nastja336: raises $2 to $3
sosatime96: raises $6 to $9
nastja336: folds 
Uncalled bet ($6) returned to sosatime96
sosatime96 collected $6 from pot
sosatime96: doesn't show hand 
*** SUMMARY ***
Total pot $6 | Rake $0 
Seat 1: gig.gyty folded before Flop (didn't bet)
Seat 2: coeeeelho folded before Flop (didn't bet)
Seat 4: BGS013 (button) folded before Flop (didn't bet)
Seat 5: nastja336 (small blind) folded before Flop
Seat 6: sosatime96 (big blind) collected ($6)



PokerStars Hand #254262943146:  Hold'em No Limit ($0.50/$1.00 USD) - 2025/01/08 16:24:45 WET [2025/01/08 11:24:45 ET]
Table 'Meges III' 6-max Seat #5 is the button
Seat 1: gig.gyty ($243.38 in chips) is sitting out
Seat 2: coeeeelho ($100.30 in chips) 
Seat 4: BGS013 ($103.70 in chips) 
Seat 5: nastja336 ($100 in chips) 
Seat 6: sosatime96 ($103 in chips) 
sosatime96: posts small blind $0.50
gig.gyty: is sitting out 
coeeeelho: posts big blind $1
*** HOLE CARDS ***
BGS013: folds 
gig.gyty leaves the table
nastja336: folds 
BGS013 leaves the table
sosatime96: folds 
Uncalled bet ($0.50) returned to coeeeelho
coeeeelho collected $1 from pot
*** SUMMARY ***
Total pot $1 | Rake $0 
Seat 1: gig.gyty
Seat 2: coeeeelho (big blind) collected ($1)
Seat 4: BGS013 folded before Flop (didn't bet)
Seat 5: nastja336 (button) folded before Flop (didn't bet)
Seat 6: sosatime96 (small blind) folded before Flop



PokerStars Hand #254262945544:  Hold'em No Limit ($0.50/$1.00 USD) - 2025/01/08 16:24:55 WET [2025/01/08 11:24:55 ET]
Table 'Meges III' 6-max Seat #2 is the button
Seat 5: nastja336 ($100 in chips) is sitting out
Seat 2: coeeeelho ($100.80 in chips) 
Seat 6: sosatime96 ($102.50 in chips) 
coeeeelho: posts small blind $0.50
nastja336: is sitting out 
sosatime96: posts big blind $1
*** HOLE CARDS ***
nastja336 leaves the table
coeeeelho: raises $1.50 to $2.50
sosatime96: folds 
Uncalled bet ($1.50) returned to coeeeelho
coeeeelho collected $2 from pot
*** SUMMARY ***
Total pot $2 | Rake $0 
Seat 5: nastja336
Seat 2: coeeeelho (button) (small blind) collected ($2)
Seat 6: sosatime96 (big blind) folded before Flop



