PokerStars Hand #254266086274:  Hold'em No Limit ($0.50/$1.00 USD) - 2025/01/08 19:34:48 WET [2025/01/08 14:34:48 ET]
Table 'Klemola II' 6-max Seat #2 is the button
Seat 1: Rezzonner ($100 in chips) 
Seat 2: MAO_DZEDYN_S ($100 in chips) 
Seat 4: xcinaz ($100 in chips) 
Seat 5: Conor-Daley ($100 in chips) 
xcinaz: posts small blind $0.50
kars0n joins the table at seat #6 
Conor-Daley: posts big blind $1
*** HOLE CARDS ***
app1e_j@ck joins the table at seat #3 
Rezzonner: folds 
MAO_DZEDYN_S: folds 
xcinaz: raises $2 to $3
Conor-Daley: folds 
Uncalled bet ($2) returned to xcinaz
Conor-Daley leaves the table
xcinaz collected $2 from pot
xcinaz: doesn't show hand 
*** SUMMARY ***
Total pot $2 | Rake $0 
Seat 1: Rezzonner folded before Flop (didn't bet)
Seat 2: MAO_DZEDYN_S (button) folded before Flop (didn't bet)
Seat 4: xcinaz (small blind) collected ($2)
Seat 5: Conor-Daley (big blind) folded before Flop



PokerStars Hand #254266089346:  Hold'em No Limit ($0.50/$1.00 USD) - 2025/01/08 19:34:58 WET [2025/01/08 14:34:58 ET]
Table 'Klemola II' 6-max Seat #4 is the button
Seat 3: app1e_j@ck ($100 in chips) is sitting out
Seat 6: kars0n ($100 in chips) is sitting out
Seat 1: Rezzonner ($100 in chips) 
Seat 2: MAO_DZEDYN_S ($100 in chips) 
Seat 4: xcinaz ($101 in chips) 
Rezzonner: posts small blind $0.50
MAO_DZEDYN_S: posts big blind $1
app1e_j@ck: sits out 
*** HOLE CARDS ***
xcinaz: raises $1.50 to $2.50
Rezzonner: folds 
MAO_DZEDYN_S: folds 
Uncalled bet ($1.50) returned to xcinaz
xcinaz collected $2.50 from pot
xcinaz: doesn't show hand 
*** SUMMARY ***
Total pot $2.50 | Rake $0 
Seat 3: app1e_j@ck
Seat 6: kars0n
Seat 1: Rezzonner (small blind) folded before Flop
Seat 2: MAO_DZEDYN_S (big blind) folded before Flop
Seat 4: xcinaz (button) collected ($2.50)



PokerStars Hand #254266095025:  Hold'em No Limit ($0.50/$1.00 USD) - 2025/01/08 19:35:16 WET [2025/01/08 14:35:16 ET]
Table 'Klemola II' 6-max Seat #1 is the button
Seat 6: kars0n ($100 in chips) is sitting out
Seat 1: Rezzonner ($100 in chips) 
Seat 2: MAO_DZEDYN_S ($100 in chips) 
Seat 3: app1e_j@ck ($100 in chips) 
Seat 4: xcinaz ($102.50 in chips) 
MAO_DZEDYN_S: posts small blind $0.50
app1e_j@ck: posts big blind $1
kars0n: sits out 
*** HOLE CARDS ***
xcinaz: folds 
Rezzonner: folds 
MAO_DZEDYN_S: raises $2 to $3
app1e_j@ck: folds 
Uncalled bet ($2) returned to MAO_DZEDYN_S
MAO_DZEDYN_S collected $2 from pot
MAO_DZEDYN_S: doesn't show hand 
*** SUMMARY ***
Total pot $2 | Rake $0 
Seat 6: kars0n
Seat 1: Rezzonner (button) folded before Flop (didn't bet)
Seat 2: MAO_DZEDYN_S (small blind) collected ($2)
Seat 3: app1e_j@ck (big blind) folded before Flop
Seat 4: xcinaz folded before Flop (didn't bet)



PokerStars Hand #254266103111:  Hold'em No Limit ($0.50/$1.00 USD) - 2025/01/08 19:35:43 WET [2025/01/08 14:35:43 ET]
Table 'Klemola II' 6-max Seat #2 is the button
Seat 6: kars0n ($100 in chips) is sitting out
Seat 1: Rezzonner ($100 in chips) 
Seat 2: MAO_DZEDYN_S ($101 in chips) 
Seat 3: app1e_j@ck ($100 in chips) 
Seat 4: xcinaz ($102.50 in chips) 
app1e_j@ck: posts small blind $0.50
xcinaz: posts big blind $1
kars0n: sits out 
*** HOLE CARDS ***
Rezzonner: raises $1.50 to $2.50
MAO_DZEDYN_S: folds 
erpaye joins the table at seat #5 
app1e_j@ck: raises $10.50 to $13
xcinaz: folds 
Rezzonner: raises $14 to $27
app1e_j@ck: raises $73 to $100 and is all-in
Rezzonner: folds 
Uncalled bet ($73) returned to app1e_j@ck
app1e_j@ck collected $55 from pot
app1e_j@ck: doesn't show hand 
*** SUMMARY ***
Total pot $55 | Rake $0 
Seat 6: kars0n
Seat 1: Rezzonner folded before Flop
Seat 2: MAO_DZEDYN_S (button) folded before Flop (didn't bet)
Seat 3: app1e_j@ck (small blind) collected ($55)
Seat 4: xcinaz (big blind) folded before Flop



PokerStars Hand #254266117023:  Hold'em No Limit ($0.50/$1.00 USD) - 2025/01/08 19:36:28 WET [2025/01/08 14:36:28 ET]
Table 'Klemola II' 6-max Seat #3 is the button
Seat 6: kars0n ($100 in chips) is sitting out
Seat 1: Rezzonner ($100 in chips) 
Seat 2: MAO_DZEDYN_S ($101 in chips) 
Seat 3: app1e_j@ck ($128 in chips) 
Seat 4: xcinaz ($101.50 in chips) 
Seat 5: erpaye ($100 in chips) 
xcinaz: posts small blind $0.50
erpaye: posts big blind $1
kars0n: sits out 
*** HOLE CARDS ***
Rezzonner: folds 
MAO_DZEDYN_S: folds 
app1e_j@ck: raises $1.50 to $2.50
xcinaz: folds 
erpaye: folds 
Uncalled bet ($1.50) returned to app1e_j@ck
app1e_j@ck collected $2.50 from pot
app1e_j@ck: doesn't show hand 
*** SUMMARY ***
Total pot $2.50 | Rake $0 
Seat 6: kars0n
Seat 1: Rezzonner folded before Flop (didn't bet)
Seat 2: MAO_DZEDYN_S folded before Flop (didn't bet)
Seat 3: app1e_j@ck (button) collected ($2.50)
Seat 4: xcinaz (small blind) folded before Flop
Seat 5: erpaye (big blind) folded before Flop



PokerStars Hand #254266125675:  Hold'em No Limit ($0.50/$1.00 USD) - 2025/01/08 19:36:56 WET [2025/01/08 14:36:56 ET]
Table 'Klemola II' 6-max Seat #4 is the button
Seat 1: Rezzonner ($100 in chips) 
Seat 2: MAO_DZEDYN_S ($101 in chips) 
Seat 3: app1e_j@ck ($129.50 in chips) 
Seat 4: xcinaz ($101 in chips) 
Seat 5: erpaye ($100 in chips) 
Seat 6: kars0n ($100 in chips) 
erpaye: posts small blind $0.50
kars0n: posts big blind $1
*** HOLE CARDS ***
Rezzonner: folds 
MAO_DZEDYN_S: folds 
app1e_j@ck: folds 
xcinaz: raises $1.50 to $2.50
erpaye: folds 
kars0n: calls $1.50
*** FLOP *** [Ks 7d Js]
kars0n: checks 
xcinaz: checks 
*** TURN *** [Ks 7d Js] [Ad]
kars0n: checks 
xcinaz: checks 
*** RIVER *** [Ks 7d Js Ad] [Kd]
kars0n: bets $3.92
xcinaz: folds 
Uncalled bet ($3.92) returned to kars0n
kars0n collected $5.22 from pot
kars0n: doesn't show hand 
*** SUMMARY ***
Total pot $5.50 | Rake $0.28 
Board [Ks 7d Js Ad Kd]
Seat 1: Rezzonner folded before Flop (didn't bet)
Seat 2: MAO_DZEDYN_S folded before Flop (didn't bet)
Seat 3: app1e_j@ck folded before Flop (didn't bet)
Seat 4: xcinaz (button) folded on the River
Seat 5: erpaye (small blind) folded before Flop
Seat 6: kars0n (big blind) collected ($5.22)



PokerStars Hand #254266139894:  Hold'em No Limit ($0.50/$1.00 USD) - 2025/01/08 19:37:42 WET [2025/01/08 14:37:42 ET]
Table 'Klemola II' 6-max Seat #5 is the button
Seat 1: Rezzonner ($100 in chips) 
Seat 2: MAO_DZEDYN_S ($101 in chips) 
Seat 3: app1e_j@ck ($129.50 in chips) 
Seat 4: xcinaz ($100 in chips) 
Seat 5: erpaye ($100 in chips) 
Seat 6: kars0n ($102.72 in chips) 
kars0n: posts small blind $0.50
Rezzonner: posts big blind $1
*** HOLE CARDS ***
MAO_DZEDYN_S: folds 
app1e_j@ck: folds 
xcinaz: folds 
erpaye: raises $1.30 to $2.30
kars0n: folds 
MAO_DZEDYN_S leaves the table
Rezzonner: calls $1.30
*** FLOP *** [3d 6h Kc]
Rezzonner: checks 
erpaye: bets $1.60
Rezzonner: folds 
Uncalled bet ($1.60) returned to erpaye
erpaye collected $4.84 from pot
erpaye: doesn't show hand 
*** SUMMARY ***
Total pot $5.10 | Rake $0.26 
Board [3d 6h Kc]
Seat 1: Rezzonner (big blind) folded on the Flop
Seat 2: MAO_DZEDYN_S folded before Flop (didn't bet)
Seat 3: app1e_j@ck folded before Flop (didn't bet)
Seat 4: xcinaz folded before Flop (didn't bet)
Seat 5: erpaye (button) collected ($4.84)
Seat 6: kars0n (small blind) folded before Flop



PokerStars Hand #254266152004:  Hold'em No Limit ($0.50/$1.00 USD) - 2025/01/08 19:38:22 WET [2025/01/08 14:38:22 ET]
Table 'Klemola II' 6-max Seat #6 is the button
Seat 3: app1e_j@ck ($129.50 in chips) is sitting out
Seat 1: Rezzonner ($100 in chips) 
Seat 4: xcinaz ($100 in chips) 
Seat 5: erpaye ($102.54 in chips) 
Seat 6: kars0n ($102.22 in chips) 
Rezzonner: posts small blind $0.50
app1e_j@ck: is sitting out 
xcinaz: posts big blind $1
*** HOLE CARDS ***
erpaye: raises $1.10 to $2.10
kars0n: folds 
Rezzonner: raises $7.40 to $9.50
xcinaz: folds 
app1e_j@ck leaves the table
kars0n leaves the table
erpaye: calls $7.40
*** FLOP *** [Jd Td 4d]
Rezzonner: checks 
erpaye: checks 
*** TURN *** [Jd Td 4d] [2s]
Rezzonner: checks 
erpaye: checks 
*** RIVER *** [Jd Td 4d 2s] [Qh]
Rezzonner: bets $15
erpaye: folds 
Uncalled bet ($15) returned to Rezzonner
Rezzonner collected $19 from pot
Rezzonner: doesn't show hand 
*** SUMMARY ***
Total pot $20 | Rake $1 
Board [Jd Td 4d 2s Qh]
Seat 3: app1e_j@ck
Seat 1: Rezzonner (small blind) collected ($19)
Seat 4: xcinaz (big blind) folded before Flop
Seat 5: erpaye folded on the River
Seat 6: kars0n (button) folded before Flop (didn't bet)



PokerStars Hand #254266175864:  Hold'em No Limit ($0.50/$1.00 USD) - 2025/01/08 19:39:40 WET [2025/01/08 14:39:40 ET]
Table 'Klemola II' 6-max Seat #1 is the button
Seat 1: Rezzonner ($109.50 in chips) 
Seat 4: xcinaz ($100 in chips) 
Seat 5: erpaye ($100 in chips) 
xcinaz: posts small blind $0.50
erpaye: posts big blind $1
*** HOLE CARDS ***
Rezzonner: folds 
xcinaz: raises $2 to $3
erpaye: raises $7.50 to $10.50
xcinaz: folds 
Uncalled bet ($7.50) returned to erpaye
erpaye collected $6 from pot
erpaye: doesn't show hand 
*** SUMMARY ***
Total pot $6 | Rake $0 
Seat 1: Rezzonner (button) folded before Flop (didn't bet)
Seat 4: xcinaz (small blind) folded before Flop
Seat 5: erpaye (big blind) collected ($6)



