PokerStars Hand #254264041820:  Hold'em No Limit ($0.50/$1.00 USD) - 2025/01/08 17:36:51 WET [2025/01/08 12:36:51 ET]
Table 'Bianca III' 6-max Seat #4 is the button
Seat 3: KarP93 ($100 in chips) is sitting out
Seat 1: Seloken Zoc ($41.80 in chips) 
Seat 2: 3EPH ($100 in chips) 
Seat 4: poker_soul11 ($147.94 in chips) 
Seat 5: mr.Jckpot ($100 in chips) 
Seat 6: vadjkeee ($101.50 in chips) 
mr.Jckpot: posts small blind $0.50
vadjkeee: posts big blind $1
*** HOLE CARDS ***
Seloken Zoc: raises $1 to $2
3EPH: folds 
poker_soul11: raises $4.50 to $6.50
mr.Jckpot: folds 
vadjkeee: folds 
Seloken Zoc: calls $4.50
*** FLOP *** [8d Ks Kd]
Seloken Zoc: checks 
poker_soul11: bets $3.45
Seloken Zoc: calls $3.45
*** TURN *** [8d Ks Kd] [5d]
Seloken Zoc: bets $10.17
poker_soul11: raises $30.50 to $40.67
Seloken Zoc: calls $21.68 and is all-in
Uncalled bet ($8.82) returned to poker_soul11
*** RIVER *** [8d Ks Kd 5d] [Qs]
*** SHOW DOWN ***
Seloken Zoc: shows [6s As] (a pair of Kings)
poker_soul11: shows [Ad Td] (a flush, Ace high)
poker_soul11 collected $82.60 from pot
*** SUMMARY ***
Total pot $85.10 | Rake $2.50 
Board [8d Ks Kd 5d Qs]
Seat 3: KarP93
Seat 1: Seloken Zoc showed [6s As] and lost with a pair of Kings
Seat 2: 3EPH folded before Flop (didn't bet)
Seat 4: poker_soul11 (button) showed [Ad Td] and won ($82.60) with a flush, Ace high
Seat 5: mr.Jckpot (small blind) folded before Flop
Seat 6: vadjkeee (big blind) folded before Flop



PokerStars Hand #254264060308:  Hold'em No Limit ($0.50/$1.00 USD) - 2025/01/08 17:37:56 WET [2025/01/08 12:37:56 ET]
Table 'Bianca III' 6-max Seat #5 is the button
Seat 1: Seloken Zoc ($0 in chips) is sitting out
Seat 3: KarP93 ($100 in chips) is sitting out
Seat 2: 3EPH ($100 in chips) 
Seat 4: poker_soul11 ($188.74 in chips) 
Seat 5: mr.Jckpot ($100 in chips) 
Seat 6: vadjkeee ($100.50 in chips) 
vadjkeee: posts small blind $0.50
3EPH: posts big blind $1
*** HOLE CARDS ***
Seloken Zoc leaves the table
poker_soul11: raises $1.20 to $2.20
mr.Jckpot: folds 
vadjkeee: folds 
3EPH: calls $1.20
*** FLOP *** [4s Jh Ac]
3EPH: checks 
poker_soul11: bets $5.83
3EPH: folds 
Uncalled bet ($5.83) returned to poker_soul11
poker_soul11 collected $4.66 from pot
poker_soul11: doesn't show hand 
*** SUMMARY ***
Total pot $4.90 | Rake $0.24 
Board [4s Jh Ac]
Seat 1: Seloken Zoc
Seat 3: KarP93
Seat 2: 3EPH (big blind) folded on the Flop
Seat 4: poker_soul11 collected ($4.66)
Seat 5: mr.Jckpot (button) folded before Flop (didn't bet)
Seat 6: vadjkeee (small blind) folded before Flop



PokerStars Hand #254264067893:  Hold'em No Limit ($0.50/$1.00 USD) - 2025/01/08 17:38:23 WET [2025/01/08 12:38:23 ET]
Table 'Bianca III' 6-max Seat #6 is the button
Seat 3: KarP93 ($100 in chips) is sitting out
Seat 2: 3EPH ($100 in chips) 
Seat 4: poker_soul11 ($191.20 in chips) 
Seat 5: mr.Jckpot ($100 in chips) 
Seat 6: vadjkeee ($100 in chips) 
3EPH: posts small blind $0.50
poker_soul11: posts big blind $1
*** HOLE CARDS ***
mr.Jckpot: folds 
vadjkeee: folds 
3EPH: raises $2 to $3
poker_soul11: calls $2
*** FLOP *** [Ks 6c Js]
3EPH: bets $4.28
poker_soul11: calls $4.28
*** TURN *** [Ks 6c Js] [8c]
vadjkeee leaves the table
3EPH: checks 
poker_soul11: checks 
*** RIVER *** [Ks 6c Js 8c] [2c]
tintin641 joins the table at seat #1 
3EPH: checks 
posidon1a joins the table at seat #6 
poker_soul11: checks 
*** SHOW DOWN ***
3EPH: shows [9h 8s] (a pair of Eights)
poker_soul11: shows [Td Jd] (a pair of Jacks)
poker_soul11 collected $13.83 from pot
*** SUMMARY ***
Total pot $14.56 | Rake $0.73 
Board [Ks 6c Js 8c 2c]
Seat 3: KarP93
Seat 2: 3EPH (small blind) showed [9h 8s] and lost with a pair of Eights
Seat 4: poker_soul11 (big blind) showed [Td Jd] and won ($13.83) with a pair of Jacks
Seat 5: mr.Jckpot folded before Flop (didn't bet)
Seat 6: vadjkeee (button) folded before Flop (didn't bet)



PokerStars Hand #254264088500:  Hold'em No Limit ($0.50/$1.00 USD) - 2025/01/08 17:39:36 WET [2025/01/08 12:39:36 ET]
Table 'Bianca III' 6-max Seat #2 is the button
Seat 1: tintin641 ($100 in chips) is sitting out
Seat 3: KarP93 ($100 in chips) is sitting out
Seat 5: mr.Jckpot ($100 in chips) is sitting out
Seat 2: 3EPH ($100 in chips) 
Seat 4: poker_soul11 ($197.75 in chips) 
Seat 6: posidon1a ($42.16 in chips) 
poker_soul11: posts small blind $0.50
mr.Jckpot: is sitting out 
posidon1a: posts big blind $1
tintin641: sits out 
*** HOLE CARDS ***
3EPH: raises $1 to $2
poker_soul11: folds 
mr.Jckpot leaves the table
posidon1a: raises $6 to $8
3EPH: folds 
Uncalled bet ($6) returned to posidon1a
Dantepoke226 joins the table at seat #5 
posidon1a collected $4.50 from pot
posidon1a: doesn't show hand 
*** SUMMARY ***
Total pot $4.50 | Rake $0 
Seat 1: tintin641
Seat 3: KarP93
Seat 5: mr.Jckpot
Seat 2: 3EPH (button) folded before Flop
Seat 4: poker_soul11 (small blind) folded before Flop
Seat 6: posidon1a (big blind) collected ($4.50)



PokerStars Hand #254264093436:  Hold'em No Limit ($0.50/$1.00 USD) - 2025/01/08 17:39:53 WET [2025/01/08 12:39:53 ET]
Table 'Bianca III' 6-max Seat #4 is the button
Seat 3: KarP93 ($100 in chips) is sitting out
Seat 5: Dantepoke226 ($100 in chips) is sitting out
Seat 1: tintin641 ($100 in chips) 
Seat 2: 3EPH ($100 in chips) 
Seat 4: poker_soul11 ($197.25 in chips) 
Seat 6: posidon1a ($44.66 in chips) 
posidon1a: posts small blind $0.50
tintin641: posts big blind $1
*** HOLE CARDS ***
3EPH: raises $1.50 to $2.50
poker_soul11: folds 
posidon1a: raises $5.50 to $8
tintin641: folds 
3EPH: raises $92 to $100 and is all-in
posidon1a: calls $36.66 and is all-in
Uncalled bet ($55.34) returned to 3EPH
*** FLOP *** [7d 3s 9c]
*** TURN *** [7d 3s 9c] [Jc]
*** RIVER *** [7d 3s 9c Jc] [Ad]
*** SHOW DOWN ***
posidon1a: shows [Qs Qh] (a pair of Queens)
3EPH: shows [6c 6d] (a pair of Sixes)
posidon1a collected $89.32 from pot
*** SUMMARY ***
Total pot $90.32 | Rake $1 
Board [7d 3s 9c Jc Ad]
Seat 3: KarP93
Seat 5: Dantepoke226
Seat 1: tintin641 (big blind) folded before Flop
Seat 2: 3EPH showed [6c 6d] and lost with a pair of Sixes
Seat 4: poker_soul11 (button) folded before Flop (didn't bet)
Seat 6: posidon1a (small blind) showed [Qs Qh] and won ($89.32) with a pair of Queens



PokerStars Hand #254264102802:  Hold'em No Limit ($0.50/$1.00 USD) - 2025/01/08 17:40:27 WET [2025/01/08 12:40:27 ET]
Table 'Bianca III' 6-max Seat #6 is the button
Seat 3: KarP93 ($100 in chips) is sitting out
Seat 5: Dantepoke226 ($100 in chips) is sitting out
Seat 1: tintin641 ($100 in chips) 
Seat 2: 3EPH ($100 in chips) 
Seat 4: poker_soul11 ($197.25 in chips) 
Seat 6: posidon1a ($89.32 in chips) 
tintin641: posts small blind $0.50
3EPH: posts big blind $1
KarP93: sits out 
Dantepoke226: sits out 
*** HOLE CARDS ***
poker_soul11: folds 
posidon1a: folds 
tintin641: raises $2 to $3
3EPH: folds 
Uncalled bet ($2) returned to tintin641
tintin641 collected $2 from pot
tintin641: doesn't show hand 
*** SUMMARY ***
Total pot $2 | Rake $0 
Seat 3: KarP93
Seat 5: Dantepoke226
Seat 1: tintin641 (small blind) collected ($2)
Seat 2: 3EPH (big blind) folded before Flop
Seat 4: poker_soul11 folded before Flop (didn't bet)
Seat 6: posidon1a (button) folded before Flop (didn't bet)



PokerStars Hand #254264106427:  Hold'em No Limit ($0.50/$1.00 USD) - 2025/01/08 17:40:40 WET [2025/01/08 12:40:40 ET]
Table 'Bianca III' 6-max Seat #1 is the button
Seat 5: Dantepoke226 ($100 in chips) is sitting out
Seat 1: tintin641 ($101 in chips) 
Seat 2: 3EPH ($100 in chips) 
Seat 3: KarP93 ($100 in chips) 
Seat 4: poker_soul11 ($197.25 in chips) 
Seat 6: posidon1a ($89.32 in chips) 
3EPH: posts small blind $0.50
KarP93: posts big blind $1
Dantepoke226: sits out 
*** HOLE CARDS ***
poker_soul11: folds 
posidon1a: folds 
tintin641: raises $1.50 to $2.50
3EPH: folds 
KarP93: folds 
Uncalled bet ($1.50) returned to tintin641
tintin641 collected $2.50 from pot
tintin641: doesn't show hand 
*** SUMMARY ***
Total pot $2.50 | Rake $0 
Seat 5: Dantepoke226
Seat 1: tintin641 (button) collected ($2.50)
Seat 2: 3EPH (small blind) folded before Flop
Seat 3: KarP93 (big blind) folded before Flop
Seat 4: poker_soul11 folded before Flop (didn't bet)
Seat 6: posidon1a folded before Flop (didn't bet)



PokerStars Hand #254264112661:  Hold'em No Limit ($0.50/$1.00 USD) - 2025/01/08 17:41:02 WET [2025/01/08 12:41:02 ET]
Table 'Bianca III' 6-max Seat #2 is the button
Seat 5: Dantepoke226 ($100 in chips) is sitting out
Seat 1: tintin641 ($102.50 in chips) 
Seat 2: 3EPH ($100 in chips) 
Seat 3: KarP93 ($100 in chips) 
Seat 4: poker_soul11 ($197.25 in chips) 
Seat 6: posidon1a ($89.32 in chips) 
KarP93: posts small blind $0.50
poker_soul11: posts big blind $1
Dantepoke226: sits out 
*** HOLE CARDS ***
posidon1a: folds 
tintin641: folds 
3EPH: raises $1.50 to $2.50
KarP93: raises $8.50 to $11
poker_soul11: folds 
3EPH: folds 
Uncalled bet ($8.50) returned to KarP93
KarP93 collected $6 from pot
KarP93: doesn't show hand 
*** SUMMARY ***
Total pot $6 | Rake $0 
Seat 5: Dantepoke226
Seat 1: tintin641 folded before Flop (didn't bet)
Seat 2: 3EPH (button) folded before Flop
Seat 3: KarP93 (small blind) collected ($6)
Seat 4: poker_soul11 (big blind) folded before Flop
Seat 6: posidon1a folded before Flop (didn't bet)



PokerStars Hand #254264121622:  Hold'em No Limit ($0.50/$1.00 USD) - 2025/01/08 17:41:34 WET [2025/01/08 12:41:34 ET]
Table 'Bianca III' 6-max Seat #3 is the button
Seat 1: tintin641 ($102.50 in chips) 
Seat 2: 3EPH ($100 in chips) 
Seat 3: KarP93 ($103.50 in chips) 
Seat 4: poker_soul11 ($196.25 in chips) 
Seat 5: Dantepoke226 ($100 in chips) 
Seat 6: posidon1a ($89.32 in chips) 
poker_soul11: posts small blind $0.50
Dantepoke226: posts big blind $1
*** HOLE CARDS ***
posidon1a: folds 
tintin641: folds 
3EPH: raises $1.50 to $2.50
KarP93: folds 
poker_soul11: folds 
Dantepoke226: folds 
Uncalled bet ($1.50) returned to 3EPH
3EPH collected $2.50 from pot
3EPH: doesn't show hand 
*** SUMMARY ***
Total pot $2.50 | Rake $0 
Seat 1: tintin641 folded before Flop (didn't bet)
Seat 2: 3EPH collected ($2.50)
Seat 3: KarP93 (button) folded before Flop (didn't bet)
Seat 4: poker_soul11 (small blind) folded before Flop
Seat 5: Dantepoke226 (big blind) folded before Flop
Seat 6: posidon1a folded before Flop (didn't bet)



PokerStars Hand #254264128966:  Hold'em No Limit ($0.50/$1.00 USD) - 2025/01/08 17:42:00 WET [2025/01/08 12:42:00 ET]
Table 'Bianca III' 6-max Seat #4 is the button
Seat 1: tintin641 ($102.50 in chips) 
Seat 2: 3EPH ($101.50 in chips) 
Seat 3: KarP93 ($103.50 in chips) 
Seat 4: poker_soul11 ($195.75 in chips) 
Seat 5: Dantepoke226 ($100 in chips) 
Seat 6: posidon1a ($89.32 in chips) 
Dantepoke226: posts small blind $0.50
posidon1a: posts big blind $1
*** HOLE CARDS ***
tintin641: folds 
3EPH: folds 
KarP93: folds 
poker_soul11: folds 
Dantepoke226: folds 
Uncalled bet ($0.50) returned to posidon1a
posidon1a collected $1 from pot
posidon1a: doesn't show hand 
*** SUMMARY ***
Total pot $1 | Rake $0 
Seat 1: tintin641 folded before Flop (didn't bet)
Seat 2: 3EPH folded before Flop (didn't bet)
Seat 3: KarP93 folded before Flop (didn't bet)
Seat 4: poker_soul11 (button) folded before Flop (didn't bet)
Seat 5: Dantepoke226 (small blind) folded before Flop
Seat 6: posidon1a (big blind) collected ($1)



PokerStars Hand #254264132280:  Hold'em No Limit ($0.50/$1.00 USD) - 2025/01/08 17:42:12 WET [2025/01/08 12:42:12 ET]
Table 'Bianca III' 6-max Seat #5 is the button
Seat 1: tintin641 ($102.50 in chips) 
Seat 2: 3EPH ($101.50 in chips) 
Seat 3: KarP93 ($103.50 in chips) 
Seat 4: poker_soul11 ($195.75 in chips) 
Seat 5: Dantepoke226 ($100 in chips) 
Seat 6: posidon1a ($89.82 in chips) 
posidon1a: posts small blind $0.50
tintin641: posts big blind $1
*** HOLE CARDS ***
3EPH: raises $1.50 to $2.50
KarP93: folds 
poker_soul11: folds 
Dantepoke226: folds 
posidon1a: folds 
tintin641: calls $1.50
*** FLOP *** [Ah Tc 7s]
tintin641: checks 
3EPH: checks 
*** TURN *** [Ah Tc 7s] [Kc]
tintin641: bets $3.92
3EPH: raises $9.80 to $13.72
tintin641: folds 
Uncalled bet ($9.80) returned to 3EPH
3EPH collected $12.67 from pot
3EPH: doesn't show hand 
*** SUMMARY ***
Total pot $13.34 | Rake $0.67 
Board [Ah Tc 7s Kc]
Seat 1: tintin641 (big blind) folded on the Turn
Seat 2: 3EPH collected ($12.67)
Seat 3: KarP93 folded before Flop (didn't bet)
Seat 4: poker_soul11 folded before Flop (didn't bet)
Seat 5: Dantepoke226 (button) folded before Flop (didn't bet)
Seat 6: posidon1a (small blind) folded before Flop



PokerStars Hand #254264149730:  Hold'em No Limit ($0.50/$1.00 USD) - 2025/01/08 17:43:15 WET [2025/01/08 12:43:15 ET]
Table 'Bianca III' 6-max Seat #6 is the button
Seat 1: tintin641 ($100 in chips) 
Seat 2: 3EPH ($107.75 in chips) 
Seat 3: KarP93 ($103.50 in chips) 
Seat 4: poker_soul11 ($195.75 in chips) 
Seat 5: Dantepoke226 ($100 in chips) 
Seat 6: posidon1a ($89.32 in chips) 
tintin641: posts small blind $0.50
3EPH: posts big blind $1
*** HOLE CARDS ***
KarP93: folds 
poker_soul11: folds 
Dantepoke226: raises $1.50 to $2.50
posidon1a: folds 
tintin641: raises $8.50 to $11
3EPH: folds 
Dantepoke226: folds 
Uncalled bet ($8.50) returned to tintin641
tintin641 collected $6 from pot
tintin641: doesn't show hand 
*** SUMMARY ***
Total pot $6 | Rake $0 
Seat 1: tintin641 (small blind) collected ($6)
Seat 2: 3EPH (big blind) folded before Flop
Seat 3: KarP93 folded before Flop (didn't bet)
Seat 4: poker_soul11 folded before Flop (didn't bet)
Seat 5: Dantepoke226 folded before Flop
Seat 6: posidon1a (button) folded before Flop (didn't bet)



PokerStars Hand #254264161706:  Hold'em No Limit ($0.50/$1.00 USD) - 2025/01/08 17:43:58 WET [2025/01/08 12:43:58 ET]
Table 'Bianca III' 6-max Seat #1 is the button
Seat 1: tintin641 ($103.50 in chips) 
Seat 2: 3EPH ($106.75 in chips) 
Seat 3: KarP93 ($103.50 in chips) 
Seat 4: poker_soul11 ($195.75 in chips) 
Seat 5: Dantepoke226 ($100 in chips) 
Seat 6: posidon1a ($89.32 in chips) 
3EPH: posts small blind $0.50
KarP93: posts big blind $1
*** HOLE CARDS ***
poker_soul11: raises $1.20 to $2.20
Dantepoke226: folds 
posidon1a: folds 
tintin641: folds 
3EPH: folds 
KarP93: folds 
Uncalled bet ($1.20) returned to poker_soul11
poker_soul11 collected $2.50 from pot
poker_soul11: doesn't show hand 
*** SUMMARY ***
Total pot $2.50 | Rake $0 
Seat 1: tintin641 (button) folded before Flop (didn't bet)
Seat 2: 3EPH (small blind) folded before Flop
Seat 3: KarP93 (big blind) folded before Flop
Seat 4: poker_soul11 collected ($2.50)
Seat 5: Dantepoke226 folded before Flop (didn't bet)
Seat 6: posidon1a folded before Flop (didn't bet)



PokerStars Hand #254264168335:  Hold'em No Limit ($0.50/$1.00 USD) - 2025/01/08 17:44:21 WET [2025/01/08 12:44:21 ET]
Table 'Bianca III' 6-max Seat #2 is the button
Seat 1: tintin641 ($103.50 in chips) 
Seat 2: 3EPH ($106.25 in chips) 
Seat 3: KarP93 ($102.50 in chips) 
Seat 4: poker_soul11 ($197.25 in chips) 
Seat 5: Dantepoke226 ($100 in chips) 
Seat 6: posidon1a ($89.32 in chips) 
KarP93: posts small blind $0.50
poker_soul11: posts big blind $1
*** HOLE CARDS ***
Dantepoke226: raises $1.50 to $2.50
posidon1a: folds 
tintin641: folds 
3EPH: folds 
KarP93: folds 
poker_soul11: folds 
Uncalled bet ($1.50) returned to Dantepoke226
Dantepoke226 collected $2.50 from pot
Dantepoke226: doesn't show hand 
*** SUMMARY ***
Total pot $2.50 | Rake $0 
Seat 1: tintin641 folded before Flop (didn't bet)
Seat 2: 3EPH (button) folded before Flop (didn't bet)
Seat 3: KarP93 (small blind) folded before Flop
Seat 4: poker_soul11 (big blind) folded before Flop
Seat 5: Dantepoke226 collected ($2.50)
Seat 6: posidon1a folded before Flop (didn't bet)



PokerStars Hand #254264176839:  Hold'em No Limit ($0.50/$1.00 USD) - 2025/01/08 17:44:51 WET [2025/01/08 12:44:51 ET]
Table 'Bianca III' 6-max Seat #3 is the button
Seat 1: tintin641 ($103.50 in chips) 
Seat 2: 3EPH ($106.25 in chips) 
Seat 3: KarP93 ($102 in chips) 
Seat 4: poker_soul11 ($196.25 in chips) 
Seat 5: Dantepoke226 ($101.50 in chips) 
Seat 6: posidon1a ($89.32 in chips) 
poker_soul11: posts small blind $0.50
Dantepoke226: posts big blind $1
*** HOLE CARDS ***
posidon1a: raises $1.50 to $2.50
tintin641: raises $5 to $7.50
3EPH: folds 
KarP93: folds 
poker_soul11: folds 
Dantepoke226: folds 
posidon1a: raises $9 to $16.50
tintin641: folds 
Uncalled bet ($9) returned to posidon1a
posidon1a collected $16.50 from pot
posidon1a: doesn't show hand 
*** SUMMARY ***
Total pot $16.50 | Rake $0 
Seat 1: tintin641 folded before Flop
Seat 2: 3EPH folded before Flop (didn't bet)
Seat 3: KarP93 (button) folded before Flop (didn't bet)
Seat 4: poker_soul11 (small blind) folded before Flop
Seat 5: Dantepoke226 (big blind) folded before Flop
Seat 6: posidon1a collected ($16.50)



PokerStars Hand #254264188247:  Hold'em No Limit ($0.50/$1.00 USD) - 2025/01/08 17:45:32 WET [2025/01/08 12:45:32 ET]
Table 'Bianca III' 6-max Seat #4 is the button
Seat 1: tintin641 ($100 in chips) 
Seat 2: 3EPH ($106.25 in chips) 
Seat 3: KarP93 ($102 in chips) 
Seat 4: poker_soul11 ($195.75 in chips) 
Seat 5: Dantepoke226 ($100.50 in chips) 
Seat 6: posidon1a ($98.32 in chips) 
Dantepoke226: posts small blind $0.50
posidon1a: posts big blind $1
*** HOLE CARDS ***
tintin641: raises $1.50 to $2.50
3EPH: folds 
KarP93: folds 
poker_soul11: folds 
Dantepoke226: folds 
posidon1a: raises $9.50 to $12
tintin641: folds 
Uncalled bet ($9.50) returned to posidon1a
posidon1a collected $5.50 from pot
posidon1a: doesn't show hand 
*** SUMMARY ***
Total pot $5.50 | Rake $0 
Seat 1: tintin641 folded before Flop
Seat 2: 3EPH folded before Flop (didn't bet)
Seat 3: KarP93 folded before Flop (didn't bet)
Seat 4: poker_soul11 (button) folded before Flop (didn't bet)
Seat 5: Dantepoke226 (small blind) folded before Flop
Seat 6: posidon1a (big blind) collected ($5.50)



PokerStars Hand #254264195041:  Hold'em No Limit ($0.50/$1.00 USD) - 2025/01/08 17:45:55 WET [2025/01/08 12:45:55 ET]
Table 'Bianca III' 6-max Seat #5 is the button
Seat 1: tintin641 ($100 in chips) 
Seat 2: 3EPH ($106.25 in chips) 
Seat 3: KarP93 ($102 in chips) 
Seat 4: poker_soul11 ($195.75 in chips) 
Seat 5: Dantepoke226 ($100 in chips) 
Seat 6: posidon1a ($101.32 in chips) 
posidon1a: posts small blind $0.50
tintin641: posts big blind $1
*** HOLE CARDS ***
3EPH: folds 
KarP93: folds 
poker_soul11: folds 
Dantepoke226: raises $1.50 to $2.50
posidon1a: folds 
tintin641: folds 
Uncalled bet ($1.50) returned to Dantepoke226
Dantepoke226 collected $2.50 from pot
Dantepoke226: doesn't show hand 
*** SUMMARY ***
Total pot $2.50 | Rake $0 
Seat 1: tintin641 (big blind) folded before Flop
Seat 2: 3EPH folded before Flop (didn't bet)
Seat 3: KarP93 folded before Flop (didn't bet)
Seat 4: poker_soul11 folded before Flop (didn't bet)
Seat 5: Dantepoke226 (button) collected ($2.50)
Seat 6: posidon1a (small blind) folded before Flop



PokerStars Hand #254264198928:  Hold'em No Limit ($0.50/$1.00 USD) - 2025/01/08 17:46:09 WET [2025/01/08 12:46:09 ET]
Table 'Bianca III' 6-max Seat #6 is the button
Seat 2: 3EPH ($106.25 in chips) is sitting out
Seat 1: tintin641 ($100 in chips) 
Seat 3: KarP93 ($102 in chips) 
Seat 4: poker_soul11 ($195.75 in chips) 
Seat 5: Dantepoke226 ($101.50 in chips) 
Seat 6: posidon1a ($100.82 in chips) 
tintin641: posts small blind $0.50
3EPH: is sitting out 
KarP93: posts big blind $1
*** HOLE CARDS ***
poker_soul11: folds 
3EPH leaves the table
Dantepoke226: folds 
posidon1a: raises $1.50 to $2.50
tintin641: folds 
KarP93: raises $9.50 to $12
posidon1a: calls $9.50
*** FLOP *** [Kh Ts 3h]
KarP93: bets $11.64
posidon1a: folds 
Uncalled bet ($11.64) returned to KarP93
KarP93 collected $23.28 from pot
KarP93: doesn't show hand 
*** SUMMARY ***
Total pot $24.50 | Rake $1.22 
Board [Kh Ts 3h]
Seat 2: 3EPH
Seat 1: tintin641 (small blind) folded before Flop
Seat 3: KarP93 (big blind) collected ($23.28)
Seat 4: poker_soul11 folded before Flop (didn't bet)
Seat 5: Dantepoke226 folded before Flop (didn't bet)
Seat 6: posidon1a (button) folded on the Flop



PokerStars Hand #254264211343:  Hold'em No Limit ($0.50/$1.00 USD) - 2025/01/08 17:46:53 WET [2025/01/08 12:46:53 ET]
Table 'Bianca III' 6-max Seat #1 is the button
Seat 1: tintin641 ($100 in chips) 
Seat 3: KarP93 ($113.28 in chips) 
Seat 4: poker_soul11 ($195.75 in chips) 
Seat 5: Dantepoke226 ($101.50 in chips) 
Seat 6: posidon1a ($88.82 in chips) 
KarP93: posts small blind $0.50
poker_soul11: posts big blind $1
*** HOLE CARDS ***
Dantepoke226: folds 
posidon1a: folds 
tintin641: folds 
KarP93: raises $2 to $3
poker_soul11: calls $2
*** FLOP *** [Ah 8s 8d]
KarP93: checks 
vadjkeee joins the table at seat #2 
poker_soul11: checks 
*** TURN *** [Ah 8s 8d] [As]
KarP93: checks 
poker_soul11: checks 
*** RIVER *** [Ah 8s 8d As] [Ac]
KarP93: bets $5.70
poker_soul11: calls $5.70
*** SHOW DOWN ***
KarP93: shows [8c Ks] (a full house, Aces full of Eights)
poker_soul11: shows [7c 7s] (a full house, Aces full of Eights)
KarP93 collected $8.27 from pot
poker_soul11 collected $8.26 from pot
*** SUMMARY ***
Total pot $17.40 | Rake $0.87 
Board [Ah 8s 8d As Ac]
Seat 1: tintin641 (button) folded before Flop (didn't bet)
Seat 3: KarP93 (small blind) showed [8c Ks] and won ($8.27) with a full house, Aces full of Eights
Seat 4: poker_soul11 (big blind) showed [7c 7s] and won ($8.26) with a full house, Aces full of Eights
Seat 5: Dantepoke226 folded before Flop (didn't bet)
Seat 6: posidon1a folded before Flop (didn't bet)



PokerStars Hand #254264225328:  Hold'em No Limit ($0.50/$1.00 USD) - 2025/01/08 17:47:43 WET [2025/01/08 12:47:43 ET]
Table 'Bianca III' 6-max Seat #3 is the button
Seat 2: vadjkeee ($100 in chips) is sitting out
Seat 1: tintin641 ($100 in chips) 
Seat 3: KarP93 ($112.85 in chips) 
Seat 4: poker_soul11 ($195.31 in chips) 
Seat 5: Dantepoke226 ($101.50 in chips) 
Seat 6: posidon1a ($88.82 in chips) 
poker_soul11: posts small blind $0.50
Dantepoke226: posts big blind $1
vadjkeee: sits out 
*** HOLE CARDS ***
posidon1a: folds 
tintin641: folds 
KarP93: folds 
poker_soul11: folds 
Uncalled bet ($0.50) returned to Dantepoke226
Dantepoke226 collected $1 from pot
Dantepoke226: doesn't show hand 
*** SUMMARY ***
Total pot $1 | Rake $0 
Seat 2: vadjkeee
Seat 1: tintin641 folded before Flop (didn't bet)
Seat 3: KarP93 (button) folded before Flop (didn't bet)
Seat 4: poker_soul11 (small blind) folded before Flop
Seat 5: Dantepoke226 (big blind) collected ($1)
Seat 6: posidon1a folded before Flop (didn't bet)



PokerStars Hand #254264227740:  Hold'em No Limit ($0.50/$1.00 USD) - 2025/01/08 17:47:51 WET [2025/01/08 12:47:51 ET]
Table 'Bianca III' 6-max Seat #4 is the button
Seat 2: vadjkeee ($100 in chips) is sitting out
Seat 1: tintin641 ($100 in chips) 
Seat 3: KarP93 ($112.85 in chips) 
Seat 4: poker_soul11 ($194.81 in chips) 
Seat 5: Dantepoke226 ($102 in chips) 
Seat 6: posidon1a ($88.82 in chips) 
Dantepoke226: posts small blind $0.50
posidon1a: posts big blind $1
vadjkeee: sits out 
*** HOLE CARDS ***
tintin641: folds 
KarP93: folds 
poker_soul11: folds 
Dantepoke226: raises $2 to $3
posidon1a: folds 
Uncalled bet ($2) returned to Dantepoke226
Dantepoke226 collected $2 from pot
Dantepoke226: doesn't show hand 
*** SUMMARY ***
Total pot $2 | Rake $0 
Seat 2: vadjkeee
Seat 1: tintin641 folded before Flop (didn't bet)
Seat 3: KarP93 folded before Flop (didn't bet)
Seat 4: poker_soul11 (button) folded before Flop (didn't bet)
Seat 5: Dantepoke226 (small blind) collected ($2)
Seat 6: posidon1a (big blind) folded before Flop



PokerStars Hand #254264232713:  Hold'em No Limit ($0.50/$1.00 USD) - 2025/01/08 17:48:09 WET [2025/01/08 12:48:09 ET]
Table 'Bianca III' 6-max Seat #5 is the button
Seat 2: vadjkeee ($100 in chips) is sitting out
Seat 1: tintin641 ($100 in chips) 
Seat 3: KarP93 ($112.85 in chips) 
Seat 4: poker_soul11 ($194.81 in chips) 
Seat 5: Dantepoke226 ($103 in chips) 
Seat 6: posidon1a ($87.82 in chips) 
posidon1a: posts small blind $0.50
tintin641: posts big blind $1
vadjkeee: sits out 
*** HOLE CARDS ***
KarP93: folds 
poker_soul11: folds 
Dantepoke226: raises $1.50 to $2.50
posidon1a: folds 
tintin641: folds 
Uncalled bet ($1.50) returned to Dantepoke226
Dantepoke226 collected $2.50 from pot
Dantepoke226: doesn't show hand 
*** SUMMARY ***
Total pot $2.50 | Rake $0 
Seat 2: vadjkeee
Seat 1: tintin641 (big blind) folded before Flop
Seat 3: KarP93 folded before Flop (didn't bet)
Seat 4: poker_soul11 folded before Flop (didn't bet)
Seat 5: Dantepoke226 (button) collected ($2.50)
Seat 6: posidon1a (small blind) folded before Flop



PokerStars Hand #254264238304:  Hold'em No Limit ($0.50/$1.00 USD) - 2025/01/08 17:48:29 WET [2025/01/08 12:48:29 ET]
Table 'Bianca III' 6-max Seat #6 is the button
Seat 1: tintin641 ($100 in chips) 
Seat 2: vadjkeee ($100 in chips) 
Seat 3: KarP93 ($112.85 in chips) 
Seat 4: poker_soul11 ($194.81 in chips) 
Seat 5: Dantepoke226 ($104.50 in chips) 
Seat 6: posidon1a ($87.32 in chips) 
tintin641: posts small blind $0.50
vadjkeee: posts big blind $1
*** HOLE CARDS ***
KarP93: folds 
poker_soul11: folds 
Dantepoke226: folds 
posidon1a: folds 
tintin641: raises $2 to $3
vadjkeee: folds 
Uncalled bet ($2) returned to tintin641
tintin641 collected $2 from pot
tintin641: doesn't show hand 
*** SUMMARY ***
Total pot $2 | Rake $0 
Seat 1: tintin641 (small blind) collected ($2)
Seat 2: vadjkeee (big blind) folded before Flop
Seat 3: KarP93 folded before Flop (didn't bet)
Seat 4: poker_soul11 folded before Flop (didn't bet)
Seat 5: Dantepoke226 folded before Flop (didn't bet)
Seat 6: posidon1a (button) folded before Flop (didn't bet)



PokerStars Hand #254264242937:  Hold'em No Limit ($0.50/$1.00 USD) - 2025/01/08 17:48:45 WET [2025/01/08 12:48:45 ET]
Table 'Bianca III' 6-max Seat #1 is the button
Seat 1: tintin641 ($101 in chips) 
Seat 2: vadjkeee ($100 in chips) 
Seat 3: KarP93 ($112.85 in chips) 
Seat 4: poker_soul11 ($194.81 in chips) 
Seat 5: Dantepoke226 ($104.50 in chips) 
Seat 6: posidon1a ($87.32 in chips) 
vadjkeee: posts small blind $0.50
KarP93: posts big blind $1
*** HOLE CARDS ***
poker_soul11: folds 
Dantepoke226: folds 
posidon1a: raises $1.50 to $2.50
tintin641: folds 
vadjkeee: folds 
KarP93: calls $1.50
*** FLOP *** [6c 9d 7c]
KarP93: checks 
posidon1a: checks 
*** TURN *** [6c 9d 7c] [Kd]
KarP93: bets $3.92
posidon1a: folds 
Uncalled bet ($3.92) returned to KarP93
KarP93 collected $5.22 from pot
KarP93: doesn't show hand 
*** SUMMARY ***
Total pot $5.50 | Rake $0.28 
Board [6c 9d 7c Kd]
Seat 1: tintin641 (button) folded before Flop (didn't bet)
Seat 2: vadjkeee (small blind) folded before Flop
Seat 3: KarP93 (big blind) collected ($5.22)
Seat 4: poker_soul11 folded before Flop (didn't bet)
Seat 5: Dantepoke226 folded before Flop (didn't bet)
Seat 6: posidon1a folded on the Turn



PokerStars Hand #254264259181:  Hold'em No Limit ($0.50/$1.00 USD) - 2025/01/08 17:49:42 WET [2025/01/08 12:49:42 ET]
Table 'Bianca III' 6-max Seat #2 is the button
Seat 1: tintin641 ($101 in chips) 
Seat 2: vadjkeee ($100 in chips) 
Seat 3: KarP93 ($115.57 in chips) 
Seat 4: poker_soul11 ($194.81 in chips) 
Seat 5: Dantepoke226 ($104.50 in chips) 
Seat 6: posidon1a ($84.82 in chips) 
KarP93: posts small blind $0.50
poker_soul11: posts big blind $1
*** HOLE CARDS ***
Dantepoke226: folds 
posidon1a: folds 
tintin641: folds 
vadjkeee: folds 
KarP93: raises $2 to $3
poker_soul11: calls $2
*** FLOP *** [As 3c 3d]
KarP93: checks 
poker_soul11: checks 
*** TURN *** [As 3c 3d] [2c]
KarP93: checks 
poker_soul11: bets $2.85
KarP93: folds 
Uncalled bet ($2.85) returned to poker_soul11
poker_soul11 collected $5.70 from pot
poker_soul11: doesn't show hand 
*** SUMMARY ***
Total pot $6 | Rake $0.30 
Board [As 3c 3d 2c]
Seat 1: tintin641 folded before Flop (didn't bet)
Seat 2: vadjkeee (button) folded before Flop (didn't bet)
Seat 3: KarP93 (small blind) folded on the Turn
Seat 4: poker_soul11 (big blind) collected ($5.70)
Seat 5: Dantepoke226 folded before Flop (didn't bet)
Seat 6: posidon1a folded before Flop (didn't bet)



PokerStars Hand #254264273316:  Hold'em No Limit ($0.50/$1.00 USD) - 2025/01/08 17:50:32 WET [2025/01/08 12:50:32 ET]
Table 'Bianca III' 6-max Seat #3 is the button
Seat 1: tintin641 ($101 in chips) 
Seat 2: vadjkeee ($100 in chips) 
Seat 3: KarP93 ($112.57 in chips) 
Seat 4: poker_soul11 ($197.51 in chips) 
Seat 5: Dantepoke226 ($104.50 in chips) 
Seat 6: posidon1a ($84.82 in chips) 
poker_soul11: posts small blind $0.50
Dantepoke226: posts big blind $1
*** HOLE CARDS ***
posidon1a: raises $1.50 to $2.50
tintin641: folds 
vadjkeee: folds 
KarP93: calls $2.50
poker_soul11: folds 
Dantepoke226: folds 
*** FLOP *** [Ks 5h 9s]
posidon1a: checks 
KarP93: checks 
*** TURN *** [Ks 5h 9s] [2h]
posidon1a: bets $5
KarP93: folds 
Uncalled bet ($5) returned to posidon1a
posidon1a collected $6.18 from pot
posidon1a: doesn't show hand 
*** SUMMARY ***
Total pot $6.50 | Rake $0.32 
Board [Ks 5h 9s 2h]
Seat 1: tintin641 folded before Flop (didn't bet)
Seat 2: vadjkeee folded before Flop (didn't bet)
Seat 3: KarP93 (button) folded on the Turn
Seat 4: poker_soul11 (small blind) folded before Flop
Seat 5: Dantepoke226 (big blind) folded before Flop
Seat 6: posidon1a collected ($6.18)



PokerStars Hand #254264293604:  Hold'em No Limit ($0.50/$1.00 USD) - 2025/01/08 17:51:44 WET [2025/01/08 12:51:44 ET]
Table 'Bianca III' 6-max Seat #4 is the button
Seat 1: tintin641 ($101 in chips) 
Seat 2: vadjkeee ($100 in chips) 
Seat 3: KarP93 ($110.07 in chips) 
Seat 4: poker_soul11 ($197.01 in chips) 
Seat 5: Dantepoke226 ($103.50 in chips) 
Seat 6: posidon1a ($88.50 in chips) 
Dantepoke226: posts small blind $0.50
posidon1a: posts big blind $1
*** HOLE CARDS ***
tintin641: folds 
vadjkeee: folds 
KarP93: folds 
poker_soul11 has timed out
poker_soul11: folds 
Dantepoke226: folds 
Uncalled bet ($0.50) returned to posidon1a
posidon1a collected $1 from pot
posidon1a: doesn't show hand 
*** SUMMARY ***
Total pot $1 | Rake $0 
Seat 1: tintin641 folded before Flop (didn't bet)
Seat 2: vadjkeee folded before Flop (didn't bet)
Seat 3: KarP93 folded before Flop (didn't bet)
Seat 4: poker_soul11 (button) folded before Flop (didn't bet)
Seat 5: Dantepoke226 (small blind) folded before Flop
Seat 6: posidon1a (big blind) collected ($1)



PokerStars Hand #254264308899:  Hold'em No Limit ($0.50/$1.00 USD) - 2025/01/08 17:52:38 WET [2025/01/08 12:52:38 ET]
Table 'Bianca III' 6-max Seat #5 is the button
Seat 4: poker_soul11 ($197.01 in chips) is sitting out
Seat 1: tintin641 ($101 in chips) 
Seat 2: vadjkeee ($100 in chips) 
Seat 3: KarP93 ($110.07 in chips) 
Seat 5: Dantepoke226 ($103 in chips) 
Seat 6: posidon1a ($89 in chips) 
posidon1a: posts small blind $0.50
tintin641: posts big blind $1
*** HOLE CARDS ***
vadjkeee: raises $1.50 to $2.50
KarP93: folds 
Dantepoke226: folds 
posidon1a: folds 
tintin641: folds 
Uncalled bet ($1.50) returned to vadjkeee
vadjkeee collected $2.50 from pot
vadjkeee: doesn't show hand 
*** SUMMARY ***
Total pot $2.50 | Rake $0 
Seat 4: poker_soul11
Seat 1: tintin641 (big blind) folded before Flop
Seat 2: vadjkeee collected ($2.50)
Seat 3: KarP93 folded before Flop (didn't bet)
Seat 5: Dantepoke226 (button) folded before Flop (didn't bet)
Seat 6: posidon1a (small blind) folded before Flop



PokerStars Hand #254264312003:  Hold'em No Limit ($0.50/$1.00 USD) - 2025/01/08 17:52:49 WET [2025/01/08 12:52:49 ET]
Table 'Bianca III' 6-max Seat #6 is the button
Seat 1: tintin641 ($100 in chips) 
Seat 2: vadjkeee ($101.50 in chips) 
Seat 3: KarP93 ($110.07 in chips) 
Seat 4: poker_soul11 ($197.01 in chips) 
Seat 5: Dantepoke226 ($103 in chips) 
Seat 6: posidon1a ($88.50 in chips) 
tintin641: posts small blind $0.50
vadjkeee: posts big blind $1
*** HOLE CARDS ***
KarP93: folds 
poker_soul11: folds 
Dantepoke226: folds 
posidon1a: raises $1.50 to $2.50
tintin641: folds 
vadjkeee: calls $1.50
*** FLOP *** [Qc Th 7c]
vadjkeee: checks 
posidon1a: checks 
*** TURN *** [Qc Th 7c] [2d]
vadjkeee: bets $1.72
posidon1a: calls $1.72
*** RIVER *** [Qc Th 7c 2d] [Js]
vadjkeee: checks 
posidon1a: checks 
*** SHOW DOWN ***
vadjkeee: shows [8d Td] (a pair of Tens)
posidon1a: shows [Tc 9c] (a pair of Tens - Queen+Jack+Nine kicker)
posidon1a collected $8.49 from pot
*** SUMMARY ***
Total pot $8.94 | Rake $0.45 
Board [Qc Th 7c 2d Js]
Seat 1: tintin641 (small blind) folded before Flop
Seat 2: vadjkeee (big blind) showed [8d Td] and lost with a pair of Tens
Seat 3: KarP93 folded before Flop (didn't bet)
Seat 4: poker_soul11 folded before Flop (didn't bet)
Seat 5: Dantepoke226 folded before Flop (didn't bet)
Seat 6: posidon1a (button) showed [Tc 9c] and won ($8.49) with a pair of Tens



PokerStars Hand #254264327705:  Hold'em No Limit ($0.50/$1.00 USD) - 2025/01/08 17:53:44 WET [2025/01/08 12:53:44 ET]
Table 'Bianca III' 6-max Seat #1 is the button
Seat 1: tintin641 ($100 in chips) 
Seat 2: vadjkeee ($100 in chips) 
Seat 3: KarP93 ($110.07 in chips) 
Seat 4: poker_soul11 ($197.01 in chips) 
Seat 5: Dantepoke226 ($103 in chips) 
Seat 6: posidon1a ($92.77 in chips) 
vadjkeee: posts small blind $0.50
KarP93: posts big blind $1
*** HOLE CARDS ***
poker_soul11: raises $1.20 to $2.20
Dantepoke226: folds 
posidon1a: folds 
tintin641: raises $5.30 to $7.50
vadjkeee: folds 
KarP93: folds 
poker_soul11: folds 
Uncalled bet ($5.30) returned to tintin641
tintin641 collected $5.90 from pot
tintin641: doesn't show hand 
*** SUMMARY ***
Total pot $5.90 | Rake $0 
Seat 1: tintin641 (button) collected ($5.90)
Seat 2: vadjkeee (small blind) folded before Flop
Seat 3: KarP93 (big blind) folded before Flop
Seat 4: poker_soul11 folded before Flop
Seat 5: Dantepoke226 folded before Flop (didn't bet)
Seat 6: posidon1a folded before Flop (didn't bet)



PokerStars Hand #254264337204:  Hold'em No Limit ($0.50/$1.00 USD) - 2025/01/08 17:54:18 WET [2025/01/08 12:54:18 ET]
Table 'Bianca III' 6-max Seat #2 is the button
Seat 1: tintin641 ($103.70 in chips) 
Seat 2: vadjkeee ($100 in chips) 
Seat 3: KarP93 ($109.07 in chips) 
Seat 4: poker_soul11 ($194.81 in chips) 
Seat 5: Dantepoke226 ($103 in chips) 
Seat 6: posidon1a ($92.77 in chips) 
KarP93: posts small blind $0.50
poker_soul11: posts big blind $1
*** HOLE CARDS ***
Dantepoke226: folds 
posidon1a: raises $1.50 to $2.50
tintin641: folds 
vadjkeee: raises $5 to $7.50
KarP93: folds 
poker_soul11: folds 
posidon1a: calls $5
*** FLOP *** [8d 9c Jh]
posidon1a: checks 
vadjkeee: bets $5.17
posidon1a: raises $15.13 to $20.30
vadjkeee: calls $15.13
*** TURN *** [8d 9c Jh] [2h]
posidon1a: bets $64.97 and is all-in
vadjkeee: calls $64.97
*** RIVER *** [8d 9c Jh 2h] [Ts]
*** SHOW DOWN ***
posidon1a: shows [6h 3h] (high card Jack)
vadjkeee: shows [Ah As] (a pair of Aces)
vadjkeee collected $184.54 from pot
*** SUMMARY ***
Total pot $187.04 | Rake $2.50 
Board [8d 9c Jh 2h Ts]
Seat 1: tintin641 folded before Flop (didn't bet)
Seat 2: vadjkeee (button) showed [Ah As] and won ($184.54) with a pair of Aces
Seat 3: KarP93 (small blind) folded before Flop
Seat 4: poker_soul11 (big blind) folded before Flop
Seat 5: Dantepoke226 folded before Flop (didn't bet)
Seat 6: posidon1a showed [6h 3h] and lost with high card Jack



PokerStars Hand #254264356411:  Hold'em No Limit ($0.50/$1.00 USD) - 2025/01/08 17:55:34 WET [2025/01/08 12:55:34 ET]
Table 'Bianca III' 6-max Seat #3 is the button
Seat 6: posidon1a ($0 in chips) is sitting out
Seat 1: tintin641 ($103.70 in chips) 
Seat 2: vadjkeee ($191.77 in chips) 
Seat 3: KarP93 ($108.57 in chips) 
Seat 4: poker_soul11 ($193.81 in chips) 
Seat 5: Dantepoke226 ($103 in chips) 
poker_soul11: posts small blind $0.50
Dantepoke226: posts big blind $1
*** HOLE CARDS ***
tintin641: folds 
vadjkeee: raises $1.50 to $2.50
posidon1a leaves the table
KarP93: folds 
poker_soul11: folds 
Dantepoke226: folds 
Uncalled bet ($1.50) returned to vadjkeee
vadjkeee collected $2.50 from pot
vadjkeee: doesn't show hand 
*** SUMMARY ***
Total pot $2.50 | Rake $0 
Seat 6: posidon1a
Seat 1: tintin641 folded before Flop (didn't bet)
Seat 2: vadjkeee collected ($2.50)
Seat 3: KarP93 (button) folded before Flop (didn't bet)
Seat 4: poker_soul11 (small blind) folded before Flop
Seat 5: Dantepoke226 (big blind) folded before Flop



PokerStars Hand #254264363265:  Hold'em No Limit ($0.50/$1.00 USD) - 2025/01/08 17:56:07 WET [2025/01/08 12:56:07 ET]
Table 'Bianca III' 6-max Seat #4 is the button
Seat 1: tintin641 ($103.70 in chips) 
Seat 2: vadjkeee ($193.27 in chips) 
Seat 3: KarP93 ($108.57 in chips) 
Seat 4: poker_soul11 ($193.31 in chips) 
Seat 5: Dantepoke226 ($102 in chips) 
Dantepoke226: posts small blind $0.50
tintin641: posts big blind $1
*** HOLE CARDS ***
vadjkeee: folds 
vadjkeee leaves the table
KarP93: raises $1.50 to $2.50
Unipoker11 joins the table at seat #2 
m1lkdud joins the table at seat #6 
m1lkdud is disconnected 
poker_soul11: raises $5 to $7.50
Dantepoke226: folds 
tintin641: folds 
KarP93: folds 
Uncalled bet ($5) returned to poker_soul11
poker_soul11 collected $6.50 from pot
*** SUMMARY ***
Total pot $6.50 | Rake $0 
Seat 1: tintin641 (big blind) folded before Flop
Seat 2: vadjkeee folded before Flop (didn't bet)
Seat 3: KarP93 folded before Flop
Seat 4: poker_soul11 (button) collected ($6.50)
Seat 5: Dantepoke226 (small blind) folded before Flop



PokerStars Hand #254264369605:  Hold'em No Limit ($0.50/$1.00 USD) - 2025/01/08 17:56:38 WET [2025/01/08 12:56:38 ET]
Table 'Bianca III' 6-max Seat #5 is the button
Seat 6: m1lkdud ($100 in chips) is sitting out
Seat 1: tintin641 ($102.70 in chips) 
Seat 2: Unipoker11 ($100 in chips) 
Seat 3: KarP93 ($106.07 in chips) 
Seat 4: poker_soul11 ($197.31 in chips) 
Seat 5: Dantepoke226 ($101.50 in chips) 
tintin641: posts small blind $0.50
Unipoker11: posts big blind $1
*** HOLE CARDS ***
KarP93: folds 
poker_soul11: folds 
Dantepoke226: folds 
tintin641: folds 
Uncalled bet ($0.50) returned to Unipoker11
Unipoker11 collected $1 from pot
Unipoker11: doesn't show hand 
*** SUMMARY ***
Total pot $1 | Rake $0 
Seat 6: m1lkdud
Seat 1: tintin641 (small blind) folded before Flop
Seat 2: Unipoker11 (big blind) collected ($1)
Seat 3: KarP93 folded before Flop (didn't bet)
Seat 4: poker_soul11 folded before Flop (didn't bet)
Seat 5: Dantepoke226 (button) folded before Flop (didn't bet)



PokerStars Hand #254264373330:  Hold'em No Limit ($0.50/$1.00 USD) - 2025/01/08 17:56:56 WET [2025/01/08 12:56:56 ET]
Table 'Bianca III' 6-max Seat #1 is the button
Seat 3: KarP93 ($106.07 in chips) is sitting out
Seat 6: m1lkdud ($100 in chips) is sitting out
Seat 1: tintin641 ($102.20 in chips) 
Seat 2: Unipoker11 ($100.50 in chips) 
Seat 4: poker_soul11 ($197.31 in chips) 
Seat 5: Dantepoke226 ($101.50 in chips) 
Unipoker11: posts small blind $0.50
KarP93: is sitting out 
poker_soul11: posts big blind $1
m1lkdud: sits out 
*** HOLE CARDS ***
Dantepoke226: folds 
tintin641: folds 
Unipoker11: folds 
Uncalled bet ($0.50) returned to poker_soul11
poker_soul11 collected $1 from pot
poker_soul11: doesn't show hand 
*** SUMMARY ***
Total pot $1 | Rake $0 
Seat 3: KarP93
Seat 6: m1lkdud
Seat 1: tintin641 (button) folded before Flop (didn't bet)
Seat 2: Unipoker11 (small blind) folded before Flop
Seat 4: poker_soul11 (big blind) collected ($1)
Seat 5: Dantepoke226 folded before Flop (didn't bet)



PokerStars Hand #254264376904:  Hold'em No Limit ($0.50/$1.00 USD) - 2025/01/08 17:57:14 WET [2025/01/08 12:57:14 ET]
Table 'Bianca III' 6-max Seat #2 is the button
Seat 3: KarP93 ($106.07 in chips) is sitting out
Seat 6: m1lkdud ($100 in chips) is sitting out
Seat 1: tintin641 ($102.20 in chips) 
Seat 2: Unipoker11 ($100 in chips) 
Seat 4: poker_soul11 ($197.81 in chips) 
Seat 5: Dantepoke226 ($101.50 in chips) 
poker_soul11: posts small blind $0.50
Dantepoke226: posts big blind $1
m1lkdud: sits out 
*** HOLE CARDS ***
tintin641: folds 
Unipoker11: raises $1.50 to $2.50
poker_soul11: folds 
Dantepoke226: calls $1.50
*** FLOP *** [Ks 8h Js]
Dantepoke226: checks 
Unipoker11: bets $1.30
Dantepoke226: raises $4.70 to $6
Unipoker11: folds 
Uncalled bet ($4.70) returned to Dantepoke226
Dantepoke226 collected $7.70 from pot
Dantepoke226: doesn't show hand 
*** SUMMARY ***
Total pot $8.10 | Rake $0.40 
Board [Ks 8h Js]
Seat 3: KarP93
Seat 6: m1lkdud
Seat 1: tintin641 folded before Flop (didn't bet)
Seat 2: Unipoker11 (button) folded on the Flop
Seat 4: poker_soul11 (small blind) folded before Flop
Seat 5: Dantepoke226 (big blind) collected ($7.70)



PokerStars Hand #254264387209:  Hold'em No Limit ($0.50/$1.00 USD) - 2025/01/08 17:58:04 WET [2025/01/08 12:58:04 ET]
Table 'Bianca III' 6-max Seat #4 is the button
Seat 3: KarP93 ($106.07 in chips) is sitting out
Seat 1: tintin641 ($102.20 in chips) 
Seat 2: Unipoker11 ($100 in chips) 
Seat 4: poker_soul11 ($197.31 in chips) 
Seat 5: Dantepoke226 ($105.40 in chips) 
Seat 6: m1lkdud ($100 in chips) 
Dantepoke226: posts small blind $0.50
m1lkdud: posts big blind $1
*** HOLE CARDS ***
tintin641: folds 
Unipoker11: folds 
poker_soul11: folds 
Dantepoke226: raises $2 to $3
m1lkdud: folds 
Uncalled bet ($2) returned to Dantepoke226
Dantepoke226 collected $2 from pot
Dantepoke226: doesn't show hand 
*** SUMMARY ***
Total pot $2 | Rake $0 
Seat 3: KarP93
Seat 1: tintin641 folded before Flop (didn't bet)
Seat 2: Unipoker11 folded before Flop (didn't bet)
Seat 4: poker_soul11 (button) folded before Flop (didn't bet)
Seat 5: Dantepoke226 (small blind) collected ($2)
Seat 6: m1lkdud (big blind) folded before Flop



PokerStars Hand #254264391924:  Hold'em No Limit ($0.50/$1.00 USD) - 2025/01/08 17:58:26 WET [2025/01/08 12:58:26 ET]
Table 'Bianca III' 6-max Seat #5 is the button
Seat 3: KarP93 ($106.07 in chips) is sitting out
Seat 1: tintin641 ($102.20 in chips) 
Seat 2: Unipoker11 ($100 in chips) 
Seat 4: poker_soul11 ($197.31 in chips) 
Seat 5: Dantepoke226 ($106.40 in chips) 
Seat 6: m1lkdud ($99 in chips) 
m1lkdud: posts small blind $0.50
tintin641: posts big blind $1
*** HOLE CARDS ***
Unipoker11: raises $1 to $2
poker_soul11: raises $4.50 to $6.50
Dantepoke226: folds 
m1lkdud: folds 
tintin641: folds 
Unipoker11: folds 
Uncalled bet ($4.50) returned to poker_soul11
poker_soul11 collected $5.50 from pot
*** SUMMARY ***
Total pot $5.50 | Rake $0 
Seat 3: KarP93
Seat 1: tintin641 (big blind) folded before Flop
Seat 2: Unipoker11 folded before Flop
Seat 4: poker_soul11 collected ($5.50)
Seat 5: Dantepoke226 (button) folded before Flop (didn't bet)
Seat 6: m1lkdud (small blind) folded before Flop



PokerStars Hand #254264510523:  Hold'em No Limit ($0.50/$1.00 USD) - 2025/01/08 18:06:07 WET [2025/01/08 13:06:07 ET]
Table 'Bianca III' 6-max Seat #1 is the button
Seat 1: tintin641 ($199.50 in chips) 
Seat 2: Unipoker11 ($102 in chips) 
Seat 3: KarP93 ($103 in chips) 
Seat 4: poker_soul11 ($101.31 in chips) 
Seat 5: Dantepoke226 ($129 in chips) 
Seat 6: m1lkdud ($98.50 in chips) 
Unipoker11: posts small blind $0.50
KarP93: posts big blind $1
*** HOLE CARDS ***
poker_soul11: folds 
Dantepoke226: folds 
m1lkdud: folds 
tintin641: folds 
Unipoker11: raises $2 to $3
KarP93: calls $2
*** FLOP *** [Ts 6d 5c]
Unipoker11: bets $1.42
KarP93: folds 
Uncalled bet ($1.42) returned to Unipoker11
Unipoker11 collected $5.70 from pot
Unipoker11: doesn't show hand 
*** SUMMARY ***
Total pot $6 | Rake $0.30 
Board [Ts 6d 5c]
Seat 1: tintin641 (button) folded before Flop (didn't bet)
Seat 2: Unipoker11 (small blind) collected ($5.70)
Seat 3: KarP93 (big blind) folded on the Flop
Seat 4: poker_soul11 folded before Flop (didn't bet)
Seat 5: Dantepoke226 folded before Flop (didn't bet)
Seat 6: m1lkdud folded before Flop (didn't bet)



PokerStars Hand #254264524928:  Hold'em No Limit ($0.50/$1.00 USD) - 2025/01/08 18:06:57 WET [2025/01/08 13:06:57 ET]
Table 'Bianca III' 6-max Seat #2 is the button
Seat 1: tintin641 ($199.50 in chips) 
Seat 2: Unipoker11 ($104.70 in chips) 
Seat 3: KarP93 ($100 in chips) 
Seat 4: poker_soul11 ($101.31 in chips) 
Seat 5: Dantepoke226 ($129 in chips) 
Seat 6: m1lkdud ($98.50 in chips) 
KarP93: posts small blind $0.50
poker_soul11: posts big blind $1
*** HOLE CARDS ***
Dantepoke226: folds 
m1lkdud: raises $2.50 to $3.50
tintin641: folds 
Unipoker11: folds 
KarP93: folds 
poker_soul11: folds 
Uncalled bet ($2.50) returned to m1lkdud
m1lkdud collected $2.50 from pot
*** SUMMARY ***
Total pot $2.50 | Rake $0 
Seat 1: tintin641 folded before Flop (didn't bet)
Seat 2: Unipoker11 (button) folded before Flop (didn't bet)
Seat 3: KarP93 (small blind) folded before Flop
Seat 4: poker_soul11 (big blind) folded before Flop
Seat 5: Dantepoke226 folded before Flop (didn't bet)
Seat 6: m1lkdud collected ($2.50)



PokerStars Hand #254264537028:  Hold'em No Limit ($0.50/$1.00 USD) - 2025/01/08 18:07:38 WET [2025/01/08 13:07:38 ET]
Table 'Bianca III' 6-max Seat #3 is the button
Seat 1: tintin641 ($199.50 in chips) 
Seat 2: Unipoker11 ($104.70 in chips) 
Seat 3: KarP93 ($100 in chips) 
Seat 4: poker_soul11 ($100.31 in chips) 
Seat 5: Dantepoke226 ($129 in chips) 
Seat 6: m1lkdud ($100 in chips) 
poker_soul11: posts small blind $0.50
Dantepoke226: posts big blind $1
*** HOLE CARDS ***
m1lkdud: folds 
tintin641: folds 
Unipoker11: raises $1.30 to $2.30
KarP93: folds 
poker_soul11: folds 
Dantepoke226: folds 
Uncalled bet ($1.30) returned to Unipoker11
Unipoker11 collected $2.50 from pot
Unipoker11: doesn't show hand 
*** SUMMARY ***
Total pot $2.50 | Rake $0 
Seat 1: tintin641 folded before Flop (didn't bet)
Seat 2: Unipoker11 collected ($2.50)
Seat 3: KarP93 (button) folded before Flop (didn't bet)
Seat 4: poker_soul11 (small blind) folded before Flop
Seat 5: Dantepoke226 (big blind) folded before Flop
Seat 6: m1lkdud folded before Flop (didn't bet)



PokerStars Hand #254264544764:  Hold'em No Limit ($0.50/$1.00 USD) - 2025/01/08 18:08:05 WET [2025/01/08 13:08:05 ET]
Table 'Bianca III' 6-max Seat #4 is the button
Seat 1: tintin641 ($199.50 in chips) 
Seat 2: Unipoker11 ($106.20 in chips) 
Seat 3: KarP93 ($100 in chips) 
Seat 4: poker_soul11 ($100 in chips) 
Seat 5: Dantepoke226 ($128 in chips) 
Seat 6: m1lkdud ($100 in chips) 
Dantepoke226: posts small blind $0.50
m1lkdud: posts big blind $1
*** HOLE CARDS ***
tintin641: folds 
Unipoker11: folds 
KarP93: raises $1.50 to $2.50
poker_soul11: folds 
Dantepoke226: folds 
m1lkdud: folds 
Uncalled bet ($1.50) returned to KarP93
KarP93 collected $2.50 from pot
KarP93: doesn't show hand 
*** SUMMARY ***
Total pot $2.50 | Rake $0 
Seat 1: tintin641 folded before Flop (didn't bet)
Seat 2: Unipoker11 folded before Flop (didn't bet)
Seat 3: KarP93 collected ($2.50)
Seat 4: poker_soul11 (button) folded before Flop (didn't bet)
Seat 5: Dantepoke226 (small blind) folded before Flop
Seat 6: m1lkdud (big blind) folded before Flop



PokerStars Hand #254264550142:  Hold'em No Limit ($0.50/$1.00 USD) - 2025/01/08 18:08:23 WET [2025/01/08 13:08:23 ET]
Table 'Bianca III' 6-max Seat #5 is the button
Seat 1: tintin641 ($199.50 in chips) 
Seat 2: Unipoker11 ($106.20 in chips) 
Seat 3: KarP93 ($101.50 in chips) 
Seat 4: poker_soul11 ($100 in chips) 
Seat 5: Dantepoke226 ($127.50 in chips) 
Seat 6: m1lkdud ($99 in chips) 
m1lkdud: posts small blind $0.50
tintin641: posts big blind $1
*** HOLE CARDS ***
Unipoker11: folds 
KarP93: folds 
poker_soul11: folds 
Dantepoke226: raises $1.50 to $2.50
m1lkdud: folds 
tintin641: calls $1.50
*** FLOP *** [2h Ac 2c]
tintin641: checks 
Dantepoke226: bets $1.72
tintin641: calls $1.72
*** TURN *** [2h Ac 2c] [7s]
tintin641: checks 
Dantepoke226: checks 
*** RIVER *** [2h Ac 2c 7s] [Kd]
tintin641: checks 
Dantepoke226: checks 
*** SHOW DOWN ***
tintin641: shows [7c 6c] (two pair, Sevens and Deuces)
Dantepoke226: mucks hand 
tintin641 collected $8.49 from pot
*** SUMMARY ***
Total pot $8.94 | Rake $0.45 
Board [2h Ac 2c 7s Kd]
Seat 1: tintin641 (big blind) showed [7c 6c] and won ($8.49) with two pair, Sevens and Deuces
Seat 2: Unipoker11 folded before Flop (didn't bet)
Seat 3: KarP93 folded before Flop (didn't bet)
Seat 4: poker_soul11 folded before Flop (didn't bet)
Seat 5: Dantepoke226 (button) mucked
Seat 6: m1lkdud (small blind) folded before Flop



PokerStars Hand #254264574928:  Hold'em No Limit ($0.50/$1.00 USD) - 2025/01/08 18:09:48 WET [2025/01/08 13:09:48 ET]
Table 'Bianca III' 6-max Seat #6 is the button
Seat 1: tintin641 ($203.77 in chips) 
Seat 2: Unipoker11 ($106.20 in chips) 
Seat 3: KarP93 ($101.50 in chips) 
Seat 4: poker_soul11 ($100 in chips) 
Seat 5: Dantepoke226 ($123.28 in chips) 
Seat 6: m1lkdud ($98.50 in chips) 
tintin641: posts small blind $0.50
Unipoker11: posts big blind $1
*** HOLE CARDS ***
KarP93: raises $1.50 to $2.50
poker_soul11: folds 
Dantepoke226: folds 
m1lkdud: folds 
tintin641: folds 
Unipoker11: folds 
Uncalled bet ($1.50) returned to KarP93
KarP93 collected $2.50 from pot
KarP93: doesn't show hand 
*** SUMMARY ***
Total pot $2.50 | Rake $0 
Seat 1: tintin641 (small blind) folded before Flop
Seat 2: Unipoker11 (big blind) folded before Flop
Seat 3: KarP93 collected ($2.50)
Seat 4: poker_soul11 folded before Flop (didn't bet)
Seat 5: Dantepoke226 folded before Flop (didn't bet)
Seat 6: m1lkdud (button) folded before Flop (didn't bet)



PokerStars Hand #254264579534:  Hold'em No Limit ($0.50/$1.00 USD) - 2025/01/08 18:10:04 WET [2025/01/08 13:10:04 ET]
Table 'Bianca III' 6-max Seat #1 is the button
Seat 1: tintin641 ($203.27 in chips) 
Seat 2: Unipoker11 ($105.20 in chips) 
Seat 3: KarP93 ($103 in chips) 
Seat 4: poker_soul11 ($100 in chips) 
Seat 5: Dantepoke226 ($123.28 in chips) 
Seat 6: m1lkdud ($98.50 in chips) 
Unipoker11: posts small blind $0.50
KarP93: posts big blind $1
*** HOLE CARDS ***
poker_soul11: folds 
Dantepoke226: folds 
m1lkdud: raises $2.50 to $3.50
tintin641: folds 
Unipoker11: raises $9.50 to $13
KarP93: folds 
m1lkdud: raises $85.50 to $98.50 and is all-in
Unipoker11: folds 
Uncalled bet ($85.50) returned to m1lkdud
m1lkdud collected $27 from pot
*** SUMMARY ***
Total pot $27 | Rake $0 
Seat 1: tintin641 (button) folded before Flop (didn't bet)
Seat 2: Unipoker11 (small blind) folded before Flop
Seat 3: KarP93 (big blind) folded before Flop
Seat 4: poker_soul11 folded before Flop (didn't bet)
Seat 5: Dantepoke226 folded before Flop (didn't bet)
Seat 6: m1lkdud collected ($27)



PokerStars Hand #254264593426:  Hold'em No Limit ($0.50/$1.00 USD) - 2025/01/08 18:10:51 WET [2025/01/08 13:10:51 ET]
Table 'Bianca III' 6-max Seat #2 is the button
Seat 4: poker_soul11 ($100 in chips) is sitting out
Seat 1: tintin641 ($203.27 in chips) 
Seat 2: Unipoker11 ($100 in chips) 
Seat 3: KarP93 ($102 in chips) 
Seat 5: Dantepoke226 ($123.28 in chips) 
Seat 6: m1lkdud ($112.50 in chips) 
KarP93: posts small blind $0.50
poker_soul11: is sitting out 
poker_soul11 leaves the table
Dantepoke226: posts big blind $1
*** HOLE CARDS ***
m1lkdud: folds 
tintin641: folds 
Unipoker11: raises $1.50 to $2.50
KarP93: folds 
Dantepoke226: folds 
Uncalled bet ($1.50) returned to Unipoker11
Christianzt1 joins the table at seat #4 
Unipoker11 collected $2.50 from pot
Unipoker11: doesn't show hand 
*** SUMMARY ***
Total pot $2.50 | Rake $0 
Seat 4: poker_soul11
Seat 1: tintin641 folded before Flop (didn't bet)
Seat 2: Unipoker11 (button) collected ($2.50)
Seat 3: KarP93 (small blind) folded before Flop
Seat 5: Dantepoke226 (big blind) folded before Flop
Seat 6: m1lkdud folded before Flop (didn't bet)



PokerStars Hand #254264598711:  Hold'em No Limit ($0.50/$1.00 USD) - 2025/01/08 18:11:09 WET [2025/01/08 13:11:09 ET]
Table 'Bianca III' 6-max Seat #3 is the button
Seat 4: Christianzt1 ($100 in chips) is sitting out
Seat 1: tintin641 ($203.27 in chips) 
Seat 2: Unipoker11 ($101.50 in chips) 
Seat 3: KarP93 ($101.50 in chips) 
Seat 5: Dantepoke226 ($122.28 in chips) 
Seat 6: m1lkdud ($112.50 in chips) 
Dantepoke226: posts small blind $0.50
m1lkdud: posts big blind $1
*** HOLE CARDS ***
tintin641: folds 
Unipoker11: folds 
KarP93: folds 
Dantepoke226: raises $2 to $3
m1lkdud: raises $6 to $9
Dantepoke226: folds 
Uncalled bet ($6) returned to m1lkdud
m1lkdud collected $6 from pot
*** SUMMARY ***
Total pot $6 | Rake $0 
Seat 4: Christianzt1
Seat 1: tintin641 folded before Flop (didn't bet)
Seat 2: Unipoker11 folded before Flop (didn't bet)
Seat 3: KarP93 (button) folded before Flop (didn't bet)
Seat 5: Dantepoke226 (small blind) folded before Flop
Seat 6: m1lkdud (big blind) collected ($6)



PokerStars Hand #254264609693:  Hold'em No Limit ($0.50/$1.00 USD) - 2025/01/08 18:11:47 WET [2025/01/08 13:11:47 ET]
Table 'Bianca III' 6-max Seat #5 is the button
Seat 4: Christianzt1 ($100 in chips) is sitting out
Seat 1: tintin641 ($203.27 in chips) 
Seat 2: Unipoker11 ($101.50 in chips) 
Seat 3: KarP93 ($101.50 in chips) 
Seat 5: Dantepoke226 ($119.28 in chips) 
Seat 6: m1lkdud ($115.50 in chips) 
m1lkdud: posts small blind $0.50
tintin641: posts big blind $1
Christianzt1: sits out 
*** HOLE CARDS ***
Unipoker11: folds 
KarP93: folds 
Dantepoke226: raises $1.50 to $2.50
m1lkdud: folds 
tintin641: raises $10 to $12.50
Dantepoke226: raises $13.50 to $26
tintin641: folds 
Uncalled bet ($13.50) returned to Dantepoke226
Dantepoke226 collected $25.50 from pot
Dantepoke226: doesn't show hand 
*** SUMMARY ***
Total pot $25.50 | Rake $0 
Seat 4: Christianzt1
Seat 1: tintin641 (big blind) folded before Flop
Seat 2: Unipoker11 folded before Flop (didn't bet)
Seat 3: KarP93 folded before Flop (didn't bet)
Seat 5: Dantepoke226 (button) collected ($25.50)
Seat 6: m1lkdud (small blind) folded before Flop



PokerStars Hand #254264622817:  Hold'em No Limit ($0.50/$1.00 USD) - 2025/01/08 18:12:31 WET [2025/01/08 13:12:31 ET]
Table 'Bianca III' 6-max Seat #6 is the button
Seat 4: Christianzt1 ($100 in chips) is sitting out
Seat 1: tintin641 ($190.77 in chips) 
Seat 2: Unipoker11 ($101.50 in chips) 
Seat 3: KarP93 ($101.50 in chips) 
Seat 5: Dantepoke226 ($132.28 in chips) 
Seat 6: m1lkdud ($115 in chips) 
tintin641: posts small blind $0.50
Unipoker11: posts big blind $1
Christianzt1: sits out 
*** HOLE CARDS ***
KarP93: folds 
Dantepoke226: raises $1.50 to $2.50
m1lkdud: calls $2.50
tintin641: folds 
Unipoker11: folds 
*** FLOP *** [Kc 9d 9h]
Dantepoke226: checks 
m1lkdud: checks 
*** TURN *** [Kc 9d 9h] [Jd]
Dantepoke226: bets $4.08
m1lkdud: folds 
Uncalled bet ($4.08) returned to Dantepoke226
Dantepoke226 collected $6.18 from pot
Dantepoke226: doesn't show hand 
*** SUMMARY ***
Total pot $6.50 | Rake $0.32 
Board [Kc 9d 9h Jd]
Seat 4: Christianzt1
Seat 1: tintin641 (small blind) folded before Flop
Seat 2: Unipoker11 (big blind) folded before Flop
Seat 3: KarP93 folded before Flop (didn't bet)
Seat 5: Dantepoke226 collected ($6.18)
Seat 6: m1lkdud (button) folded on the Turn



PokerStars Hand #254264637066:  Hold'em No Limit ($0.50/$1.00 USD) - 2025/01/08 18:13:18 WET [2025/01/08 13:13:18 ET]
Table 'Bianca III' 6-max Seat #1 is the button
Seat 4: Christianzt1 ($100 in chips) is sitting out
Seat 1: tintin641 ($190.27 in chips) 
Seat 2: Unipoker11 ($100.50 in chips) 
Seat 3: KarP93 ($101.50 in chips) 
Seat 5: Dantepoke226 ($135.96 in chips) 
Seat 6: m1lkdud ($112.50 in chips) 
Unipoker11: posts small blind $0.50
KarP93: posts big blind $1
Christianzt1: sits out 
*** HOLE CARDS ***
Dantepoke226: folds 
m1lkdud: folds 
tintin641: folds 
Unipoker11: raises $2 to $3
KarP93: folds 
Uncalled bet ($2) returned to Unipoker11
Unipoker11 collected $2 from pot
Unipoker11: doesn't show hand 
*** SUMMARY ***
Total pot $2 | Rake $0 
Seat 4: Christianzt1
Seat 1: tintin641 (button) folded before Flop (didn't bet)
Seat 2: Unipoker11 (small blind) collected ($2)
Seat 3: KarP93 (big blind) folded before Flop
Seat 5: Dantepoke226 folded before Flop (didn't bet)
Seat 6: m1lkdud folded before Flop (didn't bet)



PokerStars Hand #254264642467:  Hold'em No Limit ($0.50/$1.00 USD) - 2025/01/08 18:13:37 WET [2025/01/08 13:13:37 ET]
Table 'Bianca III' 6-max Seat #2 is the button
Seat 1: tintin641 ($190.27 in chips) 
Seat 2: Unipoker11 ($101.50 in chips) 
Seat 3: KarP93 ($100.50 in chips) 
Seat 4: Christianzt1 ($100 in chips) 
Seat 5: Dantepoke226 ($135.96 in chips) 
Seat 6: m1lkdud ($112.50 in chips) 
KarP93: posts small blind $0.50
Christianzt1: posts big blind $1
*** HOLE CARDS ***
Dantepoke226: folds 
m1lkdud: raises $2.50 to $3.50
tintin641: folds 
Unipoker11: raises $7.50 to $11
KarP93: folds 
Christianzt1: folds 
m1lkdud: calls $7.50
*** FLOP *** [7c 2h Qd]
m1lkdud: checks 
Unipoker11: bets $5.58
m1lkdud: calls $5.58
*** TURN *** [7c 2h Qd] [8h]
m1lkdud: checks 
Unipoker11: bets $24.70
m1lkdud: raises $71.22 to $95.92 and is all-in
Unipoker11: calls $60.22 and is all-in
Uncalled bet ($11) returned to m1lkdud
*** RIVER *** [7c 2h Qd 8h] [Js]
*** SHOW DOWN ***
m1lkdud: shows [Ah 7h] (a pair of Sevens)
Unipoker11: shows [Ac Ad] (a pair of Aces)
Unipoker11 collected $202 from pot
*** SUMMARY ***
Total pot $204.50 | Rake $2.50 
Board [7c 2h Qd 8h Js]
Seat 1: tintin641 folded before Flop (didn't bet)
Seat 2: Unipoker11 (button) showed [Ac Ad] and won ($202) with a pair of Aces
Seat 3: KarP93 (small blind) folded before Flop
Seat 4: Christianzt1 (big blind) folded before Flop
Seat 5: Dantepoke226 folded before Flop (didn't bet)
Seat 6: m1lkdud showed [Ah 7h] and lost with a pair of Sevens



PokerStars Hand #254264667906:  Hold'em No Limit ($0.50/$1.00 USD) - 2025/01/08 18:15:02 WET [2025/01/08 13:15:02 ET]
Table 'Bianca III' 6-max Seat #3 is the button
Seat 1: tintin641 ($190.27 in chips) 
Seat 2: Unipoker11 ($202 in chips) 
Seat 3: KarP93 ($100 in chips) 
Seat 4: Christianzt1 ($100 in chips) 
Seat 5: Dantepoke226 ($135.96 in chips) 
Seat 6: m1lkdud ($11 in chips) 
Christianzt1: posts small blind $0.50
Dantepoke226: posts big blind $1
*** HOLE CARDS ***
m1lkdud: folds 
m1lkdud leaves the table
tintin641: folds 
Unipoker11 has timed out
Unipoker11: folds 
KarP93: raises $1.50 to $2.50
Christianzt1: folds 
Dantepoke226: folds 
Uncalled bet ($1.50) returned to KarP93
KarP93 collected $2.50 from pot
KarP93: doesn't show hand 
*** SUMMARY ***
Total pot $2.50 | Rake $0 
Seat 1: tintin641 folded before Flop (didn't bet)
Seat 2: Unipoker11 folded before Flop (didn't bet)
Seat 3: KarP93 (button) collected ($2.50)
Seat 4: Christianzt1 (small blind) folded before Flop
Seat 5: Dantepoke226 (big blind) folded before Flop
Seat 6: m1lkdud folded before Flop (didn't bet)



PokerStars Hand #254264676839:  Hold'em No Limit ($0.50/$1.00 USD) - 2025/01/08 18:15:32 WET [2025/01/08 13:15:32 ET]
Table 'Bianca III' 6-max Seat #4 is the button
Seat 1: tintin641 ($190.27 in chips) 
Seat 2: Unipoker11 ($202 in chips) 
Seat 3: KarP93 ($101.50 in chips) 
Seat 4: Christianzt1 ($100 in chips) 
Seat 5: Dantepoke226 ($134.96 in chips) 
Dantepoke226: posts small blind $0.50
tintin641: posts big blind $1
*** HOLE CARDS ***
Unipoker11: folds 
KarP93: raises $1.50 to $2.50
Christianzt1: folds 
Dantepoke226: folds 
tintin641: calls $1.50
*** FLOP *** [3c 8d Js]
tintin641: checks 
KarP93: checks 
*** TURN *** [3c 8d Js] [4d]
tintin641: bets $7.83
KarP93: calls $7.83
*** RIVER *** [3c 8d Js 4d] [Ac]
tintin641: checks 
KarP93: checks 
Ifixbugs joins the table at seat #6 
Ifixbugs is disconnected 
*** SHOW DOWN ***
tintin641: shows [Qh 9h] (high card Ace)
KarP93: shows [8s 9s] (a pair of Eights)
KarP93 collected $20.10 from pot
*** SUMMARY ***
Total pot $21.16 | Rake $1.06 
Board [3c 8d Js 4d Ac]
Seat 1: tintin641 (big blind) showed [Qh 9h] and lost with high card Ace
Seat 2: Unipoker11 folded before Flop (didn't bet)
Seat 3: KarP93 showed [8s 9s] and won ($20.10) with a pair of Eights
Seat 4: Christianzt1 (button) folded before Flop (didn't bet)
Seat 5: Dantepoke226 (small blind) folded before Flop



PokerStars Hand #254264711032:  Hold'em No Limit ($0.50/$1.00 USD) - 2025/01/08 18:17:28 WET [2025/01/08 13:17:28 ET]
Table 'Bianca III' 6-max Seat #5 is the button
Seat 6: Ifixbugs ($80 in chips) is sitting out
Seat 1: tintin641 ($179.94 in chips) 
Seat 2: Unipoker11 ($202 in chips) 
Seat 3: KarP93 ($111.27 in chips) 
Seat 4: Christianzt1 ($100 in chips) 
Seat 5: Dantepoke226 ($134.46 in chips) 
tintin641: posts small blind $0.50
Unipoker11: posts big blind $1
*** HOLE CARDS ***
KarP93: folds 
Christianzt1: raises $1.40 to $2.40
Dantepoke226: raises $5.10 to $7.50
tintin641: folds 
Unipoker11: folds 
Christianzt1: folds 
Uncalled bet ($5.10) returned to Dantepoke226
Dantepoke226 collected $6.30 from pot
Dantepoke226: doesn't show hand 
*** SUMMARY ***
Total pot $6.30 | Rake $0 
Seat 6: Ifixbugs
Seat 1: tintin641 (small blind) folded before Flop
Seat 2: Unipoker11 (big blind) folded before Flop
Seat 3: KarP93 folded before Flop (didn't bet)
Seat 4: Christianzt1 folded before Flop
Seat 5: Dantepoke226 (button) collected ($6.30)



PokerStars Hand #254264718650:  Hold'em No Limit ($0.50/$1.00 USD) - 2025/01/08 18:17:54 WET [2025/01/08 13:17:54 ET]
Table 'Bianca III' 6-max Seat #1 is the button
Seat 3: KarP93 ($111.27 in chips) is sitting out
Seat 4: Christianzt1 ($100 in chips) is sitting out
Seat 6: Ifixbugs ($80 in chips) is sitting out
Seat 1: tintin641 ($179.44 in chips) 
Seat 2: Unipoker11 ($201 in chips) 
Seat 5: Dantepoke226 ($138.36 in chips) 
Unipoker11: posts small blind $0.50
KarP93: is sitting out 
Christianzt1: is sitting out 
Dantepoke226: posts big blind $1
Ifixbugs: sits out 
*** HOLE CARDS ***
tintin641: folds 
Christianzt1 leaves the table
Unipoker11: raises $2 to $3
Dantepoke226: raises $6 to $9
xxxZeka joins the table at seat #4 
Unipoker11: calls $6
*** FLOP *** [Ah 2h 6d]
Unipoker11: checks 
Dantepoke226: bets $5.64
Unipoker11: folds 
Uncalled bet ($5.64) returned to Dantepoke226
Dantepoke226 collected $17.10 from pot
Dantepoke226: doesn't show hand 
*** SUMMARY ***
Total pot $18 | Rake $0.90 
Board [Ah 2h 6d]
Seat 3: KarP93
Seat 4: Christianzt1
Seat 6: Ifixbugs
Seat 1: tintin641 (button) folded before Flop (didn't bet)
Seat 2: Unipoker11 (small blind) folded on the Flop
Seat 5: Dantepoke226 (big blind) collected ($17.10)



PokerStars Hand #254264735477:  Hold'em No Limit ($0.50/$1.00 USD) - 2025/01/08 18:18:51 WET [2025/01/08 13:18:51 ET]
Table 'Bianca III' 6-max Seat #2 is the button
Seat 3: KarP93 ($111.27 in chips) is sitting out
Seat 4: xxxZeka ($100 in chips) is sitting out
Seat 1: tintin641 ($179.44 in chips) 
Seat 2: Unipoker11 ($192 in chips) 
Seat 5: Dantepoke226 ($146.46 in chips) 
Seat 6: Ifixbugs ($80 in chips) 
Dantepoke226: posts small blind $0.50
Ifixbugs: posts big blind $1
*** HOLE CARDS ***
tintin641: folds 
Unipoker11: folds 
Dantepoke226: raises $2 to $3
Ifixbugs: calls $2
*** FLOP *** [8h 5d Tc]
Dantepoke226: checks 
Ifixbugs: checks 
*** TURN *** [8h 5d Tc] [Kh]
Dantepoke226: bets $5.70
Ifixbugs: folds 
Uncalled bet ($5.70) returned to Dantepoke226
Dantepoke226 collected $5.70 from pot
Dantepoke226: doesn't show hand 
*** SUMMARY ***
Total pot $6 | Rake $0.30 
Board [8h 5d Tc Kh]
Seat 3: KarP93
Seat 4: xxxZeka
Seat 1: tintin641 folded before Flop (didn't bet)
Seat 2: Unipoker11 (button) folded before Flop (didn't bet)
Seat 5: Dantepoke226 (small blind) collected ($5.70)
Seat 6: Ifixbugs (big blind) folded on the Turn



PokerStars Hand #254264752830:  Hold'em No Limit ($0.50/$1.00 USD) - 2025/01/08 18:19:50 WET [2025/01/08 13:19:50 ET]
Table 'Bianca III' 6-max Seat #5 is the button
Seat 3: KarP93 ($111.27 in chips) is sitting out
Seat 4: xxxZeka ($100 in chips) is sitting out
Seat 1: tintin641 ($179.44 in chips) 
Seat 2: Unipoker11 ($192 in chips) 
Seat 5: Dantepoke226 ($149.16 in chips) 
Seat 6: Ifixbugs ($77 in chips) 
Ifixbugs: posts small blind $0.50
tintin641: posts big blind $1
xxxZeka: sits out 
*** HOLE CARDS ***
Unipoker11: folds 
Dantepoke226: folds 
Ifixbugs: calls $0.50
tintin641: checks 
*** FLOP *** [6h Ah 7h]
Ifixbugs: checks 
tintin641: checks 
*** TURN *** [6h Ah 7h] [6s]
Ifixbugs: checks 
tintin641: bets $1.43
Ifixbugs: calls $1.43
*** RIVER *** [6h Ah 7h 6s] [4d]
Ifixbugs: checks 
tintin641: bets $3.47
Ifixbugs: folds 
Uncalled bet ($3.47) returned to tintin641
tintin641 collected $4.62 from pot
tintin641: doesn't show hand 
*** SUMMARY ***
Total pot $4.86 | Rake $0.24 
Board [6h Ah 7h 6s 4d]
Seat 3: KarP93
Seat 4: xxxZeka
Seat 1: tintin641 (big blind) collected ($4.62)
Seat 2: Unipoker11 folded before Flop (didn't bet)
Seat 5: Dantepoke226 (button) folded before Flop (didn't bet)
Seat 6: Ifixbugs (small blind) folded on the River



PokerStars Hand #254264773847:  Hold'em No Limit ($0.50/$1.00 USD) - 2025/01/08 18:21:00 WET [2025/01/08 13:21:00 ET]
Table 'Bianca III' 6-max Seat #6 is the button
Seat 3: KarP93 ($111.27 in chips) is sitting out
Seat 4: xxxZeka ($100 in chips) is sitting out
Seat 1: tintin641 ($181.63 in chips) 
Seat 2: Unipoker11 ($192 in chips) 
Seat 5: Dantepoke226 ($149.16 in chips) 
Seat 6: Ifixbugs ($74.57 in chips) 
tintin641: posts small blind $0.50
Unipoker11: posts big blind $1
xxxZeka: sits out 
*** HOLE CARDS ***
Dantepoke226: folds 
Ifixbugs: folds 
tintin641: raises $2 to $3
Unipoker11: calls $2
*** FLOP *** [6d 6h As]
tintin641: checks 
Unipoker11: bets $1.88
tintin641: calls $1.88
*** TURN *** [6d 6h As] [2c]
tintin641: checks 
Unipoker11: checks 
*** RIVER *** [6d 6h As 2c] [3h]
tintin641: checks 
Unipoker11: checks 
*** SHOW DOWN ***
tintin641: shows [3s Ac] (two pair, Aces and Sixes)
Unipoker11: mucks hand 
tintin641 collected $9.27 from pot
*** SUMMARY ***
Total pot $9.76 | Rake $0.49 
Board [6d 6h As 2c 3h]
Seat 3: KarP93
Seat 4: xxxZeka
Seat 1: tintin641 (small blind) showed [3s Ac] and won ($9.27) with two pair, Aces and Sixes
Seat 2: Unipoker11 (big blind) mucked
Seat 5: Dantepoke226 folded before Flop (didn't bet)
Seat 6: Ifixbugs (button) folded before Flop (didn't bet)



PokerStars Hand #254264798746:  Hold'em No Limit ($0.50/$1.00 USD) - 2025/01/08 18:22:23 WET [2025/01/08 13:22:23 ET]
Table 'Bianca III' 6-max Seat #1 is the button
Seat 3: KarP93 ($111.27 in chips) is sitting out
Seat 1: tintin641 ($186.02 in chips) 
Seat 2: Unipoker11 ($187.12 in chips) 
Seat 4: xxxZeka ($100 in chips) 
Seat 5: Dantepoke226 ($149.16 in chips) 
Seat 6: Ifixbugs ($74.57 in chips) 
Unipoker11: posts small blind $0.50
xxxZeka: posts big blind $1
*** HOLE CARDS ***
Dantepoke226: folds 
Ifixbugs: folds 
tintin641: folds 
Unipoker11: raises $2 to $3
xxxZeka: folds 
Uncalled bet ($2) returned to Unipoker11
Unipoker11 collected $2 from pot
Unipoker11: doesn't show hand 
*** SUMMARY ***
Total pot $2 | Rake $0 
Seat 3: KarP93
Seat 1: tintin641 (button) folded before Flop (didn't bet)
Seat 2: Unipoker11 (small blind) collected ($2)
Seat 4: xxxZeka (big blind) folded before Flop
Seat 5: Dantepoke226 folded before Flop (didn't bet)
Seat 6: Ifixbugs folded before Flop (didn't bet)



PokerStars Hand #254264808523:  Hold'em No Limit ($0.50/$1.00 USD) - 2025/01/08 18:22:56 WET [2025/01/08 13:22:56 ET]
Table 'Bianca III' 6-max Seat #2 is the button
Seat 3: KarP93 ($111.27 in chips) is sitting out
Seat 1: tintin641 ($186.02 in chips) 
Seat 2: Unipoker11 ($188.12 in chips) 
Seat 4: xxxZeka ($100 in chips) 
Seat 5: Dantepoke226 ($149.16 in chips) 
Seat 6: Ifixbugs ($74.57 in chips) 
xxxZeka: posts small blind $0.50
Dantepoke226: posts big blind $1
*** HOLE CARDS ***
Ifixbugs: folds 
tintin641: folds 
Unipoker11: folds 
KarP93 leaves the table
xxxZeka: folds 
Uncalled bet ($0.50) returned to Dantepoke226
Dantepoke226 collected $1 from pot
Dantepoke226: doesn't show hand 
*** SUMMARY ***
Total pot $1 | Rake $0 
Seat 3: KarP93
Seat 1: tintin641 folded before Flop (didn't bet)
Seat 2: Unipoker11 (button) folded before Flop (didn't bet)
Seat 4: xxxZeka (small blind) folded before Flop
Seat 5: Dantepoke226 (big blind) collected ($1)
Seat 6: Ifixbugs folded before Flop (didn't bet)



PokerStars Hand #254264814341:  Hold'em No Limit ($0.50/$1.00 USD) - 2025/01/08 18:23:16 WET [2025/01/08 13:23:16 ET]
Table 'Bianca III' 6-max Seat #4 is the button
Seat 1: tintin641 ($186.02 in chips) 
Seat 2: Unipoker11 ($188.12 in chips) 
Seat 4: xxxZeka ($100 in chips) 
Seat 5: Dantepoke226 ($149.66 in chips) 
Seat 6: Ifixbugs ($74.57 in chips) 
Dantepoke226: posts small blind $0.50
Ifixbugs: posts big blind $1
*** HOLE CARDS ***
vadjkeee joins the table at seat #3 
tintin641: folds 
Unipoker11: raises $1.30 to $2.30
xxxZeka: folds 
Dantepoke226: folds 
Ifixbugs: folds 
Uncalled bet ($1.30) returned to Unipoker11
Unipoker11 collected $2.50 from pot
Unipoker11: doesn't show hand 
*** SUMMARY ***
Total pot $2.50 | Rake $0 
Seat 1: tintin641 folded before Flop (didn't bet)
Seat 2: Unipoker11 collected ($2.50)
Seat 4: xxxZeka (button) folded before Flop (didn't bet)
Seat 5: Dantepoke226 (small blind) folded before Flop
Seat 6: Ifixbugs (big blind) folded before Flop



PokerStars Hand #254264819901:  Hold'em No Limit ($0.50/$1.00 USD) - 2025/01/08 18:23:34 WET [2025/01/08 13:23:34 ET]
Table 'Bianca III' 6-max Seat #5 is the button
Seat 3: vadjkeee ($193.27 in chips) is sitting out
Seat 1: tintin641 ($186.02 in chips) 
Seat 2: Unipoker11 ($189.62 in chips) 
Seat 4: xxxZeka ($100 in chips) 
Seat 5: Dantepoke226 ($149.16 in chips) 
Seat 6: Ifixbugs ($73.57 in chips) 
Ifixbugs: posts small blind $0.50
tintin641: posts big blind $1
vadjkeee: sits out 
*** HOLE CARDS ***
Unipoker11: folds 
xxxZeka: folds 
Dantepoke226: folds 
Ifixbugs: folds 
Uncalled bet ($0.50) returned to tintin641
tintin641 collected $1 from pot
tintin641: doesn't show hand 
*** SUMMARY ***
Total pot $1 | Rake $0 
Seat 3: vadjkeee
Seat 1: tintin641 (big blind) collected ($1)
Seat 2: Unipoker11 folded before Flop (didn't bet)
Seat 4: xxxZeka folded before Flop (didn't bet)
Seat 5: Dantepoke226 (button) folded before Flop (didn't bet)
Seat 6: Ifixbugs (small blind) folded before Flop



PokerStars Hand #254264825031:  Hold'em No Limit ($0.50/$1.00 USD) - 2025/01/08 18:23:51 WET [2025/01/08 13:23:51 ET]
Table 'Bianca III' 6-max Seat #6 is the button
Seat 3: vadjkeee ($193.27 in chips) is sitting out
Seat 1: tintin641 ($186.52 in chips) 
Seat 2: Unipoker11 ($189.62 in chips) 
Seat 4: xxxZeka ($100 in chips) 
Seat 5: Dantepoke226 ($149.16 in chips) 
Seat 6: Ifixbugs ($73.07 in chips) 
tintin641: posts small blind $0.50
Unipoker11: posts big blind $1
vadjkeee: sits out 
*** HOLE CARDS ***
xxxZeka: folds 
Dantepoke226: folds 
Ifixbugs: raises $2 to $3
tintin641: folds 
Unipoker11: folds 
Uncalled bet ($2) returned to Ifixbugs
Ifixbugs collected $2.50 from pot
*** SUMMARY ***
Total pot $2.50 | Rake $0 
Seat 3: vadjkeee
Seat 1: tintin641 (small blind) folded before Flop
Seat 2: Unipoker11 (big blind) folded before Flop
Seat 4: xxxZeka folded before Flop (didn't bet)
Seat 5: Dantepoke226 folded before Flop (didn't bet)
Seat 6: Ifixbugs (button) collected ($2.50)



PokerStars Hand #254264829421:  Hold'em No Limit ($0.50/$1.00 USD) - 2025/01/08 18:24:06 WET [2025/01/08 13:24:06 ET]
Table 'Bianca III' 6-max Seat #1 is the button
Seat 1: tintin641 ($186.02 in chips) 
Seat 2: Unipoker11 ($188.62 in chips) 
Seat 3: vadjkeee ($193.27 in chips) 
Seat 4: xxxZeka ($100 in chips) 
Seat 5: Dantepoke226 ($149.16 in chips) 
Seat 6: Ifixbugs ($74.57 in chips) 
Unipoker11: posts small blind $0.50
vadjkeee: posts big blind $1
*** HOLE CARDS ***
xxxZeka: folds 
Dantepoke226: raises $1.50 to $2.50
Ifixbugs: calls $2.50
tintin641: folds 
Unipoker11: folds 
vadjkeee: folds 
*** FLOP *** [Ah 2c Kh]
Dantepoke226: bets $2.04
Ifixbugs: calls $2.04
*** TURN *** [Ah 2c Kh] [Qh]
Dantepoke226: bets $6.63
Ifixbugs: calls $6.63
*** RIVER *** [Ah 2c Kh Qh] [9c]
Dantepoke226: bets $17
Ifixbugs: folds 
Uncalled bet ($17) returned to Dantepoke226
Dantepoke226 collected $22.65 from pot
Dantepoke226: doesn't show hand 
*** SUMMARY ***
Total pot $23.84 | Rake $1.19 
Board [Ah 2c Kh Qh 9c]
Seat 1: tintin641 (button) folded before Flop (didn't bet)
Seat 2: Unipoker11 (small blind) folded before Flop
Seat 3: vadjkeee (big blind) folded before Flop
Seat 4: xxxZeka folded before Flop (didn't bet)
Seat 5: Dantepoke226 collected ($22.65)
Seat 6: Ifixbugs folded on the River



PokerStars Hand #254264848440:  Hold'em No Limit ($0.50/$1.00 USD) - 2025/01/08 18:25:10 WET [2025/01/08 13:25:10 ET]
Table 'Bianca III' 6-max Seat #2 is the button
Seat 1: tintin641 ($186.02 in chips) 
Seat 2: Unipoker11 ($188.12 in chips) 
Seat 3: vadjkeee ($192.27 in chips) 
Seat 4: xxxZeka ($100 in chips) 
Seat 5: Dantepoke226 ($160.64 in chips) 
Seat 6: Ifixbugs ($63.40 in chips) 
vadjkeee: posts small blind $0.50
xxxZeka: posts big blind $1
*** HOLE CARDS ***
Dantepoke226: folds 
Ifixbugs: folds 
tintin641: raises $1.50 to $2.50
Unipoker11: raises $5 to $7.50
vadjkeee: folds 
xxxZeka: folds 
tintin641: calls $5
*** FLOP *** [2h 2s 9s]
tintin641: checks 
Unipoker11: bets $7.84
tintin641: calls $7.84
*** TURN *** [2h 2s 9s] [6s]
tintin641: checks 
Unipoker11: checks 
*** RIVER *** [2h 2s 9s 6s] [Qh]
tintin641: checks 
Unipoker11: checks 
*** SHOW DOWN ***
tintin641: shows [8h 8c] (two pair, Eights and Deuces)
Unipoker11: shows [Ts Tc] (two pair, Tens and Deuces)
Unipoker11 collected $30.57 from pot
*** SUMMARY ***
Total pot $32.18 | Rake $1.61 
Board [2h 2s 9s 6s Qh]
Seat 1: tintin641 showed [8h 8c] and lost with two pair, Eights and Deuces
Seat 2: Unipoker11 (button) showed [Ts Tc] and won ($30.57) with two pair, Tens and Deuces
Seat 3: vadjkeee (small blind) folded before Flop
Seat 4: xxxZeka (big blind) folded before Flop
Seat 5: Dantepoke226 folded before Flop (didn't bet)
Seat 6: Ifixbugs folded before Flop (didn't bet)



PokerStars Hand #254264872063:  Hold'em No Limit ($0.50/$1.00 USD) - 2025/01/08 18:26:28 WET [2025/01/08 13:26:28 ET]
Table 'Bianca III' 6-max Seat #3 is the button
Seat 1: tintin641 ($170.68 in chips) 
Seat 2: Unipoker11 ($203.35 in chips) 
Seat 3: vadjkeee ($191.77 in chips) 
Seat 4: xxxZeka ($100 in chips) 
Seat 5: Dantepoke226 ($160.64 in chips) 
Seat 6: Ifixbugs ($63.40 in chips) 
xxxZeka: posts small blind $0.50
Dantepoke226: posts big blind $1
*** HOLE CARDS ***
Ifixbugs: folds 
tintin641: folds 
Unipoker11: folds 
vadjkeee: raises $1.50 to $2.50
xxxZeka: raises $8.50 to $11
Dantepoke226: folds 
vadjkeee: folds 
Uncalled bet ($8.50) returned to xxxZeka
xxxZeka collected $6 from pot
xxxZeka: doesn't show hand 
*** SUMMARY ***
Total pot $6 | Rake $0 
Seat 1: tintin641 folded before Flop (didn't bet)
Seat 2: Unipoker11 folded before Flop (didn't bet)
Seat 3: vadjkeee (button) folded before Flop
Seat 4: xxxZeka (small blind) collected ($6)
Seat 5: Dantepoke226 (big blind) folded before Flop
Seat 6: Ifixbugs folded before Flop (didn't bet)



PokerStars Hand #254264880725:  Hold'em No Limit ($0.50/$1.00 USD) - 2025/01/08 18:26:57 WET [2025/01/08 13:26:57 ET]
Table 'Bianca III' 6-max Seat #4 is the button
Seat 1: tintin641 ($170.68 in chips) 
Seat 2: Unipoker11 ($203.35 in chips) 
Seat 3: vadjkeee ($189.27 in chips) 
Seat 4: xxxZeka ($103.50 in chips) 
Seat 5: Dantepoke226 ($159.64 in chips) 
Seat 6: Ifixbugs ($63.40 in chips) 
Dantepoke226: posts small blind $0.50
Ifixbugs: posts big blind $1
*** HOLE CARDS ***
tintin641: raises $1.50 to $2.50
Unipoker11: folds 
vadjkeee: folds 
xxxZeka: folds 
Dantepoke226: folds 
Ifixbugs: folds 
Uncalled bet ($1.50) returned to tintin641
tintin641 collected $2.50 from pot
tintin641: doesn't show hand 
*** SUMMARY ***
Total pot $2.50 | Rake $0 
Seat 1: tintin641 collected ($2.50)
Seat 2: Unipoker11 folded before Flop (didn't bet)
Seat 3: vadjkeee folded before Flop (didn't bet)
Seat 4: xxxZeka (button) folded before Flop (didn't bet)
Seat 5: Dantepoke226 (small blind) folded before Flop
Seat 6: Ifixbugs (big blind) folded before Flop



PokerStars Hand #254264888889:  Hold'em No Limit ($0.50/$1.00 USD) - 2025/01/08 18:27:24 WET [2025/01/08 13:27:24 ET]
Table 'Bianca III' 6-max Seat #5 is the button
Seat 1: tintin641 ($172.18 in chips) 
Seat 2: Unipoker11 ($203.35 in chips) 
Seat 3: vadjkeee ($189.27 in chips) 
Seat 4: xxxZeka ($103.50 in chips) 
Seat 5: Dantepoke226 ($159.14 in chips) 
Seat 6: Ifixbugs ($62.40 in chips) 
Ifixbugs: posts small blind $0.50
tintin641: posts big blind $1
*** HOLE CARDS ***
Unipoker11: folds 
vadjkeee: folds 
xxxZeka: folds 
Dantepoke226: raises $1.50 to $2.50
Ifixbugs: raises $5.50 to $8
tintin641: folds 
Dantepoke226: calls $5.50
*** FLOP *** [6h 9h 9s]
Ifixbugs: bets $6
Dantepoke226: calls $6
*** TURN *** [6h 9h 9s] [Jh]
Ifixbugs: bets $12
Dantepoke226: calls $12
*** RIVER *** [6h 9h 9s Jh] [7s]
Ifixbugs: bets $19
Dantepoke226: folds 
Uncalled bet ($19) returned to Ifixbugs
Ifixbugs collected $50.50 from pot
*** SUMMARY ***
Total pot $53 | Rake $2.50 
Board [6h 9h 9s Jh 7s]
Seat 1: tintin641 (big blind) folded before Flop
Seat 2: Unipoker11 folded before Flop (didn't bet)
Seat 3: vadjkeee folded before Flop (didn't bet)
Seat 4: xxxZeka folded before Flop (didn't bet)
Seat 5: Dantepoke226 (button) folded on the River
Seat 6: Ifixbugs (small blind) collected ($50.50)



PokerStars Hand #254264932786:  Hold'em No Limit ($0.50/$1.00 USD) - 2025/01/08 18:29:52 WET [2025/01/08 13:29:52 ET]
Table 'Bianca III' 6-max Seat #6 is the button
Seat 1: tintin641 ($171.18 in chips) 
Seat 2: Unipoker11 ($203.35 in chips) 
Seat 3: vadjkeee ($189.27 in chips) 
Seat 4: xxxZeka ($103.50 in chips) 
Seat 5: Dantepoke226 ($133.14 in chips) 
Seat 6: Ifixbugs ($86.90 in chips) 
tintin641: posts small blind $0.50
Unipoker11: posts big blind $1
*** HOLE CARDS ***
vadjkeee: folds 
xxxZeka: folds 
Dantepoke226: raises $1.50 to $2.50
Ifixbugs: calls $2.50
tintin641: folds 
Unipoker11: folds 
*** FLOP *** [4d Th Qh]
Dantepoke226: checks 
Ifixbugs: checks 
*** TURN *** [4d Th Qh] [Qd]
Dantepoke226: checks 
Ifixbugs: bets $3
Dantepoke226: calls $3
*** RIVER *** [4d Th Qh Qd] [2s]
Dantepoke226: checks 
Ifixbugs: checks 
*** SHOW DOWN ***
Dantepoke226: shows [As Jd] (a pair of Queens)
Ifixbugs: shows [6c 6d] (two pair, Queens and Sixes)
Ifixbugs collected $11.88 from pot
*** SUMMARY ***
Total pot $12.50 | Rake $0.62 
Board [4d Th Qh Qd 2s]
Seat 1: tintin641 (small blind) folded before Flop
Seat 2: Unipoker11 (big blind) folded before Flop
Seat 3: vadjkeee folded before Flop (didn't bet)
Seat 4: xxxZeka folded before Flop (didn't bet)
Seat 5: Dantepoke226 showed [As Jd] and lost with a pair of Queens
Seat 6: Ifixbugs (button) showed [6c 6d] and won ($11.88) with two pair, Queens and Sixes



PokerStars Hand #254264953246:  Hold'em No Limit ($0.50/$1.00 USD) - 2025/01/08 18:30:58 WET [2025/01/08 13:30:58 ET]
Table 'Bianca III' 6-max Seat #1 is the button
Seat 1: tintin641 ($170.68 in chips) 
Seat 2: Unipoker11 ($202.35 in chips) 
Seat 3: vadjkeee ($189.27 in chips) 
Seat 4: xxxZeka ($103.50 in chips) 
Seat 5: Dantepoke226 ($127.64 in chips) 
Seat 6: Ifixbugs ($93.28 in chips) 
Unipoker11: posts small blind $0.50
vadjkeee: posts big blind $1
*** HOLE CARDS ***
xxxZeka: folds 
Dantepoke226: folds 
Ifixbugs: folds 
tintin641: folds 
Unipoker11: folds 
Uncalled bet ($0.50) returned to vadjkeee
vadjkeee collected $1 from pot
vadjkeee: doesn't show hand 
*** SUMMARY ***
Total pot $1 | Rake $0 
Seat 1: tintin641 (button) folded before Flop (didn't bet)
Seat 2: Unipoker11 (small blind) folded before Flop
Seat 3: vadjkeee (big blind) collected ($1)
Seat 4: xxxZeka folded before Flop (didn't bet)
Seat 5: Dantepoke226 folded before Flop (didn't bet)
Seat 6: Ifixbugs folded before Flop (didn't bet)



PokerStars Hand #254264956403:  Hold'em No Limit ($0.50/$1.00 USD) - 2025/01/08 18:31:08 WET [2025/01/08 13:31:08 ET]
Table 'Bianca III' 6-max Seat #2 is the button
Seat 1: tintin641 ($170.68 in chips) 
Seat 2: Unipoker11 ($201.85 in chips) 
Seat 3: vadjkeee ($189.77 in chips) 
Seat 4: xxxZeka ($103.50 in chips) 
Seat 5: Dantepoke226 ($127.64 in chips) 
Seat 6: Ifixbugs ($93.28 in chips) 
vadjkeee: posts small blind $0.50
xxxZeka: posts big blind $1
*** HOLE CARDS ***
Dantepoke226: folds 
Ifixbugs: folds 
tintin641: folds 
Unipoker11: folds 
vadjkeee: folds 
Uncalled bet ($0.50) returned to xxxZeka
xxxZeka collected $1 from pot
xxxZeka: doesn't show hand 
*** SUMMARY ***
Total pot $1 | Rake $0 
Seat 1: tintin641 folded before Flop (didn't bet)
Seat 2: Unipoker11 (button) folded before Flop (didn't bet)
Seat 3: vadjkeee (small blind) folded before Flop
Seat 4: xxxZeka (big blind) collected ($1)
Seat 5: Dantepoke226 folded before Flop (didn't bet)
Seat 6: Ifixbugs folded before Flop (didn't bet)



PokerStars Hand #254264964358:  Hold'em No Limit ($0.50/$1.00 USD) - 2025/01/08 18:31:34 WET [2025/01/08 13:31:34 ET]
Table 'Bianca III' 6-max Seat #3 is the button
Seat 1: tintin641 ($170.68 in chips) 
Seat 2: Unipoker11 ($201.85 in chips) 
Seat 3: vadjkeee ($189.27 in chips) 
Seat 4: xxxZeka ($104 in chips) 
Seat 5: Dantepoke226 ($127.64 in chips) 
Seat 6: Ifixbugs ($93.28 in chips) 
xxxZeka: posts small blind $0.50
Dantepoke226: posts big blind $1
*** HOLE CARDS ***
Ifixbugs: folds 
tintin641: folds 
Unipoker11: raises $1.30 to $2.30
vadjkeee: folds 
xxxZeka: folds 
Dantepoke226: folds 
Uncalled bet ($1.30) returned to Unipoker11
Unipoker11 collected $2.50 from pot
Unipoker11: doesn't show hand 
*** SUMMARY ***
Total pot $2.50 | Rake $0 
Seat 1: tintin641 folded before Flop (didn't bet)
Seat 2: Unipoker11 collected ($2.50)
Seat 3: vadjkeee (button) folded before Flop (didn't bet)
Seat 4: xxxZeka (small blind) folded before Flop
Seat 5: Dantepoke226 (big blind) folded before Flop
Seat 6: Ifixbugs folded before Flop (didn't bet)



PokerStars Hand #254264973566:  Hold'em No Limit ($0.50/$1.00 USD) - 2025/01/08 18:32:04 WET [2025/01/08 13:32:04 ET]
Table 'Bianca III' 6-max Seat #4 is the button
Seat 1: tintin641 ($170.68 in chips) 
Seat 2: Unipoker11 ($203.35 in chips) 
Seat 3: vadjkeee ($189.27 in chips) 
Seat 4: xxxZeka ($103.50 in chips) 
Seat 5: Dantepoke226 ($126.64 in chips) 
Seat 6: Ifixbugs ($93.28 in chips) 
Dantepoke226: posts small blind $0.50
Ifixbugs: posts big blind $1
*** HOLE CARDS ***
tintin641: folds 
Unipoker11: folds 
vadjkeee: folds 
xxxZeka: folds 
Dantepoke226: folds 
Uncalled bet ($0.50) returned to Ifixbugs
Ifixbugs collected $1 from pot
*** SUMMARY ***
Total pot $1 | Rake $0 
Seat 1: tintin641 folded before Flop (didn't bet)
Seat 2: Unipoker11 folded before Flop (didn't bet)
Seat 3: vadjkeee folded before Flop (didn't bet)
Seat 4: xxxZeka (button) folded before Flop (didn't bet)
Seat 5: Dantepoke226 (small blind) folded before Flop
Seat 6: Ifixbugs (big blind) collected ($1)



PokerStars Hand #254264979235:  Hold'em No Limit ($0.50/$1.00 USD) - 2025/01/08 18:32:22 WET [2025/01/08 13:32:22 ET]
Table 'Bianca III' 6-max Seat #5 is the button
Seat 1: tintin641 ($170.68 in chips) 
Seat 2: Unipoker11 ($203.35 in chips) 
Seat 3: vadjkeee ($189.27 in chips) 
Seat 4: xxxZeka ($103.50 in chips) 
Seat 5: Dantepoke226 ($126.14 in chips) 
Seat 6: Ifixbugs ($93.78 in chips) 
Ifixbugs: posts small blind $0.50
tintin641: posts big blind $1
*** HOLE CARDS ***
Unipoker11: folds 
vadjkeee: folds 
xxxZeka: folds 
Dantepoke226: folds 
Ifixbugs: folds 
Uncalled bet ($0.50) returned to tintin641
tintin641 collected $1 from pot
tintin641: doesn't show hand 
*** SUMMARY ***
Total pot $1 | Rake $0 
Seat 1: tintin641 (big blind) collected ($1)
Seat 2: Unipoker11 folded before Flop (didn't bet)
Seat 3: vadjkeee folded before Flop (didn't bet)
Seat 4: xxxZeka folded before Flop (didn't bet)
Seat 5: Dantepoke226 (button) folded before Flop (didn't bet)
Seat 6: Ifixbugs (small blind) folded before Flop



PokerStars Hand #254264982816:  Hold'em No Limit ($0.50/$1.00 USD) - 2025/01/08 18:32:34 WET [2025/01/08 13:32:34 ET]
Table 'Bianca III' 6-max Seat #6 is the button
Seat 1: tintin641 ($171.18 in chips) 
Seat 2: Unipoker11 ($203.35 in chips) 
Seat 3: vadjkeee ($189.27 in chips) 
Seat 4: xxxZeka ($103.50 in chips) 
Seat 5: Dantepoke226 ($126.14 in chips) 
Seat 6: Ifixbugs ($93.28 in chips) 
tintin641: posts small blind $0.50
Unipoker11: posts big blind $1
*** HOLE CARDS ***
vadjkeee: folds 
xxxZeka: folds 
Dantepoke226: folds 
Ifixbugs: folds 
tintin641: raises $2 to $3
Unipoker11: folds 
Uncalled bet ($2) returned to tintin641
tintin641 collected $2 from pot
tintin641: doesn't show hand 
*** SUMMARY ***
Total pot $2 | Rake $0 
Seat 1: tintin641 (small blind) collected ($2)
Seat 2: Unipoker11 (big blind) folded before Flop
Seat 3: vadjkeee folded before Flop (didn't bet)
Seat 4: xxxZeka folded before Flop (didn't bet)
Seat 5: Dantepoke226 folded before Flop (didn't bet)
Seat 6: Ifixbugs (button) folded before Flop (didn't bet)



PokerStars Hand #254264989788:  Hold'em No Limit ($0.50/$1.00 USD) - 2025/01/08 18:32:57 WET [2025/01/08 13:32:57 ET]
Table 'Bianca III' 6-max Seat #1 is the button
Seat 1: tintin641 ($172.18 in chips) 
Seat 2: Unipoker11 ($202.35 in chips) 
Seat 3: vadjkeee ($189.27 in chips) 
Seat 4: xxxZeka ($103.50 in chips) 
Seat 5: Dantepoke226 ($126.14 in chips) 
Seat 6: Ifixbugs ($93.28 in chips) 
Unipoker11: posts small blind $0.50
vadjkeee: posts big blind $1
*** HOLE CARDS ***
xxxZeka: folds 
Dantepoke226: raises $1.50 to $2.50
Ifixbugs: folds 
tintin641: raises $5 to $7.50
Unipoker11: folds 
vadjkeee: folds 
Dantepoke226: folds 
Uncalled bet ($5) returned to tintin641
tintin641 collected $6.50 from pot
tintin641: doesn't show hand 
*** SUMMARY ***
Total pot $6.50 | Rake $0 
Seat 1: tintin641 (button) collected ($6.50)
Seat 2: Unipoker11 (small blind) folded before Flop
Seat 3: vadjkeee (big blind) folded before Flop
Seat 4: xxxZeka folded before Flop (didn't bet)
Seat 5: Dantepoke226 folded before Flop
Seat 6: Ifixbugs folded before Flop (didn't bet)



PokerStars Hand #254265001212:  Hold'em No Limit ($0.50/$1.00 USD) - 2025/01/08 18:33:34 WET [2025/01/08 13:33:34 ET]
Table 'Bianca III' 6-max Seat #2 is the button
Seat 1: tintin641 ($176.18 in chips) 
Seat 2: Unipoker11 ($201.85 in chips) 
Seat 3: vadjkeee ($188.27 in chips) 
Seat 4: xxxZeka ($103.50 in chips) 
Seat 5: Dantepoke226 ($123.64 in chips) 
Seat 6: Ifixbugs ($93.28 in chips) 
vadjkeee: posts small blind $0.50
xxxZeka: posts big blind $1
*** HOLE CARDS ***
Dantepoke226: raises $1.50 to $2.50
Ifixbugs: folds 
tintin641: raises $5 to $7.50
Unipoker11: folds 
vadjkeee: folds 
xxxZeka: folds 
Dantepoke226: folds 
Uncalled bet ($5) returned to tintin641
tintin641 collected $6.50 from pot
tintin641: doesn't show hand 
*** SUMMARY ***
Total pot $6.50 | Rake $0 
Seat 1: tintin641 collected ($6.50)
Seat 2: Unipoker11 (button) folded before Flop (didn't bet)
Seat 3: vadjkeee (small blind) folded before Flop
Seat 4: xxxZeka (big blind) folded before Flop
Seat 5: Dantepoke226 folded before Flop
Seat 6: Ifixbugs folded before Flop (didn't bet)



PokerStars Hand #254265016083:  Hold'em No Limit ($0.50/$1.00 USD) - 2025/01/08 18:34:22 WET [2025/01/08 13:34:22 ET]
Table 'Bianca III' 6-max Seat #3 is the button
Seat 5: Dantepoke226 ($121.14 in chips) is sitting out
Seat 1: tintin641 ($180.18 in chips) 
Seat 2: Unipoker11 ($201.85 in chips) 
Seat 3: vadjkeee ($187.77 in chips) 
Seat 4: xxxZeka ($102.50 in chips) 
Seat 6: Ifixbugs ($93.28 in chips) 
xxxZeka: posts small blind $0.50
Dantepoke226: is sitting out 
Ifixbugs: posts big blind $1
*** HOLE CARDS ***
tintin641: raises $1.50 to $2.50
Unipoker11: calls $2.50
vadjkeee: folds 
xxxZeka: folds 
Dantepoke226 leaves the table
BoyLoc0 joins the table at seat #5 
Ifixbugs: folds 
*** FLOP *** [2c 5d 8s]
tintin641: checks 
Unipoker11: bets $2.04
tintin641: calls $2.04
*** TURN *** [2c 5d 8s] [2s]
tintin641: checks 
Unipoker11: bets $15.08
tintin641: folds 
Uncalled bet ($15.08) returned to Unipoker11
Unipoker11 collected $10.05 from pot
Unipoker11: doesn't show hand 
*** SUMMARY ***
Total pot $10.58 | Rake $0.53 
Board [2c 5d 8s 2s]
Seat 5: Dantepoke226
Seat 1: tintin641 folded on the Turn
Seat 2: Unipoker11 collected ($10.05)
Seat 3: vadjkeee (button) folded before Flop (didn't bet)
Seat 4: xxxZeka (small blind) folded before Flop
Seat 6: Ifixbugs (big blind) folded before Flop



PokerStars Hand #254265034594:  Hold'em No Limit ($0.50/$1.00 USD) - 2025/01/08 18:35:22 WET [2025/01/08 13:35:22 ET]
Table 'Bianca III' 6-max Seat #4 is the button
Seat 5: BoyLoc0 ($100 in chips) is sitting out
Seat 1: tintin641 ($175.64 in chips) 
Seat 2: Unipoker11 ($207.36 in chips) 
Seat 3: vadjkeee ($187.77 in chips) 
Seat 4: xxxZeka ($102 in chips) 
Seat 6: Ifixbugs ($92.28 in chips) 
Ifixbugs: posts small blind $0.50
tintin641: posts big blind $1
*** HOLE CARDS ***
Unipoker11: folds 
vadjkeee: folds 
xxxZeka: folds 
Ifixbugs: folds 
Uncalled bet ($0.50) returned to tintin641
tintin641 collected $1 from pot
tintin641: doesn't show hand 
*** SUMMARY ***
Total pot $1 | Rake $0 
Seat 5: BoyLoc0
Seat 1: tintin641 (big blind) collected ($1)
Seat 2: Unipoker11 folded before Flop (didn't bet)
Seat 3: vadjkeee folded before Flop (didn't bet)
Seat 4: xxxZeka (button) folded before Flop (didn't bet)
Seat 6: Ifixbugs (small blind) folded before Flop



PokerStars Hand #254265038081:  Hold'em No Limit ($0.50/$1.00 USD) - 2025/01/08 18:35:33 WET [2025/01/08 13:35:33 ET]
Table 'Bianca III' 6-max Seat #6 is the button
Seat 5: BoyLoc0 ($100 in chips) is sitting out
Seat 1: tintin641 ($176.14 in chips) 
Seat 2: Unipoker11 ($207.36 in chips) 
Seat 3: vadjkeee ($187.77 in chips) 
Seat 4: xxxZeka ($102 in chips) 
Seat 6: Ifixbugs ($91.78 in chips) 
tintin641: posts small blind $0.50
Unipoker11: posts big blind $1
BoyLoc0: sits out 
*** HOLE CARDS ***
vadjkeee: folds 
xxxZeka: folds 
Ifixbugs: folds 
tintin641: folds 
Uncalled bet ($0.50) returned to Unipoker11
Unipoker11 collected $1 from pot
Unipoker11: doesn't show hand 
*** SUMMARY ***
Total pot $1 | Rake $0 
Seat 5: BoyLoc0
Seat 1: tintin641 (small blind) folded before Flop
Seat 2: Unipoker11 (big blind) collected ($1)
Seat 3: vadjkeee folded before Flop (didn't bet)
Seat 4: xxxZeka folded before Flop (didn't bet)
Seat 6: Ifixbugs (button) folded before Flop (didn't bet)



PokerStars Hand #254265042133:  Hold'em No Limit ($0.50/$1.00 USD) - 2025/01/08 18:35:46 WET [2025/01/08 13:35:46 ET]
Table 'Bianca III' 6-max Seat #1 is the button
Seat 5: BoyLoc0 ($100 in chips) is sitting out
Seat 1: tintin641 ($175.64 in chips) 
Seat 2: Unipoker11 ($207.86 in chips) 
Seat 3: vadjkeee ($187.77 in chips) 
Seat 4: xxxZeka ($102 in chips) 
Seat 6: Ifixbugs ($91.78 in chips) 
Unipoker11: posts small blind $0.50
vadjkeee: posts big blind $1
BoyLoc0: sits out 
*** HOLE CARDS ***
xxxZeka: folds 
Ifixbugs: raises $2 to $3
tintin641: folds 
Unipoker11: folds 
vadjkeee: folds 
Uncalled bet ($2) returned to Ifixbugs
Ifixbugs collected $2.50 from pot
*** SUMMARY ***
Total pot $2.50 | Rake $0 
Seat 5: BoyLoc0
Seat 1: tintin641 (button) folded before Flop (didn't bet)
Seat 2: Unipoker11 (small blind) folded before Flop
Seat 3: vadjkeee (big blind) folded before Flop
Seat 4: xxxZeka folded before Flop (didn't bet)
Seat 6: Ifixbugs collected ($2.50)



PokerStars Hand #254265047410:  Hold'em No Limit ($0.50/$1.00 USD) - 2025/01/08 18:36:03 WET [2025/01/08 13:36:03 ET]
Table 'Bianca III' 6-max Seat #2 is the button
Seat 4: xxxZeka ($102 in chips) is sitting out
Seat 1: tintin641 ($175.64 in chips) 
Seat 2: Unipoker11 ($207.36 in chips) 
Seat 3: vadjkeee ($186.77 in chips) 
Seat 5: BoyLoc0 ($100 in chips) 
Seat 6: Ifixbugs ($93.28 in chips) 
vadjkeee: posts small blind $0.50
BoyLoc0: posts big blind $1
*** HOLE CARDS ***
Ifixbugs: folds 
tintin641: folds 
Unipoker11: folds 
vadjkeee: folds 
Uncalled bet ($0.50) returned to BoyLoc0
BoyLoc0 collected $1 from pot
BoyLoc0: doesn't show hand 
*** SUMMARY ***
Total pot $1 | Rake $0 
Seat 4: xxxZeka
Seat 1: tintin641 folded before Flop (didn't bet)
Seat 2: Unipoker11 (button) folded before Flop (didn't bet)
Seat 3: vadjkeee (small blind) folded before Flop
Seat 5: BoyLoc0 (big blind) collected ($1)
Seat 6: Ifixbugs folded before Flop (didn't bet)



PokerStars Hand #254265052046:  Hold'em No Limit ($0.50/$1.00 USD) - 2025/01/08 18:36:18 WET [2025/01/08 13:36:18 ET]
Table 'Bianca III' 6-max Seat #3 is the button
Seat 4: xxxZeka ($102 in chips) is sitting out
Seat 1: tintin641 ($175.64 in chips) 
Seat 2: Unipoker11 ($207.36 in chips) 
Seat 3: vadjkeee ($186.27 in chips) 
Seat 5: BoyLoc0 ($100.50 in chips) 
Seat 6: Ifixbugs ($93.28 in chips) 
BoyLoc0: posts small blind $0.50
Ifixbugs: posts big blind $1
*** HOLE CARDS ***
tintin641: raises $1.50 to $2.50
Unipoker11: folds 
vadjkeee: folds 
BoyLoc0: folds 
Ifixbugs: folds 
Uncalled bet ($1.50) returned to tintin641
tintin641 collected $2.50 from pot
tintin641: doesn't show hand 
*** SUMMARY ***
Total pot $2.50 | Rake $0 
Seat 4: xxxZeka
Seat 1: tintin641 collected ($2.50)
Seat 2: Unipoker11 folded before Flop (didn't bet)
Seat 3: vadjkeee (button) folded before Flop (didn't bet)
Seat 5: BoyLoc0 (small blind) folded before Flop
Seat 6: Ifixbugs (big blind) folded before Flop



PokerStars Hand #254265056020:  Hold'em No Limit ($0.50/$1.00 USD) - 2025/01/08 18:36:30 WET [2025/01/08 13:36:30 ET]
Table 'Bianca III' 6-max Seat #5 is the button
Seat 4: xxxZeka ($102 in chips) is sitting out
Seat 1: tintin641 ($177.14 in chips) 
Seat 2: Unipoker11 ($207.36 in chips) 
Seat 3: vadjkeee ($186.27 in chips) 
Seat 5: BoyLoc0 ($100 in chips) 
Seat 6: Ifixbugs ($92.28 in chips) 
Ifixbugs: posts small blind $0.50
tintin641: posts big blind $1
xxxZeka: sits out 
*** HOLE CARDS ***
Unipoker11: folds 
vadjkeee: folds 
BoyLoc0: raises $1.50 to $2.50
Ifixbugs: folds 
tintin641: calls $1.50
*** FLOP *** [2c Qh Qc]
tintin641: checks 
BoyLoc0: bets $1.72
tintin641: calls $1.72
*** TURN *** [2c Qh Qc] [5c]
tintin641: checks 
BoyLoc0: bets $2.80
tintin641: calls $2.80
*** RIVER *** [2c Qh Qc 5c] [Kh]
tintin641: checks 
BoyLoc0: bets $20.72
tintin641: calls $20.72
*** SHOW DOWN ***
BoyLoc0: shows [Js Ah] (a pair of Queens)
tintin641: shows [Tc 7c] (a flush, Queen high)
tintin641 collected $53.48 from pot
*** SUMMARY ***
Total pot $55.98 | Rake $2.50 
Board [2c Qh Qc 5c Kh]
Seat 4: xxxZeka
Seat 1: tintin641 (big blind) showed [Tc 7c] and won ($53.48) with a flush, Queen high
Seat 2: Unipoker11 folded before Flop (didn't bet)
Seat 3: vadjkeee folded before Flop (didn't bet)
Seat 5: BoyLoc0 (button) showed [Js Ah] and lost with a pair of Queens
Seat 6: Ifixbugs (small blind) folded before Flop



PokerStars Hand #254265080764:  Hold'em No Limit ($0.50/$1.00 USD) - 2025/01/08 18:37:50 WET [2025/01/08 13:37:50 ET]
Table 'Bianca III' 6-max Seat #6 is the button
Seat 2: Unipoker11 ($207.36 in chips) is sitting out
Seat 4: xxxZeka ($102 in chips) is sitting out
Seat 1: tintin641 ($202.88 in chips) 
Seat 3: vadjkeee ($186.27 in chips) 
Seat 5: BoyLoc0 ($100 in chips) 
Seat 6: Ifixbugs ($91.78 in chips) 
tintin641: posts small blind $0.50
Unipoker11: is sitting out 
vadjkeee: posts big blind $1
*** HOLE CARDS ***
Unipoker11 leaves the table
BoyLoc0: calls $1
sta$igk joins the table at seat #2 
Ifixbugs: folds 
tintin641: calls $0.50
vadjkeee: checks 
*** FLOP *** [9h As 7c]
tintin641: checks 
vadjkeee: checks 
BoyLoc0: checks 
*** TURN *** [9h As 7c] [4s]
tintin641: bets $2.14
vadjkeee: raises $6.36 to $8.50
BoyLoc0: folds 
tintin641: folds 
Uncalled bet ($6.36) returned to vadjkeee
vadjkeee collected $6.92 from pot
vadjkeee: doesn't show hand 
*** SUMMARY ***
Total pot $7.28 | Rake $0.36 
Board [9h As 7c 4s]
Seat 2: Unipoker11
Seat 4: xxxZeka
Seat 1: tintin641 (small blind) folded on the Turn
Seat 3: vadjkeee (big blind) collected ($6.92)
Seat 5: BoyLoc0 folded on the Turn
Seat 6: Ifixbugs (button) folded before Flop (didn't bet)



PokerStars Hand #254265098945:  Hold'em No Limit ($0.50/$1.00 USD) - 2025/01/08 18:38:48 WET [2025/01/08 13:38:48 ET]
Table 'Bianca III' 6-max Seat #1 is the button
Seat 2: sta$igk ($100 in chips) is sitting out
Seat 4: xxxZeka ($102 in chips) is sitting out
Seat 1: tintin641 ($199.74 in chips) 
Seat 3: vadjkeee ($190.05 in chips) 
Seat 5: BoyLoc0 ($100 in chips) 
Seat 6: Ifixbugs ($91.78 in chips) 
vadjkeee: posts small blind $0.50
BoyLoc0: posts big blind $1
*** HOLE CARDS ***
Ifixbugs: folds 
tintin641: raises $1.50 to $2.50
vadjkeee: folds 
BoyLoc0: folds 
Uncalled bet ($1.50) returned to tintin641
tintin641 collected $2.50 from pot
tintin641: doesn't show hand 
*** SUMMARY ***
Total pot $2.50 | Rake $0 
Seat 2: sta$igk
Seat 4: xxxZeka
Seat 1: tintin641 (button) collected ($2.50)
Seat 3: vadjkeee (small blind) folded before Flop
Seat 5: BoyLoc0 (big blind) folded before Flop
Seat 6: Ifixbugs folded before Flop (didn't bet)



PokerStars Hand #254265103545:  Hold'em No Limit ($0.50/$1.00 USD) - 2025/01/08 18:39:03 WET [2025/01/08 13:39:03 ET]
Table 'Bianca III' 6-max Seat #3 is the button
Seat 2: sta$igk ($100 in chips) is sitting out
Seat 4: xxxZeka ($102 in chips) is sitting out
Seat 1: tintin641 ($201.24 in chips) 
Seat 3: vadjkeee ($189.55 in chips) 
Seat 5: BoyLoc0 ($100 in chips) 
Seat 6: Ifixbugs ($91.78 in chips) 
BoyLoc0: posts small blind $0.50
Ifixbugs: posts big blind $1
sta$igk: sits out 
*** HOLE CARDS ***
tintin641: folds 
vadjkeee: folds 
BoyLoc0: folds 
Uncalled bet ($0.50) returned to Ifixbugs
Ifixbugs collected $1 from pot
*** SUMMARY ***
Total pot $1 | Rake $0 
Seat 2: sta$igk
Seat 4: xxxZeka
Seat 1: tintin641 folded before Flop (didn't bet)
Seat 3: vadjkeee (button) folded before Flop (didn't bet)
Seat 5: BoyLoc0 (small blind) folded before Flop
Seat 6: Ifixbugs (big blind) collected ($1)



PokerStars Hand #254265107219:  Hold'em No Limit ($0.50/$1.00 USD) - 2025/01/08 18:39:14 WET [2025/01/08 13:39:14 ET]
Table 'Bianca III' 6-max Seat #5 is the button
Seat 2: sta$igk ($100 in chips) is sitting out
Seat 4: xxxZeka ($102 in chips) is sitting out
Seat 1: tintin641 ($201.24 in chips) 
Seat 3: vadjkeee ($189.55 in chips) 
Seat 5: BoyLoc0 ($100 in chips) 
Seat 6: Ifixbugs ($92.28 in chips) 
Ifixbugs: posts small blind $0.50
tintin641: posts big blind $1
sta$igk: sits out 
*** HOLE CARDS ***
vadjkeee: folds 
BoyLoc0: folds 
Ifixbugs: calls $0.50
tintin641: checks 
*** FLOP *** [4h 9s 8d]
Ifixbugs: checks 
tintin641: checks 
*** TURN *** [4h 9s 8d] [4c]
Ifixbugs: checks 
tintin641: bets $1
Ifixbugs: calls $1
*** RIVER *** [4h 9s 8d 4c] [4d]
Ifixbugs: checks 
tintin641: bets $1.90
Ifixbugs: calls $1.90
*** SHOW DOWN ***
tintin641: shows [6c 2h] (three of a kind, Fours)
Ifixbugs: shows [Ks 7c] (three of a kind, Fours - King kicker)
Ifixbugs collected $7.41 from pot
*** SUMMARY ***
Total pot $7.80 | Rake $0.39 
Board [4h 9s 8d 4c 4d]
Seat 2: sta$igk
Seat 4: xxxZeka
Seat 1: tintin641 (big blind) showed [6c 2h] and lost with three of a kind, Fours
Seat 3: vadjkeee folded before Flop (didn't bet)
Seat 5: BoyLoc0 (button) folded before Flop (didn't bet)
Seat 6: Ifixbugs (small blind) showed [Ks 7c] and won ($7.41) with three of a kind, Fours



PokerStars Hand #254265133596:  Hold'em No Limit ($0.50/$1.00 USD) - 2025/01/08 18:40:39 WET [2025/01/08 13:40:39 ET]
Table 'Bianca III' 6-max Seat #6 is the button
Seat 4: xxxZeka ($102 in chips) is sitting out
Seat 1: tintin641 ($197.34 in chips) 
Seat 2: sta$igk ($100 in chips) 
Seat 3: vadjkeee ($189.55 in chips) 
Seat 5: BoyLoc0 ($100 in chips) 
Seat 6: Ifixbugs ($95.79 in chips) 
tintin641: posts small blind $0.50
sta$igk: posts big blind $1
*** HOLE CARDS ***
vadjkeee: raises $1.50 to $2.50
BoyLoc0: folds 
Ifixbugs: calls $2.50
tintin641: folds 
sta$igk: folds 
*** FLOP *** [6d 7d Ac]
vadjkeee: checks 
Ifixbugs: checks 
*** TURN *** [6d 7d Ac] [Tc]
vadjkeee: bets $4.63
Ifixbugs: calls $4.63
*** RIVER *** [6d 7d Ac Tc] [9c]
vadjkeee: bets $3
Ifixbugs: calls $3
*** SHOW DOWN ***
vadjkeee: shows [Kc Kh] (a pair of Kings)
Ifixbugs: shows [As Js] (a pair of Aces)
Ifixbugs collected $20.67 from pot
*** SUMMARY ***
Total pot $21.76 | Rake $1.09 
Board [6d 7d Ac Tc 9c]
Seat 4: xxxZeka
Seat 1: tintin641 (small blind) folded before Flop
Seat 2: sta$igk (big blind) folded before Flop
Seat 3: vadjkeee showed [Kc Kh] and lost with a pair of Kings
Seat 5: BoyLoc0 folded before Flop (didn't bet)
Seat 6: Ifixbugs (button) showed [As Js] and won ($20.67) with a pair of Aces



PokerStars Hand #254265145311:  Hold'em No Limit ($0.50/$1.00 USD) - 2025/01/08 18:41:16 WET [2025/01/08 13:41:16 ET]
Table 'Bianca III' 6-max Seat #1 is the button
Seat 4: xxxZeka ($102 in chips) is sitting out
Seat 1: tintin641 ($196.84 in chips) 
Seat 2: sta$igk ($100 in chips) 
Seat 3: vadjkeee ($179.42 in chips) 
Seat 5: BoyLoc0 ($100 in chips) 
Seat 6: Ifixbugs ($106.33 in chips) 
sta$igk: posts small blind $0.50
vadjkeee: posts big blind $1
*** HOLE CARDS ***
BoyLoc0: folds 
Ifixbugs: folds 
tintin641: folds 
sta$igk: raises $2 to $3
vadjkeee: folds 
Uncalled bet ($2) returned to sta$igk
sta$igk collected $2 from pot
sta$igk: doesn't show hand 
*** SUMMARY ***
Total pot $2 | Rake $0 
Seat 4: xxxZeka
Seat 1: tintin641 (button) folded before Flop (didn't bet)
Seat 2: sta$igk (small blind) collected ($2)
Seat 3: vadjkeee (big blind) folded before Flop
Seat 5: BoyLoc0 folded before Flop (didn't bet)
Seat 6: Ifixbugs folded before Flop (didn't bet)



PokerStars Hand #254265149691:  Hold'em No Limit ($0.50/$1.00 USD) - 2025/01/08 18:41:31 WET [2025/01/08 13:41:31 ET]
Table 'Bianca III' 6-max Seat #2 is the button
Seat 4: xxxZeka ($102 in chips) is sitting out
Seat 1: tintin641 ($196.84 in chips) 
Seat 2: sta$igk ($101 in chips) 
Seat 3: vadjkeee ($178.42 in chips) 
Seat 5: BoyLoc0 ($100 in chips) 
Seat 6: Ifixbugs ($106.33 in chips) 
vadjkeee: posts small blind $0.50
BoyLoc0: posts big blind $1
*** HOLE CARDS ***
Ifixbugs: folds 
tintin641: raises $1.50 to $2.50
sta$igk: raises $5.50 to $8
vadjkeee: folds 
BoyLoc0: folds 
tintin641: calls $5.50
*** FLOP *** [4c 6c 7c]
tintin641: checks 
sta$igk: bets $4.16
tintin641: calls $4.16
*** TURN *** [4c 6c 7c] [Qh]
tintin641: checks 
sta$igk: checks 
*** RIVER *** [4c 6c 7c Qh] [2h]
tintin641: bets $8.09
sta$igk: folds 
Uncalled bet ($8.09) returned to tintin641
tintin641 collected $24.53 from pot
tintin641: doesn't show hand 
*** SUMMARY ***
Total pot $25.82 | Rake $1.29 
Board [4c 6c 7c Qh 2h]
Seat 4: xxxZeka
Seat 1: tintin641 collected ($24.53)
Seat 2: sta$igk (button) folded on the River
Seat 3: vadjkeee (small blind) folded before Flop
Seat 5: BoyLoc0 (big blind) folded before Flop
Seat 6: Ifixbugs folded before Flop (didn't bet)



PokerStars Hand #254265181971:  Hold'em No Limit ($0.50/$1.00 USD) - 2025/01/08 18:43:15 WET [2025/01/08 13:43:15 ET]
Table 'Bianca III' 6-max Seat #3 is the button
Seat 4: xxxZeka ($102 in chips) is sitting out
Seat 1: tintin641 ($209.21 in chips) 
Seat 2: sta$igk ($100 in chips) 
Seat 3: vadjkeee ($177.92 in chips) 
Seat 5: BoyLoc0 ($100 in chips) 
Seat 6: Ifixbugs ($106.33 in chips) 
BoyLoc0: posts small blind $0.50
Ifixbugs: posts big blind $1
*** HOLE CARDS ***
tintin641: raises $1.50 to $2.50
sta$igk: folds 
vadjkeee: folds 
BoyLoc0: folds 
Ifixbugs: calls $1.50
*** FLOP *** [3h 8h 4c]
Ifixbugs: checks 
tintin641: checks 
*** TURN *** [3h 8h 4c] [6s]
Ifixbugs: checks 
tintin641: bets $2.61
Ifixbugs: calls $2.61
*** RIVER *** [3h 8h 4c 6s] [7h]
Ifixbugs: checks 
tintin641: bets $7.64
Ifixbugs: calls $7.64
*** SHOW DOWN ***
tintin641: shows [9s Ks] (high card King)
Ifixbugs: shows [5c Tc] (a straight, Four to Eight)
Ifixbugs collected $24.70 from pot
*** SUMMARY ***
Total pot $26 | Rake $1.30 
Board [3h 8h 4c 6s 7h]
Seat 4: xxxZeka
Seat 1: tintin641 showed [9s Ks] and lost with high card King
Seat 2: sta$igk folded before Flop (didn't bet)
Seat 3: vadjkeee (button) folded before Flop (didn't bet)
Seat 5: BoyLoc0 (small blind) folded before Flop
Seat 6: Ifixbugs (big blind) showed [5c Tc] and won ($24.70) with a straight, Four to Eight



PokerStars Hand #254265208006:  Hold'em No Limit ($0.50/$1.00 USD) - 2025/01/08 18:44:40 WET [2025/01/08 13:44:40 ET]
Table 'Bianca III' 6-max Seat #5 is the button
Seat 4: xxxZeka ($102 in chips) is sitting out
Seat 1: tintin641 ($196.46 in chips) 
Seat 2: sta$igk ($100 in chips) 
Seat 3: vadjkeee ($177.92 in chips) 
Seat 5: BoyLoc0 ($100 in chips) 
Seat 6: Ifixbugs ($118.28 in chips) 
Ifixbugs: posts small blind $0.50
tintin641: posts big blind $1
*** HOLE CARDS ***
sta$igk: folds 
vadjkeee: raises $2 to $3
BoyLoc0: folds 
Ifixbugs: folds 
tintin641: folds 
Uncalled bet ($2) returned to vadjkeee
vadjkeee collected $2.50 from pot
vadjkeee: doesn't show hand 
*** SUMMARY ***
Total pot $2.50 | Rake $0 
Seat 4: xxxZeka
Seat 1: tintin641 (big blind) folded before Flop
Seat 2: sta$igk folded before Flop (didn't bet)
Seat 3: vadjkeee collected ($2.50)
Seat 5: BoyLoc0 (button) folded before Flop (didn't bet)
Seat 6: Ifixbugs (small blind) folded before Flop



PokerStars Hand #254265213693:  Hold'em No Limit ($0.50/$1.00 USD) - 2025/01/08 18:44:59 WET [2025/01/08 13:44:59 ET]
Table 'Bianca III' 6-max Seat #6 is the button
Seat 4: xxxZeka ($102 in chips) is sitting out
Seat 1: tintin641 ($195.46 in chips) 
Seat 2: sta$igk ($100 in chips) 
Seat 3: vadjkeee ($179.42 in chips) 
Seat 5: BoyLoc0 ($100 in chips) 
Seat 6: Ifixbugs ($117.78 in chips) 
tintin641: posts small blind $0.50
sta$igk: posts big blind $1
*** HOLE CARDS ***
vadjkeee: raises $1.50 to $2.50
BoyLoc0: folds 
Ifixbugs: folds 
tintin641: folds 
sta$igk: folds 
Uncalled bet ($1.50) returned to vadjkeee
vadjkeee collected $2.50 from pot
vadjkeee: doesn't show hand 
*** SUMMARY ***
Total pot $2.50 | Rake $0 
Seat 4: xxxZeka
Seat 1: tintin641 (small blind) folded before Flop
Seat 2: sta$igk (big blind) folded before Flop
Seat 3: vadjkeee collected ($2.50)
Seat 5: BoyLoc0 folded before Flop (didn't bet)
Seat 6: Ifixbugs (button) folded before Flop (didn't bet)



PokerStars Hand #254265217700:  Hold'em No Limit ($0.50/$1.00 USD) - 2025/01/08 18:45:12 WET [2025/01/08 13:45:12 ET]
Table 'Bianca III' 6-max Seat #1 is the button
Seat 4: xxxZeka ($102 in chips) is sitting out
Seat 1: tintin641 ($194.96 in chips) 
Seat 2: sta$igk ($100 in chips) 
Seat 3: vadjkeee ($180.92 in chips) 
Seat 5: BoyLoc0 ($100 in chips) 
Seat 6: Ifixbugs ($117.78 in chips) 
sta$igk: posts small blind $0.50
vadjkeee: posts big blind $1
*** HOLE CARDS ***
BoyLoc0: raises $1.50 to $2.50
Ifixbugs: folds 
tintin641: folds 
sta$igk: folds 
vadjkeee: folds 
Uncalled bet ($1.50) returned to BoyLoc0
BoyLoc0 collected $2.50 from pot
BoyLoc0: doesn't show hand 
*** SUMMARY ***
Total pot $2.50 | Rake $0 
Seat 4: xxxZeka
Seat 1: tintin641 (button) folded before Flop (didn't bet)
Seat 2: sta$igk (small blind) folded before Flop
Seat 3: vadjkeee (big blind) folded before Flop
Seat 5: BoyLoc0 collected ($2.50)
Seat 6: Ifixbugs folded before Flop (didn't bet)



PokerStars Hand #254265222671:  Hold'em No Limit ($0.50/$1.00 USD) - 2025/01/08 18:45:29 WET [2025/01/08 13:45:29 ET]
Table 'Bianca III' 6-max Seat #2 is the button
Seat 4: xxxZeka ($102 in chips) is sitting out
Seat 1: tintin641 ($194.96 in chips) 
Seat 2: sta$igk ($100 in chips) 
Seat 3: vadjkeee ($179.92 in chips) 
Seat 5: BoyLoc0 ($101.50 in chips) 
Seat 6: Ifixbugs ($117.78 in chips) 
vadjkeee: posts small blind $0.50
BoyLoc0: posts big blind $1
*** HOLE CARDS ***
Ifixbugs: folds 
tintin641: folds 
sta$igk: folds 
vadjkeee: folds 
Uncalled bet ($0.50) returned to BoyLoc0
BoyLoc0 collected $1 from pot
xxxZeka leaves the table
BoyLoc0: doesn't show hand 
*** SUMMARY ***
Total pot $1 | Rake $0 
Seat 4: xxxZeka
Seat 1: tintin641 folded before Flop (didn't bet)
Seat 2: sta$igk (button) folded before Flop (didn't bet)
Seat 3: vadjkeee (small blind) folded before Flop
Seat 5: BoyLoc0 (big blind) collected ($1)
Seat 6: Ifixbugs folded before Flop (didn't bet)



PokerStars Hand #254265225659:  Hold'em No Limit ($0.50/$1.00 USD) - 2025/01/08 18:45:38 WET [2025/01/08 13:45:38 ET]
Table 'Bianca III' 6-max Seat #3 is the button
Seat 1: tintin641 ($194.96 in chips) 
Seat 2: sta$igk ($100 in chips) 
Seat 3: vadjkeee ($179.42 in chips) 
Seat 5: BoyLoc0 ($102 in chips) 
Seat 6: Ifixbugs ($117.78 in chips) 
BoyLoc0: posts small blind $0.50
Ifixbugs: posts big blind $1
*** HOLE CARDS ***
tintin641: folds 
sta$igk: raises $1.50 to $2.50
vadjkeee: folds 
BoyLoc0: folds 
Ifixbugs: folds 
Uncalled bet ($1.50) returned to sta$igk
sta$igk collected $2.50 from pot
sta$igk: doesn't show hand 
*** SUMMARY ***
Total pot $2.50 | Rake $0 
Seat 1: tintin641 folded before Flop (didn't bet)
Seat 2: sta$igk collected ($2.50)
Seat 3: vadjkeee (button) folded before Flop (didn't bet)
Seat 5: BoyLoc0 (small blind) folded before Flop
Seat 6: Ifixbugs (big blind) folded before Flop



PokerStars Hand #254265232151:  Hold'em No Limit ($0.50/$1.00 USD) - 2025/01/08 18:45:59 WET [2025/01/08 13:45:59 ET]
Table 'Bianca III' 6-max Seat #5 is the button
Seat 1: tintin641 ($194.96 in chips) is sitting out
Seat 2: sta$igk ($101.50 in chips) 
Seat 3: vadjkeee ($179.42 in chips) 
Seat 5: BoyLoc0 ($101.50 in chips) 
Seat 6: Ifixbugs ($116.78 in chips) 
Ifixbugs: posts small blind $0.50
tintin641: is sitting out 
sta$igk: posts big blind $1
*** HOLE CARDS ***
tintin641 leaves the table
vadjkeee: folds 
BoyLoc0: folds 
Ifixbugs: raises $2 to $3
sta$igk: calls $2
*** FLOP *** [Kc 6d 8d]
Ifixbugs: bets $3
Maximysss85 joins the table at seat #1 
sta$igk: calls $3
*** TURN *** [Kc 6d 8d] [Ah]
Ifixbugs: checks 
sta$igk: bets $9.69
Ifixbugs: folds 
Uncalled bet ($9.69) returned to sta$igk
sta$igk collected $11.40 from pot
sta$igk: doesn't show hand 
*** SUMMARY ***
Total pot $12 | Rake $0.60 
Board [Kc 6d 8d Ah]
Seat 1: tintin641
Seat 2: sta$igk (big blind) collected ($11.40)
Seat 3: vadjkeee folded before Flop (didn't bet)
Seat 5: BoyLoc0 (button) folded before Flop (didn't bet)
Seat 6: Ifixbugs (small blind) folded on the Turn



PokerStars Hand #254265250157:  Hold'em No Limit ($0.50/$1.00 USD) - 2025/01/08 18:46:58 WET [2025/01/08 13:46:58 ET]
Table 'Bianca III' 6-max Seat #6 is the button
Seat 1: Maximysss85 ($100 in chips) is sitting out
Seat 2: sta$igk ($106.90 in chips) 
Seat 3: vadjkeee ($179.42 in chips) 
Seat 5: BoyLoc0 ($101.50 in chips) 
Seat 6: Ifixbugs ($110.78 in chips) 
sta$igk: posts small blind $0.50
vadjkeee: posts big blind $1
*** HOLE CARDS ***
BoyLoc0: folds 
Ifixbugs: folds 
sta$igk: raises $2 to $3
vadjkeee: folds 
Uncalled bet ($2) returned to sta$igk
sta$igk collected $2 from pot
sta$igk: doesn't show hand 
*** SUMMARY ***
Total pot $2 | Rake $0 
Seat 1: Maximysss85
Seat 2: sta$igk (small blind) collected ($2)
Seat 3: vadjkeee (big blind) folded before Flop
Seat 5: BoyLoc0 folded before Flop (didn't bet)
Seat 6: Ifixbugs (button) folded before Flop (didn't bet)



PokerStars Hand #254265254745:  Hold'em No Limit ($0.50/$1.00 USD) - 2025/01/08 18:47:13 WET [2025/01/08 13:47:13 ET]
Table 'Bianca III' 6-max Seat #2 is the button
Seat 1: Maximysss85 ($100 in chips) is sitting out
Seat 2: sta$igk ($107.90 in chips) 
Seat 3: vadjkeee ($178.42 in chips) 
Seat 5: BoyLoc0 ($101.50 in chips) 
Seat 6: Ifixbugs ($110.78 in chips) 
vadjkeee: posts small blind $0.50
BoyLoc0: posts big blind $1
Maximysss85: sits out 
*** HOLE CARDS ***
Ifixbugs: folds 
sta$igk: raises $1.50 to $2.50
vadjkeee: folds 
BoyLoc0: folds 
Uncalled bet ($1.50) returned to sta$igk
BoyLoc0 leaves the table
sta$igk collected $2.50 from pot
sta$igk: doesn't show hand 
*** SUMMARY ***
Total pot $2.50 | Rake $0 
Seat 1: Maximysss85
Seat 2: sta$igk (button) collected ($2.50)
Seat 3: vadjkeee (small blind) folded before Flop
Seat 5: BoyLoc0 (big blind) folded before Flop
Seat 6: Ifixbugs folded before Flop (didn't bet)



PokerStars Hand #254265258834:  Hold'em No Limit ($0.50/$1.00 USD) - 2025/01/08 18:47:26 WET [2025/01/08 13:47:26 ET]
Table 'Bianca III' 6-max Seat #3 is the button
Seat 1: Maximysss85 ($100 in chips) 
Seat 2: sta$igk ($109.40 in chips) 
Seat 3: vadjkeee ($177.92 in chips) 
Seat 6: Ifixbugs ($110.78 in chips) 
Ifixbugs: posts small blind $0.50
Maximysss85: posts big blind $1
*** HOLE CARDS ***
sta$igk: folds 
vadjkeee: folds 
Ifixbugs: raises $2 to $3
Maximysss85: calls $2
*** FLOP *** [Qc 8h 2s]
Ifixbugs: bets $3
Maximysss85: folds 
Uncalled bet ($3) returned to Ifixbugs
Ifixbugs collected $5.70 from pot
*** SUMMARY ***
Total pot $6 | Rake $0.30 
Board [Qc 8h 2s]
Seat 1: Maximysss85 (big blind) folded on the Flop
Seat 2: sta$igk folded before Flop (didn't bet)
Seat 3: vadjkeee (button) folded before Flop (didn't bet)
Seat 6: Ifixbugs (small blind) collected ($5.70)



PokerStars Hand #254265264663:  Hold'em No Limit ($0.50/$1.00 USD) - 2025/01/08 18:47:45 WET [2025/01/08 13:47:45 ET]
Table 'Bianca III' 6-max Seat #6 is the button
Seat 1: Maximysss85 ($100 in chips) 
Seat 2: sta$igk ($109.40 in chips) 
Seat 3: vadjkeee ($177.92 in chips) 
Seat 6: Ifixbugs ($113.48 in chips) 
Maximysss85: posts small blind $0.50
sta$igk: posts big blind $1
*** HOLE CARDS ***
vadjkeee: raises $1.50 to $2.50
Ifixbugs: calls $2.50
Maximysss85: folds 
sta$igk: folds 
*** FLOP *** [8s Ad 3s]
vadjkeee: checks 
Ifixbugs: checks 
*** TURN *** [8s Ad 3s] [As]
vadjkeee: checks 
Ifixbugs: bets $2
vadjkeee: folds 
Uncalled bet ($2) returned to Ifixbugs
Ifixbugs collected $6.18 from pot
*** SUMMARY ***
Total pot $6.50 | Rake $0.32 
Board [8s Ad 3s As]
Seat 1: Maximysss85 (small blind) folded before Flop
Seat 2: sta$igk (big blind) folded before Flop
Seat 3: vadjkeee folded on the Turn
Seat 6: Ifixbugs (button) collected ($6.18)



PokerStars Hand #254265272226:  Hold'em No Limit ($0.50/$1.00 USD) - 2025/01/08 18:48:10 WET [2025/01/08 13:48:10 ET]
Table 'Bianca III' 6-max Seat #1 is the button
Seat 1: Maximysss85 ($100 in chips) 
Seat 2: sta$igk ($108.40 in chips) 
Seat 3: vadjkeee ($175.42 in chips) 
Seat 6: Ifixbugs ($117.16 in chips) 
sta$igk: posts small blind $0.50
vadjkeee: posts big blind $1
*** HOLE CARDS ***
Ifixbugs: folds 
Maximysss85: folds 
sta$igk: raises $2 to $3
vadjkeee: folds 
Uncalled bet ($2) returned to sta$igk
sta$igk collected $2 from pot
sta$igk: doesn't show hand 
*** SUMMARY ***
Total pot $2 | Rake $0 
Seat 1: Maximysss85 (button) folded before Flop (didn't bet)
Seat 2: sta$igk (small blind) collected ($2)
Seat 3: vadjkeee (big blind) folded before Flop
Seat 6: Ifixbugs folded before Flop (didn't bet)



PokerStars Hand #254265277266:  Hold'em No Limit ($0.50/$1.00 USD) - 2025/01/08 18:48:27 WET [2025/01/08 13:48:27 ET]
Table 'Bianca III' 6-max Seat #2 is the button
Seat 1: Maximysss85 ($100 in chips) 
Seat 2: sta$igk ($109.40 in chips) 
Seat 3: vadjkeee ($174.42 in chips) 
Seat 6: Ifixbugs ($117.16 in chips) 
vadjkeee: posts small blind $0.50
Ifixbugs: posts big blind $1
*** HOLE CARDS ***
Maximysss85: raises $1.50 to $2.50
sta$igk: folds 
vadjkeee: folds 
Ifixbugs: folds 
Uncalled bet ($1.50) returned to Maximysss85
Maximysss85 collected $2.50 from pot
Maximysss85: doesn't show hand 
*** SUMMARY ***
Total pot $2.50 | Rake $0 
Seat 1: Maximysss85 collected ($2.50)
Seat 2: sta$igk (button) folded before Flop (didn't bet)
Seat 3: vadjkeee (small blind) folded before Flop
Seat 6: Ifixbugs (big blind) folded before Flop



PokerStars Hand #254265281766:  Hold'em No Limit ($0.50/$1.00 USD) - 2025/01/08 18:48:41 WET [2025/01/08 13:48:41 ET]
Table 'Bianca III' 6-max Seat #3 is the button
Seat 1: Maximysss85 ($101.50 in chips) 
Seat 2: sta$igk ($109.40 in chips) 
Seat 3: vadjkeee ($173.92 in chips) 
Seat 6: Ifixbugs ($116.16 in chips) 
Ifixbugs: posts small blind $0.50
Maximysss85: posts big blind $1
*** HOLE CARDS ***
sta$igk: folds 
vadjkeee: folds 
Ifixbugs: calls $0.50
Maximysss85: checks 
*** FLOP *** [Tc As Ad]
Ifixbugs: checks 
Maximysss85: checks 
*** TURN *** [Tc As Ad] [6s]
Ifixbugs: bets $2
Maximysss85: folds 
Uncalled bet ($2) returned to Ifixbugs
Ifixbugs collected $1.90 from pot
*** SUMMARY ***
Total pot $2 | Rake $0.10 
Board [Tc As Ad 6s]
Seat 1: Maximysss85 (big blind) folded on the Turn
Seat 2: sta$igk folded before Flop (didn't bet)
Seat 3: vadjkeee (button) folded before Flop (didn't bet)
Seat 6: Ifixbugs (small blind) collected ($1.90)



PokerStars Hand #254265289877:  Hold'em No Limit ($0.50/$1.00 USD) - 2025/01/08 18:49:08 WET [2025/01/08 13:49:08 ET]
Table 'Bianca III' 6-max Seat #6 is the button
Seat 1: Maximysss85 ($100.50 in chips) 
Seat 2: sta$igk ($109.40 in chips) 
Seat 3: vadjkeee ($173.92 in chips) 
Seat 6: Ifixbugs ($117.06 in chips) 
Maximysss85: posts small blind $0.50
sta$igk: posts big blind $1
*** HOLE CARDS ***
vadjkeee: raises $1.50 to $2.50
Ifixbugs: folds 
Maximysss85: folds 
sta$igk: raises $9.50 to $12
vadjkeee: calls $9.50
*** FLOP *** [Jh 2h 8s]
sta$igk: bets $17.63
vadjkeee: raises $17.63 to $35.26
sta$igk: folds 
Uncalled bet ($17.63) returned to vadjkeee
vadjkeee collected $58.76 from pot
vadjkeee: doesn't show hand 
*** SUMMARY ***
Total pot $59.76 | Rake $1 
Board [Jh 2h 8s]
Seat 1: Maximysss85 (small blind) folded before Flop
Seat 2: sta$igk (big blind) folded on the Flop
Seat 3: vadjkeee collected ($58.76)
Seat 6: Ifixbugs (button) folded before Flop (didn't bet)



PokerStars Hand #254265303750:  Hold'em No Limit ($0.50/$1.00 USD) - 2025/01/08 18:49:53 WET [2025/01/08 13:49:53 ET]
Table 'Bianca III' 6-max Seat #1 is the button
Seat 1: Maximysss85 ($100 in chips) 
Seat 2: sta$igk ($100 in chips) 
Seat 3: vadjkeee ($203.05 in chips) 
Seat 6: Ifixbugs ($117.06 in chips) 
sta$igk: posts small blind $0.50
vadjkeee: posts big blind $1
*** HOLE CARDS ***
Ifixbugs: folds 
Maximysss85: folds 
sta$igk: raises $2 to $3
vadjkeee: folds 
Uncalled bet ($2) returned to sta$igk
sta$igk collected $2 from pot
sta$igk: doesn't show hand 
*** SUMMARY ***
Total pot $2 | Rake $0 
Seat 1: Maximysss85 (button) folded before Flop (didn't bet)
Seat 2: sta$igk (small blind) collected ($2)
Seat 3: vadjkeee (big blind) folded before Flop
Seat 6: Ifixbugs folded before Flop (didn't bet)



PokerStars Hand #254265307175:  Hold'em No Limit ($0.50/$1.00 USD) - 2025/01/08 18:50:05 WET [2025/01/08 13:50:05 ET]
Table 'Bianca III' 6-max Seat #2 is the button
Seat 1: Maximysss85 ($100 in chips) 
Seat 2: sta$igk ($101 in chips) 
Seat 3: vadjkeee ($202.05 in chips) 
Seat 6: Ifixbugs ($117.06 in chips) 
vadjkeee: posts small blind $0.50
Ifixbugs: posts big blind $1
*** HOLE CARDS ***
Maximysss85: raises $1.50 to $2.50
sta$igk: folds 
vadjkeee: folds 
Ifixbugs: calls $1.50
*** FLOP *** [Qs Ac 9c]
Ifixbugs: checks 
Maximysss85: checks 
*** TURN *** [Qs Ac 9c] [5s]
Ifixbugs: checks 
Maximysss85: checks 
*** RIVER *** [Qs Ac 9c 5s] [9h]
vadjkeee leaves the table
Ifixbugs: bets $2
Maximysss85: folds 
Uncalled bet ($2) returned to Ifixbugs
Ifixbugs collected $5.22 from pot
*** SUMMARY ***
Total pot $5.50 | Rake $0.28 
Board [Qs Ac 9c 5s 9h]
Seat 1: Maximysss85 folded on the River
Seat 2: sta$igk (button) folded before Flop (didn't bet)
Seat 3: vadjkeee (small blind) folded before Flop
Seat 6: Ifixbugs (big blind) collected ($5.22)



PokerStars Hand #254265316464:  Hold'em No Limit ($0.50/$1.00 USD) - 2025/01/08 18:50:35 WET [2025/01/08 13:50:35 ET]
Table 'Bianca III' 6-max Seat #6 is the button
Seat 1: Maximysss85 ($100 in chips) 
Seat 2: sta$igk ($101 in chips) 
Seat 6: Ifixbugs ($119.78 in chips) 
Maximysss85: posts small blind $0.50
sta$igk: posts big blind $1
*** HOLE CARDS ***
Ifixbugs: folds 
Maximysss85: raises $2 to $3
sta$igk: folds 
Uncalled bet ($2) returned to Maximysss85
Maximysss85 collected $2 from pot
Maximysss85: doesn't show hand 
*** SUMMARY ***
Total pot $2 | Rake $0 
Seat 1: Maximysss85 (small blind) collected ($2)
Seat 2: sta$igk (big blind) folded before Flop
Seat 6: Ifixbugs (button) folded before Flop (didn't bet)



PokerStars Hand #254265319344:  Hold'em No Limit ($0.50/$1.00 USD) - 2025/01/08 18:50:45 WET [2025/01/08 13:50:45 ET]
Table 'Bianca III' 6-max Seat #1 is the button
Seat 1: Maximysss85 ($101 in chips) 
Seat 2: sta$igk ($100 in chips) 
Seat 6: Ifixbugs ($119.78 in chips) 
sta$igk: posts small blind $0.50
Ifixbugs: posts big blind $1
*** HOLE CARDS ***
Maximysss85: folds 
sta$igk: folds 
Uncalled bet ($0.50) returned to Ifixbugs
Ifixbugs collected $1 from pot
*** SUMMARY ***
Total pot $1 | Rake $0 
Seat 1: Maximysss85 (button) folded before Flop (didn't bet)
Seat 2: sta$igk (small blind) folded before Flop
Seat 6: Ifixbugs (big blind) collected ($1)



PokerStars Hand #254265322009:  Hold'em No Limit ($0.50/$1.00 USD) - 2025/01/08 18:50:53 WET [2025/01/08 13:50:53 ET]
Table 'Bianca III' 6-max Seat #2 is the button
Seat 1: Maximysss85 ($101 in chips) 
Seat 2: sta$igk ($100 in chips) 
Seat 6: Ifixbugs ($120.28 in chips) 
Ifixbugs: posts small blind $0.50
Maximysss85: posts big blind $1
*** HOLE CARDS ***
sta$igk: folds 
Ifixbugs: folds 
Uncalled bet ($0.50) returned to Maximysss85
Maximysss85 collected $1 from pot
Maximysss85: doesn't show hand 
*** SUMMARY ***
Total pot $1 | Rake $0 
Seat 1: Maximysss85 (big blind) collected ($1)
Seat 2: sta$igk (button) folded before Flop (didn't bet)
Seat 6: Ifixbugs (small blind) folded before Flop



PokerStars Hand #254265324052:  Hold'em No Limit ($0.50/$1.00 USD) - 2025/01/08 18:51:00 WET [2025/01/08 13:51:00 ET]
Table 'Bianca III' 6-max Seat #6 is the button
Seat 1: Maximysss85 ($101.50 in chips) 
Seat 2: sta$igk ($100 in chips) 
Seat 6: Ifixbugs ($119.78 in chips) 
Maximysss85: posts small blind $0.50
sta$igk: posts big blind $1
*** HOLE CARDS ***
Ifixbugs: folds 
Maximysss85: folds 
Uncalled bet ($0.50) returned to sta$igk
sta$igk collected $1 from pot
sta$igk: doesn't show hand 
*** SUMMARY ***
Total pot $1 | Rake $0 
Seat 1: Maximysss85 (small blind) folded before Flop
Seat 2: sta$igk (big blind) collected ($1)
Seat 6: Ifixbugs (button) folded before Flop (didn't bet)



PokerStars Hand #254265326010:  Hold'em No Limit ($0.50/$1.00 USD) - 2025/01/08 18:51:07 WET [2025/01/08 13:51:07 ET]
Table 'Bianca III' 6-max Seat #1 is the button
Seat 1: Maximysss85 ($101 in chips) 
Seat 2: sta$igk ($100.50 in chips) 
Seat 6: Ifixbugs ($119.78 in chips) 
sta$igk: posts small blind $0.50
Ifixbugs: posts big blind $1
*** HOLE CARDS ***
Maximysss85: folds 
sta$igk: raises $2 to $3
Ifixbugs: folds 
Uncalled bet ($2) returned to sta$igk
sta$igk collected $2 from pot
sta$igk: doesn't show hand 
*** SUMMARY ***
Total pot $2 | Rake $0 
Seat 1: Maximysss85 (button) folded before Flop (didn't bet)
Seat 2: sta$igk (small blind) collected ($2)
Seat 6: Ifixbugs (big blind) folded before Flop



PokerStars Hand #254265328432:  Hold'em No Limit ($0.50/$1.00 USD) - 2025/01/08 18:51:15 WET [2025/01/08 13:51:15 ET]
Table 'Bianca III' 6-max Seat #2 is the button
Seat 1: Maximysss85 ($101 in chips) 
Seat 2: sta$igk ($101.50 in chips) 
Seat 6: Ifixbugs ($118.78 in chips) 
Ifixbugs: posts small blind $0.50
Maximysss85: posts big blind $1
*** HOLE CARDS ***
sta$igk: raises $1.50 to $2.50
Ifixbugs: raises $4.50 to $7
Maximysss85: folds 
sta$igk: folds 
Uncalled bet ($4.50) returned to Ifixbugs
Ifixbugs collected $6 from pot
*** SUMMARY ***
Total pot $6 | Rake $0 
Seat 1: Maximysss85 (big blind) folded before Flop
Seat 2: sta$igk (button) folded before Flop
Seat 6: Ifixbugs (small blind) collected ($6)



PokerStars Hand #254265333464:  Hold'em No Limit ($0.50/$1.00 USD) - 2025/01/08 18:51:31 WET [2025/01/08 13:51:31 ET]
Table 'Bianca III' 6-max Seat #6 is the button
Seat 1: Maximysss85 ($100 in chips) 
Seat 2: sta$igk ($100 in chips) 
Seat 6: Ifixbugs ($122.28 in chips) 
Maximysss85: posts small blind $0.50
sta$igk: posts big blind $1
*** HOLE CARDS ***
Ifixbugs: raises $2 to $3
Maximysss85: folds 
sta$igk: calls $2
*** FLOP *** [7c 4s 7h]
sta$igk: checks 
Ifixbugs: bets $3
sta$igk: raises $6 to $9
Ifixbugs: folds 
Uncalled bet ($6) returned to sta$igk
sta$igk collected $11.88 from pot
sta$igk: doesn't show hand 
*** SUMMARY ***
Total pot $12.50 | Rake $0.62 
Board [7c 4s 7h]
Seat 1: Maximysss85 (small blind) folded before Flop
Seat 2: sta$igk (big blind) collected ($11.88)
Seat 6: Ifixbugs (button) folded on the Flop



PokerStars Hand #254265344416:  Hold'em No Limit ($0.50/$1.00 USD) - 2025/01/08 18:52:07 WET [2025/01/08 13:52:07 ET]
Table 'Bianca III' 6-max Seat #1 is the button
Seat 1: Maximysss85 ($100 in chips) 
Seat 2: sta$igk ($105.88 in chips) 
Seat 6: Ifixbugs ($116.28 in chips) 
sta$igk: posts small blind $0.50
Ifixbugs: posts big blind $1
*** HOLE CARDS ***
Maximysss85: folds 
sta$igk: folds 
Uncalled bet ($0.50) returned to Ifixbugs
Ifixbugs collected $1 from pot
*** SUMMARY ***
Total pot $1 | Rake $0 
Seat 1: Maximysss85 (button) folded before Flop (didn't bet)
Seat 2: sta$igk (small blind) folded before Flop
Seat 6: Ifixbugs (big blind) collected ($1)



PokerStars Hand #254265346270:  Hold'em No Limit ($0.50/$1.00 USD) - 2025/01/08 18:52:13 WET [2025/01/08 13:52:13 ET]
Table 'Bianca III' 6-max Seat #2 is the button
Seat 1: Maximysss85 ($100 in chips) 
Seat 2: sta$igk ($105.38 in chips) 
Seat 6: Ifixbugs ($116.78 in chips) 
Ifixbugs: posts small blind $0.50
Maximysss85: posts big blind $1
*** HOLE CARDS ***
sta$igk: folds 
Ifixbugs: raises $2 to $3
Maximysss85: folds 
Uncalled bet ($2) returned to Ifixbugs
Ifixbugs collected $2 from pot
*** SUMMARY ***
Total pot $2 | Rake $0 
Seat 1: Maximysss85 (big blind) folded before Flop
Seat 2: sta$igk (button) folded before Flop (didn't bet)
Seat 6: Ifixbugs (small blind) collected ($2)



PokerStars Hand #254265349102:  Hold'em No Limit ($0.50/$1.00 USD) - 2025/01/08 18:52:22 WET [2025/01/08 13:52:22 ET]
Table 'Bianca III' 6-max Seat #6 is the button
Seat 1: Maximysss85 ($100 in chips) 
Seat 2: sta$igk ($105.38 in chips) 
Seat 6: Ifixbugs ($117.78 in chips) 
Maximysss85: posts small blind $0.50
sta$igk: posts big blind $1
*** HOLE CARDS ***
Ifixbugs: folds 
Maximysss85: raises $2 to $3
sta$igk: folds 
Uncalled bet ($2) returned to Maximysss85
Maximysss85 collected $2 from pot
Maximysss85: doesn't show hand 
*** SUMMARY ***
Total pot $2 | Rake $0 
Seat 1: Maximysss85 (small blind) collected ($2)
Seat 2: sta$igk (big blind) folded before Flop
Seat 6: Ifixbugs (button) folded before Flop (didn't bet)



PokerStars Hand #254265351419:  Hold'em No Limit ($0.50/$1.00 USD) - 2025/01/08 18:52:30 WET [2025/01/08 13:52:30 ET]
Table 'Bianca III' 6-max Seat #1 is the button
Seat 1: Maximysss85 ($101 in chips) 
Seat 2: sta$igk ($104.38 in chips) 
Seat 6: Ifixbugs ($117.78 in chips) 
sta$igk: posts small blind $0.50
Ifixbugs: posts big blind $1
*** HOLE CARDS ***
Maximysss85: raises $1.50 to $2.50
sta$igk: folds 
Ifixbugs: calls $1.50
*** FLOP *** [4s Qd 8h]
Ifixbugs: checks 
Maximysss85: checks 
*** TURN *** [4s Qd 8h] [As]
Ifixbugs: checks 
Maximysss85: bets $3.50
Ifixbugs: calls $3.50
*** RIVER *** [4s Qd 8h As] [2c]
Ifixbugs: checks 
Maximysss85: bets $7.96
Ifixbugs: folds 
Uncalled bet ($7.96) returned to Maximysss85
Maximysss85 collected $11.88 from pot
Maximysss85: doesn't show hand 
*** SUMMARY ***
Total pot $12.50 | Rake $0.62 
Board [4s Qd 8h As 2c]
Seat 1: Maximysss85 (button) collected ($11.88)
Seat 2: sta$igk (small blind) folded before Flop
Seat 6: Ifixbugs (big blind) folded on the River



PokerStars Hand #254265360532:  Hold'em No Limit ($0.50/$1.00 USD) - 2025/01/08 18:53:00 WET [2025/01/08 13:53:00 ET]
Table 'Bianca III' 6-max Seat #2 is the button
Seat 1: Maximysss85 ($106.88 in chips) 
Seat 2: sta$igk ($103.88 in chips) 
Seat 6: Ifixbugs ($111.78 in chips) 
Ifixbugs: posts small blind $0.50
Maximysss85: posts big blind $1
*** HOLE CARDS ***
sta$igk: raises $1.50 to $2.50
Ifixbugs: folds 
Maximysss85: folds 
Uncalled bet ($1.50) returned to sta$igk
sta$igk collected $2.50 from pot
sta$igk: doesn't show hand 
*** SUMMARY ***
Total pot $2.50 | Rake $0 
Seat 1: Maximysss85 (big blind) folded before Flop
Seat 2: sta$igk (button) collected ($2.50)
Seat 6: Ifixbugs (small blind) folded before Flop



PokerStars Hand #254265362482:  Hold'em No Limit ($0.50/$1.00 USD) - 2025/01/08 18:53:06 WET [2025/01/08 13:53:06 ET]
Table 'Bianca III' 6-max Seat #6 is the button
Seat 1: Maximysss85 ($105.88 in chips) 
Seat 2: sta$igk ($105.38 in chips) 
Seat 6: Ifixbugs ($111.28 in chips) 
Maximysss85: posts small blind $0.50
sta$igk: posts big blind $1
*** HOLE CARDS ***
Ifixbugs: folds 
Maximysss85: folds 
Uncalled bet ($0.50) returned to sta$igk
sta$igk collected $1 from pot
sta$igk: doesn't show hand 
*** SUMMARY ***
Total pot $1 | Rake $0 
Seat 1: Maximysss85 (small blind) folded before Flop
Seat 2: sta$igk (big blind) collected ($1)
Seat 6: Ifixbugs (button) folded before Flop (didn't bet)



PokerStars Hand #254265365510:  Hold'em No Limit ($0.50/$1.00 USD) - 2025/01/08 18:53:16 WET [2025/01/08 13:53:16 ET]
Table 'Bianca III' 6-max Seat #1 is the button
Seat 1: Maximysss85 ($105.38 in chips) 
Seat 2: sta$igk ($105.88 in chips) 
Seat 6: Ifixbugs ($111.28 in chips) 
sta$igk: posts small blind $0.50
Ifixbugs: posts big blind $1
*** HOLE CARDS ***
Maximysss85: raises $2 to $3
sta$igk: folds 
Ifixbugs: folds 
Uncalled bet ($2) returned to Maximysss85
Maximysss85 collected $2.50 from pot
Maximysss85: doesn't show hand 
*** SUMMARY ***
Total pot $2.50 | Rake $0 
Seat 1: Maximysss85 (button) collected ($2.50)
Seat 2: sta$igk (small blind) folded before Flop
Seat 6: Ifixbugs (big blind) folded before Flop



PokerStars Hand #254265368991:  Hold'em No Limit ($0.50/$1.00 USD) - 2025/01/08 18:53:28 WET [2025/01/08 13:53:28 ET]
Table 'Bianca III' 6-max Seat #2 is the button
Seat 1: Maximysss85 ($106.88 in chips) 
Seat 2: sta$igk ($105.38 in chips) 
Seat 6: Ifixbugs ($110.28 in chips) 
Ifixbugs: posts small blind $0.50
Maximysss85: posts big blind $1
*** HOLE CARDS ***
sta$igk: raises $1.50 to $2.50
Ifixbugs: folds 
Maximysss85: folds 
Uncalled bet ($1.50) returned to sta$igk
sta$igk collected $2.50 from pot
sta$igk: doesn't show hand 
*** SUMMARY ***
Total pot $2.50 | Rake $0 
Seat 1: Maximysss85 (big blind) folded before Flop
Seat 2: sta$igk (button) collected ($2.50)
Seat 6: Ifixbugs (small blind) folded before Flop



PokerStars Hand #254265371052:  Hold'em No Limit ($0.50/$1.00 USD) - 2025/01/08 18:53:35 WET [2025/01/08 13:53:35 ET]
Table 'Bianca III' 6-max Seat #6 is the button
Seat 1: Maximysss85 ($105.88 in chips) 
Seat 2: sta$igk ($106.88 in chips) 
Seat 6: Ifixbugs ($109.78 in chips) 
Maximysss85: posts small blind $0.50
sta$igk: posts big blind $1
*** HOLE CARDS ***
Ifixbugs: folds 
Maximysss85: folds 
Uncalled bet ($0.50) returned to sta$igk
sta$igk collected $1 from pot
sta$igk: doesn't show hand 
*** SUMMARY ***
Total pot $1 | Rake $0 
Seat 1: Maximysss85 (small blind) folded before Flop
Seat 2: sta$igk (big blind) collected ($1)
Seat 6: Ifixbugs (button) folded before Flop (didn't bet)



PokerStars Hand #254265373482:  Hold'em No Limit ($0.50/$1.00 USD) - 2025/01/08 18:53:42 WET [2025/01/08 13:53:42 ET]
Table 'Bianca III' 6-max Seat #1 is the button
Seat 1: Maximysss85 ($105.38 in chips) 
Seat 2: sta$igk ($107.38 in chips) 
Seat 6: Ifixbugs ($109.78 in chips) 
sta$igk: posts small blind $0.50
Ifixbugs: posts big blind $1
*** HOLE CARDS ***
Maximysss85: folds 
sta$igk: folds 
Uncalled bet ($0.50) returned to Ifixbugs
Ifixbugs collected $1 from pot
*** SUMMARY ***
Total pot $1 | Rake $0 
Seat 1: Maximysss85 (button) folded before Flop (didn't bet)
Seat 2: sta$igk (small blind) folded before Flop
Seat 6: Ifixbugs (big blind) collected ($1)



PokerStars Hand #254265375648:  Hold'em No Limit ($0.50/$1.00 USD) - 2025/01/08 18:53:50 WET [2025/01/08 13:53:50 ET]
Table 'Bianca III' 6-max Seat #2 is the button
Seat 1: Maximysss85 ($105.38 in chips) 
Seat 2: sta$igk ($106.88 in chips) 
Seat 6: Ifixbugs ($110.28 in chips) 
Ifixbugs: posts small blind $0.50
Maximysss85: posts big blind $1
*** HOLE CARDS ***
sta$igk: folds 
Ifixbugs: calls $0.50
Maximysss85: checks 
*** FLOP *** [Ad 6s Td]
Ifixbugs: bets $2
Maximysss85: folds 
Uncalled bet ($2) returned to Ifixbugs
Ifixbugs collected $1.90 from pot
tukeiron joins the table at seat #3 
*** SUMMARY ***
Total pot $2 | Rake $0.10 
Board [Ad 6s Td]
Seat 1: Maximysss85 (big blind) folded on the Flop
Seat 2: sta$igk (button) folded before Flop (didn't bet)
Seat 6: Ifixbugs (small blind) collected ($1.90)



PokerStars Hand #254265381800:  Hold'em No Limit ($0.50/$1.00 USD) - 2025/01/08 18:54:10 WET [2025/01/08 13:54:10 ET]
Table 'Bianca III' 6-max Seat #6 is the button
Seat 3: tukeiron ($100 in chips) is sitting out
Seat 1: Maximysss85 ($104.38 in chips) 
Seat 2: sta$igk ($106.88 in chips) 
Seat 6: Ifixbugs ($111.18 in chips) 
Maximysss85: posts small blind $0.50
sta$igk: posts big blind $1
tukeiron: sits out 
*** HOLE CARDS ***
Ifixbugs: folds 
Maximysss85: folds 
Uncalled bet ($0.50) returned to sta$igk
sta$igk collected $1 from pot
sta$igk: doesn't show hand 
*** SUMMARY ***
Total pot $1 | Rake $0 
Seat 3: tukeiron
Seat 1: Maximysss85 (small blind) folded before Flop
Seat 2: sta$igk (big blind) collected ($1)
Seat 6: Ifixbugs (button) folded before Flop (didn't bet)



PokerStars Hand #254265384461:  Hold'em No Limit ($0.50/$1.00 USD) - 2025/01/08 18:54:19 WET [2025/01/08 13:54:19 ET]
Table 'Bianca III' 6-max Seat #1 is the button
Seat 1: Maximysss85 ($103.88 in chips) 
Seat 2: sta$igk ($107.38 in chips) 
Seat 3: tukeiron ($100 in chips) 
Seat 6: Ifixbugs ($111.18 in chips) 
sta$igk: posts small blind $0.50
tukeiron: posts big blind $1
*** HOLE CARDS ***
Ifixbugs: raises $2 to $3
Maximysss85: folds 
sta$igk: folds 
tukeiron: raises $4 to $7
Ifixbugs: raises $21 to $28
tukeiron: folds 
Uncalled bet ($21) returned to Ifixbugs
Ifixbugs collected $14.50 from pot
*** SUMMARY ***
Total pot $14.50 | Rake $0 
Seat 1: Maximysss85 (button) folded before Flop (didn't bet)
Seat 2: sta$igk (small blind) folded before Flop
Seat 3: tukeiron (big blind) folded before Flop
Seat 6: Ifixbugs collected ($14.50)



PokerStars Hand #254265393698:  Hold'em No Limit ($0.50/$1.00 USD) - 2025/01/08 18:54:49 WET [2025/01/08 13:54:49 ET]
Table 'Bianca III' 6-max Seat #2 is the button
Seat 1: Maximysss85 ($103.88 in chips) 
Seat 2: sta$igk ($106.88 in chips) 
Seat 3: tukeiron ($100 in chips) 
Seat 6: Ifixbugs ($118.68 in chips) 
tukeiron: posts small blind $0.50
Ifixbugs: posts big blind $1
*** HOLE CARDS ***
Maximysss85: folds 
sta$igk: folds 
tukeiron: folds 
Uncalled bet ($0.50) returned to Ifixbugs
Ifixbugs collected $1 from pot
*** SUMMARY ***
Total pot $1 | Rake $0 
Seat 1: Maximysss85 folded before Flop (didn't bet)
Seat 2: sta$igk (button) folded before Flop (didn't bet)
Seat 3: tukeiron (small blind) folded before Flop
Seat 6: Ifixbugs (big blind) collected ($1)



PokerStars Hand #254265398200:  Hold'em No Limit ($0.50/$1.00 USD) - 2025/01/08 18:55:04 WET [2025/01/08 13:55:04 ET]
Table 'Bianca III' 6-max Seat #3 is the button
Seat 1: Maximysss85 ($103.88 in chips) 
Seat 2: sta$igk ($106.88 in chips) 
Seat 3: tukeiron ($100 in chips) 
Seat 6: Ifixbugs ($119.18 in chips) 
Ifixbugs: posts small blind $0.50
Maximysss85: posts big blind $1
*** HOLE CARDS ***
sta$igk: folds 
tukeiron: raises $1.50 to $2.50
Ifixbugs: calls $2
Maximysss85: raises $9.38 to $11.88
tukeiron: calls $9.38
Ifixbugs: folds 
*** FLOP *** [8s 4s Ac]
Maximysss85: bets $6.32
tukeiron: calls $6.32
*** TURN *** [8s 4s Ac] [9s]
Maximysss85: bets $9.48
tukeiron: calls $9.48
*** RIVER *** [8s 4s Ac 9s] [Th]
Maximysss85: bets $22.74
Tieschum joins the table at seat #4 
sta$igk leaves the table
tukeiron: raises $49.58 to $72.32 and is all-in
Maximysss85: calls $49.58
*** SHOW DOWN ***
tukeiron: shows [Ks Qc] (high card Ace)
Maximysss85: shows [6s 7s] (a flush, Nine high)
Maximysss85 collected $201.50 from pot
*** SUMMARY ***
Total pot $202.50 | Rake $1 
Board [8s 4s Ac 9s Th]
Seat 1: Maximysss85 (big blind) showed [6s 7s] and won ($201.50) with a flush, Nine high
Seat 2: sta$igk folded before Flop (didn't bet)
Seat 3: tukeiron (button) showed [Ks Qc] and lost with high card Ace
Seat 6: Ifixbugs (small blind) folded before Flop



PokerStars Hand #254265414228:  Hold'em No Limit ($0.50/$1.00 USD) - 2025/01/08 18:56:19 WET [2025/01/08 13:56:19 ET]
Table 'Bianca III' 6-max Seat #6 is the button
Seat 4: Tieschum ($100 in chips) is sitting out
Seat 1: Maximysss85 ($205.38 in chips) 
Seat 3: tukeiron ($100 in chips) 
Seat 6: Ifixbugs ($116.68 in chips) 
Maximysss85: posts small blind $0.50
tukeiron: posts big blind $1
Tieschum: sits out 
*** HOLE CARDS ***
Ifixbugs: raises $2 to $3
Maximysss85: folds 
tukeiron: calls $2
*** FLOP *** [Ts Tc Jc]
tukeiron: checks 
Ifixbugs: bets $3
tukeiron: calls $3
*** TURN *** [Ts Tc Jc] [Td]
tukeiron: checks 
Ifixbugs: bets $6
tukeiron: raises $15.76 to $21.76
Ifixbugs: calls $15.76
*** RIVER *** [Ts Tc Jc Td] [5h]
AATTWIN joins the table at seat #5 
AATTWIN is disconnected 
tukeiron: bets $22.01
Ifixbugs: calls $22.01
*** SHOW DOWN ***
tukeiron: shows [Jh Ac] (a full house, Tens full of Jacks)
Ifixbugs: shows [Jd Qc] (a full house, Tens full of Jacks)
tukeiron collected $49.52 from pot
Ifixbugs collected $49.52 from pot
app1e_j@ck joins the table at seat #2 
*** SUMMARY ***
Total pot $100.04 | Rake $1 
Board [Ts Tc Jc Td 5h]
Seat 4: Tieschum
Seat 1: Maximysss85 (small blind) folded before Flop
Seat 3: tukeiron (big blind) showed [Jh Ac] and won ($49.52) with a full house, Tens full of Jacks
Seat 6: Ifixbugs (button) showed [Jd Qc] and won ($49.52) with a full house, Tens full of Jacks



PokerStars Hand #254265425841:  Hold'em No Limit ($0.50/$1.00 USD) - 2025/01/08 18:57:14 WET [2025/01/08 13:57:14 ET]
Table 'Bianca III' 6-max Seat #1 is the button
Seat 2: app1e_j@ck ($100 in chips) is sitting out
Seat 1: Maximysss85 ($204.88 in chips) 
Seat 3: tukeiron ($100 in chips) 
Seat 4: Tieschum ($100 in chips) 
Seat 5: AATTWIN ($100 in chips) 
Seat 6: Ifixbugs ($116.43 in chips) 
tukeiron: posts small blind $0.50
Tieschum: posts big blind $1
AATTWIN: posts big blind $1
*** HOLE CARDS ***
AATTWIN: checks 
Ifixbugs: folds 
Maximysss85: folds 
tukeiron: raises $4.50 to $5.50
Tieschum: folds 
AATTWIN: folds 
Uncalled bet ($4.50) returned to tukeiron
tukeiron collected $3 from pot
*** SUMMARY ***
Total pot $3 | Rake $0 
Seat 2: app1e_j@ck
Seat 1: Maximysss85 (button) folded before Flop (didn't bet)
Seat 3: tukeiron (small blind) collected ($3)
Seat 4: Tieschum (big blind) folded before Flop
Seat 5: AATTWIN folded before Flop (didn't bet)
Seat 6: Ifixbugs folded before Flop (didn't bet)



PokerStars Hand #254265430405:  Hold'em No Limit ($0.50/$1.00 USD) - 2025/01/08 18:57:36 WET [2025/01/08 13:57:36 ET]
Table 'Bianca III' 6-max Seat #3 is the button
Seat 2: app1e_j@ck ($100 in chips) is sitting out
Seat 1: Maximysss85 ($204.88 in chips) 
Seat 3: tukeiron ($102 in chips) 
Seat 4: Tieschum ($100 in chips) 
Seat 5: AATTWIN ($99 in chips) 
Seat 6: Ifixbugs ($116.43 in chips) 
Tieschum: posts small blind $0.50
AATTWIN: posts big blind $1
app1e_j@ck: sits out 
*** HOLE CARDS ***
Ifixbugs: folds 
Maximysss85: folds 
tukeiron: folds 
Tieschum: raises $2 to $3
AATTWIN: calls $2
*** FLOP *** [Tc 3h Kd]
Tieschum: bets $2
AATTWIN: calls $2
*** TURN *** [Tc 3h Kd] [Kh]
Tieschum: checks 
AATTWIN: checks 
*** RIVER *** [Tc 3h Kd Kh] [Qc]
Tieschum: checks 
AATTWIN: checks 
*** SHOW DOWN ***
Tieschum: shows [5s 3s] (two pair, Kings and Threes)
AATTWIN: shows [Ts 9h] (two pair, Kings and Tens)
AATTWIN collected $9.50 from pot
*** SUMMARY ***
Total pot $10 | Rake $0.50 
Board [Tc 3h Kd Kh Qc]
Seat 2: app1e_j@ck
Seat 1: Maximysss85 folded before Flop (didn't bet)
Seat 3: tukeiron (button) folded before Flop (didn't bet)
Seat 4: Tieschum (small blind) showed [5s 3s] and lost with two pair, Kings and Threes
Seat 5: AATTWIN (big blind) showed [Ts 9h] and won ($9.50) with two pair, Kings and Tens
Seat 6: Ifixbugs folded before Flop (didn't bet)



PokerStars Hand #254265435273:  Hold'em No Limit ($0.50/$1.00 USD) - 2025/01/08 18:57:59 WET [2025/01/08 13:57:59 ET]
Table 'Bianca III' 6-max Seat #4 is the button
Seat 2: app1e_j@ck ($100 in chips) is sitting out
Seat 1: Maximysss85 ($204.88 in chips) 
Seat 3: tukeiron ($102 in chips) 
Seat 4: Tieschum ($100 in chips) 
Seat 5: AATTWIN ($103.50 in chips) 
Seat 6: Ifixbugs ($116.43 in chips) 
AATTWIN: posts small blind $0.50
Ifixbugs: posts big blind $1
app1e_j@ck: sits out 
*** HOLE CARDS ***
Maximysss85: folds 
tukeiron: raises $1.50 to $2.50
Tieschum: folds 
AATTWIN: calls $2
Ifixbugs: raises $6.50 to $9
tukeiron: folds 
AATTWIN: folds 
Uncalled bet ($6.50) returned to Ifixbugs
Ifixbugs collected $7.50 from pot
*** SUMMARY ***
Total pot $7.50 | Rake $0 
Seat 2: app1e_j@ck
Seat 1: Maximysss85 folded before Flop (didn't bet)
Seat 3: tukeiron folded before Flop
Seat 4: Tieschum (button) folded before Flop (didn't bet)
Seat 5: AATTWIN (small blind) folded before Flop
Seat 6: Ifixbugs (big blind) collected ($7.50)



PokerStars Hand #254265440424:  Hold'em No Limit ($0.50/$1.00 USD) - 2025/01/08 18:58:24 WET [2025/01/08 13:58:24 ET]
Table 'Bianca III' 6-max Seat #5 is the button
Seat 2: app1e_j@ck ($100 in chips) is sitting out
Seat 1: Maximysss85 ($204.88 in chips) 
Seat 3: tukeiron ($100 in chips) 
Seat 4: Tieschum ($100 in chips) 
Seat 5: AATTWIN ($101 in chips) 
Seat 6: Ifixbugs ($121.43 in chips) 
Ifixbugs: posts small blind $0.50
Maximysss85: posts big blind $1
app1e_j@ck: sits out 
*** HOLE CARDS ***
tukeiron: folds 
Tieschum: raises $1.50 to $2.50
AATTWIN: calls $2.50
Ifixbugs: calls $2
Maximysss85: folds 
*** FLOP *** [7c 3d Qd]
Ifixbugs: checks 
Tieschum: checks 
AATTWIN: checks 
*** TURN *** [7c 3d Qd] [9h]
Ifixbugs: checks 
Tieschum: checks 
AATTWIN: bets $4.04
Ifixbugs: folds 
Tieschum: folds 
Uncalled bet ($4.04) returned to AATTWIN
AATTWIN collected $8.08 from pot
*** SUMMARY ***
Total pot $8.50 | Rake $0.42 
Board [7c 3d Qd 9h]
Seat 2: app1e_j@ck
Seat 1: Maximysss85 (big blind) folded before Flop
Seat 3: tukeiron folded before Flop (didn't bet)
Seat 4: Tieschum folded on the Turn
Seat 5: AATTWIN (button) collected ($8.08)
Seat 6: Ifixbugs (small blind) folded on the Turn



PokerStars Hand #254265449049:  Hold'em No Limit ($0.50/$1.00 USD) - 2025/01/08 18:59:05 WET [2025/01/08 13:59:05 ET]
Table 'Bianca III' 6-max Seat #6 is the button
Seat 1: Maximysss85 ($203.88 in chips) 
Seat 2: app1e_j@ck ($100 in chips) 
Seat 3: tukeiron ($100 in chips) 
Seat 4: Tieschum ($100 in chips) 
Seat 5: AATTWIN ($106.58 in chips) 
Seat 6: Ifixbugs ($118.93 in chips) 
Maximysss85: posts small blind $0.50
app1e_j@ck: posts big blind $1
*** HOLE CARDS ***
tukeiron: folds 
Tieschum: raises $1.50 to $2.50
AATTWIN: calls $2.50
Ifixbugs: calls $2.50
Maximysss85: folds 
app1e_j@ck: folds 
*** FLOP *** [6c Kd Kh]
Tieschum: checks 
AATTWIN: bets $3
Ifixbugs: folds 
Tieschum: folds 
Uncalled bet ($3) returned to AATTWIN
AATTWIN collected $8.55 from pot
*** SUMMARY ***
Total pot $9 | Rake $0.45 
Board [6c Kd Kh]
Seat 1: Maximysss85 (small blind) folded before Flop
Seat 2: app1e_j@ck (big blind) folded before Flop
Seat 3: tukeiron folded before Flop (didn't bet)
Seat 4: Tieschum folded on the Flop
Seat 5: AATTWIN collected ($8.55)
Seat 6: Ifixbugs (button) folded on the Flop



PokerStars Hand #254265456445:  Hold'em No Limit ($0.50/$1.00 USD) - 2025/01/08 18:59:40 WET [2025/01/08 13:59:40 ET]
Table 'Bianca III' 6-max Seat #1 is the button
Seat 1: Maximysss85 ($203.38 in chips) 
Seat 2: app1e_j@ck ($100 in chips) 
Seat 3: tukeiron ($100 in chips) 
Seat 4: Tieschum ($100 in chips) 
Seat 5: AATTWIN ($112.63 in chips) 
Seat 6: Ifixbugs ($116.43 in chips) 
app1e_j@ck: posts small blind $0.50
tukeiron: posts big blind $1
*** HOLE CARDS ***
Tieschum: folds 
AATTWIN: folds 
Ifixbugs: folds 
Maximysss85: folds 
app1e_j@ck: folds 
Uncalled bet ($0.50) returned to tukeiron
Ifixbugs leaves the table
tukeiron collected $1 from pot
*** SUMMARY ***
Total pot $1 | Rake $0 
Seat 1: Maximysss85 (button) folded before Flop (didn't bet)
Seat 2: app1e_j@ck (small blind) folded before Flop
Seat 3: tukeiron (big blind) collected ($1)
Seat 4: Tieschum folded before Flop (didn't bet)
Seat 5: AATTWIN folded before Flop (didn't bet)
Seat 6: Ifixbugs folded before Flop (didn't bet)



PokerStars Hand #254265458886:  Hold'em No Limit ($0.50/$1.00 USD) - 2025/01/08 18:59:52 WET [2025/01/08 13:59:52 ET]
Table 'Bianca III' 6-max Seat #2 is the button
Seat 1: Maximysss85 ($203.38 in chips) 
Seat 2: app1e_j@ck ($100 in chips) 
Seat 3: tukeiron ($100.50 in chips) 
Seat 4: Tieschum ($100 in chips) 
Seat 5: AATTWIN ($112.63 in chips) 
tukeiron: posts small blind $0.50
Tieschum: posts big blind $1
*** HOLE CARDS ***
AATTWIN: raises $1 to $2
Maximysss85: folds 
app1e_j@ck: folds 
tukeiron: folds 
Tieschum: raises $8 to $10
AATTWIN: folds 
Uncalled bet ($8) returned to Tieschum
Tieschum collected $4.50 from pot
Tieschum: doesn't show hand 
*** SUMMARY ***
Total pot $4.50 | Rake $0 
Seat 1: Maximysss85 folded before Flop (didn't bet)
Seat 2: app1e_j@ck (button) folded before Flop (didn't bet)
Seat 3: tukeiron (small blind) folded before Flop
Seat 4: Tieschum (big blind) collected ($4.50)
Seat 5: AATTWIN folded before Flop



PokerStars Hand #254265462060:  Hold'em No Limit ($0.50/$1.00 USD) - 2025/01/08 19:00:07 WET [2025/01/08 14:00:07 ET]
Table 'Bianca III' 6-max Seat #3 is the button
Seat 1: Maximysss85 ($203.38 in chips) 
Seat 2: app1e_j@ck ($100 in chips) 
Seat 3: tukeiron ($100 in chips) 
Seat 4: Tieschum ($102.50 in chips) 
Seat 5: AATTWIN ($110.63 in chips) 
Tieschum: posts small blind $0.50
AATTWIN: posts big blind $1
*** HOLE CARDS ***
Maximysss85: folds 
app1e_j@ck: raises $1.50 to $2.50
tukeiron: raises $5 to $7.50
Tieschum: folds 
AATTWIN: folds 
app1e_j@ck: folds 
Uncalled bet ($5) returned to tukeiron
tukeiron collected $6.50 from pot
*** SUMMARY ***
Total pot $6.50 | Rake $0 
Seat 1: Maximysss85 folded before Flop (didn't bet)
Seat 2: app1e_j@ck folded before Flop
Seat 3: tukeiron (button) collected ($6.50)
Seat 4: Tieschum (small blind) folded before Flop
Seat 5: AATTWIN (big blind) folded before Flop



PokerStars Hand #254265467736:  Hold'em No Limit ($0.50/$1.00 USD) - 2025/01/08 19:00:32 WET [2025/01/08 14:00:32 ET]
Table 'Bianca III' 6-max Seat #4 is the button
Seat 1: Maximysss85 ($203.38 in chips) 
Seat 2: app1e_j@ck ($100 in chips) 
Seat 3: tukeiron ($104 in chips) 
Seat 4: Tieschum ($102 in chips) 
Seat 5: AATTWIN ($109.63 in chips) 
AATTWIN: posts small blind $0.50
Maximysss85: posts big blind $1
*** HOLE CARDS ***
app1e_j@ck: folds 
tukeiron: raises $1.50 to $2.50
Tieschum: calls $2.50
AATTWIN: calls $2
Maximysss85: folds 
*** FLOP *** [6s Qd 5h]
AATTWIN: checks 
Christianzt1 joins the table at seat #6 
tukeiron: checks 
Tieschum: checks 
*** TURN *** [6s Qd 5h] [Td]
AATTWIN: bets $3
tukeiron: folds 
Tieschum: raises $4 to $7
AATTWIN: calls $4
*** RIVER *** [6s Qd 5h Td] [4s]
AATTWIN: checks 
Tieschum: checks 
*** SHOW DOWN ***
AATTWIN: shows [Ks Tc] (a pair of Tens)
Tieschum: shows [Ts Kc] (a pair of Tens)
AATTWIN collected $10.69 from pot
Tieschum collected $10.69 from pot
*** SUMMARY ***
Total pot $22.50 | Rake $1.12 
Board [6s Qd 5h Td 4s]
Seat 1: Maximysss85 (big blind) folded before Flop
Seat 2: app1e_j@ck folded before Flop (didn't bet)
Seat 3: tukeiron folded on the Turn
Seat 4: Tieschum (button) showed [Ts Kc] and won ($10.69) with a pair of Tens
Seat 5: AATTWIN (small blind) showed [Ks Tc] and won ($10.69) with a pair of Tens



PokerStars Hand #254265478363:  Hold'em No Limit ($0.50/$1.00 USD) - 2025/01/08 19:01:16 WET [2025/01/08 14:01:16 ET]
Table 'Bianca III' 6-max Seat #5 is the button
Seat 6: Christianzt1 ($100 in chips) is sitting out
Seat 1: Maximysss85 ($202.38 in chips) 
Seat 2: app1e_j@ck ($100 in chips) 
Seat 3: tukeiron ($101.50 in chips) 
Seat 4: Tieschum ($103.19 in chips) 
Seat 5: AATTWIN ($110.82 in chips) 
Maximysss85: posts small blind $0.50
app1e_j@ck: posts big blind $1
*** HOLE CARDS ***
tukeiron: raises $1.50 to $2.50
Tieschum: calls $2.50
AATTWIN: calls $2.50
Maximysss85: folds 
app1e_j@ck: folds 
*** FLOP *** [9c 8s 9d]
tukeiron: checks 
Tieschum: checks 
AATTWIN: checks 
*** TURN *** [9c 8s 9d] [3d]
tukeiron: checks 
Tieschum: checks 
AATTWIN: checks 
*** RIVER *** [9c 8s 9d 3d] [Kd]
tukeiron: bets $4.70
Tieschum: folds 
AATTWIN: raises $15.70 to $20.40
tukeiron: folds 
Uncalled bet ($15.70) returned to AATTWIN
AATTWIN collected $17.48 from pot
*** SUMMARY ***
Total pot $18.40 | Rake $0.92 
Board [9c 8s 9d 3d Kd]
Seat 6: Christianzt1
Seat 1: Maximysss85 (small blind) folded before Flop
Seat 2: app1e_j@ck (big blind) folded before Flop
Seat 3: tukeiron folded on the River
Seat 4: Tieschum folded on the River
Seat 5: AATTWIN (button) collected ($17.48)



PokerStars Hand #254265494442:  Hold'em No Limit ($0.50/$1.00 USD) - 2025/01/08 19:02:15 WET [2025/01/08 14:02:15 ET]
Table 'Bianca III' 6-max Seat #1 is the button
Seat 6: Christianzt1 ($100 in chips) is sitting out
Seat 1: Maximysss85 ($201.88 in chips) 
Seat 2: app1e_j@ck ($100 in chips) 
Seat 3: tukeiron ($100 in chips) 
Seat 4: Tieschum ($100.69 in chips) 
Seat 5: AATTWIN ($121.10 in chips) 
app1e_j@ck: posts small blind $0.50
tukeiron: posts big blind $1
Christianzt1: sits out 
*** HOLE CARDS ***
Tieschum: folds 
AATTWIN: raises $1 to $2
Maximysss85: folds 
app1e_j@ck: folds 
tukeiron: folds 
Uncalled bet ($1) returned to AATTWIN
AATTWIN collected $2.50 from pot
*** SUMMARY ***
Total pot $2.50 | Rake $0 
Seat 6: Christianzt1
Seat 1: Maximysss85 (button) folded before Flop (didn't bet)
Seat 2: app1e_j@ck (small blind) folded before Flop
Seat 3: tukeiron (big blind) folded before Flop
Seat 4: Tieschum folded before Flop (didn't bet)
Seat 5: AATTWIN collected ($2.50)



PokerStars Hand #254265499166:  Hold'em No Limit ($0.50/$1.00 USD) - 2025/01/08 19:02:32 WET [2025/01/08 14:02:32 ET]
Table 'Bianca III' 6-max Seat #2 is the button
Seat 6: Christianzt1 ($100 in chips) is sitting out
Seat 1: Maximysss85 ($201.88 in chips) 
Seat 2: app1e_j@ck ($100 in chips) 
Seat 3: tukeiron ($100 in chips) 
Seat 4: Tieschum ($100.69 in chips) 
Seat 5: AATTWIN ($122.60 in chips) 
tukeiron: posts small blind $0.50
Tieschum: posts big blind $1
Christianzt1: sits out 
*** HOLE CARDS ***
AATTWIN: folds 
Maximysss85: folds 
app1e_j@ck: raises $1.50 to $2.50
tukeiron: folds 
Tieschum: folds 
Uncalled bet ($1.50) returned to app1e_j@ck
app1e_j@ck collected $2.50 from pot
app1e_j@ck: doesn't show hand 
*** SUMMARY ***
Total pot $2.50 | Rake $0 
Seat 6: Christianzt1
Seat 1: Maximysss85 folded before Flop (didn't bet)
Seat 2: app1e_j@ck (button) collected ($2.50)
Seat 3: tukeiron (small blind) folded before Flop
Seat 4: Tieschum (big blind) folded before Flop
Seat 5: AATTWIN folded before Flop (didn't bet)



PokerStars Hand #254265502868:  Hold'em No Limit ($0.50/$1.00 USD) - 2025/01/08 19:02:45 WET [2025/01/08 14:02:45 ET]
Table 'Bianca III' 6-max Seat #3 is the button
Seat 6: Christianzt1 ($100 in chips) is sitting out
Seat 1: Maximysss85 ($201.88 in chips) 
Seat 2: app1e_j@ck ($101.50 in chips) 
Seat 3: tukeiron ($100 in chips) 
Seat 4: Tieschum ($100 in chips) 
Seat 5: AATTWIN ($122.60 in chips) 
Tieschum: posts small blind $0.50
AATTWIN: posts big blind $1
Christianzt1: sits out 
*** HOLE CARDS ***
Maximysss85: folds 
app1e_j@ck: folds 
tukeiron: folds 
Tieschum: raises $2 to $3
AATTWIN: folds 
Uncalled bet ($2) returned to Tieschum
Tieschum collected $2 from pot
Tieschum: doesn't show hand 
*** SUMMARY ***
Total pot $2 | Rake $0 
Seat 6: Christianzt1
Seat 1: Maximysss85 folded before Flop (didn't bet)
Seat 2: app1e_j@ck folded before Flop (didn't bet)
Seat 3: tukeiron (button) folded before Flop (didn't bet)
Seat 4: Tieschum (small blind) collected ($2)
Seat 5: AATTWIN (big blind) folded before Flop



PokerStars Hand #254265508286:  Hold'em No Limit ($0.50/$1.00 USD) - 2025/01/08 19:03:04 WET [2025/01/08 14:03:04 ET]
Table 'Bianca III' 6-max Seat #4 is the button
Seat 1: Maximysss85 ($201.88 in chips) 
Seat 2: app1e_j@ck ($101.50 in chips) 
Seat 3: tukeiron ($100 in chips) 
Seat 4: Tieschum ($101 in chips) 
Seat 5: AATTWIN ($121.60 in chips) 
Seat 6: Christianzt1 ($100 in chips) 
AATTWIN: posts small blind $0.50
Christianzt1: posts big blind $1
*** HOLE CARDS ***
Maximysss85: folds 
app1e_j@ck: folds 
tukeiron: folds 
Tieschum: raises $1.50 to $2.50
AATTWIN: raises $3.50 to $6
Christianzt1: folds 
Tieschum: calls $3.50
*** FLOP *** [7c 7h Ks]
AATTWIN: bets $6
Tieschum: folds 
Uncalled bet ($6) returned to AATTWIN
AATTWIN collected $12.35 from pot
*** SUMMARY ***
Total pot $13 | Rake $0.65 
Board [7c 7h Ks]
Seat 1: Maximysss85 folded before Flop (didn't bet)
Seat 2: app1e_j@ck folded before Flop (didn't bet)
Seat 3: tukeiron folded before Flop (didn't bet)
Seat 4: Tieschum (button) folded on the Flop
Seat 5: AATTWIN (small blind) collected ($12.35)
Seat 6: Christianzt1 (big blind) folded before Flop



PokerStars Hand #254265522853:  Hold'em No Limit ($0.50/$1.00 USD) - 2025/01/08 19:03:53 WET [2025/01/08 14:03:53 ET]
Table 'Bianca III' 6-max Seat #5 is the button
Seat 1: Maximysss85 ($201.88 in chips) 
Seat 2: app1e_j@ck ($101.50 in chips) 
Seat 3: tukeiron ($100 in chips) 
Seat 4: Tieschum ($100 in chips) 
Seat 5: AATTWIN ($127.95 in chips) 
Seat 6: Christianzt1 ($100 in chips) 
Christianzt1: posts small blind $0.50
Maximysss85: posts big blind $1
*** HOLE CARDS ***
app1e_j@ck: folds 
tukeiron: folds 
Tieschum: folds 
AATTWIN: raises $1 to $2
Christianzt1: raises $4 to $6
Maximysss85: raises $9 to $15
AATTWIN: folds 
Christianzt1: folds 
Uncalled bet ($9) returned to Maximysss85
Maximysss85 collected $14 from pot
Maximysss85: doesn't show hand 
*** SUMMARY ***
Total pot $14 | Rake $0 
Seat 1: Maximysss85 (big blind) collected ($14)
Seat 2: app1e_j@ck folded before Flop (didn't bet)
Seat 3: tukeiron folded before Flop (didn't bet)
Seat 4: Tieschum folded before Flop (didn't bet)
Seat 5: AATTWIN (button) folded before Flop
Seat 6: Christianzt1 (small blind) folded before Flop



PokerStars Hand #254265536508:  Hold'em No Limit ($0.50/$1.00 USD) - 2025/01/08 19:04:39 WET [2025/01/08 14:04:39 ET]
Table 'Bianca III' 6-max Seat #6 is the button
Seat 1: Maximysss85 ($209.88 in chips) 
Seat 2: app1e_j@ck ($101.50 in chips) 
Seat 3: tukeiron ($100 in chips) 
Seat 4: Tieschum ($100 in chips) 
Seat 5: AATTWIN ($125.95 in chips) 
Seat 6: Christianzt1 ($100 in chips) 
Maximysss85: posts small blind $0.50
app1e_j@ck: posts big blind $1
*** HOLE CARDS ***
tukeiron: folds 
Tieschum: raises $1.50 to $2.50
AATTWIN: folds 
Christianzt1: folds 
Maximysss85: folds 
app1e_j@ck: folds 
Uncalled bet ($1.50) returned to Tieschum
Tieschum collected $2.50 from pot
Tieschum: doesn't show hand 
*** SUMMARY ***
Total pot $2.50 | Rake $0 
Seat 1: Maximysss85 (small blind) folded before Flop
Seat 2: app1e_j@ck (big blind) folded before Flop
Seat 3: tukeiron folded before Flop (didn't bet)
Seat 4: Tieschum collected ($2.50)
Seat 5: AATTWIN folded before Flop (didn't bet)
Seat 6: Christianzt1 (button) folded before Flop (didn't bet)



PokerStars Hand #254265541078:  Hold'em No Limit ($0.50/$1.00 USD) - 2025/01/08 19:04:53 WET [2025/01/08 14:04:53 ET]
Table 'Bianca III' 6-max Seat #1 is the button
Seat 1: Maximysss85 ($209.38 in chips) 
Seat 2: app1e_j@ck ($100.50 in chips) 
Seat 3: tukeiron ($100 in chips) 
Seat 4: Tieschum ($101.50 in chips) 
Seat 5: AATTWIN ($125.95 in chips) 
Seat 6: Christianzt1 ($100 in chips) 
app1e_j@ck: posts small blind $0.50
tukeiron: posts big blind $1
*** HOLE CARDS ***
Tieschum: folds 
AATTWIN: raises $1 to $2
Christianzt1: folds 
Maximysss85: raises $4.29 to $6.29
app1e_j@ck: folds 
tukeiron: folds 
AATTWIN: calls $4.29
*** FLOP *** [Qs 8c 7c]
AATTWIN: checks 
Maximysss85: bets $6.69
AATTWIN: folds 
Uncalled bet ($6.69) returned to Maximysss85
Maximysss85 collected $13.38 from pot
Maximysss85: doesn't show hand 
*** SUMMARY ***
Total pot $14.08 | Rake $0.70 
Board [Qs 8c 7c]
Seat 1: Maximysss85 (button) collected ($13.38)
Seat 2: app1e_j@ck (small blind) folded before Flop
Seat 3: tukeiron (big blind) folded before Flop
Seat 4: Tieschum folded before Flop (didn't bet)
Seat 5: AATTWIN folded on the Flop
Seat 6: Christianzt1 folded before Flop (didn't bet)



PokerStars Hand #254265548659:  Hold'em No Limit ($0.50/$1.00 USD) - 2025/01/08 19:05:19 WET [2025/01/08 14:05:19 ET]
Table 'Bianca III' 6-max Seat #2 is the button
Seat 1: Maximysss85 ($216.47 in chips) 
Seat 2: app1e_j@ck ($100 in chips) 
Seat 3: tukeiron ($100 in chips) 
Seat 4: Tieschum ($101.50 in chips) 
Seat 5: AATTWIN ($119.66 in chips) 
Seat 6: Christianzt1 ($100 in chips) 
tukeiron: posts small blind $0.50
Tieschum: posts big blind $1
*** HOLE CARDS ***
AATTWIN: raises $1 to $2
Christianzt1: folds 
Maximysss85: folds 
app1e_j@ck: folds 
tukeiron: folds 
Tieschum: calls $1
*** FLOP *** [2d 4s 6h]
Tieschum: checks 
AATTWIN: bets $2
Tieschum: folds 
Uncalled bet ($2) returned to AATTWIN
AATTWIN collected $4.28 from pot
*** SUMMARY ***
Total pot $4.50 | Rake $0.22 
Board [2d 4s 6h]
Seat 1: Maximysss85 folded before Flop (didn't bet)
Seat 2: app1e_j@ck (button) folded before Flop (didn't bet)
Seat 3: tukeiron (small blind) folded before Flop
Seat 4: Tieschum (big blind) folded on the Flop
Seat 5: AATTWIN collected ($4.28)
Seat 6: Christianzt1 folded before Flop (didn't bet)



PokerStars Hand #254265554433:  Hold'em No Limit ($0.50/$1.00 USD) - 2025/01/08 19:05:38 WET [2025/01/08 14:05:38 ET]
Table 'Bianca III' 6-max Seat #3 is the button
Seat 1: Maximysss85 ($216.47 in chips) 
Seat 2: app1e_j@ck ($100 in chips) 
Seat 3: tukeiron ($100 in chips) 
Seat 4: Tieschum ($100 in chips) 
Seat 5: AATTWIN ($121.94 in chips) 
Seat 6: Christianzt1 ($100 in chips) 
Tieschum: posts small blind $0.50
AATTWIN: posts big blind $1
*** HOLE CARDS ***
Christianzt1: folds 
Maximysss85: folds 
app1e_j@ck: folds 
tukeiron: folds 
Tieschum: raises $2 to $3
AATTWIN: calls $2
*** FLOP *** [Qh 9d Ah]
Tieschum: bets $2.85
AATTWIN: calls $2.85
*** TURN *** [Qh 9d Ah] [9s]
Tieschum: checks 
AATTWIN: bets $5.56
Tieschum: folds 
Uncalled bet ($5.56) returned to AATTWIN
AATTWIN collected $11.12 from pot
*** SUMMARY ***
Total pot $11.70 | Rake $0.58 
Board [Qh 9d Ah 9s]
Seat 1: Maximysss85 folded before Flop (didn't bet)
Seat 2: app1e_j@ck folded before Flop (didn't bet)
Seat 3: tukeiron (button) folded before Flop (didn't bet)
Seat 4: Tieschum (small blind) folded on the Turn
Seat 5: AATTWIN (big blind) collected ($11.12)
Seat 6: Christianzt1 folded before Flop (didn't bet)



PokerStars Hand #254265565967:  Hold'em No Limit ($0.50/$1.00 USD) - 2025/01/08 19:06:15 WET [2025/01/08 14:06:15 ET]
Table 'Bianca III' 6-max Seat #4 is the button
Seat 1: Maximysss85 ($216.47 in chips) is sitting out
Seat 2: app1e_j@ck ($100 in chips) is sitting out
Seat 6: Christianzt1 ($100 in chips) is sitting out
Seat 3: tukeiron ($100 in chips) 
Seat 4: Tieschum ($100 in chips) 
Seat 5: AATTWIN ($127.21 in chips) 
AATTWIN: posts small blind $0.50
Christianzt1: is sitting out 
Maximysss85: is sitting out 
app1e_j@ck: is sitting out 
Maximysss85 leaves the table
tukeiron: posts big blind $1
*** HOLE CARDS ***
Christianzt1 leaves the table
app1e_j@ck leaves the table
tintin641 joins the table at seat #6 
Tieschum: raises $1.50 to $2.50
AATTWIN: calls $2
tukeiron: folds 
*** FLOP *** [Ks 8s Kh]
AATTWIN: checks 
Tieschum: bets $2.85
AATTWIN: calls $2.85
*** TURN *** [Ks 8s Kh] [Tc]
tukeiron leaves the table
AATTWIN: checks 
Tieschum: bets $10
AATTWIN: folds 
Uncalled bet ($10) returned to Tieschum
Tieschum collected $11.12 from pot
Tieschum: doesn't show hand 
*** SUMMARY ***
Total pot $11.70 | Rake $0.58 
Board [Ks 8s Kh Tc]
Seat 1: Maximysss85
Seat 2: app1e_j@ck
Seat 6: Christianzt1
Seat 3: tukeiron (big blind) folded before Flop
Seat 4: Tieschum (button) collected ($11.12)
Seat 5: AATTWIN (small blind) folded on the Turn



PokerStars Hand #254265577035:  Hold'em No Limit ($0.50/$1.00 USD) - 2025/01/08 19:06:52 WET [2025/01/08 14:06:52 ET]
Table 'Bianca III' 6-max Seat #5 is the button
Seat 6: tintin641 ($194.96 in chips) is sitting out
Seat 4: Tieschum ($105.77 in chips) 
Seat 5: AATTWIN ($121.86 in chips) 
AATTWIN: posts small blind $0.50
Tieschum: posts big blind $1
*** HOLE CARDS ***
AATTWIN: raises $1 to $2
Tieschum: calls $1
*** FLOP *** [8d Ad 9c]
Tieschum: checks 
AATTWIN: bets $2
Tieschum: folds 
Uncalled bet ($2) returned to AATTWIN
AATTWIN collected $3.80 from pot
*** SUMMARY ***
Total pot $4 | Rake $0.20 
Board [8d Ad 9c]
Seat 6: tintin641
Seat 4: Tieschum (big blind) folded on the Flop
Seat 5: AATTWIN (button) (small blind) collected ($3.80)



PokerStars Hand #254265580931:  Hold'em No Limit ($0.50/$1.00 USD) - 2025/01/08 19:07:04 WET [2025/01/08 14:07:04 ET]
Table 'Bianca III' 6-max Seat #4 is the button
Seat 4: Tieschum ($103.77 in chips) 
Seat 5: AATTWIN ($123.66 in chips) 
Seat 6: tintin641 ($194.96 in chips) 
AATTWIN: posts small blind $0.50
tintin641: posts big blind $1
*** HOLE CARDS ***
Tieschum: folds 
AATTWIN: raises $1 to $2
tintin641: calls $1
*** FLOP *** [9h 7c Td]
AATTWIN: bets $2
tintin641: folds 
Uncalled bet ($2) returned to AATTWIN
AATTWIN collected $3.80 from pot
*** SUMMARY ***
Total pot $4 | Rake $0.20 
Board [9h 7c Td]
Seat 4: Tieschum (button) folded before Flop (didn't bet)
Seat 5: AATTWIN (small blind) collected ($3.80)
Seat 6: tintin641 (big blind) folded on the Flop



PokerStars Hand #254265586697:  Hold'em No Limit ($0.50/$1.00 USD) - 2025/01/08 19:07:24 WET [2025/01/08 14:07:24 ET]
Table 'Bianca III' 6-max Seat #5 is the button
Seat 4: Tieschum ($103.77 in chips) 
Seat 5: AATTWIN ($125.46 in chips) 
Seat 6: tintin641 ($192.96 in chips) 
tintin641: posts small blind $0.50
Tieschum: posts big blind $1
*** HOLE CARDS ***
AATTWIN: folds 
tintin641: raises $2 to $3
Tieschum: folds 
Uncalled bet ($2) returned to tintin641
tintin641 collected $2 from pot
tintin641: doesn't show hand 
*** SUMMARY ***
Total pot $2 | Rake $0 
Seat 4: Tieschum (big blind) folded before Flop
Seat 5: AATTWIN (button) folded before Flop (didn't bet)
Seat 6: tintin641 (small blind) collected ($2)



PokerStars Hand #254265590096:  Hold'em No Limit ($0.50/$1.00 USD) - 2025/01/08 19:07:35 WET [2025/01/08 14:07:35 ET]
Table 'Bianca III' 6-max Seat #6 is the button
Seat 4: Tieschum ($102.77 in chips) 
Seat 5: AATTWIN ($125.46 in chips) 
Seat 6: tintin641 ($193.96 in chips) 
Tieschum: posts small blind $0.50
AATTWIN: posts big blind $1
*** HOLE CARDS ***
tintin641: folds 
Tieschum: folds 
Uncalled bet ($0.50) returned to AATTWIN
coeeeelho joins the table at seat #1 
AATTWIN collected $1 from pot
*** SUMMARY ***
Total pot $1 | Rake $0 
Seat 4: Tieschum (small blind) folded before Flop
Seat 5: AATTWIN (big blind) collected ($1)
Seat 6: tintin641 (button) folded before Flop (didn't bet)



PokerStars Hand #254265592769:  Hold'em No Limit ($0.50/$1.00 USD) - 2025/01/08 19:07:44 WET [2025/01/08 14:07:44 ET]
Table 'Bianca III' 6-max Seat #4 is the button
Seat 1: coeeeelho ($100 in chips) is sitting out
Seat 4: Tieschum ($102.27 in chips) 
Seat 5: AATTWIN ($125.96 in chips) 
Seat 6: tintin641 ($193.96 in chips) 
AATTWIN: posts small blind $0.50
tintin641: posts big blind $1
coeeeelho: sits out 
*** HOLE CARDS ***
Tieschum: raises $1.50 to $2.50
AATTWIN: calls $2
tintin641: folds 
*** FLOP *** [7h Qh Jh]
AATTWIN: checks 
Tieschum: bets $2
AATTWIN: folds 
Uncalled bet ($2) returned to Tieschum
Tieschum collected $5.70 from pot
Tieschum: doesn't show hand 
*** SUMMARY ***
Total pot $6 | Rake $0.30 
Board [7h Qh Jh]
Seat 1: coeeeelho
Seat 4: Tieschum (button) collected ($5.70)
Seat 5: AATTWIN (small blind) folded on the Flop
Seat 6: tintin641 (big blind) folded before Flop



PokerStars Hand #254265600183:  Hold'em No Limit ($0.50/$1.00 USD) - 2025/01/08 19:08:08 WET [2025/01/08 14:08:08 ET]
Table 'Bianca III' 6-max Seat #5 is the button
Seat 1: coeeeelho ($100 in chips) 
Seat 4: Tieschum ($105.47 in chips) 
Seat 5: AATTWIN ($123.46 in chips) 
Seat 6: tintin641 ($192.96 in chips) 
tintin641: posts small blind $0.50
coeeeelho: posts big blind $1
*** HOLE CARDS ***
Tieschum: raises $1.50 to $2.50
AATTWIN: folds 
tintin641: folds 
coeeeelho: calls $1.50
*** FLOP *** [3s Ks 9s]
coeeeelho: checks 
Tieschum: checks 
*** TURN *** [3s Ks 9s] [3h]
AATTWIN leaves the table
coeeeelho: bets $3.92
Tieschum: calls $3.92
*** RIVER *** [3s Ks 9s 3h] [4d]
coeeeelho: checks 
Tieschum: checks 
*** SHOW DOWN ***
coeeeelho: shows [As 8d] (a pair of Threes)
Tieschum: shows [Jc Kc] (two pair, Kings and Threes)
Tieschum collected $12.67 from pot
*** SUMMARY ***
Total pot $13.34 | Rake $0.67 
Board [3s Ks 9s 3h 4d]
Seat 1: coeeeelho (big blind) showed [As 8d] and lost with a pair of Threes
Seat 4: Tieschum showed [Jc Kc] and won ($12.67) with two pair, Kings and Threes
Seat 5: AATTWIN (button) folded before Flop (didn't bet)
Seat 6: tintin641 (small blind) folded before Flop



PokerStars Hand #254265611728:  Hold'em No Limit ($0.50/$1.00 USD) - 2025/01/08 19:08:46 WET [2025/01/08 14:08:46 ET]
Table 'Bianca III' 6-max Seat #1 is the button
Seat 4: Tieschum ($111.72 in chips) is sitting out
Seat 1: coeeeelho ($100 in chips) 
Seat 6: tintin641 ($192.46 in chips) 
coeeeelho: posts small blind $0.50
Tieschum: is sitting out 
tintin641: posts big blind $1
*** HOLE CARDS ***
Tieschum leaves the table
coeeeelho: folds 
Uncalled bet ($0.50) returned to tintin641
tintin641 collected $1 from pot
tintin641: doesn't show hand 
*** SUMMARY ***
Total pot $1 | Rake $0 
Seat 4: Tieschum
Seat 1: coeeeelho (button) (small blind) folded before Flop
Seat 6: tintin641 (big blind) collected ($1)



