PokerStars Hand #254273189890:  Hold'em No Limit ($0.50/$1.00 USD) - 2025/01/08 2:39:25 WET [2025/01/08 21:39:25 ET]
Table 'Alphecca II' 6-max Seat #5 is the button
Seat 1: AschabAv ($40 in chips) 
Seat 2: equilibrium_tv ($40 in chips) 
Seat 3: B1GBankroll ($100 in chips) 
Seat 4: andutu34 ($100 in chips) 
Seat 5: Kreayshawn ($100 in chips) 
Seat 6: Consig|iori ($105.49 in chips) 
Consig|iori: posts small blind $0.50
AschabAv: posts big blind $1
*** HOLE CARDS ***
equilibrium_tv: folds 
B1GBankroll: folds 
andutu34: raises $1.30 to $2.30
Kreayshawn: calls $2.30
Consig|iori: folds 
AschabAv: folds 
*** FLOP *** [Kc 7c Js]
andutu34: checks 
Kreayshawn: checks 
*** TURN *** [Kc 7c Js] [Kd]
andutu34: bets $1.91
Kreayshawn: calls $1.91
*** RIVER *** [Kc 7c Js Kd] [7d]
andutu34: checks 
Kreayshawn: checks 
*** SHOW DOWN ***
andutu34: shows [Jh Jc] (a full house, Jacks full of Kings)
Kreayshawn: mucks hand 
andutu34 collected $9.42 from pot
*** SUMMARY ***
Total pot $9.92 | Rake $0.50 
Board [Kc 7c Js Kd 7d]
Seat 1: AschabAv (big blind) folded before Flop
Seat 2: equilibrium_tv folded before Flop (didn't bet)
Seat 3: B1GBankroll folded before Flop (didn't bet)
Seat 4: andutu34 showed [Jh Jc] and won ($9.42) with a full house, Jacks full of Kings
Seat 5: Kreayshawn (button) mucked
Seat 6: Consig|iori (small blind) folded before Flop



PokerStars Hand #254273200372:  Hold'em No Limit ($0.50/$1.00 USD) - 2025/01/08 2:40:33 WET [2025/01/08 21:40:33 ET]
Table 'Alphecca II' 6-max Seat #6 is the button
Seat 1: AschabAv ($39 in chips) 
Seat 2: equilibrium_tv ($40 in chips) 
Seat 3: B1GBankroll ($100 in chips) 
Seat 4: andutu34 ($105.21 in chips) 
Seat 5: Kreayshawn ($100 in chips) 
Seat 6: Consig|iori ($104.99 in chips) 
AschabAv: posts small blind $0.50
equilibrium_tv: posts big blind $1
*** HOLE CARDS ***
B1GBankroll: folds 
andutu34: raises $1 to $2
Kreayshawn: calls $2
Consig|iori: folds 
AschabAv: calls $1.50
equilibrium_tv: calls $1
*** FLOP *** [Ks Td 6d]
AschabAv: bets $1
equilibrium_tv: folds 
andutu34: calls $1
Kreayshawn: calls $1
*** TURN *** [Ks Td 6d] [9c]
AschabAv: checks 
andutu34: checks 
Kreayshawn: bets $5.33
AschabAv: folds 
andutu34: folds 
Uncalled bet ($5.33) returned to Kreayshawn
Kreayshawn collected $10.45 from pot
*** SUMMARY ***
Total pot $11 | Rake $0.55 
Board [Ks Td 6d 9c]
Seat 1: AschabAv (small blind) folded on the Turn
Seat 2: equilibrium_tv (big blind) folded on the Flop
Seat 3: B1GBankroll folded before Flop (didn't bet)
Seat 4: andutu34 folded on the Turn
Seat 5: Kreayshawn collected ($10.45)
Seat 6: Consig|iori (button) folded before Flop (didn't bet)



PokerStars Hand #254273214506:  Hold'em No Limit ($0.50/$1.00 USD) - 2025/01/08 2:42:08 WET [2025/01/08 21:42:08 ET]
Table 'Alphecca II' 6-max Seat #1 is the button
Seat 1: AschabAv ($36 in chips) 
Seat 2: equilibrium_tv ($38 in chips) 
Seat 3: B1GBankroll ($100 in chips) 
Seat 4: andutu34 ($102.21 in chips) 
Seat 5: Kreayshawn ($107.45 in chips) 
Seat 6: Consig|iori ($104.99 in chips) 
equilibrium_tv: posts small blind $0.50
B1GBankroll: posts big blind $1
*** HOLE CARDS ***
andutu34: folds 
Kreayshawn: folds 
Consig|iori: folds 
AschabAv: calls $1
equilibrium_tv: folds 
B1GBankroll: checks 
*** FLOP *** [9c As 4s]
B1GBankroll: checks 
AschabAv: bets $1
B1GBankroll: folds 
Uncalled bet ($1) returned to AschabAv
AschabAv collected $2.38 from pot
*** SUMMARY ***
Total pot $2.50 | Rake $0.12 
Board [9c As 4s]
Seat 1: AschabAv (button) collected ($2.38)
Seat 2: equilibrium_tv (small blind) folded before Flop
Seat 3: B1GBankroll (big blind) folded on the Flop
Seat 4: andutu34 folded before Flop (didn't bet)
Seat 5: Kreayshawn folded before Flop (didn't bet)
Seat 6: Consig|iori folded before Flop (didn't bet)



PokerStars Hand #254273220666:  Hold'em No Limit ($0.50/$1.00 USD) - 2025/01/08 2:42:49 WET [2025/01/08 21:42:49 ET]
Table 'Alphecca II' 6-max Seat #2 is the button
Seat 1: AschabAv ($37.38 in chips) 
Seat 2: equilibrium_tv ($37.50 in chips) 
Seat 3: B1GBankroll ($100 in chips) 
Seat 4: andutu34 ($102.21 in chips) 
Seat 5: Kreayshawn ($107.45 in chips) 
Seat 6: Consig|iori ($104.99 in chips) 
B1GBankroll: posts small blind $0.50
andutu34: posts big blind $1
*** HOLE CARDS ***
Kreayshawn: folds 
Consig|iori: folds 
AschabAv: folds 
equilibrium_tv: folds 
B1GBankroll: raises $2 to $3
andutu34: raises $7 to $10
B1GBankroll: folds 
Uncalled bet ($7) returned to andutu34
andutu34 collected $6 from pot
andutu34: doesn't show hand 
*** SUMMARY ***
Total pot $6 | Rake $0 
Seat 1: AschabAv folded before Flop (didn't bet)
Seat 2: equilibrium_tv (button) folded before Flop (didn't bet)
Seat 3: B1GBankroll (small blind) folded before Flop
Seat 4: andutu34 (big blind) collected ($6)
Seat 5: Kreayshawn folded before Flop (didn't bet)
Seat 6: Consig|iori folded before Flop (didn't bet)



PokerStars Hand #254273299909:  Hold'em No Limit ($0.50/$1.00 USD) - 2025/01/08 2:51:37 WET [2025/01/08 21:51:37 ET]
Table 'Alphecca II' 6-max Seat #5 is the button
Seat 1: AschabAv ($40 in chips) is sitting out
Seat 2: equilibrium_tv ($39.52 in chips) 
Seat 3: B1GBankroll ($121.49 in chips) 
Seat 4: andutu34 ($115.73 in chips) 
Seat 5: Kreayshawn ($110.37 in chips) 
Seat 6: Consig|iori ($101.59 in chips) 
Consig|iori: posts small blind $0.50
equilibrium_tv: posts big blind $1
*** HOLE CARDS ***
B1GBankroll: folds 
andutu34: folds 
Kreayshawn: raises $1.50 to $2.50
Consig|iori: folds 
equilibrium_tv: folds 
Uncalled bet ($1.50) returned to Kreayshawn
Kreayshawn collected $2.50 from pot
*** SUMMARY ***
Total pot $2.50 | Rake $0 
Seat 1: AschabAv
Seat 2: equilibrium_tv (big blind) folded before Flop
Seat 3: B1GBankroll folded before Flop (didn't bet)
Seat 4: andutu34 folded before Flop (didn't bet)
Seat 5: Kreayshawn (button) collected ($2.50)
Seat 6: Consig|iori (small blind) folded before Flop



PokerStars Hand #254273305350:  Hold'em No Limit ($0.50/$1.00 USD) - 2025/01/08 2:52:13 WET [2025/01/08 21:52:13 ET]
Table 'Alphecca II' 6-max Seat #6 is the button
Seat 1: AschabAv ($40 in chips) is sitting out
Seat 2: equilibrium_tv ($38.52 in chips) 
Seat 3: B1GBankroll ($121.49 in chips) 
Seat 4: andutu34 ($115.73 in chips) 
Seat 5: Kreayshawn ($111.87 in chips) 
Seat 6: Consig|iori ($101.09 in chips) 
equilibrium_tv: posts small blind $0.50
B1GBankroll: posts big blind $1
*** HOLE CARDS ***
andutu34: folds 
Kreayshawn: folds 
Consig|iori: raises $1.40 to $2.40
equilibrium_tv: raises $5.60 to $8
B1GBankroll: folds 
Consig|iori: folds 
Uncalled bet ($5.60) returned to equilibrium_tv
equilibrium_tv collected $5.80 from pot
*** SUMMARY ***
Total pot $5.80 | Rake $0 
Seat 1: AschabAv
Seat 2: equilibrium_tv (small blind) collected ($5.80)
Seat 3: B1GBankroll (big blind) folded before Flop
Seat 4: andutu34 folded before Flop (didn't bet)
Seat 5: Kreayshawn folded before Flop (didn't bet)
Seat 6: Consig|iori (button) folded before Flop



PokerStars Hand #254273309084:  Hold'em No Limit ($0.50/$1.00 USD) - 2025/01/08 2:52:38 WET [2025/01/08 21:52:38 ET]
Table 'Alphecca II' 6-max Seat #2 is the button
Seat 1: AschabAv ($40 in chips) is sitting out
Seat 4: andutu34 ($115.73 in chips) is sitting out
Seat 2: equilibrium_tv ($41.92 in chips) 
Seat 3: B1GBankroll ($120.49 in chips) 
Seat 5: Kreayshawn ($111.87 in chips) 
Seat 6: Consig|iori ($100 in chips) 
B1GBankroll: posts small blind $0.50
andutu34: is sitting out 
Kreayshawn: posts big blind $1
*** HOLE CARDS ***
Consig|iori: folds 
equilibrium_tv: raises $1 to $2
B1GBankroll: folds 
Kreayshawn: folds 
Uncalled bet ($1) returned to equilibrium_tv
equilibrium_tv collected $2.50 from pot
*** SUMMARY ***
Total pot $2.50 | Rake $0 
Seat 1: AschabAv
Seat 4: andutu34
Seat 2: equilibrium_tv (button) collected ($2.50)
Seat 3: B1GBankroll (small blind) folded before Flop
Seat 5: Kreayshawn (big blind) folded before Flop
Seat 6: Consig|iori folded before Flop (didn't bet)



PokerStars Hand #254273311918:  Hold'em No Limit ($0.50/$1.00 USD) - 2025/01/08 2:52:57 WET [2025/01/08 21:52:57 ET]
Table 'Alphecca II' 6-max Seat #3 is the button
Seat 1: AschabAv ($40 in chips) is sitting out
Seat 4: andutu34 ($115.73 in chips) is sitting out
Seat 2: equilibrium_tv ($43.42 in chips) 
Seat 3: B1GBankroll ($119.99 in chips) 
Seat 5: Kreayshawn ($110.87 in chips) 
Seat 6: Consig|iori ($100 in chips) 
Kreayshawn: posts small blind $0.50
Consig|iori: posts big blind $1
*** HOLE CARDS ***
equilibrium_tv: raises $1 to $2
B1GBankroll: folds 
Kreayshawn: raises $7 to $9
Consig|iori: folds 
equilibrium_tv: folds 
Uncalled bet ($7) returned to Kreayshawn
Kreayshawn collected $5 from pot
*** SUMMARY ***
Total pot $5 | Rake $0 
Seat 1: AschabAv
Seat 4: andutu34
Seat 2: equilibrium_tv folded before Flop
Seat 3: B1GBankroll (button) folded before Flop (didn't bet)
Seat 5: Kreayshawn (small blind) collected ($5)
Seat 6: Consig|iori (big blind) folded before Flop



PokerStars Hand #254273314839:  Hold'em No Limit ($0.50/$1.00 USD) - 2025/01/08 2:53:17 WET [2025/01/08 21:53:17 ET]
Table 'Alphecca II' 6-max Seat #5 is the button
Seat 1: AschabAv ($40 in chips) is sitting out
Seat 4: andutu34 ($115.73 in chips) is sitting out
Seat 2: equilibrium_tv ($41.42 in chips) 
Seat 3: B1GBankroll ($119.99 in chips) 
Seat 5: Kreayshawn ($113.87 in chips) 
Seat 6: Consig|iori ($100 in chips) 
Consig|iori: posts small blind $0.50
equilibrium_tv: posts big blind $1
*** HOLE CARDS ***
B1GBankroll: raises $1.50 to $2.50
Kreayshawn: folds 
Consig|iori: folds 
equilibrium_tv: folds 
Uncalled bet ($1.50) returned to B1GBankroll
B1GBankroll collected $2.50 from pot
B1GBankroll: doesn't show hand 
*** SUMMARY ***
Total pot $2.50 | Rake $0 
Seat 1: AschabAv
Seat 4: andutu34
Seat 2: equilibrium_tv (big blind) folded before Flop
Seat 3: B1GBankroll collected ($2.50)
Seat 5: Kreayshawn (button) folded before Flop (didn't bet)
Seat 6: Consig|iori (small blind) folded before Flop



PokerStars Hand #254273317376:  Hold'em No Limit ($0.50/$1.00 USD) - 2025/01/08 2:53:34 WET [2025/01/08 21:53:34 ET]
Table 'Alphecca II' 6-max Seat #6 is the button
Seat 1: AschabAv ($40 in chips) is sitting out
Seat 4: andutu34 ($115.73 in chips) is sitting out
Seat 2: equilibrium_tv ($40.42 in chips) 
Seat 3: B1GBankroll ($121.49 in chips) 
Seat 5: Kreayshawn ($113.87 in chips) 
Seat 6: Consig|iori ($100 in chips) 
equilibrium_tv: posts small blind $0.50
B1GBankroll: posts big blind $1
*** HOLE CARDS ***
andutu34 leaves the table
Kreayshawn: raises $1.50 to $2.50
Consig|iori: folds 
equilibrium_tv: folds 
B1GBankroll: folds 
Uncalled bet ($1.50) returned to Kreayshawn
Kreayshawn collected $2.50 from pot
*** SUMMARY ***
Total pot $2.50 | Rake $0 
Seat 1: AschabAv
Seat 4: andutu34
Seat 2: equilibrium_tv (small blind) folded before Flop
Seat 3: B1GBankroll (big blind) folded before Flop
Seat 5: Kreayshawn collected ($2.50)
Seat 6: Consig|iori (button) folded before Flop (didn't bet)



PokerStars Hand #254273319564:  Hold'em No Limit ($0.50/$1.00 USD) - 2025/01/08 2:53:48 WET [2025/01/08 21:53:48 ET]
Table 'Alphecca II' 6-max Seat #3 is the button
Seat 1: AschabAv ($40 in chips) is sitting out
Seat 5: Kreayshawn ($115.37 in chips) is sitting out
Seat 6: Consig|iori ($100 in chips) is sitting out
Seat 2: equilibrium_tv ($39.92 in chips) 
Seat 3: B1GBankroll ($120.49 in chips) 
B1GBankroll: posts small blind $0.50
Kreayshawn: is sitting out 
Consig|iori: is sitting out 
equilibrium_tv: posts big blind $1
*** HOLE CARDS ***
Kreayshawn leaves the table
B1GBankroll: folds 
Uncalled bet ($0.50) returned to equilibrium_tv
equilibrium_tv collected $1 from pot
Consig|iori leaves the table
*** SUMMARY ***
Total pot $1 | Rake $0 
Seat 1: AschabAv
Seat 5: Kreayshawn
Seat 6: Consig|iori
Seat 2: equilibrium_tv (big blind) collected ($1)
Seat 3: B1GBankroll (button) (small blind) folded before Flop



PokerStars Hand #254273320863:  Hold'em No Limit ($0.50/$1.00 USD) - 2025/01/08 2:53:56 WET [2025/01/08 21:53:56 ET]
Table 'Alphecca II' 6-max Seat #2 is the button
Seat 1: AschabAv ($40 in chips) is sitting out
Seat 2: equilibrium_tv ($40.42 in chips) 
Seat 3: B1GBankroll ($119.99 in chips) 
equilibrium_tv: posts small blind $0.50
B1GBankroll: posts big blind $1
*** HOLE CARDS ***
equilibrium_tv: folds 
Uncalled bet ($0.50) returned to B1GBankroll
B1GBankroll collected $1 from pot
B1GBankroll: doesn't show hand 
equilibrium_tv leaves the table
*** SUMMARY ***
Total pot $1 | Rake $0 
Seat 1: AschabAv
Seat 2: equilibrium_tv (button) (small blind) folded before Flop
Seat 3: B1GBankroll (big blind) collected ($1)



PokerStars Hand #254273338046:  Hold'em No Limit ($0.50/$1.00 USD) - 2025/01/08 2:56:04 WET [2025/01/08 21:56:04 ET]
Table 'Alphecca II' 6-max Seat #3 is the button
Seat 1: AschabAv ($40 in chips) is sitting out
Seat 3: B1GBankroll ($120.49 in chips) 
Seat 5: equilibrium_tv ($39.92 in chips) 
B1GBankroll: posts small blind $0.50
equilibrium_tv: posts big blind $1
*** HOLE CARDS ***
B1GBankroll: folds 
Uncalled bet ($0.50) returned to equilibrium_tv
equilibrium_tv collected $1 from pot
*** SUMMARY ***
Total pot $1 | Rake $0 
Seat 1: AschabAv
Seat 3: B1GBankroll (button) (small blind) folded before Flop
Seat 5: equilibrium_tv (big blind) collected ($1)



PokerStars Hand #254273339197:  Hold'em No Limit ($0.50/$1.00 USD) - 2025/01/08 2:56:14 WET [2025/01/08 21:56:14 ET]
Table 'Alphecca II' 6-max Seat #5 is the button
Seat 1: AschabAv ($40 in chips) is sitting out
Seat 3: B1GBankroll ($119.99 in chips) 
Seat 5: equilibrium_tv ($40.42 in chips) 
equilibrium_tv: posts small blind $0.50
B1GBankroll: posts big blind $1
*** HOLE CARDS ***
equilibrium_tv: folds 
Uncalled bet ($0.50) returned to B1GBankroll
B1GBankroll collected $1 from pot
B1GBankroll: doesn't show hand 
equilibrium_tv leaves the table
*** SUMMARY ***
Total pot $1 | Rake $0 
Seat 1: AschabAv
Seat 3: B1GBankroll (big blind) collected ($1)
Seat 5: equilibrium_tv (button) (small blind) folded before Flop



PokerStars Hand #254273478263:  Hold'em No Limit ($0.50/$1.00 USD) - 2025/01/08 3:13:26 WET [2025/01/08 22:13:26 ET]
Table 'Alphecca II' 6-max Seat #1 is the button
Seat 1: 50CandyJoe ($100 in chips) 
Seat 3: B1GBankroll ($120.49 in chips) 
50CandyJoe: posts small blind $0.50
B1GBankroll: posts big blind $1
*** HOLE CARDS ***
50CandyJoe: raises $1.50 to $2.50
B1GBankroll: calls $1.50
*** FLOP *** [Jh Ad 7h]
B1GBankroll: checks 
50CandyJoe: checks 
*** TURN *** [Jh Ad 7h] [8s]
B1GBankroll: bets $2.33
50CandyJoe: calls $2.33
*** RIVER *** [Jh Ad 7h 8s] [Td]
B1GBankroll: bets $4.50
50CandyJoe: folds 
Uncalled bet ($4.50) returned to B1GBankroll
B1GBankroll collected $9.18 from pot
B1GBankroll: doesn't show hand 
*** SUMMARY ***
Total pot $9.66 | Rake $0.48 
Board [Jh Ad 7h 8s Td]
Seat 1: 50CandyJoe (button) (small blind) folded on the River
Seat 3: B1GBankroll (big blind) collected ($9.18)



PokerStars Hand #254273487953:  Hold'em No Limit ($0.50/$1.00 USD) - 2025/01/08 3:14:37 WET [2025/01/08 22:14:37 ET]
Table 'Alphecca II' 6-max Seat #3 is the button
Seat 1: 50CandyJoe ($100 in chips) 
Seat 3: B1GBankroll ($124.84 in chips) 
B1GBankroll: posts small blind $0.50
50CandyJoe: posts big blind $1
*** HOLE CARDS ***
B1GBankroll: raises $1.50 to $2.50
50CandyJoe: folds 
Uncalled bet ($1.50) returned to B1GBankroll
B1GBankroll collected $2 from pot
B1GBankroll: doesn't show hand 
*** SUMMARY ***
Total pot $2 | Rake $0 
Seat 1: 50CandyJoe (big blind) folded before Flop
Seat 3: B1GBankroll (button) (small blind) collected ($2)



PokerStars Hand #254273512281:  Hold'em No Limit ($0.50/$1.00 USD) - 2025/01/08 3:17:33 WET [2025/01/08 22:17:33 ET]
Table 'Alphecca II' 6-max Seat #5 is the button
Seat 1: steelNike ($40 in chips) 
Seat 5: Tfpoker88 ($40 in chips) 
Tfpoker88: posts small blind $0.50
steelNike: posts big blind $1
*** HOLE CARDS ***
Tfpoker88: folds 
Uncalled bet ($0.50) returned to steelNike
Tfpoker88 leaves the table
steelNike collected $1 from pot
*** SUMMARY ***
Total pot $1 | Rake $0 
Seat 1: steelNike (big blind) collected ($1)
Seat 5: Tfpoker88 (button) (small blind) folded before Flop



PokerStars Hand #254273572972:  Hold'em No Limit ($0.50/$1.00 USD) - 2025/01/08 3:25:04 WET [2025/01/08 22:25:04 ET]
Table 'Alphecca II' 6-max Seat #6 is the button
Seat 1: Eredar5 ($124 in chips) 
Seat 5: 50CandyJoe ($100 in chips) 
Seat 6: Quadsfordayz ($100 in chips) 
Eredar5: posts small blind $0.50
50CandyJoe: posts big blind $1
*** HOLE CARDS ***
Quadsfordayz: calls $1
Eredar5: folds 
50CandyJoe: raises $3 to $4
Quadsfordayz: folds 
Uncalled bet ($3) returned to 50CandyJoe
50CandyJoe collected $2.50 from pot
50CandyJoe: doesn't show hand 
*** SUMMARY ***
Total pot $2.50 | Rake $0 
Seat 1: Eredar5 (small blind) folded before Flop
Seat 5: 50CandyJoe (big blind) collected ($2.50)
Seat 6: Quadsfordayz (button) folded before Flop



PokerStars Hand #254273576718:  Hold'em No Limit ($0.50/$1.00 USD) - 2025/01/08 3:25:32 WET [2025/01/08 22:25:32 ET]
Table 'Alphecca II' 6-max Seat #1 is the button
Seat 1: Eredar5 ($123.50 in chips) 
Seat 5: 50CandyJoe ($101.50 in chips) 
Seat 6: Quadsfordayz ($99 in chips) 
50CandyJoe: posts small blind $0.50
Quadsfordayz: posts big blind $1
*** HOLE CARDS ***
Eredar5: folds 
50CandyJoe: raises $1.50 to $2.50
Quadsfordayz: folds 
Uncalled bet ($1.50) returned to 50CandyJoe
50CandyJoe collected $2 from pot
50CandyJoe: doesn't show hand 
*** SUMMARY ***
Total pot $2 | Rake $0 
Seat 1: Eredar5 (button) folded before Flop (didn't bet)
Seat 5: 50CandyJoe (small blind) collected ($2)
Seat 6: Quadsfordayz (big blind) folded before Flop



PokerStars Hand #254273578223:  Hold'em No Limit ($0.50/$1.00 USD) - 2025/01/08 3:25:43 WET [2025/01/08 22:25:43 ET]
Table 'Alphecca II' 6-max Seat #6 is the button
Seat 1: Eredar5 ($123.50 in chips) is sitting out
Seat 5: 50CandyJoe ($102.50 in chips) 
Seat 6: Quadsfordayz ($98 in chips) 
Quadsfordayz: posts small blind $0.50
Eredar5: is sitting out 
50CandyJoe: posts big blind $1
*** HOLE CARDS ***
Quadsfordayz: calls $0.50
50CandyJoe: raises $3 to $4
Quadsfordayz: calls $3
*** FLOP *** [6h Kc Qc]
50CandyJoe: checks 
Quadsfordayz: checks 
*** TURN *** [6h Kc Qc] [Td]
50CandyJoe: checks 
Eredar5 leaves the table
Quadsfordayz: bets $2.51
50CandyJoe: folds 
Uncalled bet ($2.51) returned to Quadsfordayz
Quadsfordayz collected $7.60 from pot
Quadsfordayz: doesn't show hand 
*** SUMMARY ***
Total pot $8 | Rake $0.40 
Board [6h Kc Qc Td]
Seat 1: Eredar5
Seat 5: 50CandyJoe (big blind) folded on the Turn
Seat 6: Quadsfordayz (button) (small blind) collected ($7.60)



PokerStars Hand #254273582126:  Hold'em No Limit ($0.50/$1.00 USD) - 2025/01/08 3:26:13 WET [2025/01/08 22:26:13 ET]
Table 'Alphecca II' 6-max Seat #5 is the button
Seat 5: 50CandyJoe ($100 in chips) 
Seat 6: Quadsfordayz ($101.60 in chips) 
50CandyJoe: posts small blind $0.50
Quadsfordayz: posts big blind $1
*** HOLE CARDS ***
50CandyJoe: raises $1.20 to $2.20
Quadsfordayz: calls $1.20
*** FLOP *** [Qc Jc 6s]
Quadsfordayz: checks 
50CandyJoe: checks 
*** TURN *** [Qc Jc 6s] [Ts]
Quadsfordayz: checks 
50CandyJoe: checks 
*** RIVER *** [Qc Jc 6s Ts] [6h]
Quadsfordayz: bets $1.38
50CandyJoe: folds 
Uncalled bet ($1.38) returned to Quadsfordayz
Quadsfordayz collected $4.18 from pot
Quadsfordayz: doesn't show hand 
*** SUMMARY ***
Total pot $4.40 | Rake $0.22 
Board [Qc Jc 6s Ts 6h]
Seat 5: 50CandyJoe (button) (small blind) folded on the River
Seat 6: Quadsfordayz (big blind) collected ($4.18)



PokerStars Hand #254273585742:  Hold'em No Limit ($0.50/$1.00 USD) - 2025/01/08 3:26:40 WET [2025/01/08 22:26:40 ET]
Table 'Alphecca II' 6-max Seat #6 is the button
Seat 5: 50CandyJoe ($100 in chips) 
Seat 6: Quadsfordayz ($103.58 in chips) 
Quadsfordayz: posts small blind $0.50
50CandyJoe: posts big blind $1
*** HOLE CARDS ***
Quadsfordayz: raises $1 to $2
50CandyJoe: calls $1
*** FLOP *** [4c Kh 7h]
50CandyJoe: checks 
Quadsfordayz: checks 
*** TURN *** [4c Kh 7h] [4d]
50CandyJoe: bets $2.51
Quadsfordayz: folds 
Uncalled bet ($2.51) returned to 50CandyJoe
50CandyJoe collected $3.80 from pot
50CandyJoe: doesn't show hand 
*** SUMMARY ***
Total pot $4 | Rake $0.20 
Board [4c Kh 7h 4d]
Seat 5: 50CandyJoe (big blind) collected ($3.80)
Seat 6: Quadsfordayz (button) (small blind) folded on the Turn



PokerStars Hand #254273588330:  Hold'em No Limit ($0.50/$1.00 USD) - 2025/01/08 3:27:00 WET [2025/01/08 22:27:00 ET]
Table 'Alphecca II' 6-max Seat #5 is the button
Seat 5: 50CandyJoe ($101.80 in chips) 
Seat 6: Quadsfordayz ($101.58 in chips) 
50CandyJoe: posts small blind $0.50
Quadsfordayz: posts big blind $1
*** HOLE CARDS ***
50CandyJoe: raises $1.20 to $2.20
Quadsfordayz: folds 
Uncalled bet ($1.20) returned to 50CandyJoe
50CandyJoe collected $2 from pot
50CandyJoe: doesn't show hand 
*** SUMMARY ***
Total pot $2 | Rake $0 
Seat 5: 50CandyJoe (button) (small blind) collected ($2)
Seat 6: Quadsfordayz (big blind) folded before Flop



PokerStars Hand #254273591898:  Hold'em No Limit ($0.50/$1.00 USD) - 2025/01/08 3:27:27 WET [2025/01/08 22:27:27 ET]
Table 'Alphecca II' 6-max Seat #1 is the button
Seat 6: Quadsfordayz ($100.58 in chips) is sitting out
Seat 1: BeauParleur ($100 in chips) 
Seat 5: 50CandyJoe ($102.80 in chips) 
BeauParleur: posts small blind $0.50
50CandyJoe: posts big blind $1
*** HOLE CARDS ***
BeauParleur: raises $1 to $2
50CandyJoe: folds 
Uncalled bet ($1) returned to BeauParleur
BeauParleur collected $2 from pot
BeauParleur: doesn't show hand 
*** SUMMARY ***
Total pot $2 | Rake $0 
Seat 6: Quadsfordayz
Seat 1: BeauParleur (button) (small blind) collected ($2)
Seat 5: 50CandyJoe (big blind) folded before Flop



PokerStars Hand #254273593125:  Hold'em No Limit ($0.50/$1.00 USD) - 2025/01/08 3:27:37 WET [2025/01/08 22:27:37 ET]
Table 'Alphecca II' 6-max Seat #5 is the button
Seat 6: Quadsfordayz ($100.58 in chips) is sitting out
Seat 1: BeauParleur ($101 in chips) 
Seat 5: 50CandyJoe ($101.80 in chips) 
50CandyJoe: posts small blind $0.50
BeauParleur: posts big blind $1
*** HOLE CARDS ***
50CandyJoe: raises $1.20 to $2.20
BeauParleur: calls $1.20
*** FLOP *** [4c 6h 9s]
BeauParleur: checks 
50CandyJoe: checks 
*** TURN *** [4c 6h 9s] [Ks]
BeauParleur: checks 
50CandyJoe: bets $5.64
BeauParleur: calls $5.64
*** RIVER *** [4c 6h 9s Ks] [Js]
BeauParleur: checks 
50CandyJoe: bets $4.92
BeauParleur: folds 
Uncalled bet ($4.92) returned to 50CandyJoe
50CandyJoe collected $14.90 from pot
50CandyJoe: doesn't show hand 
*** SUMMARY ***
Total pot $15.68 | Rake $0.78 
Board [4c 6h 9s Ks Js]
Seat 6: Quadsfordayz
Seat 1: BeauParleur (big blind) folded on the River
Seat 5: 50CandyJoe (button) (small blind) collected ($14.90)



PokerStars Hand #254273600237:  Hold'em No Limit ($0.50/$1.00 USD) - 2025/01/08 3:28:31 WET [2025/01/08 22:28:31 ET]
Table 'Alphecca II' 6-max Seat #1 is the button
Seat 1: BeauParleur ($100 in chips) 
Seat 5: 50CandyJoe ($108.86 in chips) 
Seat 6: Quadsfordayz ($100.58 in chips) 
50CandyJoe: posts small blind $0.50
Quadsfordayz: posts big blind $1
*** HOLE CARDS ***
BeauParleur: raises $1.50 to $2.50
50CandyJoe: folds 
Quadsfordayz: folds 
Uncalled bet ($1.50) returned to BeauParleur
BeauParleur collected $2.50 from pot
BeauParleur: doesn't show hand 
*** SUMMARY ***
Total pot $2.50 | Rake $0 
Seat 1: BeauParleur (button) collected ($2.50)
Seat 5: 50CandyJoe (small blind) folded before Flop
Seat 6: Quadsfordayz (big blind) folded before Flop



PokerStars Hand #254273601649:  Hold'em No Limit ($0.50/$1.00 USD) - 2025/01/08 3:28:42 WET [2025/01/08 22:28:42 ET]
Table 'Alphecca II' 6-max Seat #5 is the button
Seat 1: BeauParleur ($101.50 in chips) 
Seat 5: 50CandyJoe ($108.36 in chips) 
Seat 6: Quadsfordayz ($99.58 in chips) 
Quadsfordayz: posts small blind $0.50
BeauParleur: posts big blind $1
*** HOLE CARDS ***
50CandyJoe: folds 
Quadsfordayz: folds 
Uncalled bet ($0.50) returned to BeauParleur
BeauParleur collected $1 from pot
BeauParleur: doesn't show hand 
*** SUMMARY ***
Total pot $1 | Rake $0 
Seat 1: BeauParleur (big blind) collected ($1)
Seat 5: 50CandyJoe (button) folded before Flop (didn't bet)
Seat 6: Quadsfordayz (small blind) folded before Flop



PokerStars Hand #254273602657:  Hold'em No Limit ($0.50/$1.00 USD) - 2025/01/08 3:28:50 WET [2025/01/08 22:28:50 ET]
Table 'Alphecca II' 6-max Seat #6 is the button
Seat 1: BeauParleur ($102 in chips) 
Seat 5: 50CandyJoe ($108.36 in chips) 
Seat 6: Quadsfordayz ($99.08 in chips) 
BeauParleur: posts small blind $0.50
50CandyJoe: posts big blind $1
*** HOLE CARDS ***
Quadsfordayz: folds 
BeauParleur: folds 
Uncalled bet ($0.50) returned to 50CandyJoe
50CandyJoe collected $1 from pot
50CandyJoe: doesn't show hand 
*** SUMMARY ***
Total pot $1 | Rake $0 
Seat 1: BeauParleur (small blind) folded before Flop
Seat 5: 50CandyJoe (big blind) collected ($1)
Seat 6: Quadsfordayz (button) folded before Flop (didn't bet)



PokerStars Hand #254273603724:  Hold'em No Limit ($0.50/$1.00 USD) - 2025/01/08 3:28:58 WET [2025/01/08 22:28:58 ET]
Table 'Alphecca II' 6-max Seat #1 is the button
Seat 1: BeauParleur ($101.50 in chips) 
Seat 5: 50CandyJoe ($108.86 in chips) 
Seat 6: Quadsfordayz ($99.08 in chips) 
50CandyJoe: posts small blind $0.50
Quadsfordayz: posts big blind $1
*** HOLE CARDS ***
BeauParleur: raises $1.50 to $2.50
50CandyJoe: folds 
Quadsfordayz: folds 
Uncalled bet ($1.50) returned to BeauParleur
BeauParleur collected $2.50 from pot
BeauParleur: doesn't show hand 
*** SUMMARY ***
Total pot $2.50 | Rake $0 
Seat 1: BeauParleur (button) collected ($2.50)
Seat 5: 50CandyJoe (small blind) folded before Flop
Seat 6: Quadsfordayz (big blind) folded before Flop



PokerStars Hand #254273606370:  Hold'em No Limit ($0.50/$1.00 USD) - 2025/01/08 3:29:19 WET [2025/01/08 22:29:19 ET]
Table 'Alphecca II' 6-max Seat #5 is the button
Seat 1: BeauParleur ($103 in chips) 
Seat 5: 50CandyJoe ($108.36 in chips) 
Seat 6: Quadsfordayz ($98.08 in chips) 
Quadsfordayz: posts small blind $0.50
BeauParleur: posts big blind $1
*** HOLE CARDS ***
50CandyJoe: raises $1.20 to $2.20
Quadsfordayz: folds 
BeauParleur: folds 
Uncalled bet ($1.20) returned to 50CandyJoe
50CandyJoe collected $2.50 from pot
50CandyJoe: doesn't show hand 
*** SUMMARY ***
Total pot $2.50 | Rake $0 
Seat 1: BeauParleur (big blind) folded before Flop
Seat 5: 50CandyJoe (button) collected ($2.50)
Seat 6: Quadsfordayz (small blind) folded before Flop



PokerStars Hand #254273608266:  Hold'em No Limit ($0.50/$1.00 USD) - 2025/01/08 3:29:34 WET [2025/01/08 22:29:34 ET]
Table 'Alphecca II' 6-max Seat #6 is the button
Seat 1: BeauParleur ($102 in chips) 
Seat 5: 50CandyJoe ($109.86 in chips) 
Seat 6: Quadsfordayz ($97.58 in chips) 
BeauParleur: posts small blind $0.50
50CandyJoe: posts big blind $1
*** HOLE CARDS ***
Quadsfordayz: folds 
BeauParleur: folds 
Uncalled bet ($0.50) returned to 50CandyJoe
50CandyJoe collected $1 from pot
50CandyJoe: doesn't show hand 
*** SUMMARY ***
Total pot $1 | Rake $0 
Seat 1: BeauParleur (small blind) folded before Flop
Seat 5: 50CandyJoe (big blind) collected ($1)
Seat 6: Quadsfordayz (button) folded before Flop (didn't bet)



PokerStars Hand #254273609314:  Hold'em No Limit ($0.50/$1.00 USD) - 2025/01/08 3:29:42 WET [2025/01/08 22:29:42 ET]
Table 'Alphecca II' 6-max Seat #1 is the button
Seat 1: BeauParleur ($101.50 in chips) 
Seat 6: Quadsfordayz ($97.58 in chips) 
BeauParleur: posts small blind $0.50
Quadsfordayz: posts big blind $1
*** HOLE CARDS ***
BeauParleur: raises $1.50 to $2.50
Quadsfordayz: folds 
Uncalled bet ($1.50) returned to BeauParleur
BeauParleur collected $2 from pot
BeauParleur: doesn't show hand 
*** SUMMARY ***
Total pot $2 | Rake $0 
Seat 1: BeauParleur (button) (small blind) collected ($2)
Seat 6: Quadsfordayz (big blind) folded before Flop



PokerStars Hand #254273610671:  Hold'em No Limit ($0.50/$1.00 USD) - 2025/01/08 3:29:52 WET [2025/01/08 22:29:52 ET]
Table 'Alphecca II' 6-max Seat #6 is the button
Seat 1: BeauParleur ($102.50 in chips) 
Seat 6: Quadsfordayz ($96.58 in chips) 
Quadsfordayz: posts small blind $0.50
BeauParleur: posts big blind $1
*** HOLE CARDS ***
Quadsfordayz: raises $2 to $3
BeauParleur: calls $2
*** FLOP *** [8d 4c 3c]
BeauParleur: checks 
Quadsfordayz: bets $1.88
BeauParleur: calls $1.88
*** TURN *** [8d 4c 3c] [2c]
BeauParleur: checks 
Quadsfordayz: bets $4.64
BeauParleur: raises $13.91 to $18.55
Quadsfordayz: calls $13.91
*** RIVER *** [8d 4c 3c 2c] [2d]
BeauParleur: bets $79.07 and is all-in
Quadsfordayz: folds 
Uncalled bet ($79.07) returned to BeauParleur
BeauParleur collected $45.86 from pot
BeauParleur: doesn't show hand 
*** SUMMARY ***
Total pot $46.86 | Rake $1 
Board [8d 4c 3c 2c 2d]
Seat 1: BeauParleur (big blind) collected ($45.86)
Seat 6: Quadsfordayz (button) (small blind) folded on the River



PokerStars Hand #254273623203:  Hold'em No Limit ($0.50/$1.00 USD) - 2025/01/08 3:31:29 WET [2025/01/08 22:31:29 ET]
Table 'Alphecca II' 6-max Seat #1 is the button
Seat 1: BeauParleur ($124.93 in chips) 
Seat 6: Quadsfordayz ($73.15 in chips) 
BeauParleur: posts small blind $0.50
Quadsfordayz: posts big blind $1
*** HOLE CARDS ***
BeauParleur: raises $1 to $2
Quadsfordayz: folds 
Uncalled bet ($1) returned to BeauParleur
BeauParleur collected $2 from pot
BeauParleur: doesn't show hand 
*** SUMMARY ***
Total pot $2 | Rake $0 
Seat 1: BeauParleur (button) (small blind) collected ($2)
Seat 6: Quadsfordayz (big blind) folded before Flop



PokerStars Hand #254273624207:  Hold'em No Limit ($0.50/$1.00 USD) - 2025/01/08 3:31:37 WET [2025/01/08 22:31:37 ET]
Table 'Alphecca II' 6-max Seat #6 is the button
Seat 1: BeauParleur ($125.93 in chips) 
Seat 6: Quadsfordayz ($72.15 in chips) 
Quadsfordayz: posts small blind $0.50
BeauParleur: posts big blind $1
*** HOLE CARDS ***
Quadsfordayz: folds 
Uncalled bet ($0.50) returned to BeauParleur
BeauParleur collected $1 from pot
BeauParleur: doesn't show hand 
*** SUMMARY ***
Total pot $1 | Rake $0 
Seat 1: BeauParleur (big blind) collected ($1)
Seat 6: Quadsfordayz (button) (small blind) folded before Flop



PokerStars Hand #254273625035:  Hold'em No Limit ($0.50/$1.00 USD) - 2025/01/08 3:31:44 WET [2025/01/08 22:31:44 ET]
Table 'Alphecca II' 6-max Seat #1 is the button
Seat 1: BeauParleur ($126.43 in chips) 
Seat 6: Quadsfordayz ($71.65 in chips) 
BeauParleur: posts small blind $0.50
Quadsfordayz: posts big blind $1
*** HOLE CARDS ***
BeauParleur: raises $1 to $2
Quadsfordayz: folds 
Uncalled bet ($1) returned to BeauParleur
BeauParleur collected $2 from pot
BeauParleur: doesn't show hand 
*** SUMMARY ***
Total pot $2 | Rake $0 
Seat 1: BeauParleur (button) (small blind) collected ($2)
Seat 6: Quadsfordayz (big blind) folded before Flop



PokerStars Hand #254273626062:  Hold'em No Limit ($0.50/$1.00 USD) - 2025/01/08 3:31:51 WET [2025/01/08 22:31:51 ET]
Table 'Alphecca II' 6-max Seat #6 is the button
Seat 1: BeauParleur ($127.43 in chips) 
Seat 6: Quadsfordayz ($70.65 in chips) 
Quadsfordayz: posts small blind $0.50
BeauParleur: posts big blind $1
*** HOLE CARDS ***
Quadsfordayz: folds 
Uncalled bet ($0.50) returned to BeauParleur
BeauParleur collected $1 from pot
BeauParleur: doesn't show hand 
*** SUMMARY ***
Total pot $1 | Rake $0 
Seat 1: BeauParleur (big blind) collected ($1)
Seat 6: Quadsfordayz (button) (small blind) folded before Flop



PokerStars Hand #254273626903:  Hold'em No Limit ($0.50/$1.00 USD) - 2025/01/08 3:31:58 WET [2025/01/08 22:31:58 ET]
Table 'Alphecca II' 6-max Seat #1 is the button
Seat 1: BeauParleur ($127.93 in chips) 
Seat 6: Quadsfordayz ($70.15 in chips) 
BeauParleur: posts small blind $0.50
Quadsfordayz: posts big blind $1
*** HOLE CARDS ***
BeauParleur: folds 
Uncalled bet ($0.50) returned to Quadsfordayz
Quadsfordayz collected $1 from pot
Quadsfordayz: doesn't show hand 
*** SUMMARY ***
Total pot $1 | Rake $0 
Seat 1: BeauParleur (button) (small blind) folded before Flop
Seat 6: Quadsfordayz (big blind) collected ($1)



PokerStars Hand #254273627718:  Hold'em No Limit ($0.50/$1.00 USD) - 2025/01/08 3:32:04 WET [2025/01/08 22:32:04 ET]
Table 'Alphecca II' 6-max Seat #6 is the button
Seat 1: BeauParleur ($127.43 in chips) 
Seat 6: Quadsfordayz ($70.65 in chips) 
Quadsfordayz: posts small blind $0.50
BeauParleur: posts big blind $1
*** HOLE CARDS ***
Quadsfordayz: raises $2 to $3
BeauParleur: folds 
Uncalled bet ($2) returned to Quadsfordayz
Quadsfordayz collected $2 from pot
Quadsfordayz: doesn't show hand 
*** SUMMARY ***
Total pot $2 | Rake $0 
Seat 1: BeauParleur (big blind) folded before Flop
Seat 6: Quadsfordayz (button) (small blind) collected ($2)



PokerStars Hand #254273628885:  Hold'em No Limit ($0.50/$1.00 USD) - 2025/01/08 3:32:14 WET [2025/01/08 22:32:14 ET]
Table 'Alphecca II' 6-max Seat #1 is the button
Seat 1: BeauParleur ($126.43 in chips) 
Seat 6: Quadsfordayz ($71.65 in chips) 
BeauParleur: posts small blind $0.50
Quadsfordayz: posts big blind $1
*** HOLE CARDS ***
BeauParleur: raises $1.25 to $2.25
Quadsfordayz: calls $1.25
*** FLOP *** [3c Qc 8c]
Quadsfordayz: bets $1.41
BeauParleur: calls $1.41
*** TURN *** [3c Qc 8c] [3d]
Quadsfordayz: bets $3.48
BeauParleur: calls $3.48
*** RIVER *** [3c Qc 8c 3d] [4c]
Quadsfordayz: bets $6.79
BeauParleur: folds 
Uncalled bet ($6.79) returned to Quadsfordayz
Quadsfordayz collected $13.57 from pot
Quadsfordayz: doesn't show hand 
*** SUMMARY ***
Total pot $14.28 | Rake $0.71 
Board [3c Qc 8c 3d 4c]
Seat 1: BeauParleur (button) (small blind) folded on the River
Seat 6: Quadsfordayz (big blind) collected ($13.57)



PokerStars Hand #254273635621:  Hold'em No Limit ($0.50/$1.00 USD) - 2025/01/08 3:33:06 WET [2025/01/08 22:33:06 ET]
Table 'Alphecca II' 6-max Seat #6 is the button
Seat 1: BeauParleur ($119.29 in chips) 
Seat 6: Quadsfordayz ($78.08 in chips) 
Quadsfordayz: posts small blind $0.50
BeauParleur: posts big blind $1
*** HOLE CARDS ***
Quadsfordayz: folds 
Uncalled bet ($0.50) returned to BeauParleur
BeauParleur collected $1 from pot
BeauParleur: doesn't show hand 
*** SUMMARY ***
Total pot $1 | Rake $0 
Seat 1: BeauParleur (big blind) collected ($1)
Seat 6: Quadsfordayz (button) (small blind) folded before Flop



PokerStars Hand #254273636375:  Hold'em No Limit ($0.50/$1.00 USD) - 2025/01/08 3:33:12 WET [2025/01/08 22:33:12 ET]
Table 'Alphecca II' 6-max Seat #1 is the button
Seat 1: BeauParleur ($119.79 in chips) 
Seat 6: Quadsfordayz ($77.58 in chips) 
BeauParleur: posts small blind $0.50
Quadsfordayz: posts big blind $1
*** HOLE CARDS ***
BeauParleur: raises $1 to $2
Quadsfordayz: folds 
Uncalled bet ($1) returned to BeauParleur
BeauParleur collected $2 from pot
BeauParleur: doesn't show hand 
*** SUMMARY ***
Total pot $2 | Rake $0 
Seat 1: BeauParleur (button) (small blind) collected ($2)
Seat 6: Quadsfordayz (big blind) folded before Flop



PokerStars Hand #254273637617:  Hold'em No Limit ($0.50/$1.00 USD) - 2025/01/08 3:33:22 WET [2025/01/08 22:33:22 ET]
Table 'Alphecca II' 6-max Seat #6 is the button
Seat 1: BeauParleur ($120.79 in chips) 
Seat 6: Quadsfordayz ($76.58 in chips) 
Quadsfordayz: posts small blind $0.50
BeauParleur: posts big blind $1
*** HOLE CARDS ***
Quadsfordayz: raises $2 to $3
BeauParleur: folds 
Uncalled bet ($2) returned to Quadsfordayz
Quadsfordayz collected $2 from pot
Quadsfordayz: doesn't show hand 
*** SUMMARY ***
Total pot $2 | Rake $0 
Seat 1: BeauParleur (big blind) folded before Flop
Seat 6: Quadsfordayz (button) (small blind) collected ($2)



PokerStars Hand #254273639170:  Hold'em No Limit ($0.50/$1.00 USD) - 2025/01/08 3:33:34 WET [2025/01/08 22:33:34 ET]
Table 'Alphecca II' 6-max Seat #1 is the button
Seat 1: BeauParleur ($119.79 in chips) 
Seat 6: Quadsfordayz ($77.58 in chips) 
BeauParleur: posts small blind $0.50
Quadsfordayz: posts big blind $1
*** HOLE CARDS ***
BeauParleur: raises $1 to $2
Quadsfordayz: folds 
Uncalled bet ($1) returned to BeauParleur
BeauParleur collected $2 from pot
BeauParleur: doesn't show hand 
*** SUMMARY ***
Total pot $2 | Rake $0 
Seat 1: BeauParleur (button) (small blind) collected ($2)
Seat 6: Quadsfordayz (big blind) folded before Flop



PokerStars Hand #254273640215:  Hold'em No Limit ($0.50/$1.00 USD) - 2025/01/08 3:33:42 WET [2025/01/08 22:33:42 ET]
Table 'Alphecca II' 6-max Seat #6 is the button
Seat 1: BeauParleur ($120.79 in chips) 
Seat 6: Quadsfordayz ($76.58 in chips) 
Quadsfordayz: posts small blind $0.50
BeauParleur: posts big blind $1
*** HOLE CARDS ***
Quadsfordayz: folds 
Uncalled bet ($0.50) returned to BeauParleur
BeauParleur collected $1 from pot
BeauParleur: doesn't show hand 
*** SUMMARY ***
Total pot $1 | Rake $0 
Seat 1: BeauParleur (big blind) collected ($1)
Seat 6: Quadsfordayz (button) (small blind) folded before Flop



PokerStars Hand #254273641124:  Hold'em No Limit ($0.50/$1.00 USD) - 2025/01/08 3:33:50 WET [2025/01/08 22:33:50 ET]
Table 'Alphecca II' 6-max Seat #1 is the button
Seat 1: BeauParleur ($121.29 in chips) 
Seat 6: Quadsfordayz ($76.08 in chips) 
BeauParleur: posts small blind $0.50
Quadsfordayz: posts big blind $1
*** HOLE CARDS ***
BeauParleur: raises $1 to $2
Quadsfordayz: folds 
Uncalled bet ($1) returned to BeauParleur
BeauParleur collected $2 from pot
BeauParleur: doesn't show hand 
*** SUMMARY ***
Total pot $2 | Rake $0 
Seat 1: BeauParleur (button) (small blind) collected ($2)
Seat 6: Quadsfordayz (big blind) folded before Flop



PokerStars Hand #254273642395:  Hold'em No Limit ($0.50/$1.00 USD) - 2025/01/08 3:34:00 WET [2025/01/08 22:34:00 ET]
Table 'Alphecca II' 6-max Seat #6 is the button
Seat 1: BeauParleur ($122.29 in chips) 
Seat 6: Quadsfordayz ($75.08 in chips) 
Quadsfordayz: posts small blind $0.50
BeauParleur: posts big blind $1
*** HOLE CARDS ***
Quadsfordayz: folds 
Uncalled bet ($0.50) returned to BeauParleur
BeauParleur collected $1 from pot
BeauParleur: doesn't show hand 
*** SUMMARY ***
Total pot $1 | Rake $0 
Seat 1: BeauParleur (big blind) collected ($1)
Seat 6: Quadsfordayz (button) (small blind) folded before Flop



PokerStars Hand #254273643242:  Hold'em No Limit ($0.50/$1.00 USD) - 2025/01/08 3:34:06 WET [2025/01/08 22:34:06 ET]
Table 'Alphecca II' 6-max Seat #1 is the button
Seat 1: BeauParleur ($122.79 in chips) 
Seat 6: Quadsfordayz ($74.58 in chips) 
BeauParleur: posts small blind $0.50
Quadsfordayz: posts big blind $1
*** HOLE CARDS ***
BeauParleur: raises $1 to $2
Quadsfordayz: folds 
Uncalled bet ($1) returned to BeauParleur
BeauParleur collected $2 from pot
BeauParleur: doesn't show hand 
*** SUMMARY ***
Total pot $2 | Rake $0 
Seat 1: BeauParleur (button) (small blind) collected ($2)
Seat 6: Quadsfordayz (big blind) folded before Flop



PokerStars Hand #254273644318:  Hold'em No Limit ($0.50/$1.00 USD) - 2025/01/08 3:34:15 WET [2025/01/08 22:34:15 ET]
Table 'Alphecca II' 6-max Seat #6 is the button
Seat 1: BeauParleur ($123.79 in chips) 
Seat 6: Quadsfordayz ($73.58 in chips) 
Quadsfordayz: posts small blind $0.50
BeauParleur: posts big blind $1
*** HOLE CARDS ***
Quadsfordayz: calls $0.50
BeauParleur: checks 
*** FLOP *** [As Ks 5s]
BeauParleur: checks 
Quadsfordayz: checks 
*** TURN *** [As Ks 5s] [8d]
BeauParleur: bets $1.43
Quadsfordayz: raises $3.57 to $5
BeauParleur: folds 
Uncalled bet ($3.57) returned to Quadsfordayz
Quadsfordayz collected $4.62 from pot
Quadsfordayz: doesn't show hand 
*** SUMMARY ***
Total pot $4.86 | Rake $0.24 
Board [As Ks 5s 8d]
Seat 1: BeauParleur (big blind) folded on the Turn
Seat 6: Quadsfordayz (button) (small blind) collected ($4.62)



PokerStars Hand #254273649181:  Hold'em No Limit ($0.50/$1.00 USD) - 2025/01/08 3:34:53 WET [2025/01/08 22:34:53 ET]
Table 'Alphecca II' 6-max Seat #1 is the button
Seat 1: BeauParleur ($121.36 in chips) 
Seat 6: Quadsfordayz ($75.77 in chips) 
BeauParleur: posts small blind $0.50
Quadsfordayz: posts big blind $1
*** HOLE CARDS ***
BeauParleur: raises $1 to $2
Quadsfordayz: raises $6 to $8
BeauParleur: folds 
Uncalled bet ($6) returned to Quadsfordayz
Quadsfordayz collected $4 from pot
Quadsfordayz: doesn't show hand 
*** SUMMARY ***
Total pot $4 | Rake $0 
Seat 1: BeauParleur (button) (small blind) folded before Flop
Seat 6: Quadsfordayz (big blind) collected ($4)



PokerStars Hand #254273652239:  Hold'em No Limit ($0.50/$1.00 USD) - 2025/01/08 3:35:17 WET [2025/01/08 22:35:17 ET]
Table 'Alphecca II' 6-max Seat #6 is the button
Seat 1: BeauParleur ($119.36 in chips) 
Seat 6: Quadsfordayz ($77.77 in chips) 
Quadsfordayz: posts small blind $0.50
BeauParleur: posts big blind $1
*** HOLE CARDS ***
Quadsfordayz: folds 
Uncalled bet ($0.50) returned to BeauParleur
BeauParleur collected $1 from pot
BeauParleur: doesn't show hand 
*** SUMMARY ***
Total pot $1 | Rake $0 
Seat 1: BeauParleur (big blind) collected ($1)
Seat 6: Quadsfordayz (button) (small blind) folded before Flop



PokerStars Hand #254273653045:  Hold'em No Limit ($0.50/$1.00 USD) - 2025/01/08 3:35:23 WET [2025/01/08 22:35:23 ET]
Table 'Alphecca II' 6-max Seat #1 is the button
Seat 1: BeauParleur ($119.86 in chips) 
Seat 6: Quadsfordayz ($77.27 in chips) 
BeauParleur: posts small blind $0.50
Quadsfordayz: posts big blind $1
*** HOLE CARDS ***
BeauParleur: raises $1 to $2
Quadsfordayz: folds 
Uncalled bet ($1) returned to BeauParleur
BeauParleur collected $2 from pot
BeauParleur: doesn't show hand 
*** SUMMARY ***
Total pot $2 | Rake $0 
Seat 1: BeauParleur (button) (small blind) collected ($2)
Seat 6: Quadsfordayz (big blind) folded before Flop



PokerStars Hand #254273654556:  Hold'em No Limit ($0.50/$1.00 USD) - 2025/01/08 3:35:35 WET [2025/01/08 22:35:35 ET]
Table 'Alphecca II' 6-max Seat #6 is the button
Seat 1: BeauParleur ($120.86 in chips) 
Seat 6: Quadsfordayz ($76.27 in chips) 
Quadsfordayz: posts small blind $0.50
BeauParleur: posts big blind $1
*** HOLE CARDS ***
Quadsfordayz: raises $2 to $3
BeauParleur: raises $9 to $12
Quadsfordayz: calls $9
*** FLOP *** [Ks Kc Kh]
BeauParleur: bets $7.59
Quadsfordayz: calls $7.59
*** TURN *** [Ks Kc Kh] [5h]
BeauParleur: checks 
Quadsfordayz: bets $7.60
BeauParleur: folds 
Uncalled bet ($7.60) returned to Quadsfordayz
Quadsfordayz collected $38.18 from pot
Quadsfordayz: doesn't show hand 
*** SUMMARY ***
Total pot $39.18 | Rake $1 
Board [Ks Kc Kh 5h]
Seat 1: BeauParleur (big blind) folded on the Turn
Seat 6: Quadsfordayz (button) (small blind) collected ($38.18)



PokerStars Hand #254273660565:  Hold'em No Limit ($0.50/$1.00 USD) - 2025/01/08 3:36:23 WET [2025/01/08 22:36:23 ET]
Table 'Alphecca II' 6-max Seat #1 is the button
Seat 1: BeauParleur ($101.27 in chips) 
Seat 6: Quadsfordayz ($94.86 in chips) 
BeauParleur: posts small blind $0.50
Quadsfordayz: posts big blind $1
*** HOLE CARDS ***
BeauParleur: raises $1 to $2
Quadsfordayz: folds 
Uncalled bet ($1) returned to BeauParleur
BeauParleur collected $2 from pot
BeauParleur: doesn't show hand 
*** SUMMARY ***
Total pot $2 | Rake $0 
Seat 1: BeauParleur (button) (small blind) collected ($2)
Seat 6: Quadsfordayz (big blind) folded before Flop



PokerStars Hand #254273661962:  Hold'em No Limit ($0.50/$1.00 USD) - 2025/01/08 3:36:33 WET [2025/01/08 22:36:33 ET]
Table 'Alphecca II' 6-max Seat #6 is the button
Seat 1: BeauParleur ($102.27 in chips) 
Seat 6: Quadsfordayz ($93.86 in chips) 
Quadsfordayz: posts small blind $0.50
BeauParleur: posts big blind $1
*** HOLE CARDS ***
Quadsfordayz: raises $2 to $3
BeauParleur: raises $9 to $12
Quadsfordayz: folds 
Uncalled bet ($9) returned to BeauParleur
BeauParleur collected $6 from pot
BeauParleur: doesn't show hand 
*** SUMMARY ***
Total pot $6 | Rake $0 
Seat 1: BeauParleur (big blind) collected ($6)
Seat 6: Quadsfordayz (button) (small blind) folded before Flop



PokerStars Hand #254273663866:  Hold'em No Limit ($0.50/$1.00 USD) - 2025/01/08 3:36:48 WET [2025/01/08 22:36:48 ET]
Table 'Alphecca II' 6-max Seat #1 is the button
Seat 1: BeauParleur ($105.27 in chips) 
Seat 6: Quadsfordayz ($90.86 in chips) 
BeauParleur: posts small blind $0.50
Quadsfordayz: posts big blind $1
*** HOLE CARDS ***
BeauParleur: raises $1 to $2
Quadsfordayz: raises $4 to $6
BeauParleur: calls $4
*** FLOP *** [Jd Ts Jc]
Quadsfordayz: checks 
BeauParleur: checks 
*** TURN *** [Jd Ts Jc] [9s]
Quadsfordayz: checks 
BeauParleur: bets $8.55
Quadsfordayz: calls $8.55
*** RIVER *** [Jd Ts Jc 9s] [4c]
Quadsfordayz: checks 
BeauParleur: bets $35.13
Quadsfordayz: folds 
Uncalled bet ($35.13) returned to BeauParleur
BeauParleur collected $28.10 from pot
BeauParleur: doesn't show hand 
*** SUMMARY ***
Total pot $29.10 | Rake $1 
Board [Jd Ts Jc 9s 4c]
Seat 1: BeauParleur (button) (small blind) collected ($28.10)
Seat 6: Quadsfordayz (big blind) folded on the River



PokerStars Hand #254273670890:  Hold'em No Limit ($0.50/$1.00 USD) - 2025/01/08 3:37:44 WET [2025/01/08 22:37:44 ET]
Table 'Alphecca II' 6-max Seat #6 is the button
Seat 1: BeauParleur ($118.82 in chips) 
Seat 6: Quadsfordayz ($76.31 in chips) 
Quadsfordayz: posts small blind $0.50
BeauParleur: posts big blind $1
*** HOLE CARDS ***
Quadsfordayz: calls $0.50
BeauParleur: raises $4 to $5
Quadsfordayz: calls $4
*** FLOP *** [8d 4h Qc]
BeauParleur: checks 
Quadsfordayz: checks 
*** TURN *** [8d 4h Qc] [Ks]
BeauParleur: checks 
Quadsfordayz: checks 
*** RIVER *** [8d 4h Qc Ks] [Ah]
BeauParleur: bets $2
Quadsfordayz: folds 
Uncalled bet ($2) returned to BeauParleur
BeauParleur collected $9.50 from pot
BeauParleur: doesn't show hand 
*** SUMMARY ***
Total pot $10 | Rake $0.50 
Board [8d 4h Qc Ks Ah]
Seat 1: BeauParleur (big blind) collected ($9.50)
Seat 6: Quadsfordayz (button) (small blind) folded on the River



PokerStars Hand #254273679088:  Hold'em No Limit ($0.50/$1.00 USD) - 2025/01/08 3:38:50 WET [2025/01/08 22:38:50 ET]
Table 'Alphecca II' 6-max Seat #1 is the button
Seat 1: BeauParleur ($123.32 in chips) 
Seat 6: Quadsfordayz ($71.31 in chips) 
BeauParleur: posts small blind $0.50
Quadsfordayz: posts big blind $1
*** HOLE CARDS ***
BeauParleur: raises $1 to $2
Quadsfordayz: raises $4 to $6
BeauParleur: calls $4
*** FLOP *** [9h 9s 2h]
Quadsfordayz: checks 
BeauParleur: bets $3.76
Quadsfordayz: folds 
Uncalled bet ($3.76) returned to BeauParleur
BeauParleur collected $11.40 from pot
BeauParleur: doesn't show hand 
*** SUMMARY ***
Total pot $12 | Rake $0.60 
Board [9h 9s 2h]
Seat 1: BeauParleur (button) (small blind) collected ($11.40)
Seat 6: Quadsfordayz (big blind) folded on the Flop



PokerStars Hand #254273682701:  Hold'em No Limit ($0.50/$1.00 USD) - 2025/01/08 3:39:20 WET [2025/01/08 22:39:20 ET]
Table 'Alphecca II' 6-max Seat #6 is the button
Seat 1: BeauParleur ($128.72 in chips) 
Seat 6: Quadsfordayz ($65.31 in chips) 
Quadsfordayz: posts small blind $0.50
BeauParleur: posts big blind $1
*** HOLE CARDS ***
Quadsfordayz: raises $2 to $3
BeauParleur: calls $2
*** FLOP *** [Qh 8c Tc]
BeauParleur: checks 
Quadsfordayz: checks 
*** TURN *** [Qh 8c Tc] [Td]
Calabazaking joins the table at seat #2 
BeauParleur: bets $1.88
Quadsfordayz: folds 
Uncalled bet ($1.88) returned to BeauParleur
BeauParleur collected $5.70 from pot
BeauParleur: doesn't show hand 
*** SUMMARY ***
Total pot $6 | Rake $0.30 
Board [Qh 8c Tc Td]
Seat 1: BeauParleur (big blind) collected ($5.70)
Seat 6: Quadsfordayz (button) (small blind) folded on the Turn



PokerStars Hand #254273687515:  Hold'em No Limit ($0.50/$1.00 USD) - 2025/01/08 3:39:59 WET [2025/01/08 22:39:59 ET]
Table 'Alphecca II' 6-max Seat #6 is the button
Seat 1: BeauParleur ($131.42 in chips) 
Seat 2: Calabazaking ($100 in chips) 
Seat 6: Quadsfordayz ($62.31 in chips) 
BeauParleur: posts small blind $0.50
Calabazaking: posts big blind $1
*** HOLE CARDS ***
Quadsfordayz: folds 
BeauParleur: folds 
Uncalled bet ($0.50) returned to Calabazaking
Calabazaking collected $1 from pot
*** SUMMARY ***
Total pot $1 | Rake $0 
Seat 1: BeauParleur (small blind) folded before Flop
Seat 2: Calabazaking (big blind) collected ($1)
Seat 6: Quadsfordayz (button) folded before Flop (didn't bet)



PokerStars Hand #254273689279:  Hold'em No Limit ($0.50/$1.00 USD) - 2025/01/08 3:40:14 WET [2025/01/08 22:40:14 ET]
Table 'Alphecca II' 6-max Seat #1 is the button
Seat 1: BeauParleur ($130.92 in chips) 
Seat 2: Calabazaking ($100.50 in chips) 
Seat 6: Quadsfordayz ($62.31 in chips) 
Calabazaking: posts small blind $0.50
Quadsfordayz: posts big blind $1
*** HOLE CARDS ***
BeauParleur: raises $1.50 to $2.50
Calabazaking: folds 
Quadsfordayz: calls $1.50
*** FLOP *** [Js 5d 3d]
Quadsfordayz: checks 
BeauParleur: checks 
*** TURN *** [Js 5d 3d] [2h]
Quadsfordayz: checks 
BeauParleur: checks 
*** RIVER *** [Js 5d 3d 2h] [3s]
Quadsfordayz: checks 
BeauParleur: bets $3.92
Quadsfordayz: folds 
Uncalled bet ($3.92) returned to BeauParleur
BeauParleur collected $5.22 from pot
BeauParleur: doesn't show hand 
*** SUMMARY ***
Total pot $5.50 | Rake $0.28 
Board [Js 5d 3d 2h 3s]
Seat 1: BeauParleur (button) collected ($5.22)
Seat 2: Calabazaking (small blind) folded before Flop
Seat 6: Quadsfordayz (big blind) folded on the River



PokerStars Hand #254273698181:  Hold'em No Limit ($0.50/$1.00 USD) - 2025/01/08 3:41:25 WET [2025/01/08 22:41:25 ET]
Table 'Alphecca II' 6-max Seat #2 is the button
Seat 1: BeauParleur ($133.64 in chips) 
Seat 2: Calabazaking ($100 in chips) 
Seat 6: Quadsfordayz ($59.81 in chips) 
Quadsfordayz: posts small blind $0.50
BeauParleur: posts big blind $1
*** HOLE CARDS ***
Calabazaking: folds 
Quadsfordayz: folds 
Uncalled bet ($0.50) returned to BeauParleur
BeauParleur collected $1 from pot
BeauParleur: doesn't show hand 
*** SUMMARY ***
Total pot $1 | Rake $0 
Seat 1: BeauParleur (big blind) collected ($1)
Seat 2: Calabazaking (button) folded before Flop (didn't bet)
Seat 6: Quadsfordayz (small blind) folded before Flop



PokerStars Hand #254273699355:  Hold'em No Limit ($0.50/$1.00 USD) - 2025/01/08 3:41:35 WET [2025/01/08 22:41:35 ET]
Table 'Alphecca II' 6-max Seat #6 is the button
Seat 1: BeauParleur ($134.14 in chips) 
Seat 2: Calabazaking ($100 in chips) 
Seat 6: Quadsfordayz ($59.31 in chips) 
BeauParleur: posts small blind $0.50
Calabazaking: posts big blind $1
*** HOLE CARDS ***
Quadsfordayz: folds 
BeauParleur: folds 
Uncalled bet ($0.50) returned to Calabazaking
Calabazaking collected $1 from pot
*** SUMMARY ***
Total pot $1 | Rake $0 
Seat 1: BeauParleur (small blind) folded before Flop
Seat 2: Calabazaking (big blind) collected ($1)
Seat 6: Quadsfordayz (button) folded before Flop (didn't bet)



PokerStars Hand #254273701402:  Hold'em No Limit ($0.50/$1.00 USD) - 2025/01/08 3:41:52 WET [2025/01/08 22:41:52 ET]
Table 'Alphecca II' 6-max Seat #1 is the button
Seat 1: BeauParleur ($133.64 in chips) 
Seat 2: Calabazaking ($100.50 in chips) 
Seat 6: Quadsfordayz ($59.31 in chips) 
Calabazaking: posts small blind $0.50
Quadsfordayz: posts big blind $1
*** HOLE CARDS ***
BeauParleur: raises $1.50 to $2.50
Calabazaking: folds 
Quadsfordayz: folds 
Uncalled bet ($1.50) returned to BeauParleur
BeauParleur collected $2.50 from pot
BeauParleur: doesn't show hand 
*** SUMMARY ***
Total pot $2.50 | Rake $0 
Seat 1: BeauParleur (button) collected ($2.50)
Seat 2: Calabazaking (small blind) folded before Flop
Seat 6: Quadsfordayz (big blind) folded before Flop



PokerStars Hand #254273703225:  Hold'em No Limit ($0.50/$1.00 USD) - 2025/01/08 3:42:07 WET [2025/01/08 22:42:07 ET]
Table 'Alphecca II' 6-max Seat #2 is the button
Seat 1: BeauParleur ($135.14 in chips) 
Seat 2: Calabazaking ($100 in chips) 
Seat 6: Quadsfordayz ($58.31 in chips) 
Quadsfordayz: posts small blind $0.50
BeauParleur: posts big blind $1
*** HOLE CARDS ***
Calabazaking: folds 
Quadsfordayz: folds 
Uncalled bet ($0.50) returned to BeauParleur
BeauParleur collected $1 from pot
BeauParleur: doesn't show hand 
*** SUMMARY ***
Total pot $1 | Rake $0 
Seat 1: BeauParleur (big blind) collected ($1)
Seat 2: Calabazaking (button) folded before Flop (didn't bet)
Seat 6: Quadsfordayz (small blind) folded before Flop



PokerStars Hand #254273704232:  Hold'em No Limit ($0.50/$1.00 USD) - 2025/01/08 3:42:15 WET [2025/01/08 22:42:15 ET]
Table 'Alphecca II' 6-max Seat #6 is the button
Seat 1: BeauParleur ($135.64 in chips) 
Seat 2: Calabazaking ($100 in chips) 
Seat 6: Quadsfordayz ($57.81 in chips) 
BeauParleur: posts small blind $0.50
Calabazaking: posts big blind $1
*** HOLE CARDS ***
Quadsfordayz: folds 
BeauParleur: folds 
Uncalled bet ($0.50) returned to Calabazaking
Calabazaking collected $1 from pot
*** SUMMARY ***
Total pot $1 | Rake $0 
Seat 1: BeauParleur (small blind) folded before Flop
Seat 2: Calabazaking (big blind) collected ($1)
Seat 6: Quadsfordayz (button) folded before Flop (didn't bet)



PokerStars Hand #254273705278:  Hold'em No Limit ($0.50/$1.00 USD) - 2025/01/08 3:42:23 WET [2025/01/08 22:42:23 ET]
Table 'Alphecca II' 6-max Seat #1 is the button
Seat 1: BeauParleur ($135.14 in chips) 
Seat 2: Calabazaking ($100.50 in chips) 
Seat 6: Quadsfordayz ($57.81 in chips) 
Calabazaking: posts small blind $0.50
Quadsfordayz: posts big blind $1
*** HOLE CARDS ***
BeauParleur: folds 
Calabazaking: raises $2 to $3
Quadsfordayz: raises $6 to $9
Calabazaking: folds 
Uncalled bet ($6) returned to Quadsfordayz
Quadsfordayz collected $6 from pot
Quadsfordayz: doesn't show hand 
*** SUMMARY ***
Total pot $6 | Rake $0 
Seat 1: BeauParleur (button) folded before Flop (didn't bet)
Seat 2: Calabazaking (small blind) folded before Flop
Seat 6: Quadsfordayz (big blind) collected ($6)



PokerStars Hand #254273707357:  Hold'em No Limit ($0.50/$1.00 USD) - 2025/01/08 3:42:40 WET [2025/01/08 22:42:40 ET]
Table 'Alphecca II' 6-max Seat #2 is the button
Seat 1: BeauParleur ($135.14 in chips) 
Seat 2: Calabazaking ($100 in chips) 
Seat 6: Quadsfordayz ($60.81 in chips) 
Quadsfordayz: posts small blind $0.50
BeauParleur: posts big blind $1
*** HOLE CARDS ***
Calabazaking: raises $1.50 to $2.50
Quadsfordayz: folds 
BeauParleur: raises $10.50 to $13
Calabazaking: folds 
Uncalled bet ($10.50) returned to BeauParleur
BeauParleur collected $5.50 from pot
BeauParleur: doesn't show hand 
*** SUMMARY ***
Total pot $5.50 | Rake $0 
Seat 1: BeauParleur (big blind) collected ($5.50)
Seat 2: Calabazaking (button) folded before Flop
Seat 6: Quadsfordayz (small blind) folded before Flop



PokerStars Hand #254273709585:  Hold'em No Limit ($0.50/$1.00 USD) - 2025/01/08 3:42:59 WET [2025/01/08 22:42:59 ET]
Table 'Alphecca II' 6-max Seat #6 is the button
Seat 1: BeauParleur ($138.14 in chips) 
Seat 2: Calabazaking ($100 in chips) 
Seat 6: Quadsfordayz ($60.31 in chips) 
BeauParleur: posts small blind $0.50
Calabazaking: posts big blind $1
*** HOLE CARDS ***
Quadsfordayz: folds 
BeauParleur: folds 
Uncalled bet ($0.50) returned to Calabazaking
Calabazaking collected $1 from pot
*** SUMMARY ***
Total pot $1 | Rake $0 
Seat 1: BeauParleur (small blind) folded before Flop
Seat 2: Calabazaking (big blind) collected ($1)
Seat 6: Quadsfordayz (button) folded before Flop (didn't bet)



PokerStars Hand #254273710688:  Hold'em No Limit ($0.50/$1.00 USD) - 2025/01/08 3:43:08 WET [2025/01/08 22:43:08 ET]
Table 'Alphecca II' 6-max Seat #1 is the button
Seat 1: BeauParleur ($137.64 in chips) 
Seat 2: Calabazaking ($100.50 in chips) 
Seat 6: Quadsfordayz ($60.31 in chips) 
Calabazaking: posts small blind $0.50
Quadsfordayz: posts big blind $1
*** HOLE CARDS ***
BeauParleur: raises $1.50 to $2.50
Calabazaking: folds 
Quadsfordayz: folds 
Uncalled bet ($1.50) returned to BeauParleur
BeauParleur collected $2.50 from pot
BeauParleur: doesn't show hand 
*** SUMMARY ***
Total pot $2.50 | Rake $0 
Seat 1: BeauParleur (button) collected ($2.50)
Seat 2: Calabazaking (small blind) folded before Flop
Seat 6: Quadsfordayz (big blind) folded before Flop



PokerStars Hand #254273712314:  Hold'em No Limit ($0.50/$1.00 USD) - 2025/01/08 3:43:22 WET [2025/01/08 22:43:22 ET]
Table 'Alphecca II' 6-max Seat #2 is the button
Seat 1: BeauParleur ($139.14 in chips) 
Seat 2: Calabazaking ($100 in chips) 
Seat 6: Quadsfordayz ($59.31 in chips) 
Quadsfordayz: posts small blind $0.50
BeauParleur: posts big blind $1
*** HOLE CARDS ***
Calabazaking: folds 
Quadsfordayz: calls $0.50
BeauParleur: checks 
*** FLOP *** [2h Ad Ts]
Quadsfordayz: checks 
BeauParleur: checks 
*** TURN *** [2h Ad Ts] [2c]
Quadsfordayz: checks 
BeauParleur: bets $2.38
Quadsfordayz: folds 
Uncalled bet ($2.38) returned to BeauParleur
BeauParleur collected $1.90 from pot
BeauParleur: doesn't show hand 
*** SUMMARY ***
Total pot $2 | Rake $0.10 
Board [2h Ad Ts 2c]
Seat 1: BeauParleur (big blind) collected ($1.90)
Seat 2: Calabazaking (button) folded before Flop (didn't bet)
Seat 6: Quadsfordayz (small blind) folded on the Turn



PokerStars Hand #254273715820:  Hold'em No Limit ($0.50/$1.00 USD) - 2025/01/08 3:43:50 WET [2025/01/08 22:43:50 ET]
Table 'Alphecca II' 6-max Seat #6 is the button
Seat 1: BeauParleur ($140.04 in chips) 
Seat 2: Calabazaking ($100 in chips) 
Seat 6: Quadsfordayz ($58.31 in chips) 
BeauParleur: posts small blind $0.50
Calabazaking: posts big blind $1
*** HOLE CARDS ***
Quadsfordayz: folds 
BeauParleur: folds 
Uncalled bet ($0.50) returned to Calabazaking
Calabazaking collected $1 from pot
*** SUMMARY ***
Total pot $1 | Rake $0 
Seat 1: BeauParleur (small blind) folded before Flop
Seat 2: Calabazaking (big blind) collected ($1)
Seat 6: Quadsfordayz (button) folded before Flop (didn't bet)



PokerStars Hand #254273716955:  Hold'em No Limit ($0.50/$1.00 USD) - 2025/01/08 3:43:59 WET [2025/01/08 22:43:59 ET]
Table 'Alphecca II' 6-max Seat #1 is the button
Seat 1: BeauParleur ($139.54 in chips) 
Seat 2: Calabazaking ($100.50 in chips) 
Seat 6: Quadsfordayz ($58.31 in chips) 
Calabazaking: posts small blind $0.50
Quadsfordayz: posts big blind $1
*** HOLE CARDS ***
BeauParleur: folds 
Calabazaking: folds 
Uncalled bet ($0.50) returned to Quadsfordayz
Quadsfordayz collected $1 from pot
Quadsfordayz: doesn't show hand 
*** SUMMARY ***
Total pot $1 | Rake $0 
Seat 1: BeauParleur (button) folded before Flop (didn't bet)
Seat 2: Calabazaking (small blind) folded before Flop
Seat 6: Quadsfordayz (big blind) collected ($1)



PokerStars Hand #254273717799:  Hold'em No Limit ($0.50/$1.00 USD) - 2025/01/08 3:44:06 WET [2025/01/08 22:44:06 ET]
Table 'Alphecca II' 6-max Seat #2 is the button
Seat 1: BeauParleur ($139.54 in chips) 
Seat 2: Calabazaking ($100 in chips) 
Seat 6: Quadsfordayz ($58.81 in chips) 
Quadsfordayz: posts small blind $0.50
BeauParleur: posts big blind $1
*** HOLE CARDS ***
Calabazaking: raises $1.50 to $2.50
Quadsfordayz: calls $2
BeauParleur: folds 
*** FLOP *** [4h Jd Qh]
Quadsfordayz: bets $1.88
Calabazaking: calls $1.88
*** TURN *** [4h Jd Qh] [Td]
Quadsfordayz: bets $4.64
Calabazaking: calls $4.64
*** RIVER *** [4h Jd Qh Td] [Tc]
Quadsfordayz: bets $22.61
Calabazaking: calls $22.61
*** SHOW DOWN ***
Quadsfordayz: shows [Th Jh] (a full house, Tens full of Jacks)
Calabazaking: mucks hand 
Quadsfordayz collected $63.26 from pot
*** SUMMARY ***
Total pot $64.26 | Rake $1 
Board [4h Jd Qh Td Tc]
Seat 1: BeauParleur (big blind) folded before Flop
Seat 2: Calabazaking (button) mucked
Seat 6: Quadsfordayz (small blind) showed [Th Jh] and won ($63.26) with a full house, Tens full of Jacks



PokerStars Hand #254273723072:  Hold'em No Limit ($0.50/$1.00 USD) - 2025/01/08 3:44:50 WET [2025/01/08 22:44:50 ET]
Table 'Alphecca II' 6-max Seat #6 is the button
Seat 1: BeauParleur ($138.54 in chips) 
Seat 2: Calabazaking ($100 in chips) 
Seat 6: Quadsfordayz ($90.44 in chips) 
BeauParleur: posts small blind $0.50
Calabazaking: posts big blind $1
*** HOLE CARDS ***
Quadsfordayz: raises $1 to $2
BeauParleur: folds 
Calabazaking: raises $9 to $11
Quadsfordayz: calls $9
*** FLOP *** [5c 6s 5h]
Calabazaking: bets $9.50
Quadsfordayz: folds 
Uncalled bet ($9.50) returned to Calabazaking
Calabazaking collected $21.50 from pot
*** SUMMARY ***
Total pot $22.50 | Rake $1 
Board [5c 6s 5h]
Seat 1: BeauParleur (small blind) folded before Flop
Seat 2: Calabazaking (big blind) collected ($21.50)
Seat 6: Quadsfordayz (button) folded on the Flop



PokerStars Hand #254273727113:  Hold'em No Limit ($0.50/$1.00 USD) - 2025/01/08 3:45:23 WET [2025/01/08 22:45:23 ET]
Table 'Alphecca II' 6-max Seat #1 is the button
Seat 1: BeauParleur ($138.04 in chips) 
Seat 2: Calabazaking ($110.50 in chips) 
Seat 6: Quadsfordayz ($79.44 in chips) 
Calabazaking: posts small blind $0.50
Quadsfordayz: posts big blind $1
*** HOLE CARDS ***
BeauParleur: folds 
Xenicide joins the table at seat #3 
Calabazaking: raises $2 to $3
Quadsfordayz: folds 
Uncalled bet ($2) returned to Calabazaking
Calabazaking collected $2 from pot
*** SUMMARY ***
Total pot $2 | Rake $0 
Seat 1: BeauParleur (button) folded before Flop (didn't bet)
Seat 2: Calabazaking (small blind) collected ($2)
Seat 6: Quadsfordayz (big blind) folded before Flop



PokerStars Hand #254273728898:  Hold'em No Limit ($0.50/$1.00 USD) - 2025/01/08 3:45:39 WET [2025/01/08 22:45:39 ET]
Table 'Alphecca II' 6-max Seat #2 is the button
Seat 3: Xenicide ($100 in chips) is sitting out
Seat 1: BeauParleur ($138.04 in chips) 
Seat 2: Calabazaking ($111.50 in chips) 
Seat 6: Quadsfordayz ($78.44 in chips) 
Quadsfordayz: posts small blind $0.50
BeauParleur: posts big blind $1
*** HOLE CARDS ***
Calabazaking: raises $1.50 to $2.50
Quadsfordayz: folds 
BeauParleur: folds 
Uncalled bet ($1.50) returned to Calabazaking
Calabazaking collected $2.50 from pot
*** SUMMARY ***
Total pot $2.50 | Rake $0 
Seat 3: Xenicide
Seat 1: BeauParleur (big blind) folded before Flop
Seat 2: Calabazaking (button) collected ($2.50)
Seat 6: Quadsfordayz (small blind) folded before Flop



PokerStars Hand #254273730265:  Hold'em No Limit ($0.50/$1.00 USD) - 2025/01/08 3:45:50 WET [2025/01/08 22:45:50 ET]
Table 'Alphecca II' 6-max Seat #6 is the button
Seat 3: Xenicide ($100 in chips) is sitting out
Seat 1: BeauParleur ($137.04 in chips) 
Seat 2: Calabazaking ($113 in chips) 
Seat 6: Quadsfordayz ($77.94 in chips) 
BeauParleur: posts small blind $0.50
Calabazaking: posts big blind $1
Xenicide: sits out 
*** HOLE CARDS ***
Quadsfordayz: raises $2 to $3
BeauParleur: raises $9 to $12
Calabazaking: folds 
Quadsfordayz: calls $9
*** FLOP *** [Js Ks Ah]
BeauParleur: checks 
Quadsfordayz: checks 
*** TURN *** [Js Ks Ah] [Jh]
BeauParleur: checks 
Quadsfordayz: checks 
*** RIVER *** [Js Ks Ah Jh] [Kd]
BeauParleur: bets $3.50
Quadsfordayz: raises $8.50 to $12
BeauParleur: calls $8.50
*** SHOW DOWN ***
Quadsfordayz: shows [Kh 9h] (a full house, Kings full of Jacks)
BeauParleur: shows [Kc 9c] (a full house, Kings full of Jacks)
BeauParleur collected $24 from pot
Quadsfordayz collected $24 from pot
*** SUMMARY ***
Total pot $49 | Rake $1 
Board [Js Ks Ah Jh Kd]
Seat 3: Xenicide
Seat 1: BeauParleur (small blind) showed [Kc 9c] and won ($24) with a full house, Kings full of Jacks
Seat 2: Calabazaking (big blind) folded before Flop
Seat 6: Quadsfordayz (button) showed [Kh 9h] and won ($24) with a full house, Kings full of Jacks



PokerStars Hand #254273740175:  Hold'em No Limit ($0.50/$1.00 USD) - 2025/01/08 3:47:11 WET [2025/01/08 22:47:11 ET]
Table 'Alphecca II' 6-max Seat #1 is the button
Seat 1: BeauParleur ($137.04 in chips) 
Seat 2: Calabazaking ($112 in chips) 
Seat 3: Xenicide ($100 in chips) 
Seat 6: Quadsfordayz ($77.94 in chips) 
Calabazaking: posts small blind $0.50
Xenicide: posts big blind $1
*** HOLE CARDS ***
Quadsfordayz: folds 
BeauParleur: folds 
Calabazaking: raises $2 to $3
Xenicide: folds 
Uncalled bet ($2) returned to Calabazaking
Calabazaking collected $2 from pot
*** SUMMARY ***
Total pot $2 | Rake $0 
Seat 1: BeauParleur (button) folded before Flop (didn't bet)
Seat 2: Calabazaking (small blind) collected ($2)
Seat 3: Xenicide (big blind) folded before Flop
Seat 6: Quadsfordayz folded before Flop (didn't bet)



PokerStars Hand #254273743325:  Hold'em No Limit ($0.50/$1.00 USD) - 2025/01/08 3:47:37 WET [2025/01/08 22:47:37 ET]
Table 'Alphecca II' 6-max Seat #2 is the button
Seat 1: BeauParleur ($137.04 in chips) 
Seat 2: Calabazaking ($113 in chips) 
Seat 3: Xenicide ($100 in chips) 
Seat 6: Quadsfordayz ($77.94 in chips) 
Xenicide: posts small blind $0.50
Quadsfordayz: posts big blind $1
*** HOLE CARDS ***
BeauParleur: folds 
Calabazaking: folds 
Xenicide: raises $2.50 to $3.50
Quadsfordayz: folds 
Uncalled bet ($2.50) returned to Xenicide
Xenicide collected $2 from pot
Xenicide: doesn't show hand 
*** SUMMARY ***
Total pot $2 | Rake $0 
Seat 1: BeauParleur folded before Flop (didn't bet)
Seat 2: Calabazaking (button) folded before Flop (didn't bet)
Seat 3: Xenicide (small blind) collected ($2)
Seat 6: Quadsfordayz (big blind) folded before Flop



PokerStars Hand #254273744769:  Hold'em No Limit ($0.50/$1.00 USD) - 2025/01/08 3:47:49 WET [2025/01/08 22:47:49 ET]
Table 'Alphecca II' 6-max Seat #3 is the button
Seat 1: BeauParleur ($137.04 in chips) 
Seat 2: Calabazaking ($113 in chips) 
Seat 3: Xenicide ($101 in chips) 
Seat 6: Quadsfordayz ($76.94 in chips) 
Quadsfordayz: posts small blind $0.50
BeauParleur: posts big blind $1
*** HOLE CARDS ***
Calabazaking: raises $1.50 to $2.50
Xenicide: folds 
Quadsfordayz: raises $6 to $8.50
BeauParleur: folds 
Calabazaking: folds 
Uncalled bet ($6) returned to Quadsfordayz
Quadsfordayz collected $6 from pot
Quadsfordayz: doesn't show hand 
*** SUMMARY ***
Total pot $6 | Rake $0 
Seat 1: BeauParleur (big blind) folded before Flop
Seat 2: Calabazaking folded before Flop
Seat 3: Xenicide (button) folded before Flop (didn't bet)
Seat 6: Quadsfordayz (small blind) collected ($6)



PokerStars Hand #254273749450:  Hold'em No Limit ($0.50/$1.00 USD) - 2025/01/08 3:48:28 WET [2025/01/08 22:48:28 ET]
Table 'Alphecca II' 6-max Seat #6 is the button
Seat 1: BeauParleur ($136.04 in chips) 
Seat 2: Calabazaking ($110.50 in chips) 
Seat 3: Xenicide ($101 in chips) 
Seat 6: Quadsfordayz ($80.44 in chips) 
BeauParleur: posts small blind $0.50
Calabazaking: posts big blind $1
*** HOLE CARDS ***
Xenicide: raises $1 to $2
Quadsfordayz: folds 
BeauParleur: folds 
Calabazaking: folds 
Uncalled bet ($1) returned to Xenicide
Xenicide collected $2.50 from pot
*** SUMMARY ***
Total pot $2.50 | Rake $0 
Seat 1: BeauParleur (small blind) folded before Flop
Seat 2: Calabazaking (big blind) folded before Flop
Seat 3: Xenicide collected ($2.50)
Seat 6: Quadsfordayz (button) folded before Flop (didn't bet)



PokerStars Hand #254273752354:  Hold'em No Limit ($0.50/$1.00 USD) - 2025/01/08 3:48:53 WET [2025/01/08 22:48:53 ET]
Table 'Alphecca II' 6-max Seat #1 is the button
Seat 1: BeauParleur ($135.54 in chips) 
Seat 2: Calabazaking ($109.50 in chips) 
Seat 3: Xenicide ($102.50 in chips) 
Seat 6: Quadsfordayz ($80.44 in chips) 
Calabazaking: posts small blind $0.50
Xenicide: posts big blind $1
*** HOLE CARDS ***
Quadsfordayz: folds 
BeauParleur: folds 
Calabazaking: raises $2 to $3
Xenicide: folds 
Uncalled bet ($2) returned to Calabazaking
Calabazaking collected $2 from pot
*** SUMMARY ***
Total pot $2 | Rake $0 
Seat 1: BeauParleur (button) folded before Flop (didn't bet)
Seat 2: Calabazaking (small blind) collected ($2)
Seat 3: Xenicide (big blind) folded before Flop
Seat 6: Quadsfordayz folded before Flop (didn't bet)



