PokerStars Hand #254263290134:  Hold'em No Limit ($0.50/$1.00 USD) - 2025/01/08 16:48:10 WET [2025/01/08 11:48:10 ET]
Table 'Kleopatra III' 6-max Seat #2 is the button
Seat 1: mucho_d1n3ro ($29.80 in chips) 
Seat 2: 3EPH ($104.40 in chips) 
Seat 3: Gfoer ($100 in chips) 
Seat 4: mr.Jckpot ($100 in chips) 
Seat 5: rao999 ($100 in chips) 
Gfoer: posts small blind $0.50
mr.Jckpot: posts big blind $1
*** HOLE CARDS ***
rao999: folds 
Knobi130485 joins the table at seat #6 
Knobi130485 is disconnected 
mucho_d1n3ro: calls $1
3EPH: folds 
Gfoer: folds 
mr.Jckpot: raises $2 to $3
mucho_d1n3ro: raises $26.80 to $29.80 and is all-in
mr.Jckpot: calls $26.80
*** FLOP *** [4d Jc 3s]
*** TURN *** [4d Jc 3s] [Th]
*** RIVER *** [4d Jc 3s Th] [Qs]
*** SHOW DOWN ***
mr.Jckpot: shows [7s 7d] (a pair of Sevens)
mucho_d1n3ro: shows [5h Kd] (high card King)
mr.Jckpot collected $57.60 from pot
*** SUMMARY ***
Total pot $60.10 | Rake $2.50 
Board [4d Jc 3s Th Qs]
Seat 1: mucho_d1n3ro showed [5h Kd] and lost with high card King
Seat 2: 3EPH (button) folded before Flop (didn't bet)
Seat 3: Gfoer (small blind) folded before Flop
Seat 4: mr.Jckpot (big blind) showed [7s 7d] and won ($57.60) with a pair of Sevens
Seat 5: rao999 folded before Flop (didn't bet)



PokerStars Hand #254263298343:  Hold'em No Limit ($0.50/$1.00 USD) - 2025/01/08 16:48:43 WET [2025/01/08 11:48:43 ET]
Table 'Kleopatra III' 6-max Seat #3 is the button
Seat 1: mucho_d1n3ro ($0 in chips) is sitting out
Seat 6: Knobi130485 ($100 in chips) is sitting out
Seat 2: 3EPH ($104.40 in chips) 
Seat 3: Gfoer ($100 in chips) 
Seat 4: mr.Jckpot ($127.80 in chips) 
Seat 5: rao999 ($100 in chips) 
mr.Jckpot: posts small blind $0.50
rao999: posts big blind $1
Knobi130485: sits out 
*** HOLE CARDS ***
3EPH: raises $1.50 to $2.50
mucho_d1n3ro is disconnected 
Gfoer: folds 
mr.Jckpot: folds 
rao999: folds 
Uncalled bet ($1.50) returned to 3EPH
3EPH collected $2.50 from pot
3EPH: doesn't show hand 
*** SUMMARY ***
Total pot $2.50 | Rake $0 
Seat 1: mucho_d1n3ro
Seat 6: Knobi130485
Seat 2: 3EPH collected ($2.50)
Seat 3: Gfoer (button) folded before Flop (didn't bet)
Seat 4: mr.Jckpot (small blind) folded before Flop
Seat 5: rao999 (big blind) folded before Flop



PokerStars Hand #254263302971:  Hold'em No Limit ($0.50/$1.00 USD) - 2025/01/08 16:49:01 WET [2025/01/08 11:49:01 ET]
Table 'Kleopatra III' 6-max Seat #4 is the button
Seat 1: mucho_d1n3ro ($0 in chips) is sitting out
Seat 2: 3EPH ($105.90 in chips) 
Seat 3: Gfoer ($100 in chips) 
Seat 4: mr.Jckpot ($127.30 in chips) 
Seat 5: rao999 ($100 in chips) 
Seat 6: Knobi130485 ($100 in chips) 
rao999: posts small blind $0.50
Knobi130485: posts big blind $1
*** HOLE CARDS ***
3EPH: raises $1.50 to $2.50
Gfoer: folds 
mr.Jckpot: folds 
rao999: folds 
Knobi130485: folds 
Uncalled bet ($1.50) returned to 3EPH
3EPH collected $2.50 from pot
3EPH: doesn't show hand 
*** SUMMARY ***
Total pot $2.50 | Rake $0 
Seat 1: mucho_d1n3ro
Seat 2: 3EPH collected ($2.50)
Seat 3: Gfoer folded before Flop (didn't bet)
Seat 4: mr.Jckpot (button) folded before Flop (didn't bet)
Seat 5: rao999 (small blind) folded before Flop
Seat 6: Knobi130485 (big blind) folded before Flop



PokerStars Hand #254263309405:  Hold'em No Limit ($0.50/$1.00 USD) - 2025/01/08 16:49:26 WET [2025/01/08 11:49:26 ET]
Table 'Kleopatra III' 6-max Seat #5 is the button
Seat 1: mucho_d1n3ro ($0 in chips) is sitting out
Seat 2: 3EPH ($107.40 in chips) 
Seat 3: Gfoer ($100 in chips) 
Seat 4: mr.Jckpot ($127.30 in chips) 
Seat 5: rao999 ($100 in chips) 
Seat 6: Knobi130485 ($99 in chips) 
Knobi130485: posts small blind $0.50
3EPH: posts big blind $1
*** HOLE CARDS ***
Gfoer: folds 
mr.Jckpot: folds 
mucho_d1n3ro is disconnected 
rao999: folds 
Knobi130485: raises $2 to $3
3EPH: folds 
Uncalled bet ($2) returned to Knobi130485
Knobi130485 collected $2 from pot
*** SUMMARY ***
Total pot $2 | Rake $0 
Seat 1: mucho_d1n3ro
Seat 2: 3EPH (big blind) folded before Flop
Seat 3: Gfoer folded before Flop (didn't bet)
Seat 4: mr.Jckpot folded before Flop (didn't bet)
Seat 5: rao999 (button) folded before Flop (didn't bet)
Seat 6: Knobi130485 (small blind) collected ($2)



PokerStars Hand #254263316042:  Hold'em No Limit ($0.50/$1.00 USD) - 2025/01/08 16:49:53 WET [2025/01/08 11:49:53 ET]
Table 'Kleopatra III' 6-max Seat #6 is the button
Seat 1: mucho_d1n3ro ($0 in chips) is sitting out
Seat 3: Gfoer ($100 in chips) is sitting out
Seat 2: 3EPH ($106.40 in chips) 
Seat 4: mr.Jckpot ($127.30 in chips) 
Seat 5: rao999 ($100 in chips) 
Seat 6: Knobi130485 ($100 in chips) 
3EPH: posts small blind $0.50
Gfoer: is sitting out 
mr.Jckpot: posts big blind $1
*** HOLE CARDS ***
Gfoer leaves the table
rao999: folds 
Knobi130485: calls $1
3EPH: raises $4 to $5
mr.Jckpot: folds 
Knobi130485: calls $4
*** FLOP *** [4c 3d 3s]
3EPH: checks 
dreimis190 joins the table at seat #3 
Knobi130485: checks 
*** TURN *** [4c 3d 3s] [5h]
3EPH: checks 
Knobi130485: checks 
*** RIVER *** [4c 3d 3s 5h] [As]
3EPH: checks 
Knobi130485: bets $5
3EPH: folds 
Uncalled bet ($5) returned to Knobi130485
Knobi130485 collected $10.31 from pot
*** SUMMARY ***
Total pot $11 | Rake $0.69 
Board [4c 3d 3s 5h As]
Seat 1: mucho_d1n3ro
Seat 3: Gfoer
Seat 2: 3EPH (small blind) folded on the River
Seat 4: mr.Jckpot (big blind) folded before Flop
Seat 5: rao999 folded before Flop (didn't bet)
Seat 6: Knobi130485 (button) collected ($10.31)



PokerStars Hand #254263332058:  Hold'em No Limit ($0.50/$1.00 USD) - 2025/01/08 16:50:56 WET [2025/01/08 11:50:56 ET]
Table 'Kleopatra III' 6-max Seat #2 is the button
Seat 1: mucho_d1n3ro ($0 in chips) is sitting out
Seat 3: dreimis190 ($100 in chips) is sitting out
Seat 2: 3EPH ($101.40 in chips) 
Seat 4: mr.Jckpot ($126.30 in chips) 
Seat 5: rao999 ($100 in chips) 
Seat 6: Knobi130485 ($105.31 in chips) 
mr.Jckpot: posts small blind $0.50
rao999: posts big blind $1
*** HOLE CARDS ***
Knobi130485: folds 
3EPH: folds 
mr.Jckpot: folds 
Uncalled bet ($0.50) returned to rao999
rao999 collected $1 from pot
rao999: doesn't show hand 
*** SUMMARY ***
Total pot $1 | Rake $0 
Seat 1: mucho_d1n3ro
Seat 3: dreimis190
Seat 2: 3EPH (button) folded before Flop (didn't bet)
Seat 4: mr.Jckpot (small blind) folded before Flop
Seat 5: rao999 (big blind) collected ($1)
Seat 6: Knobi130485 folded before Flop (didn't bet)



PokerStars Hand #254263333638:  Hold'em No Limit ($0.50/$1.00 USD) - 2025/01/08 16:51:03 WET [2025/01/08 11:51:03 ET]
Table 'Kleopatra III' 6-max Seat #4 is the button
Seat 1: mucho_d1n3ro ($0 in chips) is sitting out
Seat 3: dreimis190 ($100 in chips) is sitting out
Seat 2: 3EPH ($101.40 in chips) 
Seat 4: mr.Jckpot ($125.80 in chips) 
Seat 5: rao999 ($100.50 in chips) 
Seat 6: Knobi130485 ($105.31 in chips) 
rao999: posts small blind $0.50
Knobi130485: posts big blind $1
dreimis190: sits out 
*** HOLE CARDS ***
3EPH: folds 
mr.Jckpot: folds 
rao999: raises $1.50 to $2.50
Knobi130485: calls $1.50
*** FLOP *** [Qd Js Td]
rao999: checks 
Knobi130485: bets $2
rao999: calls $2
*** TURN *** [Qd Js Td] [Kc]
rao999: checks 
Knobi130485: checks 
*** RIVER *** [Qd Js Td Kc] [Jc]
rao999: bets $2.82
Knobi130485: calls $2.82
*** SHOW DOWN ***
rao999: shows [Jd 3d] (three of a kind, Jacks)
Knobi130485: mucks hand 
rao999 collected $13.91 from pot
*** SUMMARY ***
Total pot $14.64 | Rake $0.73 
Board [Qd Js Td Kc Jc]
Seat 1: mucho_d1n3ro
Seat 3: dreimis190
Seat 2: 3EPH folded before Flop (didn't bet)
Seat 4: mr.Jckpot (button) folded before Flop (didn't bet)
Seat 5: rao999 (small blind) showed [Jd 3d] and won ($13.91) with three of a kind, Jacks
Seat 6: Knobi130485 (big blind) mucked



PokerStars Hand #254263354846:  Hold'em No Limit ($0.50/$1.00 USD) - 2025/01/08 16:52:26 WET [2025/01/08 11:52:26 ET]
Table 'Kleopatra III' 6-max Seat #5 is the button
Seat 1: mucho_d1n3ro ($0 in chips) is sitting out
Seat 3: dreimis190 ($100 in chips) is sitting out
Seat 2: 3EPH ($101.40 in chips) 
Seat 4: mr.Jckpot ($125.80 in chips) 
Seat 5: rao999 ($107.09 in chips) 
Seat 6: Knobi130485 ($97.99 in chips) 
Knobi130485: posts small blind $0.50
3EPH: posts big blind $1
dreimis190: sits out 
*** HOLE CARDS ***
mr.Jckpot: folds 
rao999: raises $1.50 to $2.50
Knobi130485: folds 
3EPH: folds 
Uncalled bet ($1.50) returned to rao999
rao999 collected $2.50 from pot
rao999: doesn't show hand 
*** SUMMARY ***
Total pot $2.50 | Rake $0 
Seat 1: mucho_d1n3ro
Seat 3: dreimis190
Seat 2: 3EPH (big blind) folded before Flop
Seat 4: mr.Jckpot folded before Flop (didn't bet)
Seat 5: rao999 (button) collected ($2.50)
Seat 6: Knobi130485 (small blind) folded before Flop



PokerStars Hand #254263358516:  Hold'em No Limit ($0.50/$1.00 USD) - 2025/01/08 16:52:40 WET [2025/01/08 11:52:40 ET]
Table 'Kleopatra III' 6-max Seat #6 is the button
Seat 1: mucho_d1n3ro ($0 in chips) is sitting out
Seat 2: 3EPH ($100.40 in chips) 
Seat 3: dreimis190 ($100 in chips) 
Seat 4: mr.Jckpot ($125.80 in chips) 
Seat 5: rao999 ($108.59 in chips) 
Seat 6: Knobi130485 ($97.49 in chips) 
3EPH: posts small blind $0.50
dreimis190: posts big blind $1
*** HOLE CARDS ***
mr.Jckpot: folds 
rao999: folds 
Knobi130485: folds 
3EPH: folds 
Uncalled bet ($0.50) returned to dreimis190
dreimis190 collected $1 from pot
dreimis190: doesn't show hand 
*** SUMMARY ***
Total pot $1 | Rake $0 
Seat 1: mucho_d1n3ro
Seat 2: 3EPH (small blind) folded before Flop
Seat 3: dreimis190 (big blind) collected ($1)
Seat 4: mr.Jckpot folded before Flop (didn't bet)
Seat 5: rao999 folded before Flop (didn't bet)
Seat 6: Knobi130485 (button) folded before Flop (didn't bet)



PokerStars Hand #254263360637:  Hold'em No Limit ($0.50/$1.00 USD) - 2025/01/08 16:52:49 WET [2025/01/08 11:52:49 ET]
Table 'Kleopatra III' 6-max Seat #2 is the button
Seat 1: mucho_d1n3ro ($0 in chips) is sitting out
Seat 2: 3EPH ($100 in chips) 
Seat 3: dreimis190 ($100.50 in chips) 
Seat 4: mr.Jckpot ($125.80 in chips) 
Seat 5: rao999 ($108.59 in chips) 
Seat 6: Knobi130485 ($97.49 in chips) 
dreimis190: posts small blind $0.50
mr.Jckpot: posts big blind $1
*** HOLE CARDS ***
rao999: folds 
Knobi130485: folds 
3EPH: folds 
dreimis190: folds 
Uncalled bet ($0.50) returned to mr.Jckpot
mr.Jckpot collected $1 from pot
mr.Jckpot: doesn't show hand 
*** SUMMARY ***
Total pot $1 | Rake $0 
Seat 1: mucho_d1n3ro
Seat 2: 3EPH (button) folded before Flop (didn't bet)
Seat 3: dreimis190 (small blind) folded before Flop
Seat 4: mr.Jckpot (big blind) collected ($1)
Seat 5: rao999 folded before Flop (didn't bet)
Seat 6: Knobi130485 folded before Flop (didn't bet)



PokerStars Hand #254263362866:  Hold'em No Limit ($0.50/$1.00 USD) - 2025/01/08 16:52:58 WET [2025/01/08 11:52:58 ET]
Table 'Kleopatra III' 6-max Seat #3 is the button
Seat 1: mucho_d1n3ro ($0 in chips) is sitting out
Seat 2: 3EPH ($100 in chips) 
Seat 3: dreimis190 ($100 in chips) 
Seat 4: mr.Jckpot ($126.30 in chips) 
Seat 5: rao999 ($108.59 in chips) 
Seat 6: Knobi130485 ($97.49 in chips) 
mr.Jckpot: posts small blind $0.50
rao999: posts big blind $1
*** HOLE CARDS ***
Knobi130485: folds 
3EPH: folds 
dreimis190: raises $1.50 to $2.50
mr.Jckpot: folds 
rao999: folds 
Uncalled bet ($1.50) returned to dreimis190
dreimis190 collected $2.50 from pot
dreimis190: doesn't show hand 
*** SUMMARY ***
Total pot $2.50 | Rake $0 
Seat 1: mucho_d1n3ro
Seat 2: 3EPH folded before Flop (didn't bet)
Seat 3: dreimis190 (button) collected ($2.50)
Seat 4: mr.Jckpot (small blind) folded before Flop
Seat 5: rao999 (big blind) folded before Flop
Seat 6: Knobi130485 folded before Flop (didn't bet)



PokerStars Hand #254263366320:  Hold'em No Limit ($0.50/$1.00 USD) - 2025/01/08 16:53:12 WET [2025/01/08 11:53:12 ET]
Table 'Kleopatra III' 6-max Seat #4 is the button
Seat 1: mucho_d1n3ro ($0 in chips) is sitting out
Seat 2: 3EPH ($100 in chips) 
Seat 3: dreimis190 ($101.50 in chips) 
Seat 4: mr.Jckpot ($125.80 in chips) 
Seat 5: rao999 ($107.59 in chips) 
Seat 6: Knobi130485 ($97.49 in chips) 
rao999: posts small blind $0.50
Knobi130485: posts big blind $1
*** HOLE CARDS ***
3EPH: folds 
dreimis190: raises $1.50 to $2.50
mr.Jckpot: folds 
rao999: folds 
Knobi130485: raises $5.50 to $8
dreimis190: calls $5.50
*** FLOP *** [4c As Js]
Knobi130485: bets $8.84
dreimis190: raises $20.16 to $29
Knobi130485: calls $20.16
*** TURN *** [4c As Js] [2d]
Knobi130485: bets $60.49 and is all-in
dreimis190: calls $60.49
*** RIVER *** [4c As Js 2d] [6s]
*** SHOW DOWN ***
Knobi130485: shows [Ad Ah] (three of a kind, Aces)
dreimis190: shows [Jc Ac] (two pair, Aces and Jacks)
Knobi130485 collected $192.36 from pot
*** SUMMARY ***
Total pot $195.48 | Rake $3.12 
Board [4c As Js 2d 6s]
Seat 1: mucho_d1n3ro
Seat 2: 3EPH folded before Flop (didn't bet)
Seat 3: dreimis190 showed [Jc Ac] and lost with two pair, Aces and Jacks
Seat 4: mr.Jckpot (button) folded before Flop (didn't bet)
Seat 5: rao999 (small blind) folded before Flop
Seat 6: Knobi130485 (big blind) showed [Ad Ah] and won ($192.36) with three of a kind, Aces



PokerStars Hand #254263395307:  Hold'em No Limit ($0.50/$1.00 USD) - 2025/01/08 16:55:07 WET [2025/01/08 11:55:07 ET]
Table 'Kleopatra III' 6-max Seat #5 is the button
Seat 1: mucho_d1n3ro ($0 in chips) is sitting out
Seat 2: 3EPH ($100 in chips) is sitting out
Seat 3: dreimis190 ($100 in chips) is sitting out
Seat 4: mr.Jckpot ($125.80 in chips) 
Seat 5: rao999 ($107.09 in chips) 
Seat 6: Knobi130485 ($192.36 in chips) 
Knobi130485: posts small blind $0.50
3EPH: is sitting out 
dreimis190: is sitting out 
mr.Jckpot: posts big blind $1
*** HOLE CARDS ***
3EPH leaves the table
dreimis190 leaves the table
rao999: folds 
Knobi130485: raises $2 to $3
mr.Jckpot: folds 
Uncalled bet ($2) returned to Knobi130485
mucho_d1n3ro leaves the table
Knobi130485 collected $2 from pot
mr.Jckpot leaves the table
*** SUMMARY ***
Total pot $2 | Rake $0 
Seat 1: mucho_d1n3ro
Seat 2: 3EPH
Seat 3: dreimis190
Seat 4: mr.Jckpot (big blind) folded before Flop
Seat 5: rao999 (button) folded before Flop (didn't bet)
Seat 6: Knobi130485 (small blind) collected ($2)



PokerStars Hand #254263399815:  Hold'em No Limit ($0.50/$1.00 USD) - 2025/01/08 16:55:31 WET [2025/01/08 11:55:31 ET]
Table 'Kleopatra III' 6-max Seat #6 is the button
Seat 5: rao999 ($107.09 in chips) 
Seat 6: Knobi130485 ($193.36 in chips) 
Knobi130485: posts small blind $0.50
rao999: posts big blind $1
*** HOLE CARDS ***
Knobi130485: calls $0.50
rao999: checks 
*** FLOP *** [9c 6s Ac]
rao999: checks 
Knobi130485: checks 
*** TURN *** [9c 6s Ac] [4d]
rao999: checks 
Knobi130485: bets $1.90
rao999: folds 
Uncalled bet ($1.90) returned to Knobi130485
Knobi130485 collected $1.88 from pot
*** SUMMARY ***
Total pot $2 | Rake $0.12 
Board [9c 6s Ac 4d]
Seat 5: rao999 (big blind) folded on the Turn
Seat 6: Knobi130485 (button) (small blind) collected ($1.88)



PokerStars Hand #254263405140:  Hold'em No Limit ($0.50/$1.00 USD) - 2025/01/08 16:55:59 WET [2025/01/08 11:55:59 ET]
Table 'Kleopatra III' 6-max Seat #5 is the button
Seat 5: rao999 ($106.09 in chips) 
Seat 6: Knobi130485 ($194.24 in chips) 
rao999: posts small blind $0.50
Knobi130485: posts big blind $1
*** HOLE CARDS ***
rao999: raises $1.50 to $2.50
Knobi130485: folds 
Uncalled bet ($1.50) returned to rao999
rao999 collected $2 from pot
rao999: doesn't show hand 
*** SUMMARY ***
Total pot $2 | Rake $0 
Seat 5: rao999 (button) (small blind) collected ($2)
Seat 6: Knobi130485 (big blind) folded before Flop



