PokerStars Hand #254268481767:  Hold'em No Limit ($0.50/$1.00 USD) - 2025/01/08 21:13:59 WET [2025/01/08 16:13:59 ET]
Table 'Sinistra II' 6-max Seat #6 is the button
Seat 4: Twistenko ($100 in chips) is sitting out
Seat 1: YeeesMan ($100 in chips) 
Seat 2: app1e_j@ck ($10 in chips) 
Seat 3: mr.Jckpot ($101.50 in chips) 
Seat 5: ConteMax777 ($28.90 in chips) 
Seat 6: Gfoer ($100 in chips) 
YeeesMan: posts small blind $0.50
app1e_j@ck: posts big blind $1
Twistenko: sits out 
*** HOLE CARDS ***
mr.Jckpot: folds 
ConteMax777: calls $1
Gfoer: raises $4 to $5
YeeesMan: folds 
app1e_j@ck: folds 
ConteMax777: folds 
Uncalled bet ($4) returned to Gfoer
Gfoer collected $3.50 from pot
Gfoer: doesn't show hand 
*** SUMMARY ***
Total pot $3.50 | Rake $0 
Seat 4: Twistenko
Seat 1: YeeesMan (small blind) folded before Flop
Seat 2: app1e_j@ck (big blind) folded before Flop
Seat 3: mr.Jckpot folded before Flop (didn't bet)
Seat 5: ConteMax777 folded before Flop
Seat 6: Gfoer (button) collected ($3.50)



PokerStars Hand #254268490237:  Hold'em No Limit ($0.50/$1.00 USD) - 2025/01/08 21:14:24 WET [2025/01/08 16:14:24 ET]
Table 'Sinistra II' 6-max Seat #1 is the button
Seat 4: Twistenko ($100 in chips) is sitting out
Seat 1: YeeesMan ($100 in chips) 
Seat 2: app1e_j@ck ($100 in chips) 
Seat 3: mr.Jckpot ($101.50 in chips) 
Seat 5: ConteMax777 ($27.90 in chips) 
Seat 6: Gfoer ($102.50 in chips) 
app1e_j@ck: posts small blind $0.50
mr.Jckpot: posts big blind $1
Twistenko: sits out 
*** HOLE CARDS ***
ConteMax777: folds 
Gfoer: folds 
YeeesMan: raises $1.50 to $2.50
app1e_j@ck: folds 
mr.Jckpot: calls $1.50
*** FLOP *** [Jd 8h Qc]
mr.Jckpot: checks 
YeeesMan: checks 
*** TURN *** [Jd 8h Qc] [8c]
mr.Jckpot: bets $3
YeeesMan: raises $8 to $11
mr.Jckpot: calls $8
*** RIVER *** [Jd 8h Qc 8c] [6s]
mr.Jckpot: checks 
YeeesMan: checks 
*** SHOW DOWN ***
mr.Jckpot: shows [Qd Th] (two pair, Queens and Eights)
YeeesMan: mucks hand 
mr.Jckpot collected $26.12 from pot
*** SUMMARY ***
Total pot $27.50 | Rake $1.38 
Board [Jd 8h Qc 8c 6s]
Seat 4: Twistenko
Seat 1: YeeesMan (button) mucked
Seat 2: app1e_j@ck (small blind) folded before Flop
Seat 3: mr.Jckpot (big blind) showed [Qd Th] and won ($26.12) with two pair, Queens and Eights
Seat 5: ConteMax777 folded before Flop (didn't bet)
Seat 6: Gfoer folded before Flop (didn't bet)



PokerStars Hand #254268518582:  Hold'em No Limit ($0.50/$1.00 USD) - 2025/01/08 21:15:45 WET [2025/01/08 16:15:45 ET]
Table 'Sinistra II' 6-max Seat #2 is the button
Seat 1: YeeesMan ($100 in chips) 
Seat 2: app1e_j@ck ($99.50 in chips) 
Seat 3: mr.Jckpot ($114.12 in chips) 
Seat 4: Twistenko ($100 in chips) 
Seat 5: ConteMax777 ($27.90 in chips) 
Seat 6: Gfoer ($102.50 in chips) 
mr.Jckpot: posts small blind $0.50
Twistenko: posts big blind $1
*** HOLE CARDS ***
ConteMax777: folds 
Gfoer: folds 
YeeesMan: folds 
app1e_j@ck: raises $1.50 to $2.50
mr.Jckpot: folds 
Twistenko: raises $8.50 to $11
app1e_j@ck: folds 
Uncalled bet ($8.50) returned to Twistenko
Twistenko collected $5.50 from pot
Twistenko: doesn't show hand 
*** SUMMARY ***
Total pot $5.50 | Rake $0 
Seat 1: YeeesMan folded before Flop (didn't bet)
Seat 2: app1e_j@ck (button) folded before Flop
Seat 3: mr.Jckpot (small blind) folded before Flop
Seat 4: Twistenko (big blind) collected ($5.50)
Seat 5: ConteMax777 folded before Flop (didn't bet)
Seat 6: Gfoer folded before Flop (didn't bet)



PokerStars Hand #254268527859:  Hold'em No Limit ($0.50/$1.00 USD) - 2025/01/08 21:16:11 WET [2025/01/08 16:16:11 ET]
Table 'Sinistra II' 6-max Seat #3 is the button
Seat 1: YeeesMan ($100 in chips) 
Seat 2: app1e_j@ck ($97 in chips) 
Seat 3: mr.Jckpot ($113.62 in chips) 
Seat 4: Twistenko ($103 in chips) 
Seat 5: ConteMax777 ($27.90 in chips) 
Seat 6: Gfoer ($102.50 in chips) 
Twistenko: posts small blind $0.50
ConteMax777: posts big blind $1
*** HOLE CARDS ***
Gfoer: folds 
YeeesMan: folds 
app1e_j@ck: folds 
mr.Jckpot: folds 
Twistenko: folds 
Uncalled bet ($0.50) returned to ConteMax777
ConteMax777 collected $1 from pot
ConteMax777: doesn't show hand 
*** SUMMARY ***
Total pot $1 | Rake $0 
Seat 1: YeeesMan folded before Flop (didn't bet)
Seat 2: app1e_j@ck folded before Flop (didn't bet)
Seat 3: mr.Jckpot (button) folded before Flop (didn't bet)
Seat 4: Twistenko (small blind) folded before Flop
Seat 5: ConteMax777 (big blind) collected ($1)
Seat 6: Gfoer folded before Flop (didn't bet)



PokerStars Hand #254268535431:  Hold'em No Limit ($0.50/$1.00 USD) - 2025/01/08 21:16:32 WET [2025/01/08 16:16:32 ET]
Table 'Sinistra II' 6-max Seat #4 is the button
Seat 1: YeeesMan ($100 in chips) 
Seat 2: app1e_j@ck ($97 in chips) 
Seat 3: mr.Jckpot ($113.62 in chips) 
Seat 4: Twistenko ($102.50 in chips) 
Seat 5: ConteMax777 ($28.40 in chips) 
Seat 6: Gfoer ($102.50 in chips) 
ConteMax777: posts small blind $0.50
Gfoer: posts big blind $1
*** HOLE CARDS ***
YeeesMan: folds 
app1e_j@ck: folds 
mr.Jckpot: folds 
Twistenko: folds 
ConteMax777: raises $2 to $3
Gfoer: folds 
Uncalled bet ($2) returned to ConteMax777
ConteMax777 collected $2 from pot
ConteMax777: doesn't show hand 
*** SUMMARY ***
Total pot $2 | Rake $0 
Seat 1: YeeesMan folded before Flop (didn't bet)
Seat 2: app1e_j@ck folded before Flop (didn't bet)
Seat 3: mr.Jckpot folded before Flop (didn't bet)
Seat 4: Twistenko (button) folded before Flop (didn't bet)
Seat 5: ConteMax777 (small blind) collected ($2)
Seat 6: Gfoer (big blind) folded before Flop



PokerStars Hand #254268548484:  Hold'em No Limit ($0.50/$1.00 USD) - 2025/01/08 21:17:10 WET [2025/01/08 16:17:10 ET]
Table 'Sinistra II' 6-max Seat #5 is the button
Seat 1: YeeesMan ($100 in chips) 
Seat 2: app1e_j@ck ($97 in chips) 
Seat 3: mr.Jckpot ($113.62 in chips) 
Seat 4: Twistenko ($102.50 in chips) 
Seat 5: ConteMax777 ($29.40 in chips) 
Seat 6: Gfoer ($101.50 in chips) 
Gfoer: posts small blind $0.50
YeeesMan: posts big blind $1
*** HOLE CARDS ***
app1e_j@ck: raises $1.50 to $2.50
mr.Jckpot: folds 
Twistenko: folds 
ConteMax777: folds 
Gfoer: folds 
YeeesMan: calls $1.50
*** FLOP *** [2h 7h 4c]
YeeesMan: checks 
app1e_j@ck: bets $1.72
YeeesMan: raises $5.44 to $7.16
app1e_j@ck: calls $5.44
*** TURN *** [2h 7h 4c] [Ts]
YeeesMan: checks 
app1e_j@ck: checks 
*** RIVER *** [2h 7h 4c Ts] [Qs]
YeeesMan: checks 
app1e_j@ck: checks 
*** SHOW DOWN ***
YeeesMan: shows [3h 3d] (a pair of Threes)
app1e_j@ck: mucks hand 
YeeesMan collected $18.83 from pot
*** SUMMARY ***
Total pot $19.82 | Rake $0.99 
Board [2h 7h 4c Ts Qs]
Seat 1: YeeesMan (big blind) showed [3h 3d] and won ($18.83) with a pair of Threes
Seat 2: app1e_j@ck mucked
Seat 3: mr.Jckpot folded before Flop (didn't bet)
Seat 4: Twistenko folded before Flop (didn't bet)
Seat 5: ConteMax777 (button) folded before Flop (didn't bet)
Seat 6: Gfoer (small blind) folded before Flop



PokerStars Hand #254268573412:  Hold'em No Limit ($0.50/$1.00 USD) - 2025/01/08 21:18:20 WET [2025/01/08 16:18:20 ET]
Table 'Sinistra II' 6-max Seat #6 is the button
Seat 1: YeeesMan ($109.17 in chips) 
Seat 2: app1e_j@ck ($87.34 in chips) 
Seat 3: mr.Jckpot ($113.62 in chips) 
Seat 4: Twistenko ($102.50 in chips) 
Seat 5: ConteMax777 ($29.40 in chips) 
Seat 6: Gfoer ($101 in chips) 
YeeesMan: posts small blind $0.50
app1e_j@ck: posts big blind $1
*** HOLE CARDS ***
mr.Jckpot: folds 
Twistenko: raises $1.50 to $2.50
ConteMax777: folds 
Gfoer: folds 
YeeesMan: folds 
app1e_j@ck: folds 
Uncalled bet ($1.50) returned to Twistenko
Twistenko collected $2.50 from pot
Twistenko: doesn't show hand 
*** SUMMARY ***
Total pot $2.50 | Rake $0 
Seat 1: YeeesMan (small blind) folded before Flop
Seat 2: app1e_j@ck (big blind) folded before Flop
Seat 3: mr.Jckpot folded before Flop (didn't bet)
Seat 4: Twistenko collected ($2.50)
Seat 5: ConteMax777 folded before Flop (didn't bet)
Seat 6: Gfoer (button) folded before Flop (didn't bet)



PokerStars Hand #254268578685:  Hold'em No Limit ($0.50/$1.00 USD) - 2025/01/08 21:18:36 WET [2025/01/08 16:18:36 ET]
Table 'Sinistra II' 6-max Seat #1 is the button
Seat 1: YeeesMan ($108.67 in chips) 
Seat 2: app1e_j@ck ($86.34 in chips) 
Seat 3: mr.Jckpot ($113.62 in chips) 
Seat 4: Twistenko ($104 in chips) 
Seat 5: ConteMax777 ($29.40 in chips) 
Seat 6: Gfoer ($101 in chips) 
app1e_j@ck: posts small blind $0.50
mr.Jckpot: posts big blind $1
*** HOLE CARDS ***
Twistenko: folds 
ConteMax777: folds 
Gfoer: folds 
YeeesMan: raises $1.50 to $2.50
app1e_j@ck: folds 
mr.Jckpot: folds 
Uncalled bet ($1.50) returned to YeeesMan
YeeesMan collected $2.50 from pot
YeeesMan: doesn't show hand 
*** SUMMARY ***
Total pot $2.50 | Rake $0 
Seat 1: YeeesMan (button) collected ($2.50)
Seat 2: app1e_j@ck (small blind) folded before Flop
Seat 3: mr.Jckpot (big blind) folded before Flop
Seat 4: Twistenko folded before Flop (didn't bet)
Seat 5: ConteMax777 folded before Flop (didn't bet)
Seat 6: Gfoer folded before Flop (didn't bet)



PokerStars Hand #254268586502:  Hold'em No Limit ($0.50/$1.00 USD) - 2025/01/08 21:18:58 WET [2025/01/08 16:18:58 ET]
Table 'Sinistra II' 6-max Seat #2 is the button
Seat 1: YeeesMan ($110.17 in chips) 
Seat 2: app1e_j@ck ($85.84 in chips) 
Seat 3: mr.Jckpot ($112.62 in chips) 
Seat 4: Twistenko ($104 in chips) 
Seat 5: ConteMax777 ($29.40 in chips) 
Seat 6: Gfoer ($101 in chips) 
mr.Jckpot: posts small blind $0.50
Twistenko: posts big blind $1
*** HOLE CARDS ***
ConteMax777: folds 
Gfoer: folds 
YeeesMan: folds 
app1e_j@ck: raises $1.50 to $2.50
mr.Jckpot: folds 
Twistenko: folds 
Uncalled bet ($1.50) returned to app1e_j@ck
app1e_j@ck collected $2.50 from pot
app1e_j@ck: doesn't show hand 
*** SUMMARY ***
Total pot $2.50 | Rake $0 
Seat 1: YeeesMan folded before Flop (didn't bet)
Seat 2: app1e_j@ck (button) collected ($2.50)
Seat 3: mr.Jckpot (small blind) folded before Flop
Seat 4: Twistenko (big blind) folded before Flop
Seat 5: ConteMax777 folded before Flop (didn't bet)
Seat 6: Gfoer folded before Flop (didn't bet)



PokerStars Hand #254268595049:  Hold'em No Limit ($0.50/$1.00 USD) - 2025/01/08 21:19:22 WET [2025/01/08 16:19:22 ET]
Table 'Sinistra II' 6-max Seat #3 is the button
Seat 1: YeeesMan ($110.17 in chips) 
Seat 2: app1e_j@ck ($87.34 in chips) 
Seat 3: mr.Jckpot ($112.12 in chips) 
Seat 4: Twistenko ($103 in chips) 
Seat 5: ConteMax777 ($29.40 in chips) 
Seat 6: Gfoer ($101 in chips) 
Twistenko: posts small blind $0.50
ConteMax777: posts big blind $1
*** HOLE CARDS ***
Gfoer: folds 
YeeesMan: folds 
app1e_j@ck: raises $1.50 to $2.50
mr.Jckpot: raises $5 to $7.50
Twistenko: folds 
ConteMax777: calls $6.50
app1e_j@ck: folds 
*** FLOP *** [5h 8s Jd]
ConteMax777: checks 
mr.Jckpot: bets $5.64
ConteMax777: calls $5.64
*** TURN *** [5h 8s Jd] [7h]
ConteMax777: checks 
mr.Jckpot: checks 
*** RIVER *** [5h 8s Jd 7h] [Td]
ConteMax777: checks 
mr.Jckpot: checks 
*** SHOW DOWN ***
ConteMax777: shows [As Ks] (high card Ace)
mr.Jckpot: mucks hand 
ConteMax777 collected $27.82 from pot
*** SUMMARY ***
Total pot $29.28 | Rake $1.46 
Board [5h 8s Jd 7h Td]
Seat 1: YeeesMan folded before Flop (didn't bet)
Seat 2: app1e_j@ck folded before Flop
Seat 3: mr.Jckpot (button) mucked
Seat 4: Twistenko (small blind) folded before Flop
Seat 5: ConteMax777 (big blind) showed [As Ks] and won ($27.82) with high card Ace
Seat 6: Gfoer folded before Flop (didn't bet)



PokerStars Hand #254268628720:  Hold'em No Limit ($0.50/$1.00 USD) - 2025/01/08 21:20:58 WET [2025/01/08 16:20:58 ET]
Table 'Sinistra II' 6-max Seat #4 is the button
Seat 6: Gfoer ($101 in chips) is sitting out
Seat 1: YeeesMan ($110.17 in chips) 
Seat 2: app1e_j@ck ($84.84 in chips) 
Seat 3: mr.Jckpot ($100 in chips) 
Seat 4: Twistenko ($102.50 in chips) 
Seat 5: ConteMax777 ($44.08 in chips) 
ConteMax777: posts small blind $0.50
Gfoer: is sitting out 
YeeesMan: posts big blind $1
*** HOLE CARDS ***
app1e_j@ck: folds 
mr.Jckpot: folds 
Gfoer leaves the table
Twistenko: raises $2 to $3
ConteMax777: calls $2.50
grig2307 joins the table at seat #6 
grig2307 is disconnected 
YeeesMan: calls $2
*** FLOP *** [5h 2d 3s]
ConteMax777: checks 
YeeesMan: checks 
Twistenko: checks 
*** TURN *** [5h 2d 3s] [2s]
ConteMax777: checks 
YeeesMan: checks 
Twistenko: checks 
*** RIVER *** [5h 2d 3s 2s] [9d]
ConteMax777: checks 
YeeesMan: checks 
Twistenko: bets $7.50
ConteMax777: folds 
YeeesMan: folds 
Uncalled bet ($7.50) returned to Twistenko
YeeesMan leaves the table
Twistenko collected $8.55 from pot
Twistenko: doesn't show hand 
*** SUMMARY ***
Total pot $9 | Rake $0.45 
Board [5h 2d 3s 2s 9d]
Seat 6: Gfoer
Seat 1: YeeesMan (big blind) folded on the River
Seat 2: app1e_j@ck folded before Flop (didn't bet)
Seat 3: mr.Jckpot folded before Flop (didn't bet)
Seat 4: Twistenko (button) collected ($8.55)
Seat 5: ConteMax777 (small blind) folded on the River



PokerStars Hand #254268672565:  Hold'em No Limit ($0.50/$1.00 USD) - 2025/01/08 21:23:03 WET [2025/01/08 16:23:03 ET]
Table 'Sinistra II' 6-max Seat #5 is the button
Seat 6: grig2307 ($100 in chips) is sitting out
Seat 2: app1e_j@ck ($84.84 in chips) 
Seat 3: mr.Jckpot ($100 in chips) 
Seat 4: Twistenko ($108.05 in chips) 
Seat 5: ConteMax777 ($41.08 in chips) 
app1e_j@ck: posts small blind $0.50
mr.Jckpot: posts big blind $1
*** HOLE CARDS ***
Twistenko: folds 
ConteMax777: raises $2 to $3
BoyLoc0 joins the table at seat #1 
app1e_j@ck: folds 
mr.Jckpot: folds 
Uncalled bet ($2) returned to ConteMax777
ConteMax777 collected $2.50 from pot
ConteMax777: doesn't show hand 
*** SUMMARY ***
Total pot $2.50 | Rake $0 
Seat 6: grig2307
Seat 2: app1e_j@ck (small blind) folded before Flop
Seat 3: mr.Jckpot (big blind) folded before Flop
Seat 4: Twistenko folded before Flop (didn't bet)
Seat 5: ConteMax777 (button) collected ($2.50)



PokerStars Hand #254268676923:  Hold'em No Limit ($0.50/$1.00 USD) - 2025/01/08 21:23:16 WET [2025/01/08 16:23:16 ET]
Table 'Sinistra II' 6-max Seat #2 is the button
Seat 1: BoyLoc0 ($100 in chips) is sitting out
Seat 4: Twistenko ($108.05 in chips) is sitting out
Seat 6: grig2307 ($100 in chips) is sitting out
Seat 2: app1e_j@ck ($84.34 in chips) 
Seat 3: mr.Jckpot ($100 in chips) 
Seat 5: ConteMax777 ($42.58 in chips) 
mr.Jckpot: posts small blind $0.50
Twistenko: is sitting out 
ConteMax777: posts big blind $1
grig2307: sits out 
BoyLoc0: sits out 
*** HOLE CARDS ***
app1e_j@ck: folds 
mr.Jckpot: raises $2 to $3
Twistenko leaves the table
ConteMax777: folds 
Uncalled bet ($2) returned to mr.Jckpot
mr.Jckpot collected $2 from pot
vadjkeee joins the table at seat #4 
mr.Jckpot: doesn't show hand 
*** SUMMARY ***
Total pot $2 | Rake $0 
Seat 1: BoyLoc0
Seat 4: Twistenko
Seat 6: grig2307
Seat 2: app1e_j@ck (button) folded before Flop (didn't bet)
Seat 3: mr.Jckpot (small blind) collected ($2)
Seat 5: ConteMax777 (big blind) folded before Flop



PokerStars Hand #254268681077:  Hold'em No Limit ($0.50/$1.00 USD) - 2025/01/08 21:23:28 WET [2025/01/08 16:23:28 ET]
Table 'Sinistra II' 6-max Seat #3 is the button
Seat 1: BoyLoc0 ($100 in chips) is sitting out
Seat 4: vadjkeee ($100 in chips) is sitting out
Seat 2: app1e_j@ck ($84.34 in chips) 
Seat 3: mr.Jckpot ($101 in chips) 
Seat 5: ConteMax777 ($41.58 in chips) 
Seat 6: grig2307 ($100 in chips) 
ConteMax777: posts small blind $0.50
grig2307: posts big blind $1
BoyLoc0: sits out 
*** HOLE CARDS ***
app1e_j@ck: folds 
mr.Jckpot: raises $1.50 to $2.50
ConteMax777: calls $2
grig2307: calls $1.50
*** FLOP *** [4c 8s 7h]
ConteMax777: checks 
grig2307: checks 
mr.Jckpot: checks 
*** TURN *** [4c 8s 7h] [5d]
ConteMax777: bets $3.56
grig2307: calls $3.56
mr.Jckpot: folds 
*** RIVER *** [4c 8s 7h 5d] [Kc]
ConteMax777: bets $13.89
grig2307: raises $41.67 to $55.56
ConteMax777: calls $21.63 and is all-in
Uncalled bet ($20.04) returned to grig2307
*** SHOW DOWN ***
grig2307: shows [Ac 6h] (a straight, Four to Eight)
ConteMax777: shows [6s 4s] (a straight, Four to Eight)
ConteMax777 collected $42.33 from pot
grig2307 collected $42.33 from pot
*** SUMMARY ***
Total pot $85.66 | Rake $1 
Board [4c 8s 7h 5d Kc]
Seat 1: BoyLoc0
Seat 4: vadjkeee
Seat 2: app1e_j@ck folded before Flop (didn't bet)
Seat 3: mr.Jckpot (button) folded on the Turn
Seat 5: ConteMax777 (small blind) showed [6s 4s] and won ($42.33) with a straight, Four to Eight
Seat 6: grig2307 (big blind) showed [Ac 6h] and won ($42.33) with a straight, Four to Eight



PokerStars Hand #254268709095:  Hold'em No Limit ($0.50/$1.00 USD) - 2025/01/08 21:24:49 WET [2025/01/08 16:24:49 ET]
Table 'Sinistra II' 6-max Seat #5 is the button
Seat 4: vadjkeee ($100 in chips) is sitting out
Seat 1: BoyLoc0 ($100 in chips) 
Seat 2: app1e_j@ck ($84.34 in chips) 
Seat 3: mr.Jckpot ($100 in chips) 
Seat 5: ConteMax777 ($42.33 in chips) 
Seat 6: grig2307 ($100.75 in chips) 
grig2307: posts small blind $0.50
BoyLoc0: posts big blind $1
vadjkeee: sits out 
*** HOLE CARDS ***
app1e_j@ck: folds 
mr.Jckpot: folds 
ConteMax777: folds 
grig2307: folds 
Uncalled bet ($0.50) returned to BoyLoc0
BoyLoc0 collected $1 from pot
BoyLoc0: doesn't show hand 
*** SUMMARY ***
Total pot $1 | Rake $0 
Seat 4: vadjkeee
Seat 1: BoyLoc0 (big blind) collected ($1)
Seat 2: app1e_j@ck folded before Flop (didn't bet)
Seat 3: mr.Jckpot folded before Flop (didn't bet)
Seat 5: ConteMax777 (button) folded before Flop (didn't bet)
Seat 6: grig2307 (small blind) folded before Flop



PokerStars Hand #254268716871:  Hold'em No Limit ($0.50/$1.00 USD) - 2025/01/08 21:25:11 WET [2025/01/08 16:25:11 ET]
Table 'Sinistra II' 6-max Seat #6 is the button
Seat 4: vadjkeee ($100 in chips) is sitting out
Seat 1: BoyLoc0 ($100.50 in chips) 
Seat 2: app1e_j@ck ($84.34 in chips) 
Seat 3: mr.Jckpot ($100 in chips) 
Seat 5: ConteMax777 ($42.33 in chips) 
Seat 6: grig2307 ($100.25 in chips) 
BoyLoc0: posts small blind $0.50
app1e_j@ck: posts big blind $1
vadjkeee: sits out 
*** HOLE CARDS ***
mr.Jckpot: raises $1.50 to $2.50
ConteMax777: folds 
grig2307: folds 
BoyLoc0: folds 
app1e_j@ck: calls $1.50
*** FLOP *** [5h 5c 7d]
app1e_j@ck: checks 
mr.Jckpot: checks 
*** TURN *** [5h 5c 7d] [Jd]
app1e_j@ck: checks 
mr.Jckpot: checks 
*** RIVER *** [5h 5c 7d Jd] [Ts]
app1e_j@ck: checks 
mr.Jckpot: checks 
*** SHOW DOWN ***
app1e_j@ck: shows [Qd Ah] (a pair of Fives)
mr.Jckpot: mucks hand 
app1e_j@ck collected $5.22 from pot
*** SUMMARY ***
Total pot $5.50 | Rake $0.28 
Board [5h 5c 7d Jd Ts]
Seat 4: vadjkeee
Seat 1: BoyLoc0 (small blind) folded before Flop
Seat 2: app1e_j@ck (big blind) showed [Qd Ah] and won ($5.22) with a pair of Fives
Seat 3: mr.Jckpot mucked
Seat 5: ConteMax777 folded before Flop (didn't bet)
Seat 6: grig2307 (button) folded before Flop (didn't bet)



PokerStars Hand #254268729607:  Hold'em No Limit ($0.50/$1.00 USD) - 2025/01/08 21:25:48 WET [2025/01/08 16:25:48 ET]
Table 'Sinistra II' 6-max Seat #1 is the button
Seat 4: vadjkeee ($100 in chips) is sitting out
Seat 1: BoyLoc0 ($100 in chips) 
Seat 2: app1e_j@ck ($87.06 in chips) 
Seat 3: mr.Jckpot ($100 in chips) 
Seat 5: ConteMax777 ($42.33 in chips) 
Seat 6: grig2307 ($100.25 in chips) 
app1e_j@ck: posts small blind $0.50
mr.Jckpot: posts big blind $1
vadjkeee: sits out 
*** HOLE CARDS ***
ConteMax777: calls $1
grig2307: folds 
BoyLoc0: folds 
app1e_j@ck: folds 
mr.Jckpot: checks 
*** FLOP *** [9c Qc Kc]
mr.Jckpot: checks 
ConteMax777: checks 
*** TURN *** [9c Qc Kc] [Jd]
mr.Jckpot: bets $2
ConteMax777: folds 
Uncalled bet ($2) returned to mr.Jckpot
mr.Jckpot collected $2.38 from pot
mr.Jckpot: doesn't show hand 
*** SUMMARY ***
Total pot $2.50 | Rake $0.12 
Board [9c Qc Kc Jd]
Seat 4: vadjkeee
Seat 1: BoyLoc0 (button) folded before Flop (didn't bet)
Seat 2: app1e_j@ck (small blind) folded before Flop
Seat 3: mr.Jckpot (big blind) collected ($2.38)
Seat 5: ConteMax777 folded on the Turn
Seat 6: grig2307 folded before Flop (didn't bet)



PokerStars Hand #254268740126:  Hold'em No Limit ($0.50/$1.00 USD) - 2025/01/08 21:26:18 WET [2025/01/08 16:26:18 ET]
Table 'Sinistra II' 6-max Seat #2 is the button
Seat 1: BoyLoc0 ($100 in chips) 
Seat 2: app1e_j@ck ($86.56 in chips) 
Seat 3: mr.Jckpot ($101.38 in chips) 
Seat 4: vadjkeee ($100 in chips) 
Seat 5: ConteMax777 ($41.33 in chips) 
Seat 6: grig2307 ($100.25 in chips) 
mr.Jckpot: posts small blind $0.50
vadjkeee: posts big blind $1
*** HOLE CARDS ***
ConteMax777: folds 
grig2307: folds 
BoyLoc0: folds 
app1e_j@ck: folds 
mr.Jckpot: folds 
Uncalled bet ($0.50) returned to vadjkeee
vadjkeee collected $1 from pot
vadjkeee: doesn't show hand 
*** SUMMARY ***
Total pot $1 | Rake $0 
Seat 1: BoyLoc0 folded before Flop (didn't bet)
Seat 2: app1e_j@ck (button) folded before Flop (didn't bet)
Seat 3: mr.Jckpot (small blind) folded before Flop
Seat 4: vadjkeee (big blind) collected ($1)
Seat 5: ConteMax777 folded before Flop (didn't bet)
Seat 6: grig2307 folded before Flop (didn't bet)



PokerStars Hand #254268749704:  Hold'em No Limit ($0.50/$1.00 USD) - 2025/01/08 21:26:46 WET [2025/01/08 16:26:46 ET]
Table 'Sinistra II' 6-max Seat #3 is the button
Seat 1: BoyLoc0 ($100 in chips) 
Seat 2: app1e_j@ck ($86.56 in chips) 
Seat 3: mr.Jckpot ($100.88 in chips) 
Seat 4: vadjkeee ($100.50 in chips) 
Seat 5: ConteMax777 ($41.33 in chips) 
Seat 6: grig2307 ($100.25 in chips) 
vadjkeee: posts small blind $0.50
ConteMax777: posts big blind $1
*** HOLE CARDS ***
grig2307: folds 
BoyLoc0: folds 
app1e_j@ck: folds 
mr.Jckpot: raises $1.50 to $2.50
vadjkeee: folds 
ConteMax777: folds 
Uncalled bet ($1.50) returned to mr.Jckpot
mr.Jckpot collected $2.50 from pot
mr.Jckpot: doesn't show hand 
*** SUMMARY ***
Total pot $2.50 | Rake $0 
Seat 1: BoyLoc0 folded before Flop (didn't bet)
Seat 2: app1e_j@ck folded before Flop (didn't bet)
Seat 3: mr.Jckpot (button) collected ($2.50)
Seat 4: vadjkeee (small blind) folded before Flop
Seat 5: ConteMax777 (big blind) folded before Flop
Seat 6: grig2307 folded before Flop (didn't bet)



PokerStars Hand #254268758036:  Hold'em No Limit ($0.50/$1.00 USD) - 2025/01/08 21:27:10 WET [2025/01/08 16:27:10 ET]
Table 'Sinistra II' 6-max Seat #4 is the button
Seat 1: BoyLoc0 ($100 in chips) 
Seat 2: app1e_j@ck ($86.56 in chips) 
Seat 3: mr.Jckpot ($102.38 in chips) 
Seat 4: vadjkeee ($100 in chips) 
Seat 5: ConteMax777 ($40.33 in chips) 
Seat 6: grig2307 ($100.25 in chips) 
ConteMax777: posts small blind $0.50
grig2307: posts big blind $1
*** HOLE CARDS ***
BoyLoc0: folds 
app1e_j@ck: folds 
mr.Jckpot: folds 
vadjkeee: folds 
ConteMax777: calls $0.50
grig2307: raises $1.40 to $2.40
ConteMax777: calls $1.40
*** FLOP *** [5c 9h 4c]
ConteMax777: bets $4.56
grig2307: calls $4.56
*** TURN *** [5c 9h 4c] [7h]
ConteMax777: checks 
grig2307: checks 
*** RIVER *** [5c 9h 4c 7h] [7d]
ConteMax777: bets $6.61
grig2307: calls $6.61
*** SHOW DOWN ***
ConteMax777: shows [9c Jc] (two pair, Nines and Sevens)
grig2307: mucks hand 
ConteMax777 collected $25.78 from pot
*** SUMMARY ***
Total pot $27.14 | Rake $1.36 
Board [5c 9h 4c 7h 7d]
Seat 1: BoyLoc0 folded before Flop (didn't bet)
Seat 2: app1e_j@ck folded before Flop (didn't bet)
Seat 3: mr.Jckpot folded before Flop (didn't bet)
Seat 4: vadjkeee (button) folded before Flop (didn't bet)
Seat 5: ConteMax777 (small blind) showed [9c Jc] and won ($25.78) with two pair, Nines and Sevens
Seat 6: grig2307 (big blind) mucked



PokerStars Hand #254268776535:  Hold'em No Limit ($0.50/$1.00 USD) - 2025/01/08 21:28:04 WET [2025/01/08 16:28:04 ET]
Table 'Sinistra II' 6-max Seat #5 is the button
Seat 1: BoyLoc0 ($100 in chips) 
Seat 2: app1e_j@ck ($86.56 in chips) 
Seat 3: mr.Jckpot ($102.38 in chips) 
Seat 4: vadjkeee ($100 in chips) 
Seat 5: ConteMax777 ($52.54 in chips) 
Seat 6: grig2307 ($100 in chips) 
grig2307: posts small blind $0.50
BoyLoc0: posts big blind $1
*** HOLE CARDS ***
app1e_j@ck: folds 
mr.Jckpot: raises $1.50 to $2.50
vadjkeee: folds 
ConteMax777: folds 
grig2307: folds 
BoyLoc0: calls $1.50
*** FLOP *** [6c 9d 4h]
grig2307 leaves the table
BoyLoc0: checks 
mr.Jckpot: bets $2.87
kars0n joins the table at seat #6 
BoyLoc0: calls $2.87
*** TURN *** [6c 9d 4h] [8h]
BoyLoc0: checks 
mr.Jckpot: checks 
*** RIVER *** [6c 9d 4h 8h] [9s]
BoyLoc0: checks 
mr.Jckpot: checks 
*** SHOW DOWN ***
BoyLoc0: shows [5h 5c] (two pair, Nines and Fives)
mr.Jckpot: mucks hand 
BoyLoc0 collected $10.68 from pot
*** SUMMARY ***
Total pot $11.24 | Rake $0.56 
Board [6c 9d 4h 8h 9s]
Seat 1: BoyLoc0 (big blind) showed [5h 5c] and won ($10.68) with two pair, Nines and Fives
Seat 2: app1e_j@ck folded before Flop (didn't bet)
Seat 3: mr.Jckpot mucked
Seat 4: vadjkeee folded before Flop (didn't bet)
Seat 5: ConteMax777 (button) folded before Flop (didn't bet)
Seat 6: grig2307 (small blind) folded before Flop



PokerStars Hand #254268793088:  Hold'em No Limit ($0.50/$1.00 USD) - 2025/01/08 21:28:52 WET [2025/01/08 16:28:52 ET]
Table 'Sinistra II' 6-max Seat #1 is the button
Seat 6: kars0n ($100 in chips) is sitting out
Seat 1: BoyLoc0 ($105.31 in chips) 
Seat 2: app1e_j@ck ($86.56 in chips) 
Seat 3: mr.Jckpot ($100 in chips) 
Seat 4: vadjkeee ($100 in chips) 
Seat 5: ConteMax777 ($52.54 in chips) 
app1e_j@ck: posts small blind $0.50
mr.Jckpot: posts big blind $1
kars0n: sits out 
*** HOLE CARDS ***
vadjkeee: folds 
ConteMax777: folds 
BoyLoc0: folds 
app1e_j@ck: folds 
Uncalled bet ($0.50) returned to mr.Jckpot
mr.Jckpot collected $1 from pot
mr.Jckpot: doesn't show hand 
*** SUMMARY ***
Total pot $1 | Rake $0 
Seat 6: kars0n
Seat 1: BoyLoc0 (button) folded before Flop (didn't bet)
Seat 2: app1e_j@ck (small blind) folded before Flop
Seat 3: mr.Jckpot (big blind) collected ($1)
Seat 4: vadjkeee folded before Flop (didn't bet)
Seat 5: ConteMax777 folded before Flop (didn't bet)



PokerStars Hand #254268931424:  Hold'em No Limit ($0.50/$1.00 USD) - 2025/01/08 21:35:32 WET [2025/01/08 16:35:32 ET]
Table 'Sinistra II' 6-max Seat #6 is the button
Seat 1: BoyLoc0 ($111.71 in chips) 
Seat 2: YeeesMan ($107.17 in chips) 
Seat 3: mr.Jckpot ($100 in chips) 
Seat 4: vadjkeee ($103 in chips) 
Seat 5: ConteMax777 ($42.26 in chips) 
Seat 6: kars0n ($100 in chips) 
BoyLoc0: posts small blind $0.50
YeeesMan: posts big blind $1
*** HOLE CARDS ***
mr.Jckpot: folds 
vadjkeee: raises $1.50 to $2.50
ConteMax777: folds 
ConteMax777 leaves the table
kars0n: folds 
BoyLoc0: folds 
YeeesMan: calls $1.50
*** FLOP *** [Qd Qs Ac]
YeeesMan: checks 
vadjkeee: bets $1.30
YeeesMan: calls $1.30
*** TURN *** [Qd Qs Ac] [Js]
YeeesMan: checks 
vadjkeee: checks 
*** RIVER *** [Qd Qs Ac Js] [7c]
YeeesMan: bets $2.54
vadjkeee: folds 
Uncalled bet ($2.54) returned to YeeesMan
YeeesMan collected $7.70 from pot
YeeesMan: doesn't show hand 
*** SUMMARY ***
Total pot $8.10 | Rake $0.40 
Board [Qd Qs Ac Js 7c]
Seat 1: BoyLoc0 (small blind) folded before Flop
Seat 2: YeeesMan (big blind) collected ($7.70)
Seat 3: mr.Jckpot folded before Flop (didn't bet)
Seat 4: vadjkeee folded on the River
Seat 5: ConteMax777 folded before Flop (didn't bet)
Seat 6: kars0n (button) folded before Flop (didn't bet)



PokerStars Hand #254268952801:  Hold'em No Limit ($0.50/$1.00 USD) - 2025/01/08 21:36:34 WET [2025/01/08 16:36:34 ET]
Table 'Sinistra II' 6-max Seat #1 is the button
Seat 1: BoyLoc0 ($111.21 in chips) 
Seat 2: YeeesMan ($111.07 in chips) 
Seat 3: mr.Jckpot ($100 in chips) 
Seat 4: vadjkeee ($100 in chips) 
Seat 6: kars0n ($100 in chips) 
YeeesMan: posts small blind $0.50
mr.Jckpot: posts big blind $1
*** HOLE CARDS ***
vadjkeee: folds 
vadjkeee leaves the table
kars0n: folds 
BoyLoc0: folds 
YeeesMan: folds 
Uncalled bet ($0.50) returned to mr.Jckpot
mr.Jckpot collected $1 from pot
mr.Jckpot: doesn't show hand 
*** SUMMARY ***
Total pot $1 | Rake $0 
Seat 1: BoyLoc0 (button) folded before Flop (didn't bet)
Seat 2: YeeesMan (small blind) folded before Flop
Seat 3: mr.Jckpot (big blind) collected ($1)
Seat 4: vadjkeee folded before Flop (didn't bet)
Seat 6: kars0n folded before Flop (didn't bet)



PokerStars Hand #254268959315:  Hold'em No Limit ($0.50/$1.00 USD) - 2025/01/08 21:36:53 WET [2025/01/08 16:36:53 ET]
Table 'Sinistra II' 6-max Seat #2 is the button
Seat 1: BoyLoc0 ($111.21 in chips) 
Seat 2: YeeesMan ($110.57 in chips) 
Seat 3: mr.Jckpot ($100.50 in chips) 
Seat 6: kars0n ($100 in chips) 
mr.Jckpot: posts small blind $0.50
kars0n: posts big blind $1
*** HOLE CARDS ***
BoyLoc0: folds 
YeeesMan: raises $1.50 to $2.50
BoyLoc0 leaves the table
mr.Jckpot: raises $9.50 to $12
kars0n: folds 
YeeesMan: calls $9.50
*** FLOP *** [5d Kd 6c]
mr.Jckpot: bets $7.92
YeeesMan: folds 
Uncalled bet ($7.92) returned to mr.Jckpot
mr.Jckpot collected $24 from pot
mr.Jckpot: doesn't show hand 
*** SUMMARY ***
Total pot $25 | Rake $1 
Board [5d Kd 6c]
Seat 1: BoyLoc0 folded before Flop (didn't bet)
Seat 2: YeeesMan (button) folded on the Flop
Seat 3: mr.Jckpot (small blind) collected ($24)
Seat 6: kars0n (big blind) folded before Flop



