PokerStars Hand #254258766249:  Hold'em No Limit ($0.50/$1.00 USD) - 2025/01/08 10:01:36 WET [2025/01/08 5:01:36 ET]
Table 'Cindijon II' 6-max Seat #5 is the button
Seat 3: sssr9000 ($100 in chips) is sitting out
Seat 1: Pumuking ($100 in chips) 
Seat 2: steelNike ($35.42 in chips) 
Seat 4: Pon4uk.ua ($100 in chips) 
Seat 5: hans1231 ($96.50 in chips) 
Seat 6: xcinaz ($114.50 in chips) 
xcinaz: posts small blind $0.50
Pumuking: posts big blind $1
sssr9000: sits out 
*** HOLE CARDS ***
steelNike: raises $1 to $2
Pon4uk.ua: folds 
hans1231: folds 
xcinaz: folds 
Pumuking: folds 
Uncalled bet ($1) returned to steelNike
steelNike collected $2.50 from pot
*** SUMMARY ***
Total pot $2.50 | Rake $0 
Seat 3: sssr9000
Seat 1: Pumuking (big blind) folded before Flop
Seat 2: steelNike collected ($2.50)
Seat 4: Pon4uk.ua folded before Flop (didn't bet)
Seat 5: hans1231 (button) folded before Flop (didn't bet)
Seat 6: xcinaz (small blind) folded before Flop



PokerStars Hand #254258767466:  Hold'em No Limit ($0.50/$1.00 USD) - 2025/01/08 10:01:49 WET [2025/01/08 5:01:49 ET]
Table 'Cindijon II' 6-max Seat #6 is the button
Seat 3: sssr9000 ($100 in chips) is sitting out
Seat 1: Pumuking ($100 in chips) 
Seat 2: steelNike ($36.92 in chips) 
Seat 4: Pon4uk.ua ($100 in chips) 
Seat 5: hans1231 ($96.50 in chips) 
Seat 6: xcinaz ($114 in chips) 
Pumuking: posts small blind $0.50
steelNike: posts big blind $1
sssr9000: sits out 
*** HOLE CARDS ***
Pon4uk.ua: folds 
hans1231: raises $1.40 to $2.40
xcinaz: folds 
Pumuking: folds 
steelNike: calls $1.40
*** FLOP *** [2s 6s 9s]
steelNike has timed out
steelNike: checks 
hans1231: bets $2.23
steelNike: folds 
Uncalled bet ($2.23) returned to hans1231
hans1231 collected $4.98 from pot
*** SUMMARY ***
Total pot $5.30 | Rake $0.32 
Board [2s 6s 9s]
Seat 3: sssr9000
Seat 1: Pumuking (small blind) folded before Flop
Seat 2: steelNike (big blind) folded on the Flop
Seat 4: Pon4uk.ua folded before Flop (didn't bet)
Seat 5: hans1231 collected ($4.98)
Seat 6: xcinaz (button) folded before Flop (didn't bet)



PokerStars Hand #254258774173:  Hold'em No Limit ($0.50/$1.00 USD) - 2025/01/08 10:02:56 WET [2025/01/08 5:02:56 ET]
Table 'Cindijon II' 6-max Seat #1 is the button
Seat 1: Pumuking ($100 in chips) 
Seat 2: steelNike ($34.52 in chips) 
Seat 3: sssr9000 ($100 in chips) 
Seat 4: Pon4uk.ua ($100 in chips) 
Seat 5: hans1231 ($99.08 in chips) 
Seat 6: xcinaz ($114 in chips) 
steelNike: posts small blind $0.50
sssr9000: posts big blind $1
*** HOLE CARDS ***
Pon4uk.ua: raises $1 to $2
hans1231: calls $2
xcinaz: folds 
Pumuking: raises $8 to $10
steelNike: folds 
sssr9000: folds 
Pon4uk.ua: folds 
hans1231: calls $8
*** FLOP *** [8h 3c 8d]
hans1231: checks 
Pumuking: bets $5.58
hans1231: folds 
Uncalled bet ($5.58) returned to Pumuking
Pumuking collected $22.32 from pot
Pumuking: doesn't show hand 
*** SUMMARY ***
Total pot $23.50 | Rake $1.18 
Board [8h 3c 8d]
Seat 1: Pumuking (button) collected ($22.32)
Seat 2: steelNike (small blind) folded before Flop
Seat 3: sssr9000 (big blind) folded before Flop
Seat 4: Pon4uk.ua folded before Flop
Seat 5: hans1231 folded on the Flop
Seat 6: xcinaz folded before Flop (didn't bet)



PokerStars Hand #254258779802:  Hold'em No Limit ($0.50/$1.00 USD) - 2025/01/08 10:03:51 WET [2025/01/08 5:03:51 ET]
Table 'Cindijon II' 6-max Seat #2 is the button
Seat 1: Pumuking ($112.32 in chips) 
Seat 2: steelNike ($34.02 in chips) 
Seat 3: sssr9000 ($100 in chips) 
Seat 4: Pon4uk.ua ($100 in chips) 
Seat 5: hans1231 ($89.08 in chips) 
Seat 6: xcinaz ($114 in chips) 
sssr9000: posts small blind $0.50
Pon4uk.ua: posts big blind $1
*** HOLE CARDS ***
hans1231: folds 
xcinaz: raises $1 to $2
Pumuking: folds 
steelNike: folds 
sssr9000: folds 
Pon4uk.ua: folds 
Uncalled bet ($1) returned to xcinaz
xcinaz collected $2.50 from pot
xcinaz: doesn't show hand 
*** SUMMARY ***
Total pot $2.50 | Rake $0 
Seat 1: Pumuking folded before Flop (didn't bet)
Seat 2: steelNike (button) folded before Flop (didn't bet)
Seat 3: sssr9000 (small blind) folded before Flop
Seat 4: Pon4uk.ua (big blind) folded before Flop
Seat 5: hans1231 folded before Flop (didn't bet)
Seat 6: xcinaz collected ($2.50)



PokerStars Hand #254258782535:  Hold'em No Limit ($0.50/$1.00 USD) - 2025/01/08 10:04:17 WET [2025/01/08 5:04:17 ET]
Table 'Cindijon II' 6-max Seat #3 is the button
Seat 1: Pumuking ($112.32 in chips) 
Seat 2: steelNike ($34.02 in chips) 
Seat 3: sssr9000 ($100 in chips) 
Seat 4: Pon4uk.ua ($100 in chips) 
Seat 5: hans1231 ($89.08 in chips) 
Seat 6: xcinaz ($115.50 in chips) 
Pon4uk.ua: posts small blind $0.50
hans1231: posts big blind $1
*** HOLE CARDS ***
xcinaz: folds 
Pumuking: folds 
steelNike: raises $1 to $2
sssr9000: calls $2
Pon4uk.ua: folds 
hans1231: calls $1
*** FLOP *** [6h 4d 2d]
hans1231: checks 
steelNike: checks 
sssr9000: bets $2.04
hans1231: calls $2.04
steelNike: raises $29.98 to $32.02 and is all-in
sssr9000: folds 
hans1231: folds 
Uncalled bet ($29.98) returned to steelNike
steelNike collected $11.99 from pot
*** SUMMARY ***
Total pot $12.62 | Rake $0.63 
Board [6h 4d 2d]
Seat 1: Pumuking folded before Flop (didn't bet)
Seat 2: steelNike collected ($11.99)
Seat 3: sssr9000 (button) folded on the Flop
Seat 4: Pon4uk.ua (small blind) folded before Flop
Seat 5: hans1231 (big blind) folded on the Flop
Seat 6: xcinaz folded before Flop (didn't bet)



PokerStars Hand #254258789339:  Hold'em No Limit ($0.50/$1.00 USD) - 2025/01/08 10:05:24 WET [2025/01/08 5:05:24 ET]
Table 'Cindijon II' 6-max Seat #4 is the button
Seat 1: Pumuking ($112.32 in chips) 
Seat 2: steelNike ($41.97 in chips) 
Seat 3: sssr9000 ($100 in chips) 
Seat 4: Pon4uk.ua ($100 in chips) 
Seat 5: hans1231 ($85.04 in chips) 
Seat 6: xcinaz ($115.50 in chips) 
hans1231: posts small blind $0.50
xcinaz: posts big blind $1
*** HOLE CARDS ***
Pumuking: folds 
steelNike: folds 
sssr9000: folds 
Pon4uk.ua: folds 
hans1231: raises $1 to $2
xcinaz: calls $1
*** FLOP *** [Ts 9d 6d]
hans1231: checks 
xcinaz: bets $1
hans1231: raises $1 to $2
xcinaz: calls $1
*** TURN *** [Ts 9d 6d] [Th]
hans1231: checks 
xcinaz: checks 
*** RIVER *** [Ts 9d 6d Th] [8h]
hans1231: bets $2
xcinaz: calls $2
*** SHOW DOWN ***
hans1231: shows [Ad 7h] (a straight, Six to Ten)
xcinaz: mucks hand 
hans1231 collected $11.25 from pot
*** SUMMARY ***
Total pot $12 | Rake $0.75 
Board [Ts 9d 6d Th 8h]
Seat 1: Pumuking folded before Flop (didn't bet)
Seat 2: steelNike folded before Flop (didn't bet)
Seat 3: sssr9000 folded before Flop (didn't bet)
Seat 4: Pon4uk.ua (button) folded before Flop (didn't bet)
Seat 5: hans1231 (small blind) showed [Ad 7h] and won ($11.25) with a straight, Six to Ten
Seat 6: xcinaz (big blind) mucked



PokerStars Hand #254258795456:  Hold'em No Limit ($0.50/$1.00 USD) - 2025/01/08 10:06:25 WET [2025/01/08 5:06:25 ET]
Table 'Cindijon II' 6-max Seat #5 is the button
Seat 1: Pumuking ($112.32 in chips) 
Seat 2: steelNike ($41.97 in chips) 
Seat 3: sssr9000 ($100 in chips) 
Seat 4: Pon4uk.ua ($100 in chips) 
Seat 5: hans1231 ($90.29 in chips) 
Seat 6: xcinaz ($109.50 in chips) 
xcinaz: posts small blind $0.50
Pumuking: posts big blind $1
*** HOLE CARDS ***
steelNike: folds 
sssr9000: folds 
Pon4uk.ua: raises $1.50 to $2.50
hans1231: folds 
xcinaz: folds 
Pumuking: calls $1.50
*** FLOP *** [9s Th 7d]
Pumuking: checks 
Pon4uk.ua: bets $1.72
Pumuking: calls $1.72
*** TURN *** [9s Th 7d] [5h]
Pumuking: checks 
Pon4uk.ua: checks 
*** RIVER *** [9s Th 7d 5h] [Qs]
Pumuking: bets $2.80
Pon4uk.ua: raises $7.05 to $9.85
Pumuking: folds 
Uncalled bet ($7.05) returned to Pon4uk.ua
Pon4uk.ua collected $13.81 from pot
Pon4uk.ua: doesn't show hand 
*** SUMMARY ***
Total pot $14.54 | Rake $0.73 
Board [9s Th 7d 5h Qs]
Seat 1: Pumuking (big blind) folded on the River
Seat 2: steelNike folded before Flop (didn't bet)
Seat 3: sssr9000 folded before Flop (didn't bet)
Seat 4: Pon4uk.ua collected ($13.81)
Seat 5: hans1231 (button) folded before Flop (didn't bet)
Seat 6: xcinaz (small blind) folded before Flop



PokerStars Hand #254258803665:  Hold'em No Limit ($0.50/$1.00 USD) - 2025/01/08 10:07:46 WET [2025/01/08 5:07:46 ET]
Table 'Cindijon II' 6-max Seat #6 is the button
Seat 2: steelNike ($41.97 in chips) is sitting out
Seat 1: Pumuking ($105.30 in chips) 
Seat 3: sssr9000 ($100 in chips) 
Seat 4: Pon4uk.ua ($106.79 in chips) 
Seat 5: hans1231 ($90.29 in chips) 
Seat 6: xcinaz ($109 in chips) 
Pumuking: posts small blind $0.50
steelNike: is sitting out 
sssr9000: posts big blind $1
*** HOLE CARDS ***
Pon4uk.ua: folds 
hans1231: folds 
xcinaz: folds 
steelNike leaves the table
Pumuking: raises $2 to $3
sssr9000: folds 
Uncalled bet ($2) returned to Pumuking
Pumuking collected $2 from pot
Pumuking: doesn't show hand 
*** SUMMARY ***
Total pot $2 | Rake $0 
Seat 2: steelNike
Seat 1: Pumuking (small blind) collected ($2)
Seat 3: sssr9000 (big blind) folded before Flop
Seat 4: Pon4uk.ua folded before Flop (didn't bet)
Seat 5: hans1231 folded before Flop (didn't bet)
Seat 6: xcinaz (button) folded before Flop (didn't bet)



PokerStars Hand #254258806760:  Hold'em No Limit ($0.50/$1.00 USD) - 2025/01/08 10:08:16 WET [2025/01/08 5:08:16 ET]
Table 'Cindijon II' 6-max Seat #1 is the button
Seat 1: Pumuking ($106.30 in chips) 
Seat 3: sssr9000 ($100 in chips) 
Seat 4: Pon4uk.ua ($106.79 in chips) 
Seat 5: hans1231 ($90.29 in chips) 
Seat 6: xcinaz ($109 in chips) 
sssr9000: posts small blind $0.50
Pon4uk.ua: posts big blind $1
*** HOLE CARDS ***
gig.gyty joins the table at seat #2 
hans1231: raises $1.34 to $2.34
xcinaz: raises $5.66 to $8
Pumuking: folds 
sssr9000: folds 
Pon4uk.ua: folds 
hans1231: calls $5.66
*** FLOP *** [Ad 6h 9h]
hans1231: bets $4.10
xcinaz: folds 
Uncalled bet ($4.10) returned to hans1231
hans1231 collected $16.40 from pot
*** SUMMARY ***
Total pot $17.50 | Rake $1.10 
Board [Ad 6h 9h]
Seat 1: Pumuking (button) folded before Flop (didn't bet)
Seat 3: sssr9000 (small blind) folded before Flop
Seat 4: Pon4uk.ua (big blind) folded before Flop
Seat 5: hans1231 collected ($16.40)
Seat 6: xcinaz folded on the Flop



PokerStars Hand #254258810092:  Hold'em No Limit ($0.50/$1.00 USD) - 2025/01/08 10:08:49 WET [2025/01/08 5:08:49 ET]
Table 'Cindijon II' 6-max Seat #3 is the button
Seat 2: gig.gyty ($100 in chips) is sitting out
Seat 1: Pumuking ($106.30 in chips) 
Seat 3: sssr9000 ($100 in chips) 
Seat 4: Pon4uk.ua ($105.79 in chips) 
Seat 5: hans1231 ($98.69 in chips) 
Seat 6: xcinaz ($101 in chips) 
Pon4uk.ua: posts small blind $0.50
hans1231: posts big blind $1
gig.gyty: sits out 
*** HOLE CARDS ***
xcinaz: raises $1 to $2
Pumuking: raises $4.50 to $6.50
sssr9000: folds 
Pon4uk.ua: folds 
hans1231: folds 
xcinaz: folds 
Uncalled bet ($4.50) returned to Pumuking
Pumuking collected $5.50 from pot
Pumuking: doesn't show hand 
*** SUMMARY ***
Total pot $5.50 | Rake $0 
Seat 2: gig.gyty
Seat 1: Pumuking collected ($5.50)
Seat 3: sssr9000 (button) folded before Flop (didn't bet)
Seat 4: Pon4uk.ua (small blind) folded before Flop
Seat 5: hans1231 (big blind) folded before Flop
Seat 6: xcinaz folded before Flop



PokerStars Hand #254258812349:  Hold'em No Limit ($0.50/$1.00 USD) - 2025/01/08 10:09:11 WET [2025/01/08 5:09:11 ET]
Table 'Cindijon II' 6-max Seat #4 is the button
Seat 2: gig.gyty ($100 in chips) is sitting out
Seat 1: Pumuking ($109.80 in chips) 
Seat 3: sssr9000 ($100 in chips) 
Seat 4: Pon4uk.ua ($105.29 in chips) 
Seat 5: hans1231 ($97.69 in chips) 
Seat 6: xcinaz ($100 in chips) 
hans1231: posts small blind $0.50
xcinaz: posts big blind $1
gig.gyty: sits out 
*** HOLE CARDS ***
Pumuking: folds 
sssr9000: folds 
Pon4uk.ua: raises $1.50 to $2.50
hans1231: calls $2
xcinaz: folds 
*** FLOP *** [Ts Ac 7h]
hans1231: checks 
Pon4uk.ua: bets $2.85
hans1231: calls $2.85
*** TURN *** [Ts Ac 7h] [Jd]
hans1231: checks 
Pon4uk.ua: checks 
*** RIVER *** [Ts Ac 7h Jd] [Kh]
hans1231: checks 
Pon4uk.ua: checks 
*** SHOW DOWN ***
hans1231: shows [5h Ah] (a pair of Aces)
Pon4uk.ua: mucks hand 
hans1231 collected $10.98 from pot
*** SUMMARY ***
Total pot $11.70 | Rake $0.72 
Board [Ts Ac 7h Jd Kh]
Seat 2: gig.gyty
Seat 1: Pumuking folded before Flop (didn't bet)
Seat 3: sssr9000 folded before Flop (didn't bet)
Seat 4: Pon4uk.ua (button) mucked
Seat 5: hans1231 (small blind) showed [5h Ah] and won ($10.98) with a pair of Aces
Seat 6: xcinaz (big blind) folded before Flop



PokerStars Hand #254258816681:  Hold'em No Limit ($0.50/$1.00 USD) - 2025/01/08 10:09:52 WET [2025/01/08 5:09:52 ET]
Table 'Cindijon II' 6-max Seat #5 is the button
Seat 2: gig.gyty ($100 in chips) is sitting out
Seat 1: Pumuking ($109.80 in chips) 
Seat 3: sssr9000 ($100 in chips) 
Seat 4: Pon4uk.ua ($100 in chips) 
Seat 5: hans1231 ($103.32 in chips) 
Seat 6: xcinaz ($100 in chips) 
xcinaz: posts small blind $0.50
Pumuking: posts big blind $1
gig.gyty: sits out 
*** HOLE CARDS ***
sssr9000: folds 
Pon4uk.ua: folds 
hans1231: raises $1.23 to $2.23
xcinaz: folds 
Pumuking: folds 
Uncalled bet ($1.23) returned to hans1231
hans1231 collected $2.50 from pot
*** SUMMARY ***
Total pot $2.50 | Rake $0 
Seat 2: gig.gyty
Seat 1: Pumuking (big blind) folded before Flop
Seat 3: sssr9000 folded before Flop (didn't bet)
Seat 4: Pon4uk.ua folded before Flop (didn't bet)
Seat 5: hans1231 (button) collected ($2.50)
Seat 6: xcinaz (small blind) folded before Flop



PokerStars Hand #254258818554:  Hold'em No Limit ($0.50/$1.00 USD) - 2025/01/08 10:10:11 WET [2025/01/08 5:10:11 ET]
Table 'Cindijon II' 6-max Seat #6 is the button
Seat 1: Pumuking ($108.80 in chips) 
Seat 2: gig.gyty ($100 in chips) 
Seat 3: sssr9000 ($100 in chips) 
Seat 4: Pon4uk.ua ($100 in chips) 
Seat 5: hans1231 ($104.82 in chips) 
Seat 6: xcinaz ($100 in chips) 
Pumuking: posts small blind $0.50
gig.gyty: posts big blind $1
*** HOLE CARDS ***
sssr9000: folds 
Pon4uk.ua: folds 
hans1231: raises $1.23 to $2.23
xcinaz: folds 
Pumuking: folds 
gig.gyty: folds 
Uncalled bet ($1.23) returned to hans1231
hans1231 collected $2.50 from pot
*** SUMMARY ***
Total pot $2.50 | Rake $0 
Seat 1: Pumuking (small blind) folded before Flop
Seat 2: gig.gyty (big blind) folded before Flop
Seat 3: sssr9000 folded before Flop (didn't bet)
Seat 4: Pon4uk.ua folded before Flop (didn't bet)
Seat 5: hans1231 collected ($2.50)
Seat 6: xcinaz (button) folded before Flop (didn't bet)



PokerStars Hand #254258820622:  Hold'em No Limit ($0.50/$1.00 USD) - 2025/01/08 10:10:30 WET [2025/01/08 5:10:30 ET]
Table 'Cindijon II' 6-max Seat #1 is the button
Seat 1: Pumuking ($108.30 in chips) 
Seat 2: gig.gyty ($100 in chips) 
Seat 3: sssr9000 ($100 in chips) 
Seat 4: Pon4uk.ua ($100 in chips) 
Seat 5: hans1231 ($106.32 in chips) 
Seat 6: xcinaz ($100 in chips) 
gig.gyty: posts small blind $0.50
sssr9000: posts big blind $1
*** HOLE CARDS ***
Pon4uk.ua: folds 
hans1231: folds 
xcinaz: folds 
Pumuking: raises $1.50 to $2.50
gig.gyty: folds 
sssr9000: raises $9.50 to $12
Pumuking: folds 
Uncalled bet ($9.50) returned to sssr9000
sssr9000 collected $5.50 from pot
sssr9000: doesn't show hand 
*** SUMMARY ***
Total pot $5.50 | Rake $0 
Seat 1: Pumuking (button) folded before Flop
Seat 2: gig.gyty (small blind) folded before Flop
Seat 3: sssr9000 (big blind) collected ($5.50)
Seat 4: Pon4uk.ua folded before Flop (didn't bet)
Seat 5: hans1231 folded before Flop (didn't bet)
Seat 6: xcinaz folded before Flop (didn't bet)



PokerStars Hand #254258824291:  Hold'em No Limit ($0.50/$1.00 USD) - 2025/01/08 10:11:06 WET [2025/01/08 5:11:06 ET]
Table 'Cindijon II' 6-max Seat #2 is the button
Seat 1: Pumuking ($105.80 in chips) 
Seat 2: gig.gyty ($100 in chips) 
Seat 3: sssr9000 ($103 in chips) 
Seat 4: Pon4uk.ua ($100 in chips) 
Seat 5: hans1231 ($106.32 in chips) 
Seat 6: xcinaz ($100 in chips) 
sssr9000: posts small blind $0.50
Pon4uk.ua: posts big blind $1
*** HOLE CARDS ***
hans1231: folds 
xcinaz: folds 
Pumuking: folds 
gig.gyty: folds 
sssr9000: folds 
Uncalled bet ($0.50) returned to Pon4uk.ua
Pon4uk.ua collected $1 from pot
Pon4uk.ua: doesn't show hand 
*** SUMMARY ***
Total pot $1 | Rake $0 
Seat 1: Pumuking folded before Flop (didn't bet)
Seat 2: gig.gyty (button) folded before Flop (didn't bet)
Seat 3: sssr9000 (small blind) folded before Flop
Seat 4: Pon4uk.ua (big blind) collected ($1)
Seat 5: hans1231 folded before Flop (didn't bet)
Seat 6: xcinaz folded before Flop (didn't bet)



PokerStars Hand #254258826080:  Hold'em No Limit ($0.50/$1.00 USD) - 2025/01/08 10:11:23 WET [2025/01/08 5:11:23 ET]
Table 'Cindijon II' 6-max Seat #3 is the button
Seat 1: Pumuking ($105.80 in chips) 
Seat 2: gig.gyty ($100 in chips) 
Seat 3: sssr9000 ($102.50 in chips) 
Seat 4: Pon4uk.ua ($100.50 in chips) 
Seat 5: hans1231 ($106.32 in chips) 
Seat 6: xcinaz ($100 in chips) 
Pon4uk.ua: posts small blind $0.50
hans1231: posts big blind $1
*** HOLE CARDS ***
xcinaz: folds 
Pumuking: raises $1.25 to $2.25
gig.gyty: raises $5.25 to $7.50
sssr9000: folds 
Pon4uk.ua: folds 
hans1231: calls $6.50
Pumuking: calls $5.25
*** FLOP *** [6d Kd 2d]
hans1231: checks 
Pumuking: checks 
gig.gyty: bets $5.46
hans1231: folds 
Pumuking: folds 
Uncalled bet ($5.46) returned to gig.gyty
gig.gyty collected $21.85 from pot
gig.gyty: doesn't show hand 
*** SUMMARY ***
Total pot $23 | Rake $1.15 
Board [6d Kd 2d]
Seat 1: Pumuking folded on the Flop
Seat 2: gig.gyty collected ($21.85)
Seat 3: sssr9000 (button) folded before Flop (didn't bet)
Seat 4: Pon4uk.ua (small blind) folded before Flop
Seat 5: hans1231 (big blind) folded on the Flop
Seat 6: xcinaz folded before Flop (didn't bet)



PokerStars Hand #254258831280:  Hold'em No Limit ($0.50/$1.00 USD) - 2025/01/08 10:12:12 WET [2025/01/08 5:12:12 ET]
Table 'Cindijon II' 6-max Seat #4 is the button
Seat 1: Pumuking ($100 in chips) 
Seat 2: gig.gyty ($114.35 in chips) 
Seat 3: sssr9000 ($102.50 in chips) 
Seat 4: Pon4uk.ua ($100 in chips) 
Seat 5: hans1231 ($98.82 in chips) 
Seat 6: xcinaz ($100 in chips) 
hans1231: posts small blind $0.50
xcinaz: posts big blind $1
*** HOLE CARDS ***
Pumuking: raises $1.25 to $2.25
gig.gyty: folds 
sssr9000: raises $5.63 to $7.88
Pon4uk.ua: folds 
hans1231: folds 
xcinaz: folds 
Pumuking: calls $5.63
*** FLOP *** [Jd Tc Js]
Pumuking: checks 
sssr9000: bets $5.41
Pumuking: calls $5.41
*** TURN *** [Jd Tc Js] [Jh]
Pumuking: checks 
sssr9000: checks 
*** RIVER *** [Jd Tc Js Jh] [5c]
Pumuking: checks 
sssr9000: checks 
*** SHOW DOWN ***
Pumuking: shows [Qs As] (three of a kind, Jacks)
sssr9000: shows [Ad Kd] (three of a kind, Jacks - Ace+King kicker)
sssr9000 collected $26.68 from pot
*** SUMMARY ***
Total pot $28.08 | Rake $1.40 
Board [Jd Tc Js Jh 5c]
Seat 1: Pumuking showed [Qs As] and lost with three of a kind, Jacks
Seat 2: gig.gyty folded before Flop (didn't bet)
Seat 3: sssr9000 showed [Ad Kd] and won ($26.68) with three of a kind, Jacks
Seat 4: Pon4uk.ua (button) folded before Flop (didn't bet)
Seat 5: hans1231 (small blind) folded before Flop
Seat 6: xcinaz (big blind) folded before Flop



PokerStars Hand #254258837611:  Hold'em No Limit ($0.50/$1.00 USD) - 2025/01/08 10:13:11 WET [2025/01/08 5:13:11 ET]
Table 'Cindijon II' 6-max Seat #5 is the button
Seat 1: Pumuking ($100 in chips) 
Seat 2: gig.gyty ($114.35 in chips) 
Seat 3: sssr9000 ($115.89 in chips) 
Seat 4: Pon4uk.ua ($100 in chips) 
Seat 5: hans1231 ($98.32 in chips) 
Seat 6: xcinaz ($100 in chips) 
xcinaz: posts small blind $0.50
Pumuking: posts big blind $1
*** HOLE CARDS ***
gig.gyty: folds 
sssr9000: folds 
Pon4uk.ua: folds 
hans1231: folds 
xcinaz: raises $2 to $3
Pumuking: calls $2
*** FLOP *** [2s Qd 6h]
xcinaz: bets $1.88
Pumuking: folds 
Uncalled bet ($1.88) returned to xcinaz
xcinaz collected $5.70 from pot
xcinaz: doesn't show hand 
*** SUMMARY ***
Total pot $6 | Rake $0.30 
Board [2s Qd 6h]
Seat 1: Pumuking (big blind) folded on the Flop
Seat 2: gig.gyty folded before Flop (didn't bet)
Seat 3: sssr9000 folded before Flop (didn't bet)
Seat 4: Pon4uk.ua folded before Flop (didn't bet)
Seat 5: hans1231 (button) folded before Flop (didn't bet)
Seat 6: xcinaz (small blind) collected ($5.70)



PokerStars Hand #254258844226:  Hold'em No Limit ($0.50/$1.00 USD) - 2025/01/08 10:14:13 WET [2025/01/08 5:14:13 ET]
Table 'Cindijon II' 6-max Seat #6 is the button
Seat 1: Pumuking ($100 in chips) 
Seat 2: gig.gyty ($114.35 in chips) 
Seat 3: sssr9000 ($115.89 in chips) 
Seat 4: Pon4uk.ua ($100 in chips) 
Seat 5: hans1231 ($98.32 in chips) 
Seat 6: xcinaz ($102.70 in chips) 
Pumuking: posts small blind $0.50
gig.gyty: posts big blind $1
*** HOLE CARDS ***
sssr9000: folds 
Pon4uk.ua: folds 
hans1231: raises $1.23 to $2.23
xcinaz: folds 
Pumuking: folds 
gig.gyty: folds 
Uncalled bet ($1.23) returned to hans1231
hans1231 collected $2.50 from pot
*** SUMMARY ***
Total pot $2.50 | Rake $0 
Seat 1: Pumuking (small blind) folded before Flop
Seat 2: gig.gyty (big blind) folded before Flop
Seat 3: sssr9000 folded before Flop (didn't bet)
Seat 4: Pon4uk.ua folded before Flop (didn't bet)
Seat 5: hans1231 collected ($2.50)
Seat 6: xcinaz (button) folded before Flop (didn't bet)



PokerStars Hand #254258847091:  Hold'em No Limit ($0.50/$1.00 USD) - 2025/01/08 10:14:40 WET [2025/01/08 5:14:40 ET]
Table 'Cindijon II' 6-max Seat #1 is the button
Seat 1: Pumuking ($100 in chips) 
Seat 2: gig.gyty ($113.35 in chips) 
Seat 3: sssr9000 ($115.89 in chips) 
Seat 4: Pon4uk.ua ($100 in chips) 
Seat 5: hans1231 ($99.82 in chips) 
Seat 6: xcinaz ($102.70 in chips) 
gig.gyty: posts small blind $0.50
sssr9000: posts big blind $1
*** HOLE CARDS ***
Pon4uk.ua: folds 
hans1231: folds 
xcinaz: raises $1.20 to $2.20
Pumuking: raises $4.80 to $7
gig.gyty: folds 
sssr9000: folds 
xcinaz: folds 
Uncalled bet ($4.80) returned to Pumuking
Pumuking collected $5.90 from pot
Pumuking: doesn't show hand 
*** SUMMARY ***
Total pot $5.90 | Rake $0 
Seat 1: Pumuking (button) collected ($5.90)
Seat 2: gig.gyty (small blind) folded before Flop
Seat 3: sssr9000 (big blind) folded before Flop
Seat 4: Pon4uk.ua folded before Flop (didn't bet)
Seat 5: hans1231 folded before Flop (didn't bet)
Seat 6: xcinaz folded before Flop



PokerStars Hand #254258850050:  Hold'em No Limit ($0.50/$1.00 USD) - 2025/01/08 10:15:08 WET [2025/01/08 5:15:08 ET]
Table 'Cindijon II' 6-max Seat #2 is the button
Seat 1: Pumuking ($103.70 in chips) 
Seat 2: gig.gyty ($112.85 in chips) 
Seat 3: sssr9000 ($114.89 in chips) 
Seat 4: Pon4uk.ua ($100 in chips) 
Seat 5: hans1231 ($99.82 in chips) 
Seat 6: xcinaz ($100.50 in chips) 
sssr9000: posts small blind $0.50
Pon4uk.ua: posts big blind $1
*** HOLE CARDS ***
hans1231: raises $1.54 to $2.54
xcinaz: folds 
Pumuking: folds 
gig.gyty: raises $4.96 to $7.50
sssr9000: folds 
Pon4uk.ua: folds 
hans1231: calls $4.96
*** FLOP *** [6s 8d Qh]
hans1231: checks 
gig.gyty: bets $5.17
hans1231: calls $5.17
*** TURN *** [6s 8d Qh] [Ks]
hans1231: checks 
gig.gyty: bets $15.50
hans1231: calls $15.50
*** RIVER *** [6s 8d Qh Ks] [7d]
hans1231: checks 
gig.gyty: checks 
*** SHOW DOWN ***
hans1231: shows [9d Ts] (a straight, Six to Ten)
gig.gyty: mucks hand 
hans1231 collected $54.72 from pot
*** SUMMARY ***
Total pot $57.84 | Rake $3.12 
Board [6s 8d Qh Ks 7d]
Seat 1: Pumuking folded before Flop (didn't bet)
Seat 2: gig.gyty (button) mucked
Seat 3: sssr9000 (small blind) folded before Flop
Seat 4: Pon4uk.ua (big blind) folded before Flop
Seat 5: hans1231 showed [9d Ts] and won ($54.72) with a straight, Six to Ten
Seat 6: xcinaz folded before Flop (didn't bet)



PokerStars Hand #254258858646:  Hold'em No Limit ($0.50/$1.00 USD) - 2025/01/08 10:16:30 WET [2025/01/08 5:16:30 ET]
Table 'Cindijon II' 6-max Seat #3 is the button
Seat 1: Pumuking ($103.70 in chips) 
Seat 2: gig.gyty ($100 in chips) 
Seat 3: sssr9000 ($114.39 in chips) 
Seat 4: Pon4uk.ua ($100 in chips) 
Seat 5: hans1231 ($126.37 in chips) 
Seat 6: xcinaz ($100.50 in chips) 
Pon4uk.ua: posts small blind $0.50
hans1231: posts big blind $1
*** HOLE CARDS ***
xcinaz: folds 
Pumuking: folds 
gig.gyty: folds 
sssr9000: folds 
Pon4uk.ua: raises $1.75 to $2.75
hans1231: raises $4.05 to $6.80
Pon4uk.ua: folds 
Uncalled bet ($4.05) returned to hans1231
hans1231 collected $5.50 from pot
*** SUMMARY ***
Total pot $5.50 | Rake $0 
Seat 1: Pumuking folded before Flop (didn't bet)
Seat 2: gig.gyty folded before Flop (didn't bet)
Seat 3: sssr9000 (button) folded before Flop (didn't bet)
Seat 4: Pon4uk.ua (small blind) folded before Flop
Seat 5: hans1231 (big blind) collected ($5.50)
Seat 6: xcinaz folded before Flop (didn't bet)



PokerStars Hand #254258861713:  Hold'em No Limit ($0.50/$1.00 USD) - 2025/01/08 10:16:58 WET [2025/01/08 5:16:58 ET]
Table 'Cindijon II' 6-max Seat #4 is the button
Seat 1: Pumuking ($103.70 in chips) 
Seat 2: gig.gyty ($100 in chips) 
Seat 3: sssr9000 ($114.39 in chips) 
Seat 4: Pon4uk.ua ($100 in chips) 
Seat 5: hans1231 ($129.12 in chips) 
Seat 6: xcinaz ($100.50 in chips) 
hans1231: posts small blind $0.50
xcinaz: posts big blind $1
*** HOLE CARDS ***
Pumuking: folds 
gig.gyty: folds 
sssr9000: folds 
Pon4uk.ua: folds 
hans1231: folds 
Uncalled bet ($0.50) returned to xcinaz
xcinaz collected $1 from pot
xcinaz: doesn't show hand 
*** SUMMARY ***
Total pot $1 | Rake $0 
Seat 1: Pumuking folded before Flop (didn't bet)
Seat 2: gig.gyty folded before Flop (didn't bet)
Seat 3: sssr9000 folded before Flop (didn't bet)
Seat 4: Pon4uk.ua (button) folded before Flop (didn't bet)
Seat 5: hans1231 (small blind) folded before Flop
Seat 6: xcinaz (big blind) collected ($1)



PokerStars Hand #254258863907:  Hold'em No Limit ($0.50/$1.00 USD) - 2025/01/08 10:17:19 WET [2025/01/08 5:17:19 ET]
Table 'Cindijon II' 6-max Seat #5 is the button
Seat 1: Pumuking ($103.70 in chips) is sitting out
Seat 2: gig.gyty ($100 in chips) 
Seat 3: sssr9000 ($114.39 in chips) 
Seat 4: Pon4uk.ua ($100 in chips) 
Seat 5: hans1231 ($128.62 in chips) 
Seat 6: xcinaz ($101 in chips) 
xcinaz: posts small blind $0.50
Pumuking: is sitting out 
gig.gyty: posts big blind $1
*** HOLE CARDS ***
Pumuking leaves the table
sssr9000: folds 
Pon4uk.ua: folds 
sssr9000 leaves the table
hans1231: raises $1.45 to $2.45
xcinaz: folds 
gig.gyty: calls $1.45
*** FLOP *** [Qh 7s Ad]
sssr9000 joins the table at seat #1 
gig.gyty: checks 
hans1231: checks 
*** TURN *** [Qh 7s Ad] [2c]
gig.gyty: checks 
hans1231: checks 
*** RIVER *** [Qh 7s Ad 2c] [Tc]
gig.gyty: bets $1
hans1231: folds 
Uncalled bet ($1) returned to gig.gyty
gig.gyty collected $5.13 from pot
gig.gyty: doesn't show hand 
*** SUMMARY ***
Total pot $5.40 | Rake $0.27 
Board [Qh 7s Ad 2c Tc]
Seat 1: Pumuking
Seat 2: gig.gyty (big blind) collected ($5.13)
Seat 3: sssr9000 folded before Flop (didn't bet)
Seat 4: Pon4uk.ua folded before Flop (didn't bet)
Seat 5: hans1231 (button) folded on the River
Seat 6: xcinaz (small blind) folded before Flop



PokerStars Hand #254258868660:  Hold'em No Limit ($0.50/$1.00 USD) - 2025/01/08 10:18:04 WET [2025/01/08 5:18:04 ET]
Table 'Cindijon II' 6-max Seat #6 is the button
Seat 1: sssr9000 ($114.39 in chips) is sitting out
Seat 2: gig.gyty ($102.68 in chips) 
Seat 4: Pon4uk.ua ($100 in chips) 
Seat 5: hans1231 ($126.17 in chips) 
Seat 6: xcinaz ($100.50 in chips) 
gig.gyty: posts small blind $0.50
Pon4uk.ua: posts big blind $1
*** HOLE CARDS ***
hans1231: folds 
Burlica2013 joins the table at seat #3 
xcinaz: raises $1.50 to $2.50
gig.gyty: folds 
Pon4uk.ua: folds 
Uncalled bet ($1.50) returned to xcinaz
xcinaz collected $2.50 from pot
xcinaz: doesn't show hand 
*** SUMMARY ***
Total pot $2.50 | Rake $0 
Seat 1: sssr9000
Seat 2: gig.gyty (small blind) folded before Flop
Seat 4: Pon4uk.ua (big blind) folded before Flop
Seat 5: hans1231 folded before Flop (didn't bet)
Seat 6: xcinaz (button) collected ($2.50)



PokerStars Hand #254258870565:  Hold'em No Limit ($0.50/$1.00 USD) - 2025/01/08 10:18:22 WET [2025/01/08 5:18:22 ET]
Table 'Cindijon II' 6-max Seat #2 is the button
Seat 1: sssr9000 ($114.39 in chips) is sitting out
Seat 3: Burlica2013 ($100 in chips) is sitting out
Seat 2: gig.gyty ($102.18 in chips) 
Seat 4: Pon4uk.ua ($100 in chips) 
Seat 5: hans1231 ($126.17 in chips) 
Seat 6: xcinaz ($102 in chips) 
Pon4uk.ua: posts small blind $0.50
hans1231: posts big blind $1
sssr9000: sits out 
*** HOLE CARDS ***
xcinaz: raises $1.20 to $2.20
gig.gyty: folds 
Pon4uk.ua: folds 
hans1231: raises $3.04 to $5.24
xcinaz: calls $3.04
*** FLOP *** [Js Ah 6d]
hans1231: bets $2.50
xcinaz: calls $2.50
*** TURN *** [Js Ah 6d] [2c]
hans1231: checks 
xcinaz: checks 
*** RIVER *** [Js Ah 6d 2c] [9c]
hans1231: checks 
xcinaz: bets $5.01
hans1231: calls $5.01
*** SHOW DOWN ***
xcinaz: shows [As 8s] (a pair of Aces)
hans1231: mucks hand 
xcinaz collected $25 from pot
*** SUMMARY ***
Total pot $26 | Rake $1 
Board [Js Ah 6d 2c 9c]
Seat 1: sssr9000
Seat 3: Burlica2013
Seat 2: gig.gyty (button) folded before Flop (didn't bet)
Seat 4: Pon4uk.ua (small blind) folded before Flop
Seat 5: hans1231 (big blind) mucked
Seat 6: xcinaz showed [As 8s] and won ($25) with a pair of Aces



PokerStars Hand #254258877873:  Hold'em No Limit ($0.50/$1.00 USD) - 2025/01/08 10:19:31 WET [2025/01/08 5:19:31 ET]
Table 'Cindijon II' 6-max Seat #4 is the button
Seat 1: sssr9000 ($114.39 in chips) is sitting out
Seat 3: Burlica2013 ($100 in chips) is sitting out
Seat 2: gig.gyty ($102.18 in chips) 
Seat 4: Pon4uk.ua ($100 in chips) 
Seat 5: hans1231 ($113.42 in chips) 
Seat 6: xcinaz ($114.25 in chips) 
hans1231: posts small blind $0.50
xcinaz: posts big blind $1
sssr9000: sits out 
Burlica2013: sits out 
*** HOLE CARDS ***
gig.gyty: raises $1.25 to $2.25
Pon4uk.ua: folds 
hans1231: folds 
xcinaz: calls $1.25
*** FLOP *** [Qs Ts 4h]
xcinaz: checks 
gig.gyty: bets $1.57
xcinaz: folds 
Uncalled bet ($1.57) returned to gig.gyty
gig.gyty collected $4.75 from pot
gig.gyty: doesn't show hand 
*** SUMMARY ***
Total pot $5 | Rake $0.25 
Board [Qs Ts 4h]
Seat 1: sssr9000
Seat 3: Burlica2013
Seat 2: gig.gyty collected ($4.75)
Seat 4: Pon4uk.ua (button) folded before Flop (didn't bet)
Seat 5: hans1231 (small blind) folded before Flop
Seat 6: xcinaz (big blind) folded on the Flop



PokerStars Hand #254258881414:  Hold'em No Limit ($0.50/$1.00 USD) - 2025/01/08 10:20:03 WET [2025/01/08 5:20:03 ET]
Table 'Cindijon II' 6-max Seat #5 is the button
Seat 3: Burlica2013 ($100 in chips) is sitting out
Seat 1: sssr9000 ($114.39 in chips) 
Seat 2: gig.gyty ($104.68 in chips) 
Seat 4: Pon4uk.ua ($100 in chips) 
Seat 5: hans1231 ($112.92 in chips) 
Seat 6: xcinaz ($112 in chips) 
xcinaz: posts small blind $0.50
sssr9000: posts big blind $1
Burlica2013: sits out 
*** HOLE CARDS ***
gig.gyty: folds 
Pon4uk.ua: folds 
hans1231: raises $1.50 to $2.50
xcinaz: folds 
sssr9000: folds 
Uncalled bet ($1.50) returned to hans1231
hans1231 collected $2.50 from pot
*** SUMMARY ***
Total pot $2.50 | Rake $0 
Seat 3: Burlica2013
Seat 1: sssr9000 (big blind) folded before Flop
Seat 2: gig.gyty folded before Flop (didn't bet)
Seat 4: Pon4uk.ua folded before Flop (didn't bet)
Seat 5: hans1231 (button) collected ($2.50)
Seat 6: xcinaz (small blind) folded before Flop



PokerStars Hand #254258883536:  Hold'em No Limit ($0.50/$1.00 USD) - 2025/01/08 10:20:23 WET [2025/01/08 5:20:23 ET]
Table 'Cindijon II' 6-max Seat #6 is the button
Seat 3: Burlica2013 ($100 in chips) is sitting out
Seat 1: sssr9000 ($113.39 in chips) 
Seat 2: gig.gyty ($104.68 in chips) 
Seat 4: Pon4uk.ua ($100 in chips) 
Seat 5: hans1231 ($114.42 in chips) 
Seat 6: xcinaz ($111.50 in chips) 
sssr9000: posts small blind $0.50
gig.gyty: posts big blind $1
Burlica2013: sits out 
*** HOLE CARDS ***
Pon4uk.ua: folds 
hans1231: folds 
xcinaz: raises $1.50 to $2.50
sssr9000: folds 
gig.gyty: calls $1.50
*** FLOP *** [8d 4h As]
gig.gyty: checks 
xcinaz: bets $1.31
gig.gyty: folds 
Uncalled bet ($1.31) returned to xcinaz
xcinaz collected $5.22 from pot
xcinaz: doesn't show hand 
*** SUMMARY ***
Total pot $5.50 | Rake $0.28 
Board [8d 4h As]
Seat 3: Burlica2013
Seat 1: sssr9000 (small blind) folded before Flop
Seat 2: gig.gyty (big blind) folded on the Flop
Seat 4: Pon4uk.ua folded before Flop (didn't bet)
Seat 5: hans1231 folded before Flop (didn't bet)
Seat 6: xcinaz (button) collected ($5.22)



PokerStars Hand #254258888959:  Hold'em No Limit ($0.50/$1.00 USD) - 2025/01/08 10:21:13 WET [2025/01/08 5:21:13 ET]
Table 'Cindijon II' 6-max Seat #1 is the button
Seat 1: sssr9000 ($112.89 in chips) 
Seat 2: gig.gyty ($102.18 in chips) 
Seat 3: Burlica2013 ($100 in chips) 
Seat 4: Pon4uk.ua ($100 in chips) 
Seat 5: hans1231 ($114.42 in chips) 
Seat 6: xcinaz ($114.22 in chips) 
gig.gyty: posts small blind $0.50
Burlica2013: posts big blind $1
*** HOLE CARDS ***
Pon4uk.ua: folds 
hans1231: raises $1.42 to $2.42
xcinaz: folds 
sssr9000: folds 
gig.gyty: folds 
Burlica2013: raises $9.58 to $12
hans1231: calls $9.58
*** FLOP *** [Ah 7c Ad]
Burlica2013: bets $7.68
hans1231: folds 
Uncalled bet ($7.68) returned to Burlica2013
Burlica2013 collected $23.28 from pot
Burlica2013: doesn't show hand 
*** SUMMARY ***
Total pot $24.50 | Rake $1.22 
Board [Ah 7c Ad]
Seat 1: sssr9000 (button) folded before Flop (didn't bet)
Seat 2: gig.gyty (small blind) folded before Flop
Seat 3: Burlica2013 (big blind) collected ($23.28)
Seat 4: Pon4uk.ua folded before Flop (didn't bet)
Seat 5: hans1231 folded on the Flop
Seat 6: xcinaz folded before Flop (didn't bet)



PokerStars Hand #254258893878:  Hold'em No Limit ($0.50/$1.00 USD) - 2025/01/08 10:21:58 WET [2025/01/08 5:21:58 ET]
Table 'Cindijon II' 6-max Seat #2 is the button
Seat 1: sssr9000 ($112.89 in chips) 
Seat 2: gig.gyty ($101.68 in chips) 
Seat 3: Burlica2013 ($111.28 in chips) 
Seat 4: Pon4uk.ua ($100 in chips) 
Seat 5: hans1231 ($102.42 in chips) 
Seat 6: xcinaz ($114.22 in chips) 
Burlica2013: posts small blind $0.50
Pon4uk.ua: posts big blind $1
*** HOLE CARDS ***
hans1231: folds 
xcinaz: folds 
sssr9000: folds 
gig.gyty: raises $1.50 to $2.50
Burlica2013: folds 
Pon4uk.ua: folds 
Uncalled bet ($1.50) returned to gig.gyty
gig.gyty collected $2.50 from pot
gig.gyty: doesn't show hand 
*** SUMMARY ***
Total pot $2.50 | Rake $0 
Seat 1: sssr9000 folded before Flop (didn't bet)
Seat 2: gig.gyty (button) collected ($2.50)
Seat 3: Burlica2013 (small blind) folded before Flop
Seat 4: Pon4uk.ua (big blind) folded before Flop
Seat 5: hans1231 folded before Flop (didn't bet)
Seat 6: xcinaz folded before Flop (didn't bet)



PokerStars Hand #254258896139:  Hold'em No Limit ($0.50/$1.00 USD) - 2025/01/08 10:22:20 WET [2025/01/08 5:22:20 ET]
Table 'Cindijon II' 6-max Seat #3 is the button
Seat 1: sssr9000 ($112.89 in chips) 
Seat 2: gig.gyty ($103.18 in chips) 
Seat 3: Burlica2013 ($110.78 in chips) 
Seat 4: Pon4uk.ua ($100 in chips) 
Seat 5: hans1231 ($102.42 in chips) 
Seat 6: xcinaz ($114.22 in chips) 
Pon4uk.ua: posts small blind $0.50
hans1231: posts big blind $1
*** HOLE CARDS ***
xcinaz: raises $1 to $2
sssr9000: folds 
gig.gyty: folds 
Burlica2013: folds 
Pon4uk.ua: calls $1.50
hans1231: folds 
*** FLOP *** [Jc 8d Ah]
Pon4uk.ua: checks 
xcinaz: bets $1.19
Pon4uk.ua: calls $1.19
*** TURN *** [Jc 8d Ah] [Tc]
Pon4uk.ua: checks 
xcinaz: checks 
*** RIVER *** [Jc 8d Ah Tc] [4c]
Pon4uk.ua: bets $5.26
xcinaz: folds 
Uncalled bet ($5.26) returned to Pon4uk.ua
Pon4uk.ua collected $7.01 from pot
Pon4uk.ua: doesn't show hand 
*** SUMMARY ***
Total pot $7.38 | Rake $0.37 
Board [Jc 8d Ah Tc 4c]
Seat 1: sssr9000 folded before Flop (didn't bet)
Seat 2: gig.gyty folded before Flop (didn't bet)
Seat 3: Burlica2013 (button) folded before Flop (didn't bet)
Seat 4: Pon4uk.ua (small blind) collected ($7.01)
Seat 5: hans1231 (big blind) folded before Flop
Seat 6: xcinaz folded on the River



PokerStars Hand #254258903882:  Hold'em No Limit ($0.50/$1.00 USD) - 2025/01/08 10:23:32 WET [2025/01/08 5:23:32 ET]
Table 'Cindijon II' 6-max Seat #4 is the button
Seat 1: sssr9000 ($112.89 in chips) 
Seat 2: gig.gyty ($103.18 in chips) 
Seat 3: Burlica2013 ($110.78 in chips) 
Seat 4: Pon4uk.ua ($103.82 in chips) 
Seat 5: hans1231 ($101.42 in chips) 
Seat 6: xcinaz ($111.03 in chips) 
hans1231: posts small blind $0.50
xcinaz: posts big blind $1
*** HOLE CARDS ***
sssr9000: folds 
gig.gyty: folds 
Burlica2013: raises $1.25 to $2.25
Pon4uk.ua: folds 
hans1231: folds 
xcinaz: calls $1.25
*** FLOP *** [3h Td 2s]
xcinaz: checks 
Burlica2013: bets $1.57
xcinaz: raises $3.95 to $5.52
Burlica2013: folds 
Uncalled bet ($3.95) returned to xcinaz
xcinaz collected $7.73 from pot
xcinaz: doesn't show hand 
*** SUMMARY ***
Total pot $8.14 | Rake $0.41 
Board [3h Td 2s]
Seat 1: sssr9000 folded before Flop (didn't bet)
Seat 2: gig.gyty folded before Flop (didn't bet)
Seat 3: Burlica2013 folded on the Flop
Seat 4: Pon4uk.ua (button) folded before Flop (didn't bet)
Seat 5: hans1231 (small blind) folded before Flop
Seat 6: xcinaz (big blind) collected ($7.73)



PokerStars Hand #254258909676:  Hold'em No Limit ($0.50/$1.00 USD) - 2025/01/08 10:24:26 WET [2025/01/08 5:24:26 ET]
Table 'Cindijon II' 6-max Seat #5 is the button
Seat 1: sssr9000 ($112.89 in chips) 
Seat 2: gig.gyty ($103.18 in chips) 
Seat 3: Burlica2013 ($106.96 in chips) 
Seat 4: Pon4uk.ua ($103.82 in chips) 
Seat 5: hans1231 ($100.92 in chips) 
Seat 6: xcinaz ($114.94 in chips) 
xcinaz: posts small blind $0.50
sssr9000: posts big blind $1
*** HOLE CARDS ***
gig.gyty: folds 
Burlica2013: folds 
Pon4uk.ua: folds 
hans1231: folds 
xcinaz: folds 
Uncalled bet ($0.50) returned to sssr9000
sssr9000 collected $1 from pot
sssr9000: doesn't show hand 
*** SUMMARY ***
Total pot $1 | Rake $0 
Seat 1: sssr9000 (big blind) collected ($1)
Seat 2: gig.gyty folded before Flop (didn't bet)
Seat 3: Burlica2013 folded before Flop (didn't bet)
Seat 4: Pon4uk.ua folded before Flop (didn't bet)
Seat 5: hans1231 (button) folded before Flop (didn't bet)
Seat 6: xcinaz (small blind) folded before Flop



PokerStars Hand #254258911133:  Hold'em No Limit ($0.50/$1.00 USD) - 2025/01/08 10:24:41 WET [2025/01/08 5:24:41 ET]
Table 'Cindijon II' 6-max Seat #6 is the button
Seat 1: sssr9000 ($113.39 in chips) 
Seat 2: gig.gyty ($103.18 in chips) 
Seat 3: Burlica2013 ($106.96 in chips) 
Seat 4: Pon4uk.ua ($103.82 in chips) 
Seat 5: hans1231 ($100.92 in chips) 
Seat 6: xcinaz ($114.44 in chips) 
sssr9000: posts small blind $0.50
gig.gyty: posts big blind $1
*** HOLE CARDS ***
Burlica2013: folds 
Pon4uk.ua: folds 
hans1231: raises $1.50 to $2.50
xcinaz: folds 
sssr9000: folds 
gig.gyty: folds 
Uncalled bet ($1.50) returned to hans1231
hans1231 collected $2.50 from pot
*** SUMMARY ***
Total pot $2.50 | Rake $0 
Seat 1: sssr9000 (small blind) folded before Flop
Seat 2: gig.gyty (big blind) folded before Flop
Seat 3: Burlica2013 folded before Flop (didn't bet)
Seat 4: Pon4uk.ua folded before Flop (didn't bet)
Seat 5: hans1231 collected ($2.50)
Seat 6: xcinaz (button) folded before Flop (didn't bet)



PokerStars Hand #254258913226:  Hold'em No Limit ($0.50/$1.00 USD) - 2025/01/08 10:25:00 WET [2025/01/08 5:25:00 ET]
Table 'Cindijon II' 6-max Seat #1 is the button
Seat 1: sssr9000 ($112.89 in chips) 
Seat 2: gig.gyty ($102.18 in chips) 
Seat 3: Burlica2013 ($106.96 in chips) 
Seat 4: Pon4uk.ua ($103.82 in chips) 
Seat 5: hans1231 ($102.42 in chips) 
Seat 6: xcinaz ($114.44 in chips) 
gig.gyty: posts small blind $0.50
Burlica2013: posts big blind $1
*** HOLE CARDS ***
Pon4uk.ua: raises $1 to $2
hans1231: folds 
xcinaz: folds 
sssr9000: folds 
gig.gyty: raises $8 to $10
Burlica2013: folds 
Pon4uk.ua: folds 
Uncalled bet ($8) returned to gig.gyty
gig.gyty collected $5 from pot
gig.gyty: doesn't show hand 
*** SUMMARY ***
Total pot $5 | Rake $0 
Seat 1: sssr9000 (button) folded before Flop (didn't bet)
Seat 2: gig.gyty (small blind) collected ($5)
Seat 3: Burlica2013 (big blind) folded before Flop
Seat 4: Pon4uk.ua folded before Flop
Seat 5: hans1231 folded before Flop (didn't bet)
Seat 6: xcinaz folded before Flop (didn't bet)



PokerStars Hand #254258915906:  Hold'em No Limit ($0.50/$1.00 USD) - 2025/01/08 10:25:25 WET [2025/01/08 5:25:25 ET]
Table 'Cindijon II' 6-max Seat #2 is the button
Seat 1: sssr9000 ($112.89 in chips) 
Seat 2: gig.gyty ($105.18 in chips) 
Seat 3: Burlica2013 ($105.96 in chips) 
Seat 4: Pon4uk.ua ($101.82 in chips) 
Seat 5: hans1231 ($102.42 in chips) 
Seat 6: xcinaz ($114.44 in chips) 
Burlica2013: posts small blind $0.50
Pon4uk.ua: posts big blind $1
*** HOLE CARDS ***
hans1231: folds 
xcinaz: folds 
sssr9000: raises $1.20 to $2.20
gig.gyty: folds 
Burlica2013: folds 
Pon4uk.ua: folds 
Uncalled bet ($1.20) returned to sssr9000
sssr9000 collected $2.50 from pot
sssr9000: doesn't show hand 
*** SUMMARY ***
Total pot $2.50 | Rake $0 
Seat 1: sssr9000 collected ($2.50)
Seat 2: gig.gyty (button) folded before Flop (didn't bet)
Seat 3: Burlica2013 (small blind) folded before Flop
Seat 4: Pon4uk.ua (big blind) folded before Flop
Seat 5: hans1231 folded before Flop (didn't bet)
Seat 6: xcinaz folded before Flop (didn't bet)



PokerStars Hand #254258918850:  Hold'em No Limit ($0.50/$1.00 USD) - 2025/01/08 10:25:52 WET [2025/01/08 5:25:52 ET]
Table 'Cindijon II' 6-max Seat #3 is the button
Seat 1: sssr9000 ($114.39 in chips) 
Seat 2: gig.gyty ($105.18 in chips) 
Seat 3: Burlica2013 ($105.46 in chips) 
Seat 4: Pon4uk.ua ($100.82 in chips) 
Seat 5: hans1231 ($102.42 in chips) 
Seat 6: xcinaz ($114.44 in chips) 
Pon4uk.ua: posts small blind $0.50
hans1231: posts big blind $1
*** HOLE CARDS ***
xcinaz: folds 
sssr9000: raises $1.20 to $2.20
gig.gyty: folds 
Burlica2013: calls $2.20
Pon4uk.ua: folds 
hans1231: calls $1.20
*** FLOP *** [Qc Js 8s]
hans1231: checks 
sssr9000: checks 
Burlica2013: checks 
*** TURN *** [Qc Js 8s] [4h]
hans1231: checks 
sssr9000: bets $10
Burlica2013: folds 
hans1231: folds 
Uncalled bet ($10) returned to sssr9000
sssr9000 collected $6.74 from pot
sssr9000: doesn't show hand 
*** SUMMARY ***
Total pot $7.10 | Rake $0.36 
Board [Qc Js 8s 4h]
Seat 1: sssr9000 collected ($6.74)
Seat 2: gig.gyty folded before Flop (didn't bet)
Seat 3: Burlica2013 (button) folded on the Turn
Seat 4: Pon4uk.ua (small blind) folded before Flop
Seat 5: hans1231 (big blind) folded on the Turn
Seat 6: xcinaz folded before Flop (didn't bet)



PokerStars Hand #254258925751:  Hold'em No Limit ($0.50/$1.00 USD) - 2025/01/08 10:26:56 WET [2025/01/08 5:26:56 ET]
Table 'Cindijon II' 6-max Seat #4 is the button
Seat 1: sssr9000 ($118.93 in chips) 
Seat 2: gig.gyty ($105.18 in chips) 
Seat 3: Burlica2013 ($103.26 in chips) 
Seat 4: Pon4uk.ua ($100.32 in chips) 
Seat 5: hans1231 ($100.22 in chips) 
Seat 6: xcinaz ($114.44 in chips) 
hans1231: posts small blind $0.50
xcinaz: posts big blind $1
*** HOLE CARDS ***
sssr9000: folds 
gig.gyty: folds 
Burlica2013: raises $1.25 to $2.25
Pon4uk.ua: raises $5.25 to $7.50
hans1231: folds 
xcinaz: folds 
Burlica2013: raises $12 to $19.50
Pon4uk.ua: folds 
Uncalled bet ($12) returned to Burlica2013
Burlica2013 collected $16.50 from pot
Burlica2013: doesn't show hand 
*** SUMMARY ***
Total pot $16.50 | Rake $0 
Seat 1: sssr9000 folded before Flop (didn't bet)
Seat 2: gig.gyty folded before Flop (didn't bet)
Seat 3: Burlica2013 collected ($16.50)
Seat 4: Pon4uk.ua (button) folded before Flop
Seat 5: hans1231 (small blind) folded before Flop
Seat 6: xcinaz (big blind) folded before Flop



PokerStars Hand #254258930383:  Hold'em No Limit ($0.50/$1.00 USD) - 2025/01/08 10:27:38 WET [2025/01/08 5:27:38 ET]
Table 'Cindijon II' 6-max Seat #5 is the button
Seat 1: sssr9000 ($118.93 in chips) 
Seat 2: gig.gyty ($105.18 in chips) 
Seat 3: Burlica2013 ($112.26 in chips) 
Seat 4: Pon4uk.ua ($100 in chips) 
Seat 5: hans1231 ($99.72 in chips) 
Seat 6: xcinaz ($113.44 in chips) 
xcinaz: posts small blind $0.50
sssr9000: posts big blind $1
*** HOLE CARDS ***
gig.gyty: folds 
Burlica2013: folds 
Pon4uk.ua: folds 
hans1231: raises $1.50 to $2.50
xcinaz: folds 
sssr9000: folds 
Uncalled bet ($1.50) returned to hans1231
hans1231 collected $2.50 from pot
*** SUMMARY ***
Total pot $2.50 | Rake $0 
Seat 1: sssr9000 (big blind) folded before Flop
Seat 2: gig.gyty folded before Flop (didn't bet)
Seat 3: Burlica2013 folded before Flop (didn't bet)
Seat 4: Pon4uk.ua folded before Flop (didn't bet)
Seat 5: hans1231 (button) collected ($2.50)
Seat 6: xcinaz (small blind) folded before Flop



PokerStars Hand #254258933541:  Hold'em No Limit ($0.50/$1.00 USD) - 2025/01/08 10:28:06 WET [2025/01/08 5:28:06 ET]
Table 'Cindijon II' 6-max Seat #6 is the button
Seat 1: sssr9000 ($117.93 in chips) 
Seat 2: gig.gyty ($105.18 in chips) 
Seat 3: Burlica2013 ($112.26 in chips) 
Seat 4: Pon4uk.ua ($100 in chips) 
Seat 5: hans1231 ($101.22 in chips) 
Seat 6: xcinaz ($112.94 in chips) 
sssr9000: posts small blind $0.50
gig.gyty: posts big blind $1
*** HOLE CARDS ***
Burlica2013: folds 
Pon4uk.ua: folds 
hans1231: raises $1.23 to $2.23
xcinaz: raises $5.77 to $8
sssr9000: folds 
gig.gyty: folds 
hans1231: raises $10.40 to $18.40
xcinaz: folds 
Uncalled bet ($10.40) returned to hans1231
hans1231 collected $17.50 from pot
*** SUMMARY ***
Total pot $17.50 | Rake $0 
Seat 1: sssr9000 (small blind) folded before Flop
Seat 2: gig.gyty (big blind) folded before Flop
Seat 3: Burlica2013 folded before Flop (didn't bet)
Seat 4: Pon4uk.ua folded before Flop (didn't bet)
Seat 5: hans1231 collected ($17.50)
Seat 6: xcinaz (button) folded before Flop



PokerStars Hand #254258936930:  Hold'em No Limit ($0.50/$1.00 USD) - 2025/01/08 10:28:36 WET [2025/01/08 5:28:36 ET]
Table 'Cindijon II' 6-max Seat #1 is the button
Seat 1: sssr9000 ($117.43 in chips) 
Seat 2: gig.gyty ($104.18 in chips) 
Seat 3: Burlica2013 ($112.26 in chips) 
Seat 4: Pon4uk.ua ($100 in chips) 
Seat 5: hans1231 ($110.72 in chips) 
Seat 6: xcinaz ($104.94 in chips) 
gig.gyty: posts small blind $0.50
Burlica2013: posts big blind $1
*** HOLE CARDS ***
Pon4uk.ua: folds 
hans1231: folds 
xcinaz: folds 
sssr9000: folds 
gig.gyty: raises $2 to $3
Burlica2013: calls $2
*** FLOP *** [8h 8d Ac]
gig.gyty: checks 
Burlica2013: bets $1.88
gig.gyty: folds 
Uncalled bet ($1.88) returned to Burlica2013
Burlica2013 collected $5.70 from pot
Burlica2013: doesn't show hand 
*** SUMMARY ***
Total pot $6 | Rake $0.30 
Board [8h 8d Ac]
Seat 1: sssr9000 (button) folded before Flop (didn't bet)
Seat 2: gig.gyty (small blind) folded on the Flop
Seat 3: Burlica2013 (big blind) collected ($5.70)
Seat 4: Pon4uk.ua folded before Flop (didn't bet)
Seat 5: hans1231 folded before Flop (didn't bet)
Seat 6: xcinaz folded before Flop (didn't bet)



PokerStars Hand #254258942917:  Hold'em No Limit ($0.50/$1.00 USD) - 2025/01/08 10:29:30 WET [2025/01/08 5:29:30 ET]
Table 'Cindijon II' 6-max Seat #2 is the button
Seat 1: sssr9000 ($117.43 in chips) 
Seat 2: gig.gyty ($101.18 in chips) 
Seat 3: Burlica2013 ($114.96 in chips) 
Seat 4: Pon4uk.ua ($100 in chips) 
Seat 5: hans1231 ($110.72 in chips) 
Seat 6: xcinaz ($104.94 in chips) 
Burlica2013: posts small blind $0.50
Pon4uk.ua: posts big blind $1
*** HOLE CARDS ***
hans1231: folds 
xcinaz: folds 
sssr9000: folds 
gig.gyty: raises $1.50 to $2.50
Burlica2013: folds 
Pon4uk.ua: folds 
Uncalled bet ($1.50) returned to gig.gyty
gig.gyty collected $2.50 from pot
gig.gyty: doesn't show hand 
*** SUMMARY ***
Total pot $2.50 | Rake $0 
Seat 1: sssr9000 folded before Flop (didn't bet)
Seat 2: gig.gyty (button) collected ($2.50)
Seat 3: Burlica2013 (small blind) folded before Flop
Seat 4: Pon4uk.ua (big blind) folded before Flop
Seat 5: hans1231 folded before Flop (didn't bet)
Seat 6: xcinaz folded before Flop (didn't bet)



PokerStars Hand #254258945847:  Hold'em No Limit ($0.50/$1.00 USD) - 2025/01/08 10:29:56 WET [2025/01/08 5:29:56 ET]
Table 'Cindijon II' 6-max Seat #3 is the button
Seat 1: sssr9000 ($117.43 in chips) 
Seat 2: gig.gyty ($102.68 in chips) 
Seat 3: Burlica2013 ($114.46 in chips) 
Seat 4: Pon4uk.ua ($100 in chips) 
Seat 5: hans1231 ($110.72 in chips) 
Seat 6: xcinaz ($104.94 in chips) 
Pon4uk.ua: posts small blind $0.50
hans1231: posts big blind $1
*** HOLE CARDS ***
xcinaz: folds 
sssr9000: raises $1.20 to $2.20
gig.gyty: folds 
Burlica2013: folds 
Pon4uk.ua: folds 
hans1231: calls $1.20
*** FLOP *** [Kh Ad Ah]
hans1231: checks 
sssr9000: bets $1.54
hans1231: calls $1.54
*** TURN *** [Kh Ad Ah] [9h]
hans1231: checks 
sssr9000: checks 
*** RIVER *** [Kh Ad Ah 9h] [Ks]
hans1231: bets $1
sssr9000: folds 
Uncalled bet ($1) returned to hans1231
hans1231 collected $7.48 from pot
*** SUMMARY ***
Total pot $7.98 | Rake $0.50 
Board [Kh Ad Ah 9h Ks]
Seat 1: sssr9000 folded on the River
Seat 2: gig.gyty folded before Flop (didn't bet)
Seat 3: Burlica2013 (button) folded before Flop (didn't bet)
Seat 4: Pon4uk.ua (small blind) folded before Flop
Seat 5: hans1231 (big blind) collected ($7.48)
Seat 6: xcinaz folded before Flop (didn't bet)



PokerStars Hand #254258951467:  Hold'em No Limit ($0.50/$1.00 USD) - 2025/01/08 10:30:46 WET [2025/01/08 5:30:46 ET]
Table 'Cindijon II' 6-max Seat #4 is the button
Seat 1: sssr9000 ($113.69 in chips) 
Seat 2: gig.gyty ($102.68 in chips) 
Seat 3: Burlica2013 ($114.46 in chips) 
Seat 4: Pon4uk.ua ($100 in chips) 
Seat 5: hans1231 ($114.46 in chips) 
Seat 6: xcinaz ($104.94 in chips) 
hans1231: posts small blind $0.50
xcinaz: posts big blind $1
*** HOLE CARDS ***
sssr9000: folds 
gig.gyty: folds 
Burlica2013: raises $1.25 to $2.25
Pon4uk.ua: folds 
hans1231: folds 
xcinaz: folds 
Uncalled bet ($1.25) returned to Burlica2013
Burlica2013 collected $2.50 from pot
Burlica2013: doesn't show hand 
*** SUMMARY ***
Total pot $2.50 | Rake $0 
Seat 1: sssr9000 folded before Flop (didn't bet)
Seat 2: gig.gyty folded before Flop (didn't bet)
Seat 3: Burlica2013 collected ($2.50)
Seat 4: Pon4uk.ua (button) folded before Flop (didn't bet)
Seat 5: hans1231 (small blind) folded before Flop
Seat 6: xcinaz (big blind) folded before Flop



PokerStars Hand #254258953777:  Hold'em No Limit ($0.50/$1.00 USD) - 2025/01/08 10:31:06 WET [2025/01/08 5:31:06 ET]
Table 'Cindijon II' 6-max Seat #5 is the button
Seat 1: sssr9000 ($113.69 in chips) 
Seat 2: gig.gyty ($102.68 in chips) 
Seat 3: Burlica2013 ($115.96 in chips) 
Seat 4: Pon4uk.ua ($100 in chips) 
Seat 5: hans1231 ($113.96 in chips) 
Seat 6: xcinaz ($103.94 in chips) 
xcinaz: posts small blind $0.50
sssr9000: posts big blind $1
*** HOLE CARDS ***
gig.gyty: folds 
Burlica2013: folds 
Pon4uk.ua: folds 
hans1231: raises $2 to $3
xcinaz: folds 
sssr9000: calls $2
*** FLOP *** [7c 3s 3d]
sssr9000: checks 
hans1231: bets $2.09
sssr9000: calls $2.09
*** TURN *** [7c 3s 3d] [9c]
sssr9000: checks 
hans1231: checks 
*** RIVER *** [7c 3s 3d 9c] [Qc]
sssr9000: bets $7.61
hans1231: folds 
Uncalled bet ($7.61) returned to sssr9000
sssr9000 collected $10.15 from pot
sssr9000: doesn't show hand 
*** SUMMARY ***
Total pot $10.68 | Rake $0.53 
Board [7c 3s 3d 9c Qc]
Seat 1: sssr9000 (big blind) collected ($10.15)
Seat 2: gig.gyty folded before Flop (didn't bet)
Seat 3: Burlica2013 folded before Flop (didn't bet)
Seat 4: Pon4uk.ua folded before Flop (didn't bet)
Seat 5: hans1231 (button) folded on the River
Seat 6: xcinaz (small blind) folded before Flop



PokerStars Hand #254258960833:  Hold'em No Limit ($0.50/$1.00 USD) - 2025/01/08 10:32:09 WET [2025/01/08 5:32:09 ET]
Table 'Cindijon II' 6-max Seat #6 is the button
Seat 1: sssr9000 ($118.75 in chips) 
Seat 2: gig.gyty ($102.68 in chips) 
Seat 3: Burlica2013 ($115.96 in chips) 
Seat 4: Pon4uk.ua ($100 in chips) 
Seat 5: hans1231 ($108.87 in chips) 
Seat 6: xcinaz ($103.44 in chips) 
sssr9000: posts small blind $0.50
gig.gyty: posts big blind $1
*** HOLE CARDS ***
Burlica2013: raises $1.20 to $2.20
Pon4uk.ua: folds 
hans1231: folds 
xcinaz: folds 
sssr9000: folds 
gig.gyty: folds 
Uncalled bet ($1.20) returned to Burlica2013
Burlica2013 collected $2.50 from pot
Burlica2013: doesn't show hand 
*** SUMMARY ***
Total pot $2.50 | Rake $0 
Seat 1: sssr9000 (small blind) folded before Flop
Seat 2: gig.gyty (big blind) folded before Flop
Seat 3: Burlica2013 collected ($2.50)
Seat 4: Pon4uk.ua folded before Flop (didn't bet)
Seat 5: hans1231 folded before Flop (didn't bet)
Seat 6: xcinaz (button) folded before Flop (didn't bet)



PokerStars Hand #254258963170:  Hold'em No Limit ($0.50/$1.00 USD) - 2025/01/08 10:32:30 WET [2025/01/08 5:32:30 ET]
Table 'Cindijon II' 6-max Seat #1 is the button
Seat 3: Burlica2013 ($117.46 in chips) is sitting out
Seat 1: sssr9000 ($118.25 in chips) 
Seat 2: gig.gyty ($101.68 in chips) 
Seat 4: Pon4uk.ua ($100 in chips) 
Seat 5: hans1231 ($108.87 in chips) 
Seat 6: xcinaz ($103.44 in chips) 
gig.gyty: posts small blind $0.50
Burlica2013: is sitting out 
Pon4uk.ua: posts big blind $1
*** HOLE CARDS ***
Burlica2013 leaves the table
hans1231: folds 
xcinaz: folds 
sssr9000: folds 
gig.gyty: folds 
Uncalled bet ($0.50) returned to Pon4uk.ua
Pon4uk.ua collected $1 from pot
Pon4uk.ua: doesn't show hand 
*** SUMMARY ***
Total pot $1 | Rake $0 
Seat 3: Burlica2013
Seat 1: sssr9000 (button) folded before Flop (didn't bet)
Seat 2: gig.gyty (small blind) folded before Flop
Seat 4: Pon4uk.ua (big blind) collected ($1)
Seat 5: hans1231 folded before Flop (didn't bet)
Seat 6: xcinaz folded before Flop (didn't bet)



PokerStars Hand #254258964570:  Hold'em No Limit ($0.50/$1.00 USD) - 2025/01/08 10:32:43 WET [2025/01/08 5:32:43 ET]
Table 'Cindijon II' 6-max Seat #2 is the button
Seat 1: sssr9000 ($118.25 in chips) 
Seat 2: gig.gyty ($101.18 in chips) 
Seat 4: Pon4uk.ua ($100.50 in chips) 
Seat 5: hans1231 ($108.87 in chips) 
Seat 6: xcinaz ($103.44 in chips) 
Pon4uk.ua: posts small blind $0.50
hans1231: posts big blind $1
*** HOLE CARDS ***
xcinaz: folds 
sssr9000: raises $1.20 to $2.20
gig.gyty: folds 
Pon4uk.ua: folds 
hans1231: calls $1.20
*** FLOP *** [Jh 2d 5d]
hans1231: checks 
sssr9000: bets $1.54
avlee1 joins the table at seat #3 
hans1231: folds 
Uncalled bet ($1.54) returned to sssr9000
sssr9000 collected $4.66 from pot
sssr9000: doesn't show hand 
*** SUMMARY ***
Total pot $4.90 | Rake $0.24 
Board [Jh 2d 5d]
Seat 1: sssr9000 collected ($4.66)
Seat 2: gig.gyty (button) folded before Flop (didn't bet)
Seat 4: Pon4uk.ua (small blind) folded before Flop
Seat 5: hans1231 (big blind) folded on the Flop
Seat 6: xcinaz folded before Flop (didn't bet)



PokerStars Hand #254258970362:  Hold'em No Limit ($0.50/$1.00 USD) - 2025/01/08 10:33:34 WET [2025/01/08 5:33:34 ET]
Table 'Cindijon II' 6-max Seat #4 is the button
Seat 3: avlee1 ($100 in chips) is sitting out
Seat 1: sssr9000 ($120.71 in chips) 
Seat 2: gig.gyty ($101.18 in chips) 
Seat 4: Pon4uk.ua ($100 in chips) 
Seat 5: hans1231 ($106.67 in chips) 
Seat 6: xcinaz ($103.44 in chips) 
hans1231: posts small blind $0.50
xcinaz: posts big blind $1
avlee1: sits out 
*** HOLE CARDS ***
sssr9000: folds 
gig.gyty: folds 
Pon4uk.ua: raises $1.50 to $2.50
hans1231: folds 
xcinaz: folds 
Uncalled bet ($1.50) returned to Pon4uk.ua
Pon4uk.ua collected $2.50 from pot
Pon4uk.ua: doesn't show hand 
*** SUMMARY ***
Total pot $2.50 | Rake $0 
Seat 3: avlee1
Seat 1: sssr9000 folded before Flop (didn't bet)
Seat 2: gig.gyty folded before Flop (didn't bet)
Seat 4: Pon4uk.ua (button) collected ($2.50)
Seat 5: hans1231 (small blind) folded before Flop
Seat 6: xcinaz (big blind) folded before Flop



PokerStars Hand #254258973439:  Hold'em No Limit ($0.50/$1.00 USD) - 2025/01/08 10:34:01 WET [2025/01/08 5:34:01 ET]
Table 'Cindijon II' 6-max Seat #5 is the button
Seat 3: avlee1 ($100 in chips) is sitting out
Seat 1: sssr9000 ($120.71 in chips) 
Seat 2: gig.gyty ($101.18 in chips) 
Seat 4: Pon4uk.ua ($101.50 in chips) 
Seat 5: hans1231 ($106.17 in chips) 
Seat 6: xcinaz ($102.44 in chips) 
xcinaz: posts small blind $0.50
sssr9000: posts big blind $1
avlee1: sits out 
*** HOLE CARDS ***
gig.gyty: folds 
Pon4uk.ua: raises $1.50 to $2.50
hans1231: folds 
xcinaz: folds 
sssr9000: calls $1.50
*** FLOP *** [5h Qd 9c]
sssr9000: checks 
Pon4uk.ua: bets $2.61
sssr9000: folds 
Uncalled bet ($2.61) returned to Pon4uk.ua
Pon4uk.ua collected $5.22 from pot
Pon4uk.ua: doesn't show hand 
*** SUMMARY ***
Total pot $5.50 | Rake $0.28 
Board [5h Qd 9c]
Seat 3: avlee1
Seat 1: sssr9000 (big blind) folded on the Flop
Seat 2: gig.gyty folded before Flop (didn't bet)
Seat 4: Pon4uk.ua collected ($5.22)
Seat 5: hans1231 (button) folded before Flop (didn't bet)
Seat 6: xcinaz (small blind) folded before Flop



PokerStars Hand #254258977892:  Hold'em No Limit ($0.50/$1.00 USD) - 2025/01/08 10:34:40 WET [2025/01/08 5:34:40 ET]
Table 'Cindijon II' 6-max Seat #6 is the button
Seat 3: avlee1 ($100 in chips) is sitting out
Seat 1: sssr9000 ($118.21 in chips) 
Seat 2: gig.gyty ($101.18 in chips) 
Seat 4: Pon4uk.ua ($104.22 in chips) 
Seat 5: hans1231 ($106.17 in chips) 
Seat 6: xcinaz ($101.94 in chips) 
sssr9000: posts small blind $0.50
gig.gyty: posts big blind $1
avlee1: sits out 
*** HOLE CARDS ***
Pon4uk.ua: folds 
hans1231: folds 
xcinaz: folds 
sssr9000: folds 
Uncalled bet ($0.50) returned to gig.gyty
gig.gyty collected $1 from pot
gig.gyty: doesn't show hand 
*** SUMMARY ***
Total pot $1 | Rake $0 
Seat 3: avlee1
Seat 1: sssr9000 (small blind) folded before Flop
Seat 2: gig.gyty (big blind) collected ($1)
Seat 4: Pon4uk.ua folded before Flop (didn't bet)
Seat 5: hans1231 folded before Flop (didn't bet)
Seat 6: xcinaz (button) folded before Flop (didn't bet)



PokerStars Hand #254258981105:  Hold'em No Limit ($0.50/$1.00 USD) - 2025/01/08 10:35:09 WET [2025/01/08 5:35:09 ET]
Table 'Cindijon II' 6-max Seat #1 is the button
Seat 1: sssr9000 ($117.71 in chips) 
Seat 2: gig.gyty ($101.68 in chips) 
Seat 3: avlee1 ($100 in chips) 
Seat 4: Pon4uk.ua ($104.22 in chips) 
Seat 5: hans1231 ($106.17 in chips) 
Seat 6: xcinaz ($101.94 in chips) 
gig.gyty: posts small blind $0.50
avlee1: posts big blind $1
*** HOLE CARDS ***
Pon4uk.ua has timed out
Pon4uk.ua: folds 
hans1231: raises $1.50 to $2.50
xcinaz: folds 
sssr9000: folds 
gig.gyty: folds 
avlee1: folds 
Uncalled bet ($1.50) returned to hans1231
hans1231 collected $2.50 from pot
*** SUMMARY ***
Total pot $2.50 | Rake $0 
Seat 1: sssr9000 (button) folded before Flop (didn't bet)
Seat 2: gig.gyty (small blind) folded before Flop
Seat 3: avlee1 (big blind) folded before Flop
Seat 4: Pon4uk.ua folded before Flop (didn't bet)
Seat 5: hans1231 collected ($2.50)
Seat 6: xcinaz folded before Flop (didn't bet)



PokerStars Hand #254258984702:  Hold'em No Limit ($0.50/$1.00 USD) - 2025/01/08 10:35:40 WET [2025/01/08 5:35:40 ET]
Table 'Cindijon II' 6-max Seat #2 is the button
Seat 1: sssr9000 ($117.71 in chips) 
Seat 2: gig.gyty ($101.18 in chips) 
Seat 3: avlee1 ($100 in chips) 
Seat 4: Pon4uk.ua ($104.22 in chips) 
Seat 5: hans1231 ($107.67 in chips) 
Seat 6: xcinaz ($101.94 in chips) 
avlee1: posts small blind $0.50
Pon4uk.ua: posts big blind $1
*** HOLE CARDS ***
hans1231: raises $1.40 to $2.40
xcinaz: folds 
sssr9000: raises $6 to $8.40
gig.gyty: folds 
avlee1: folds 
Pon4uk.ua: folds 
hans1231: calls $6
*** FLOP *** [9d 6d 5h]
hans1231: checks 
sssr9000: bets $5.74
hans1231: calls $5.74
*** TURN *** [9d 6d 5h] [3s]
hans1231: checks 
sssr9000: checks 
*** RIVER *** [9d 6d 5h 3s] [Ks]
hans1231: checks 
sssr9000: bets $21.22
hans1231: folds 
Uncalled bet ($21.22) returned to sssr9000
sssr9000 collected $28.29 from pot
sssr9000: doesn't show hand 
*** SUMMARY ***
Total pot $29.78 | Rake $1.49 
Board [9d 6d 5h 3s Ks]
Seat 1: sssr9000 collected ($28.29)
Seat 2: gig.gyty (button) folded before Flop (didn't bet)
Seat 3: avlee1 (small blind) folded before Flop
Seat 4: Pon4uk.ua (big blind) folded before Flop
Seat 5: hans1231 folded on the River
Seat 6: xcinaz folded before Flop (didn't bet)



PokerStars Hand #254258991101:  Hold'em No Limit ($0.50/$1.00 USD) - 2025/01/08 10:36:37 WET [2025/01/08 5:36:37 ET]
Table 'Cindijon II' 6-max Seat #3 is the button
Seat 1: sssr9000 ($131.86 in chips) 
Seat 2: gig.gyty ($101.18 in chips) 
Seat 3: avlee1 ($100 in chips) 
Seat 4: Pon4uk.ua ($103.22 in chips) 
Seat 5: hans1231 ($93.53 in chips) 
Seat 6: xcinaz ($101.94 in chips) 
Pon4uk.ua: posts small blind $0.50
hans1231: posts big blind $1
*** HOLE CARDS ***
xcinaz: raises $1 to $2
sssr9000: folds 
gig.gyty: folds 
avlee1: folds 
Pon4uk.ua: folds 
hans1231: folds 
Uncalled bet ($1) returned to xcinaz
xcinaz collected $2.50 from pot
xcinaz: doesn't show hand 
*** SUMMARY ***
Total pot $2.50 | Rake $0 
Seat 1: sssr9000 folded before Flop (didn't bet)
Seat 2: gig.gyty folded before Flop (didn't bet)
Seat 3: avlee1 (button) folded before Flop (didn't bet)
Seat 4: Pon4uk.ua (small blind) folded before Flop
Seat 5: hans1231 (big blind) folded before Flop
Seat 6: xcinaz collected ($2.50)



PokerStars Hand #254258992471:  Hold'em No Limit ($0.50/$1.00 USD) - 2025/01/08 10:36:49 WET [2025/01/08 5:36:49 ET]
Table 'Cindijon II' 6-max Seat #4 is the button
Seat 1: sssr9000 ($131.86 in chips) 
Seat 2: gig.gyty ($101.18 in chips) 
Seat 3: avlee1 ($100 in chips) 
Seat 4: Pon4uk.ua ($102.72 in chips) 
Seat 5: hans1231 ($92.53 in chips) 
Seat 6: xcinaz ($103.44 in chips) 
hans1231: posts small blind $0.50
xcinaz: posts big blind $1
*** HOLE CARDS ***
sssr9000: raises $2 to $3
gig.gyty: folds 
avlee1: folds 
Pon4uk.ua: folds 
hans1231: folds 
xcinaz: folds 
Uncalled bet ($2) returned to sssr9000
sssr9000 collected $2.50 from pot
sssr9000: doesn't show hand 
*** SUMMARY ***
Total pot $2.50 | Rake $0 
Seat 1: sssr9000 collected ($2.50)
Seat 2: gig.gyty folded before Flop (didn't bet)
Seat 3: avlee1 folded before Flop (didn't bet)
Seat 4: Pon4uk.ua (button) folded before Flop (didn't bet)
Seat 5: hans1231 (small blind) folded before Flop
Seat 6: xcinaz (big blind) folded before Flop



PokerStars Hand #254258994860:  Hold'em No Limit ($0.50/$1.00 USD) - 2025/01/08 10:37:10 WET [2025/01/08 5:37:10 ET]
Table 'Cindijon II' 6-max Seat #5 is the button
Seat 1: sssr9000 ($133.36 in chips) 
Seat 2: gig.gyty ($101.18 in chips) 
Seat 3: avlee1 ($100 in chips) 
Seat 4: Pon4uk.ua ($102.72 in chips) 
Seat 5: hans1231 ($92.03 in chips) 
Seat 6: xcinaz ($102.44 in chips) 
xcinaz: posts small blind $0.50
sssr9000: posts big blind $1
*** HOLE CARDS ***
gig.gyty: folds 
avlee1: folds 
Pon4uk.ua: folds 
hans1231: folds 
xcinaz: folds 
Uncalled bet ($0.50) returned to sssr9000
sssr9000 collected $1 from pot
sssr9000: doesn't show hand 
*** SUMMARY ***
Total pot $1 | Rake $0 
Seat 1: sssr9000 (big blind) collected ($1)
Seat 2: gig.gyty folded before Flop (didn't bet)
Seat 3: avlee1 folded before Flop (didn't bet)
Seat 4: Pon4uk.ua folded before Flop (didn't bet)
Seat 5: hans1231 (button) folded before Flop (didn't bet)
Seat 6: xcinaz (small blind) folded before Flop



PokerStars Hand #254258996076:  Hold'em No Limit ($0.50/$1.00 USD) - 2025/01/08 10:37:21 WET [2025/01/08 5:37:21 ET]
Table 'Cindijon II' 6-max Seat #6 is the button
Seat 1: sssr9000 ($133.86 in chips) 
Seat 2: gig.gyty ($101.18 in chips) 
Seat 3: avlee1 ($100 in chips) 
Seat 4: Pon4uk.ua ($102.72 in chips) 
Seat 5: hans1231 ($92.03 in chips) 
Seat 6: xcinaz ($101.94 in chips) 
sssr9000: posts small blind $0.50
gig.gyty: posts big blind $1
*** HOLE CARDS ***
avlee1: folds 
Pon4uk.ua: folds 
hans1231: folds 
xcinaz: raises $1.50 to $2.50
sssr9000: folds 
gig.gyty: folds 
Uncalled bet ($1.50) returned to xcinaz
xcinaz collected $2.50 from pot
xcinaz: doesn't show hand 
*** SUMMARY ***
Total pot $2.50 | Rake $0 
Seat 1: sssr9000 (small blind) folded before Flop
Seat 2: gig.gyty (big blind) folded before Flop
Seat 3: avlee1 folded before Flop (didn't bet)
Seat 4: Pon4uk.ua folded before Flop (didn't bet)
Seat 5: hans1231 folded before Flop (didn't bet)
Seat 6: xcinaz (button) collected ($2.50)



PokerStars Hand #254258998979:  Hold'em No Limit ($0.50/$1.00 USD) - 2025/01/08 10:37:46 WET [2025/01/08 5:37:46 ET]
Table 'Cindijon II' 6-max Seat #1 is the button
Seat 1: sssr9000 ($133.36 in chips) 
Seat 2: gig.gyty ($100.18 in chips) 
Seat 3: avlee1 ($100 in chips) 
Seat 4: Pon4uk.ua ($102.72 in chips) 
Seat 5: hans1231 ($92.03 in chips) 
Seat 6: xcinaz ($103.44 in chips) 
gig.gyty: posts small blind $0.50
avlee1: posts big blind $1
*** HOLE CARDS ***
Pon4uk.ua: folds 
hans1231: raises $2 to $3
xcinaz: folds 
sssr9000: folds 
gig.gyty: folds 
avlee1: folds 
Uncalled bet ($2) returned to hans1231
hans1231 collected $2.50 from pot
*** SUMMARY ***
Total pot $2.50 | Rake $0 
Seat 1: sssr9000 (button) folded before Flop (didn't bet)
Seat 2: gig.gyty (small blind) folded before Flop
Seat 3: avlee1 (big blind) folded before Flop
Seat 4: Pon4uk.ua folded before Flop (didn't bet)
Seat 5: hans1231 collected ($2.50)
Seat 6: xcinaz folded before Flop (didn't bet)



PokerStars Hand #254259003704:  Hold'em No Limit ($0.50/$1.00 USD) - 2025/01/08 10:38:28 WET [2025/01/08 5:38:28 ET]
Table 'Cindijon II' 6-max Seat #2 is the button
Seat 1: sssr9000 ($133.36 in chips) 
Seat 2: gig.gyty ($100 in chips) 
Seat 3: avlee1 ($100 in chips) 
Seat 4: Pon4uk.ua ($102.72 in chips) 
Seat 5: hans1231 ($93.53 in chips) 
Seat 6: xcinaz ($103.44 in chips) 
avlee1: posts small blind $0.50
Pon4uk.ua: posts big blind $1
*** HOLE CARDS ***
hans1231: folds 
xcinaz: folds 
sssr9000: folds 
gig.gyty: raises $1.50 to $2.50
avlee1: folds 
Pon4uk.ua: folds 
Uncalled bet ($1.50) returned to gig.gyty
gig.gyty collected $2.50 from pot
gig.gyty: doesn't show hand 
*** SUMMARY ***
Total pot $2.50 | Rake $0 
Seat 1: sssr9000 folded before Flop (didn't bet)
Seat 2: gig.gyty (button) collected ($2.50)
Seat 3: avlee1 (small blind) folded before Flop
Seat 4: Pon4uk.ua (big blind) folded before Flop
Seat 5: hans1231 folded before Flop (didn't bet)
Seat 6: xcinaz folded before Flop (didn't bet)



PokerStars Hand #254259007714:  Hold'em No Limit ($0.50/$1.00 USD) - 2025/01/08 10:39:03 WET [2025/01/08 5:39:03 ET]
Table 'Cindijon II' 6-max Seat #3 is the button
Seat 1: sssr9000 ($133.36 in chips) 
Seat 2: gig.gyty ($101.50 in chips) 
Seat 3: avlee1 ($100 in chips) 
Seat 4: Pon4uk.ua ($101.72 in chips) 
Seat 5: hans1231 ($93.53 in chips) 
Seat 6: xcinaz ($103.44 in chips) 
Pon4uk.ua: posts small blind $0.50
hans1231: posts big blind $1
*** HOLE CARDS ***
xcinaz: folds 
sssr9000: raises $1.20 to $2.20
gig.gyty: folds 
avlee1: folds 
Pon4uk.ua: raises $8.30 to $10.50
hans1231: folds 
sssr9000: folds 
Uncalled bet ($8.30) returned to Pon4uk.ua
Pon4uk.ua collected $5.40 from pot
Pon4uk.ua: doesn't show hand 
*** SUMMARY ***
Total pot $5.40 | Rake $0 
Seat 1: sssr9000 folded before Flop
Seat 2: gig.gyty folded before Flop (didn't bet)
Seat 3: avlee1 (button) folded before Flop (didn't bet)
Seat 4: Pon4uk.ua (small blind) collected ($5.40)
Seat 5: hans1231 (big blind) folded before Flop
Seat 6: xcinaz folded before Flop (didn't bet)



PokerStars Hand #254259013854:  Hold'em No Limit ($0.50/$1.00 USD) - 2025/01/08 10:39:57 WET [2025/01/08 5:39:57 ET]
Table 'Cindijon II' 6-max Seat #4 is the button
Seat 1: sssr9000 ($131.16 in chips) 
Seat 2: gig.gyty ($101.50 in chips) 
Seat 3: avlee1 ($100 in chips) 
Seat 4: Pon4uk.ua ($104.92 in chips) 
Seat 5: hans1231 ($92.53 in chips) 
Seat 6: xcinaz ($103.44 in chips) 
hans1231: posts small blind $0.50
xcinaz: posts big blind $1
*** HOLE CARDS ***
sssr9000: folds 
gig.gyty: folds 
avlee1: folds 
Pon4uk.ua: raises $1.50 to $2.50
hans1231: calls $2
xcinaz: folds 
*** FLOP *** [Th Jc 2s]
hans1231: checks 
Pon4uk.ua: checks 
*** TURN *** [Th Jc 2s] [8c]
hans1231: bets $2.30
Pon4uk.ua: folds 
Uncalled bet ($2.30) returned to hans1231
hans1231 collected $5.62 from pot
*** SUMMARY ***
Total pot $6 | Rake $0.38 
Board [Th Jc 2s 8c]
Seat 1: sssr9000 folded before Flop (didn't bet)
Seat 2: gig.gyty folded before Flop (didn't bet)
Seat 3: avlee1 folded before Flop (didn't bet)
Seat 4: Pon4uk.ua (button) folded on the Turn
Seat 5: hans1231 (small blind) collected ($5.62)
Seat 6: xcinaz (big blind) folded before Flop



PokerStars Hand #254259020854:  Hold'em No Limit ($0.50/$1.00 USD) - 2025/01/08 10:40:58 WET [2025/01/08 5:40:58 ET]
Table 'Cindijon II' 6-max Seat #5 is the button
Seat 1: sssr9000 ($131.16 in chips) 
Seat 2: gig.gyty ($101.50 in chips) 
Seat 3: avlee1 ($100 in chips) 
Seat 4: Pon4uk.ua ($102.42 in chips) 
Seat 5: hans1231 ($95.65 in chips) 
Seat 6: xcinaz ($102.44 in chips) 
xcinaz: posts small blind $0.50
sssr9000: posts big blind $1
*** HOLE CARDS ***
gig.gyty: folds 
avlee1: raises $1.50 to $2.50
Pon4uk.ua: raises $6 to $8.50
hans1231: calls $8.50
xcinaz: folds 
sssr9000: folds 
avlee1: raises $17 to $25.50
Pon4uk.ua: folds 
hans1231: calls $17
*** FLOP *** [7h Qd Kd]
avlee1: bets $19.30
hans1231: raises $50.85 to $70.15 and is all-in
avlee1: calls $50.85
*** TURN *** [7h Qd Kd] [4c]
*** RIVER *** [7h Qd Kd 4c] [Ks]
*** SHOW DOWN ***
avlee1: shows [4d Ad] (two pair, Kings and Fours)
hans1231: shows [Kc Qc] (a full house, Kings full of Queens)
hans1231 cashed out the hand for $125.55 | Cash Out Fee $2.56
*** SUMMARY ***
Total pot $201.30 | Rake $2.50 
Board [7h Qd Kd 4c Ks]
Seat 1: sssr9000 (big blind) folded before Flop
Seat 2: gig.gyty folded before Flop (didn't bet)
Seat 3: avlee1 showed [4d Ad] and lost with two pair, Kings and Fours
Seat 4: Pon4uk.ua folded before Flop
Seat 5: hans1231 (button) showed [Kc Qc] and won ($198.80) with a full house, Kings full of Queens (pot not awarded as player cashed out)
Seat 6: xcinaz (small blind) folded before Flop



PokerStars Hand #254259030565:  Hold'em No Limit ($0.50/$1.00 USD) - 2025/01/08 10:42:22 WET [2025/01/08 5:42:22 ET]
Table 'Cindijon II' 6-max Seat #6 is the button
Seat 1: sssr9000 ($130.16 in chips) 
Seat 2: gig.gyty ($101.50 in chips) 
Seat 3: avlee1 ($100 in chips) 
Seat 4: Pon4uk.ua ($100 in chips) 
Seat 5: hans1231 ($125.55 in chips) 
Seat 6: xcinaz ($101.94 in chips) 
sssr9000: posts small blind $0.50
gig.gyty: posts big blind $1
*** HOLE CARDS ***
avlee1: folds 
Pon4uk.ua: raises $1 to $2
hans1231: folds 
xcinaz: folds 
sssr9000: folds 
gig.gyty: folds 
Uncalled bet ($1) returned to Pon4uk.ua
Pon4uk.ua collected $2.50 from pot
Pon4uk.ua: doesn't show hand 
*** SUMMARY ***
Total pot $2.50 | Rake $0 
Seat 1: sssr9000 (small blind) folded before Flop
Seat 2: gig.gyty (big blind) folded before Flop
Seat 3: avlee1 folded before Flop (didn't bet)
Seat 4: Pon4uk.ua collected ($2.50)
Seat 5: hans1231 folded before Flop (didn't bet)
Seat 6: xcinaz (button) folded before Flop (didn't bet)



PokerStars Hand #254259033362:  Hold'em No Limit ($0.50/$1.00 USD) - 2025/01/08 10:42:46 WET [2025/01/08 5:42:46 ET]
Table 'Cindijon II' 6-max Seat #1 is the button
Seat 1: sssr9000 ($129.66 in chips) 
Seat 2: gig.gyty ($100.50 in chips) 
Seat 3: avlee1 ($100 in chips) 
Seat 4: Pon4uk.ua ($101.50 in chips) 
Seat 5: hans1231 ($125.55 in chips) 
Seat 6: xcinaz ($101.94 in chips) 
gig.gyty: posts small blind $0.50
avlee1: posts big blind $1
*** HOLE CARDS ***
Pon4uk.ua: folds 
hans1231: raises $2 to $3
xcinaz: raises $6 to $9
sssr9000: folds 
gig.gyty: folds 
avlee1: folds 
hans1231: calls $6
*** FLOP *** [5h 7d 8h]
hans1231: checks 
xcinaz: bets $4.63
hans1231: raises $12.07 to $16.70
xcinaz: calls $12.07
*** TURN *** [5h 7d 8h] [Ts]
hans1231: bets $18.50
xcinaz: raises $57.74 to $76.24 and is all-in
hans1231: calls $57.74
*** RIVER *** [5h 7d 8h Ts] [9d]
*** SHOW DOWN ***
hans1231: shows [6s 6c] (a straight, Six to Ten)
xcinaz: shows [7c 7s] (three of a kind, Sevens)
hans1231 collected $202.26 from pot
*** SUMMARY ***
Total pot $205.38 | Rake $3.12 
Board [5h 7d 8h Ts 9d]
Seat 1: sssr9000 (button) folded before Flop (didn't bet)
Seat 2: gig.gyty (small blind) folded before Flop
Seat 3: avlee1 (big blind) folded before Flop
Seat 4: Pon4uk.ua folded before Flop (didn't bet)
Seat 5: hans1231 showed [6s 6c] and won ($202.26) with a straight, Six to Ten
Seat 6: xcinaz showed [7c 7s] and lost with three of a kind, Sevens



PokerStars Hand #254259045563:  Hold'em No Limit ($0.50/$1.00 USD) - 2025/01/08 10:44:32 WET [2025/01/08 5:44:32 ET]
Table 'Cindijon II' 6-max Seat #2 is the button
Seat 1: sssr9000 ($129.66 in chips) 
Seat 2: gig.gyty ($100 in chips) 
Seat 3: avlee1 ($100 in chips) 
Seat 4: Pon4uk.ua ($101.50 in chips) 
Seat 5: hans1231 ($225.87 in chips) 
Seat 6: xcinaz ($100 in chips) 
avlee1: posts small blind $0.50
Pon4uk.ua: posts big blind $1
*** HOLE CARDS ***
hans1231: raises $1.40 to $2.40
xcinaz: folds 
sssr9000: folds 
gig.gyty: raises $5.10 to $7.50
avlee1: folds 
Pon4uk.ua: folds 
hans1231: calls $5.10
*** FLOP *** [3h 7s 5c]
hans1231: checks 
gig.gyty: bets $5.17
hans1231: calls $5.17
*** TURN *** [3h 7s 5c] [Qc]
hans1231: checks 
gig.gyty: checks 
*** RIVER *** [3h 7s 5c Qc] [4d]
hans1231: checks 
gig.gyty: bets $19.64
hans1231: folds 
Uncalled bet ($19.64) returned to gig.gyty
gig.gyty collected $25.50 from pot
gig.gyty: doesn't show hand 
*** SUMMARY ***
Total pot $26.84 | Rake $1.34 
Board [3h 7s 5c Qc 4d]
Seat 1: sssr9000 folded before Flop (didn't bet)
Seat 2: gig.gyty (button) collected ($25.50)
Seat 3: avlee1 (small blind) folded before Flop
Seat 4: Pon4uk.ua (big blind) folded before Flop
Seat 5: hans1231 folded on the River
Seat 6: xcinaz folded before Flop (didn't bet)



PokerStars Hand #254259051283:  Hold'em No Limit ($0.50/$1.00 USD) - 2025/01/08 10:45:22 WET [2025/01/08 5:45:22 ET]
Table 'Cindijon II' 6-max Seat #3 is the button
Seat 1: sssr9000 ($129.66 in chips) 
Seat 2: gig.gyty ($112.83 in chips) 
Seat 3: avlee1 ($100 in chips) 
Seat 4: Pon4uk.ua ($100.50 in chips) 
Seat 5: hans1231 ($213.20 in chips) 
Seat 6: xcinaz ($100 in chips) 
Pon4uk.ua: posts small blind $0.50
hans1231: posts big blind $1
*** HOLE CARDS ***
xcinaz: folds 
sssr9000: folds 
gig.gyty: folds 
avlee1: raises $1.50 to $2.50
Pon4uk.ua: folds 
hans1231: folds 
Uncalled bet ($1.50) returned to avlee1
avlee1 collected $2.50 from pot
*** SUMMARY ***
Total pot $2.50 | Rake $0 
Seat 1: sssr9000 folded before Flop (didn't bet)
Seat 2: gig.gyty folded before Flop (didn't bet)
Seat 3: avlee1 (button) collected ($2.50)
Seat 4: Pon4uk.ua (small blind) folded before Flop
Seat 5: hans1231 (big blind) folded before Flop
Seat 6: xcinaz folded before Flop (didn't bet)



PokerStars Hand #254259052997:  Hold'em No Limit ($0.50/$1.00 USD) - 2025/01/08 10:45:36 WET [2025/01/08 5:45:36 ET]
Table 'Cindijon II' 6-max Seat #4 is the button
Seat 1: sssr9000 ($129.66 in chips) 
Seat 2: gig.gyty ($112.83 in chips) 
Seat 3: avlee1 ($101.50 in chips) 
Seat 4: Pon4uk.ua ($100 in chips) 
Seat 5: hans1231 ($212.20 in chips) 
Seat 6: xcinaz ($100 in chips) 
hans1231: posts small blind $0.50
xcinaz: posts big blind $1
*** HOLE CARDS ***
sssr9000: folds 
gig.gyty: folds 
avlee1: raises $1.50 to $2.50
Pon4uk.ua: folds 
hans1231: raises $4 to $6.50
xcinaz: folds 
avlee1: calls $4
*** FLOP *** [Qc Ks 8h]
hans1231: checks 
avlee1: bets $6.65
hans1231: calls $6.65
*** TURN *** [Qc Ks 8h] [6h]
hans1231: checks 
avlee1: bets $19.46
hans1231: folds 
Uncalled bet ($19.46) returned to avlee1
avlee1 collected $25.94 from pot
*** SUMMARY ***
Total pot $27.30 | Rake $1.36 
Board [Qc Ks 8h 6h]
Seat 1: sssr9000 folded before Flop (didn't bet)
Seat 2: gig.gyty folded before Flop (didn't bet)
Seat 3: avlee1 collected ($25.94)
Seat 4: Pon4uk.ua (button) folded before Flop (didn't bet)
Seat 5: hans1231 (small blind) folded on the Turn
Seat 6: xcinaz (big blind) folded before Flop



PokerStars Hand #254259060009:  Hold'em No Limit ($0.50/$1.00 USD) - 2025/01/08 10:46:37 WET [2025/01/08 5:46:37 ET]
Table 'Cindijon II' 6-max Seat #5 is the button
Seat 1: sssr9000 ($129.66 in chips) 
Seat 2: gig.gyty ($112.83 in chips) 
Seat 3: avlee1 ($114.29 in chips) 
Seat 4: Pon4uk.ua ($100 in chips) 
Seat 5: hans1231 ($199.05 in chips) 
Seat 6: xcinaz ($100 in chips) 
xcinaz: posts small blind $0.50
sssr9000: posts big blind $1
*** HOLE CARDS ***
gig.gyty: folds 
avlee1: folds 
Pon4uk.ua: folds 
hans1231: raises $2 to $3
xcinaz: folds 
sssr9000: calls $2
*** FLOP *** [5d 8s 4c]
sssr9000: checks 
hans1231: checks 
*** TURN *** [5d 8s 4c] [Js]
sssr9000: bets $6.18
hans1231: calls $6.18
*** RIVER *** [5d 8s 4c Js] [3h]
sssr9000: bets $17.92
hans1231: calls $17.92
*** SHOW DOWN ***
sssr9000: shows [5s 4s] (two pair, Fives and Fours)
hans1231: mucks hand 
sssr9000 collected $52.20 from pot
*** SUMMARY ***
Total pot $54.70 | Rake $2.50 
Board [5d 8s 4c Js 3h]
Seat 1: sssr9000 (big blind) showed [5s 4s] and won ($52.20) with two pair, Fives and Fours
Seat 2: gig.gyty folded before Flop (didn't bet)
Seat 3: avlee1 folded before Flop (didn't bet)
Seat 4: Pon4uk.ua folded before Flop (didn't bet)
Seat 5: hans1231 (button) mucked
Seat 6: xcinaz (small blind) folded before Flop



PokerStars Hand #254259065261:  Hold'em No Limit ($0.50/$1.00 USD) - 2025/01/08 10:47:23 WET [2025/01/08 5:47:23 ET]
Table 'Cindijon II' 6-max Seat #6 is the button
Seat 1: sssr9000 ($154.76 in chips) 
Seat 2: gig.gyty ($112.83 in chips) 
Seat 3: avlee1 ($114.29 in chips) 
Seat 4: Pon4uk.ua ($100 in chips) 
Seat 5: hans1231 ($171.95 in chips) 
Seat 6: xcinaz ($100 in chips) 
sssr9000: posts small blind $0.50
gig.gyty: posts big blind $1
*** HOLE CARDS ***
avlee1: folds 
Pon4uk.ua: raises $1 to $2
hans1231: folds 
hans1231 leaves the table
xcinaz: folds 
sssr9000: folds 
gig.gyty: folds 
Uncalled bet ($1) returned to Pon4uk.ua
Pon4uk.ua collected $2.50 from pot
Pon4uk.ua: doesn't show hand 
*** SUMMARY ***
Total pot $2.50 | Rake $0 
Seat 1: sssr9000 (small blind) folded before Flop
Seat 2: gig.gyty (big blind) folded before Flop
Seat 3: avlee1 folded before Flop (didn't bet)
Seat 4: Pon4uk.ua collected ($2.50)
Seat 5: hans1231 folded before Flop (didn't bet)
Seat 6: xcinaz (button) folded before Flop (didn't bet)



PokerStars Hand #254259068939:  Hold'em No Limit ($0.50/$1.00 USD) - 2025/01/08 10:47:56 WET [2025/01/08 5:47:56 ET]
Table 'Cindijon II' 6-max Seat #1 is the button
Seat 3: avlee1 ($114.29 in chips) is sitting out
Seat 1: sssr9000 ($154.26 in chips) 
Seat 2: gig.gyty ($111.83 in chips) 
Seat 4: Pon4uk.ua ($101.50 in chips) 
Seat 6: xcinaz ($100 in chips) 
gig.gyty: posts small blind $0.50
avlee1: is sitting out 
Pon4uk.ua: posts big blind $1
*** HOLE CARDS ***
xcinaz: folds 
sssr9000: raises $1.20 to $2.20
gig.gyty: folds 
avlee1 leaves the table
Pon4uk.ua: folds 
Uncalled bet ($1.20) returned to sssr9000
sssr9000 collected $2.50 from pot
sssr9000: doesn't show hand 
*** SUMMARY ***
Total pot $2.50 | Rake $0 
Seat 3: avlee1
Seat 1: sssr9000 (button) collected ($2.50)
Seat 2: gig.gyty (small blind) folded before Flop
Seat 4: Pon4uk.ua (big blind) folded before Flop
Seat 6: xcinaz folded before Flop (didn't bet)



PokerStars Hand #254259070681:  Hold'em No Limit ($0.50/$1.00 USD) - 2025/01/08 10:48:11 WET [2025/01/08 5:48:11 ET]
Table 'Cindijon II' 6-max Seat #2 is the button
Seat 1: sssr9000 ($155.76 in chips) 
Seat 2: gig.gyty ($111.33 in chips) 
Seat 4: Pon4uk.ua ($100.50 in chips) 
Seat 6: xcinaz ($100 in chips) 
Pon4uk.ua: posts small blind $0.50
xcinaz: posts big blind $1
*** HOLE CARDS ***
sssr9000: folds 
sssr9000 leaves the table
gig.gyty: folds 
Pon4uk.ua: folds 
Uncalled bet ($0.50) returned to xcinaz
xcinaz collected $1 from pot
xcinaz: doesn't show hand 
*** SUMMARY ***
Total pot $1 | Rake $0 
Seat 1: sssr9000 folded before Flop (didn't bet)
Seat 2: gig.gyty (button) folded before Flop (didn't bet)
Seat 4: Pon4uk.ua (small blind) folded before Flop
Seat 6: xcinaz (big blind) collected ($1)



PokerStars Hand #254259071907:  Hold'em No Limit ($0.50/$1.00 USD) - 2025/01/08 10:48:22 WET [2025/01/08 5:48:22 ET]
Table 'Cindijon II' 6-max Seat #4 is the button
Seat 2: gig.gyty ($111.33 in chips) 
Seat 4: Pon4uk.ua ($100 in chips) 
Seat 6: xcinaz ($100.50 in chips) 
xcinaz: posts small blind $0.50
gig.gyty: posts big blind $1
*** HOLE CARDS ***
Pon4uk.ua: raises $1.50 to $2.50
xcinaz: folds 
gig.gyty: folds 
Uncalled bet ($1.50) returned to Pon4uk.ua
Pon4uk.ua collected $2.50 from pot
Pon4uk.ua: doesn't show hand 
*** SUMMARY ***
Total pot $2.50 | Rake $0 
Seat 2: gig.gyty (big blind) folded before Flop
Seat 4: Pon4uk.ua (button) collected ($2.50)
Seat 6: xcinaz (small blind) folded before Flop



PokerStars Hand #254259073148:  Hold'em No Limit ($0.50/$1.00 USD) - 2025/01/08 10:48:32 WET [2025/01/08 5:48:32 ET]
Table 'Cindijon II' 6-max Seat #6 is the button
Seat 2: gig.gyty ($110.33 in chips) 
Seat 4: Pon4uk.ua ($101.50 in chips) 
Seat 6: xcinaz ($100 in chips) 
gig.gyty: posts small blind $0.50
Pon4uk.ua: posts big blind $1
*** HOLE CARDS ***
xcinaz: raises $1.50 to $2.50
gig.gyty: folds 
Pon4uk.ua: raises $8.50 to $11
xcinaz: folds 
Uncalled bet ($8.50) returned to Pon4uk.ua
Pon4uk.ua collected $5.50 from pot
Pon4uk.ua: doesn't show hand 
*** SUMMARY ***
Total pot $5.50 | Rake $0 
Seat 2: gig.gyty (small blind) folded before Flop
Seat 4: Pon4uk.ua (big blind) collected ($5.50)
Seat 6: xcinaz (button) folded before Flop



PokerStars Hand #254259074708:  Hold'em No Limit ($0.50/$1.00 USD) - 2025/01/08 10:48:46 WET [2025/01/08 5:48:46 ET]
Table 'Cindijon II' 6-max Seat #4 is the button
Seat 6: xcinaz ($100 in chips) is sitting out
Seat 2: gig.gyty ($109.83 in chips) 
Seat 4: Pon4uk.ua ($104.50 in chips) 
Pon4uk.ua: posts small blind $0.50
xcinaz: is sitting out 
gig.gyty: posts big blind $1
*** HOLE CARDS ***
Pon4uk.ua: raises $1.50 to $2.50
xcinaz leaves the table
gig.gyty: calls $1.50
*** FLOP *** [4d Qs Qh]
gig.gyty: checks 
Pon4uk.ua: bets $1.57
gig.gyty: folds 
Uncalled bet ($1.57) returned to Pon4uk.ua
Pon4uk.ua collected $4.75 from pot
Pon4uk.ua: doesn't show hand 
*** SUMMARY ***
Total pot $5 | Rake $0.25 
Board [4d Qs Qh]
Seat 6: xcinaz
Seat 2: gig.gyty (big blind) folded on the Flop
Seat 4: Pon4uk.ua (button) (small blind) collected ($4.75)



PokerStars Hand #254259077384:  Hold'em No Limit ($0.50/$1.00 USD) - 2025/01/08 10:49:09 WET [2025/01/08 5:49:09 ET]
Table 'Cindijon II' 6-max Seat #2 is the button
Seat 2: gig.gyty ($107.33 in chips) 
Seat 4: Pon4uk.ua ($106.75 in chips) 
gig.gyty: posts small blind $0.50
Pon4uk.ua: posts big blind $1
*** HOLE CARDS ***
gig.gyty: raises $1.50 to $2.50
Pon4uk.ua: folds 
Uncalled bet ($1.50) returned to gig.gyty
gig.gyty collected $2 from pot
gig.gyty: doesn't show hand 
*** SUMMARY ***
Total pot $2 | Rake $0 
Seat 2: gig.gyty (button) (small blind) collected ($2)
Seat 4: Pon4uk.ua (big blind) folded before Flop



