PokerStars Hand #254269801088:  Hold'em No Limit ($0.50/$1.00 USD) - 2025/01/08 22:21:09 WET [2025/01/08 17:21:09 ET]
Table 'Anitra' 6-max Seat #5 is the button
Seat 1: nikalas22 ($112 in chips) 
Seat 2: dervesh ($100 in chips) 
Seat 3: Delthstriker ($64 in chips) 
Seat 4: Manifestorr ($100 in chips) 
Seat 5: steelNike ($19.70 in chips) 
Seat 6: blistein ($100 in chips) 
blistein: posts small blind $0.50
nikalas22: posts big blind $1
*** HOLE CARDS ***
dervesh: folds 
Delthstriker: folds 
Manifestorr: folds 
steelNike: folds 
blistein: folds 
Uncalled bet ($0.50) returned to nikalas22
nikalas22 collected $1 from pot
nikalas22: doesn't show hand 
*** SUMMARY ***
Total pot $1 | Rake $0 
Seat 1: nikalas22 (big blind) collected ($1)
Seat 2: dervesh folded before Flop (didn't bet)
Seat 3: Delthstriker folded before Flop (didn't bet)
Seat 4: Manifestorr folded before Flop (didn't bet)
Seat 5: steelNike (button) folded before Flop (didn't bet)
Seat 6: blistein (small blind) folded before Flop



PokerStars Hand #254269806561:  Hold'em No Limit ($0.50/$1.00 USD) - 2025/01/08 22:21:26 WET [2025/01/08 17:21:26 ET]
Table 'Anitra' 6-max Seat #6 is the button
Seat 1: nikalas22 ($112.50 in chips) 
Seat 2: dervesh ($100 in chips) 
Seat 3: Delthstriker ($64 in chips) 
Seat 4: Manifestorr ($100 in chips) 
Seat 5: steelNike ($19.70 in chips) 
Seat 6: blistein ($100 in chips) 
nikalas22: posts small blind $0.50
dervesh: posts big blind $1
*** HOLE CARDS ***
Delthstriker: folds 
Manifestorr: folds 
steelNike: folds 
blistein: folds 
nikalas22: folds 
Uncalled bet ($0.50) returned to dervesh
dervesh collected $1 from pot
dervesh: doesn't show hand 
*** SUMMARY ***
Total pot $1 | Rake $0 
Seat 1: nikalas22 (small blind) folded before Flop
Seat 2: dervesh (big blind) collected ($1)
Seat 3: Delthstriker folded before Flop (didn't bet)
Seat 4: Manifestorr folded before Flop (didn't bet)
Seat 5: steelNike folded before Flop (didn't bet)
Seat 6: blistein (button) folded before Flop (didn't bet)



PokerStars Hand #254269810671:  Hold'em No Limit ($0.50/$1.00 USD) - 2025/01/08 22:21:39 WET [2025/01/08 17:21:39 ET]
Table 'Anitra' 6-max Seat #1 is the button
Seat 1: nikalas22 ($112 in chips) 
Seat 2: dervesh ($100.50 in chips) 
Seat 3: Delthstriker ($64 in chips) 
Seat 4: Manifestorr ($100 in chips) 
Seat 5: steelNike ($19.70 in chips) 
Seat 6: blistein ($100 in chips) 
dervesh: posts small blind $0.50
Delthstriker: posts big blind $1
*** HOLE CARDS ***
Manifestorr: folds 
steelNike: folds 
blistein: raises $1.30 to $2.30
nikalas22: folds 
dervesh: folds 
Delthstriker: calls $1.30
*** FLOP *** [8h Kh 3s]
Delthstriker: checks 
blistein: bets $3.24
Delthstriker: folds 
Uncalled bet ($3.24) returned to blistein
blistein collected $4.84 from pot
blistein: doesn't show hand 
*** SUMMARY ***
Total pot $5.10 | Rake $0.26 
Board [8h Kh 3s]
Seat 1: nikalas22 (button) folded before Flop (didn't bet)
Seat 2: dervesh (small blind) folded before Flop
Seat 3: Delthstriker (big blind) folded on the Flop
Seat 4: Manifestorr folded before Flop (didn't bet)
Seat 5: steelNike folded before Flop (didn't bet)
Seat 6: blistein collected ($4.84)



PokerStars Hand #254269827435:  Hold'em No Limit ($0.50/$1.00 USD) - 2025/01/08 22:22:32 WET [2025/01/08 17:22:32 ET]
Table 'Anitra' 6-max Seat #2 is the button
Seat 4: Manifestorr ($100 in chips) is sitting out
Seat 1: nikalas22 ($112 in chips) 
Seat 2: dervesh ($100 in chips) 
Seat 3: Delthstriker ($61.70 in chips) 
Seat 5: steelNike ($19.70 in chips) 
Seat 6: blistein ($102.54 in chips) 
Delthstriker: posts small blind $0.50
Manifestorr: is sitting out 
steelNike: posts big blind $1
*** HOLE CARDS ***
blistein: raises $1.20 to $2.20
nikalas22: folds 
Manifestorr leaves the table
dervesh: folds 
Delthstriker: folds 
steelNike: folds 
Uncalled bet ($1.20) returned to blistein
blistein collected $2.50 from pot
blistein: doesn't show hand 
*** SUMMARY ***
Total pot $2.50 | Rake $0 
Seat 4: Manifestorr
Seat 1: nikalas22 folded before Flop (didn't bet)
Seat 2: dervesh (button) folded before Flop (didn't bet)
Seat 3: Delthstriker (small blind) folded before Flop
Seat 5: steelNike (big blind) folded before Flop
Seat 6: blistein collected ($2.50)



PokerStars Hand #254269833368:  Hold'em No Limit ($0.50/$1.00 USD) - 2025/01/08 22:22:51 WET [2025/01/08 17:22:51 ET]
Table 'Anitra' 6-max Seat #3 is the button
Seat 1: nikalas22 ($112 in chips) 
Seat 2: dervesh ($100 in chips) 
Seat 3: Delthstriker ($61.20 in chips) 
Seat 5: steelNike ($18.70 in chips) 
Seat 6: blistein ($104.04 in chips) 
steelNike: posts small blind $0.50
blistein: posts big blind $1
*** HOLE CARDS ***
nikalas22: raises $1.50 to $2.50
dervesh: folds 
Delthstriker: raises $5.50 to $8
steelNike: folds 
blistein: folds 
nikalas22: folds 
Uncalled bet ($5.50) returned to Delthstriker
Delthstriker collected $6.50 from pot
Delthstriker: doesn't show hand 
*** SUMMARY ***
Total pot $6.50 | Rake $0 
Seat 1: nikalas22 folded before Flop
Seat 2: dervesh folded before Flop (didn't bet)
Seat 3: Delthstriker (button) collected ($6.50)
Seat 5: steelNike (small blind) folded before Flop
Seat 6: blistein (big blind) folded before Flop



PokerStars Hand #254269838240:  Hold'em No Limit ($0.50/$1.00 USD) - 2025/01/08 22:23:06 WET [2025/01/08 17:23:06 ET]
Table 'Anitra' 6-max Seat #5 is the button
Seat 1: nikalas22 ($109.50 in chips) is sitting out
Seat 2: dervesh ($100 in chips) 
Seat 3: Delthstriker ($65.20 in chips) 
Seat 5: steelNike ($18.20 in chips) 
Seat 6: blistein ($103.04 in chips) 
blistein: posts small blind $0.50
nikalas22: is sitting out 
dervesh: posts big blind $1
*** HOLE CARDS ***
Delthstriker: folds 
nikalas22 leaves the table
steelNike: folds 
blistein: raises $2 to $3
dervesh: folds 
Uncalled bet ($2) returned to blistein
blistein collected $2 from pot
blistein: doesn't show hand 
*** SUMMARY ***
Total pot $2 | Rake $0 
Seat 1: nikalas22
Seat 2: dervesh (big blind) folded before Flop
Seat 3: Delthstriker folded before Flop (didn't bet)
Seat 5: steelNike (button) folded before Flop (didn't bet)
Seat 6: blistein (small blind) collected ($2)



PokerStars Hand #254269843226:  Hold'em No Limit ($0.50/$1.00 USD) - 2025/01/08 22:23:22 WET [2025/01/08 17:23:22 ET]
Table 'Anitra' 6-max Seat #6 is the button
Seat 2: dervesh ($100 in chips) 
Seat 3: Delthstriker ($65.20 in chips) 
Seat 5: steelNike ($18.20 in chips) 
Seat 6: blistein ($104.04 in chips) 
dervesh: posts small blind $0.50
Delthstriker: posts big blind $1
*** HOLE CARDS ***
steelNike: raises $1 to $2
blistein: folds 
fataleggs13 joins the table at seat #4 
dervesh: raises $6.50 to $8.50
Joe_Li7 joins the table at seat #1 
Delthstriker: folds 
steelNike: raises $9.70 to $18.20 and is all-in
dervesh: calls $9.70
*** FLOP *** [Kc Th Ad]
*** TURN *** [Kc Th Ad] [Ts]
*** RIVER *** [Kc Th Ad Ts] [6h]
*** SHOW DOWN ***
dervesh: shows [Jc Js] (two pair, Jacks and Tens)
steelNike: shows [Ah Jh] (two pair, Aces and Tens)
steelNike collected $36.40 from pot
*** SUMMARY ***
Total pot $37.40 | Rake $1 
Board [Kc Th Ad Ts 6h]
Seat 2: dervesh (small blind) showed [Jc Js] and lost with two pair, Jacks and Tens
Seat 3: Delthstriker (big blind) folded before Flop
Seat 5: steelNike showed [Ah Jh] and won ($36.40) with two pair, Aces and Tens
Seat 6: blistein (button) folded before Flop (didn't bet)



PokerStars Hand #254269851499:  Hold'em No Limit ($0.50/$1.00 USD) - 2025/01/08 22:23:48 WET [2025/01/08 17:23:48 ET]
Table 'Anitra' 6-max Seat #2 is the button
Seat 1: Joe_Li7 ($100 in chips) is sitting out
Seat 2: dervesh ($100 in chips) 
Seat 3: Delthstriker ($64.20 in chips) 
Seat 4: fataleggs13 ($75 in chips) 
Seat 5: steelNike ($36.40 in chips) 
Seat 6: blistein ($104.04 in chips) 
Delthstriker: posts small blind $0.50
fataleggs13: posts big blind $1
Joe_Li7: sits out 
*** HOLE CARDS ***
steelNike: folds 
blistein: folds 
dervesh: folds 
Delthstriker: raises $3 to $4
fataleggs13: calls $3
*** FLOP *** [5h 5s 7s]
Delthstriker: bets $3
fataleggs13: folds 
Uncalled bet ($3) returned to Delthstriker
Delthstriker collected $7.60 from pot
Delthstriker: doesn't show hand 
*** SUMMARY ***
Total pot $8 | Rake $0.40 
Board [5h 5s 7s]
Seat 1: Joe_Li7
Seat 2: dervesh (button) folded before Flop (didn't bet)
Seat 3: Delthstriker (small blind) collected ($7.60)
Seat 4: fataleggs13 (big blind) folded on the Flop
Seat 5: steelNike folded before Flop (didn't bet)
Seat 6: blistein folded before Flop (didn't bet)



PokerStars Hand #254269859358:  Hold'em No Limit ($0.50/$1.00 USD) - 2025/01/08 22:24:13 WET [2025/01/08 17:24:13 ET]
Table 'Anitra' 6-max Seat #3 is the button
Seat 1: Joe_Li7 ($100 in chips) is sitting out
Seat 2: dervesh ($100 in chips) 
Seat 3: Delthstriker ($67.80 in chips) 
Seat 4: fataleggs13 ($75 in chips) 
Seat 5: steelNike ($36.40 in chips) 
Seat 6: blistein ($104.04 in chips) 
fataleggs13: posts small blind $0.50
steelNike: posts big blind $1
Joe_Li7: sits out 
*** HOLE CARDS ***
blistein: folds 
blistein leaves the table
dervesh: folds 
Delthstriker: folds 
fataleggs13: raises $2 to $3
steelNike: calls $2
*** FLOP *** [Kd 2c 8d]
fataleggs13: checks 
steelNike: bets $1.50
fataleggs13: folds 
Uncalled bet ($1.50) returned to steelNike
steelNike collected $5.70 from pot
*** SUMMARY ***
Total pot $6 | Rake $0.30 
Board [Kd 2c 8d]
Seat 1: Joe_Li7
Seat 2: dervesh folded before Flop (didn't bet)
Seat 3: Delthstriker (button) folded before Flop (didn't bet)
Seat 4: fataleggs13 (small blind) folded on the Flop
Seat 5: steelNike (big blind) collected ($5.70)
Seat 6: blistein folded before Flop (didn't bet)



PokerStars Hand #254269878477:  Hold'em No Limit ($0.50/$1.00 USD) - 2025/01/08 22:25:14 WET [2025/01/08 17:25:14 ET]
Table 'Anitra' 6-max Seat #4 is the button
Seat 1: Joe_Li7 ($100 in chips) 
Seat 2: dervesh ($100 in chips) 
Seat 3: Delthstriker ($67.80 in chips) 
Seat 4: fataleggs13 ($75 in chips) 
Seat 5: steelNike ($39.10 in chips) 
steelNike: posts small blind $0.50
Joe_Li7: posts big blind $1
*** HOLE CARDS ***
dervesh: folds 
Delthstriker: raises $2 to $3
fataleggs13: folds 
steelNike: folds 
numapu_33 joins the table at seat #6 
Joe_Li7: calls $2
*** FLOP *** [Qh 5h 4d]
Joe_Li7: checks 
Delthstriker: bets $2
Joe_Li7: folds 
Uncalled bet ($2) returned to Delthstriker
Delthstriker collected $6.18 from pot
Delthstriker: doesn't show hand 
*** SUMMARY ***
Total pot $6.50 | Rake $0.32 
Board [Qh 5h 4d]
Seat 1: Joe_Li7 (big blind) folded on the Flop
Seat 2: dervesh folded before Flop (didn't bet)
Seat 3: Delthstriker collected ($6.18)
Seat 4: fataleggs13 (button) folded before Flop (didn't bet)
Seat 5: steelNike (small blind) folded before Flop



PokerStars Hand #254269892948:  Hold'em No Limit ($0.50/$1.00 USD) - 2025/01/08 22:26:00 WET [2025/01/08 17:26:00 ET]
Table 'Anitra' 6-max Seat #5 is the button
Seat 6: numapu_33 ($100 in chips) is sitting out
Seat 1: Joe_Li7 ($100 in chips) 
Seat 2: dervesh ($100 in chips) 
Seat 3: Delthstriker ($70.98 in chips) 
Seat 4: fataleggs13 ($75 in chips) 
Seat 5: steelNike ($38.60 in chips) 
Joe_Li7: posts small blind $0.50
dervesh: posts big blind $1
*** HOLE CARDS ***
Delthstriker: folds 
fataleggs13: folds 
steelNike: folds 
Joe_Li7: raises $2 to $3
Delthstriker leaves the table
dervesh: folds 
Uncalled bet ($2) returned to Joe_Li7
Joe_Li7 collected $2 from pot
*** SUMMARY ***
Total pot $2 | Rake $0 
Seat 6: numapu_33
Seat 1: Joe_Li7 (small blind) collected ($2)
Seat 2: dervesh (big blind) folded before Flop
Seat 3: Delthstriker folded before Flop (didn't bet)
Seat 4: fataleggs13 folded before Flop (didn't bet)
Seat 5: steelNike (button) folded before Flop (didn't bet)



PokerStars Hand #254269897225:  Hold'em No Limit ($0.50/$1.00 USD) - 2025/01/08 22:26:14 WET [2025/01/08 17:26:14 ET]
Table 'Anitra' 6-max Seat #1 is the button
Seat 6: numapu_33 ($100 in chips) is sitting out
Seat 1: Joe_Li7 ($101 in chips) 
Seat 2: dervesh ($100 in chips) 
Seat 4: fataleggs13 ($75 in chips) 
Seat 5: steelNike ($38.60 in chips) 
dervesh: posts small blind $0.50
fataleggs13: posts big blind $1
numapu_33: sits out 
*** HOLE CARDS ***
steelNike: raises $1 to $2
Joe_Li7: folds 
dervesh: folds 
fataleggs13: calls $1
*** FLOP *** [2s As 3c]
fataleggs13: checks 
steelNike: bets $1.07
fataleggs13: calls $1.07
*** TURN *** [2s As 3c] [6c]
fataleggs13: checks 
steelNike: checks 
*** RIVER *** [2s As 3c 6c] [Qd]
fataleggs13: checks 
steelNike: checks 
*** SHOW DOWN ***
fataleggs13: shows [Js Qs] (a pair of Queens)
steelNike: mucks hand 
fataleggs13 collected $6.31 from pot
*** SUMMARY ***
Total pot $6.64 | Rake $0.33 
Board [2s As 3c 6c Qd]
Seat 6: numapu_33
Seat 1: Joe_Li7 (button) folded before Flop (didn't bet)
Seat 2: dervesh (small blind) folded before Flop
Seat 4: fataleggs13 (big blind) showed [Js Qs] and won ($6.31) with a pair of Queens
Seat 5: steelNike mucked



PokerStars Hand #254269908377:  Hold'em No Limit ($0.50/$1.00 USD) - 2025/01/08 22:26:49 WET [2025/01/08 17:26:49 ET]
Table 'Anitra' 6-max Seat #2 is the button
Seat 6: numapu_33 ($100 in chips) is sitting out
Seat 1: Joe_Li7 ($101 in chips) 
Seat 2: dervesh ($100 in chips) 
Seat 4: fataleggs13 ($78.24 in chips) 
Seat 5: steelNike ($35.53 in chips) 
fataleggs13: posts small blind $0.50
steelNike: posts big blind $1
numapu_33: sits out 
*** HOLE CARDS ***
Joe_Li7: folds 
dervesh: raises $1.50 to $2.50
fataleggs13: raises $8.50 to $11
steelNike: folds 
dervesh: folds 
Uncalled bet ($8.50) returned to fataleggs13
fataleggs13 collected $6 from pot
fataleggs13: doesn't show hand 
*** SUMMARY ***
Total pot $6 | Rake $0 
Seat 6: numapu_33
Seat 1: Joe_Li7 folded before Flop (didn't bet)
Seat 2: dervesh (button) folded before Flop
Seat 4: fataleggs13 (small blind) collected ($6)
Seat 5: steelNike (big blind) folded before Flop



PokerStars Hand #254269914023:  Hold'em No Limit ($0.50/$1.00 USD) - 2025/01/08 22:27:06 WET [2025/01/08 17:27:06 ET]
Table 'Anitra' 6-max Seat #4 is the button
Seat 1: Joe_Li7 ($101 in chips) 
Seat 2: dervesh ($100 in chips) 
Seat 4: fataleggs13 ($81.74 in chips) 
Seat 5: steelNike ($34.53 in chips) 
Seat 6: numapu_33 ($100 in chips) 
steelNike: posts small blind $0.50
numapu_33: posts big blind $1
*** HOLE CARDS ***
Joe_Li7: raises $1.20 to $2.20
dervesh: folds 
fataleggs13: folds 
steelNike: folds 
numapu_33: folds 
Uncalled bet ($1.20) returned to Joe_Li7
Joe_Li7 collected $2.50 from pot
*** SUMMARY ***
Total pot $2.50 | Rake $0 
Seat 1: Joe_Li7 collected ($2.50)
Seat 2: dervesh folded before Flop (didn't bet)
Seat 4: fataleggs13 (button) folded before Flop (didn't bet)
Seat 5: steelNike (small blind) folded before Flop
Seat 6: numapu_33 (big blind) folded before Flop



PokerStars Hand #254269916953:  Hold'em No Limit ($0.50/$1.00 USD) - 2025/01/08 22:27:16 WET [2025/01/08 17:27:16 ET]
Table 'Anitra' 6-max Seat #5 is the button
Seat 1: Joe_Li7 ($102.50 in chips) is sitting out
Seat 2: dervesh ($100 in chips) 
Seat 4: fataleggs13 ($81.74 in chips) 
Seat 5: steelNike ($34.03 in chips) 
Seat 6: numapu_33 ($100 in chips) 
numapu_33: posts small blind $0.50
Joe_Li7: is sitting out 
dervesh: posts big blind $1
*** HOLE CARDS ***
fataleggs13: folds 
fataleggs13 leaves the table
steelNike: raises $1.30 to $2.30
numapu_33: folds 
dervesh: calls $1.30
*** FLOP *** [Kh 6d Ac]
dervesh: checks 
steelNike: bets $1.50
dervesh: folds 
Uncalled bet ($1.50) returned to steelNike
steelNike collected $4.84 from pot
*** SUMMARY ***
Total pot $5.10 | Rake $0.26 
Board [Kh 6d Ac]
Seat 1: Joe_Li7
Seat 2: dervesh (big blind) folded on the Flop
Seat 4: fataleggs13 folded before Flop (didn't bet)
Seat 5: steelNike (button) collected ($4.84)
Seat 6: numapu_33 (small blind) folded before Flop



PokerStars Hand #254269925010:  Hold'em No Limit ($0.50/$1.00 USD) - 2025/01/08 22:27:42 WET [2025/01/08 17:27:42 ET]
Table 'Anitra' 6-max Seat #6 is the button
Seat 1: Joe_Li7 ($102.50 in chips) is sitting out
Seat 2: dervesh ($100 in chips) 
Seat 5: steelNike ($36.57 in chips) 
Seat 6: numapu_33 ($100 in chips) 
dervesh: posts small blind $0.50
steelNike: posts big blind $1
*** HOLE CARDS ***
numapu_33: folds 
Joe_Li7 leaves the table
dervesh: folds 
Uncalled bet ($0.50) returned to steelNike
steelNike collected $1 from pot
*** SUMMARY ***
Total pot $1 | Rake $0 
Seat 1: Joe_Li7
Seat 2: dervesh (small blind) folded before Flop
Seat 5: steelNike (big blind) collected ($1)
Seat 6: numapu_33 (button) folded before Flop (didn't bet)



PokerStars Hand #254269927547:  Hold'em No Limit ($0.50/$1.00 USD) - 2025/01/08 22:27:50 WET [2025/01/08 17:27:50 ET]
Table 'Anitra' 6-max Seat #5 is the button
Seat 6: numapu_33 ($100 in chips) is sitting out
Seat 2: dervesh ($100 in chips) 
Seat 5: steelNike ($37.07 in chips) 
steelNike: posts small blind $0.50
numapu_33: is sitting out 
dervesh: posts big blind $1
*** HOLE CARDS ***
steelNike: raises $1 to $2
numapu_33 leaves the table
dervesh: calls $1
*** FLOP *** [Qs 3c 8c]
dervesh: checks 
steelNike: bets $1
dervesh: calls $1
*** TURN *** [Qs 3c 8c] [8h]
dervesh: checks 
steelNike: checks 
*** RIVER *** [Qs 3c 8c 8h] [9s]
dervesh: bets $3.76
steelNike: folds 
Uncalled bet ($3.76) returned to dervesh
dervesh collected $5.70 from pot
dervesh: doesn't show hand 
*** SUMMARY ***
Total pot $6 | Rake $0.30 
Board [Qs 3c 8c 8h 9s]
Seat 6: numapu_33
Seat 2: dervesh (big blind) collected ($5.70)
Seat 5: steelNike (button) (small blind) folded on the River



PokerStars Hand #254269935729:  Hold'em No Limit ($0.50/$1.00 USD) - 2025/01/08 22:28:15 WET [2025/01/08 17:28:15 ET]
Table 'Anitra' 6-max Seat #2 is the button
Seat 2: dervesh ($102.70 in chips) 
Seat 5: steelNike ($34.07 in chips) 
dervesh: posts small blind $0.50
steelNike: posts big blind $1
*** HOLE CARDS ***
dervesh: raises $1 to $2
steelNike: calls $1
*** FLOP *** [2s Ah Td]
steelNike: checks 
dervesh: bets $1.52
steelNike: folds 
Uncalled bet ($1.52) returned to dervesh
dervesh collected $3.80 from pot
dervesh: doesn't show hand 
*** SUMMARY ***
Total pot $4 | Rake $0.20 
Board [2s Ah Td]
Seat 2: dervesh (button) (small blind) collected ($3.80)
Seat 5: steelNike (big blind) folded on the Flop



PokerStars Hand #254269940989:  Hold'em No Limit ($0.50/$1.00 USD) - 2025/01/08 22:28:32 WET [2025/01/08 17:28:32 ET]
Table 'Anitra' 6-max Seat #5 is the button
Seat 2: dervesh ($104.50 in chips) 
Seat 5: steelNike ($32.07 in chips) 
steelNike: posts small blind $0.50
dervesh: posts big blind $1
*** HOLE CARDS ***
steelNike: raises $1 to $2
dervesh: raises $5 to $7
steelNike: folds 
Uncalled bet ($5) returned to dervesh
dervesh collected $4 from pot
dervesh: doesn't show hand 
*** SUMMARY ***
Total pot $4 | Rake $0 
Seat 2: dervesh (big blind) collected ($4)
Seat 5: steelNike (button) (small blind) folded before Flop



PokerStars Hand #254269945383:  Hold'em No Limit ($0.50/$1.00 USD) - 2025/01/08 22:28:46 WET [2025/01/08 17:28:46 ET]
Table 'Anitra' 6-max Seat #2 is the button
Seat 2: dervesh ($106.50 in chips) 
Seat 5: steelNike ($30.07 in chips) 
dervesh: posts small blind $0.50
steelNike: posts big blind $1
*** HOLE CARDS ***
dervesh: raises $1 to $2
steelNike: folds 
Uncalled bet ($1) returned to dervesh
dervesh collected $2 from pot
dervesh: doesn't show hand 
*** SUMMARY ***
Total pot $2 | Rake $0 
Seat 2: dervesh (button) (small blind) collected ($2)
Seat 5: steelNike (big blind) folded before Flop



PokerStars Hand #254269947834:  Hold'em No Limit ($0.50/$1.00 USD) - 2025/01/08 22:28:54 WET [2025/01/08 17:28:54 ET]
Table 'Anitra' 6-max Seat #5 is the button
Seat 2: dervesh ($107.50 in chips) 
Seat 5: steelNike ($29.07 in chips) 
steelNike: posts small blind $0.50
dervesh: posts big blind $1
*** HOLE CARDS ***
steelNike: folds 
Uncalled bet ($0.50) returned to dervesh
dervesh collected $1 from pot
dervesh: doesn't show hand 
*** SUMMARY ***
Total pot $1 | Rake $0 
Seat 2: dervesh (big blind) collected ($1)
Seat 5: steelNike (button) (small blind) folded before Flop



PokerStars Hand #254269949953:  Hold'em No Limit ($0.50/$1.00 USD) - 2025/01/08 22:29:00 WET [2025/01/08 17:29:00 ET]
Table 'Anitra' 6-max Seat #2 is the button
Seat 2: dervesh ($108 in chips) 
Seat 5: steelNike ($28.57 in chips) 
dervesh: posts small blind $0.50
steelNike: posts big blind $1
*** HOLE CARDS ***
dervesh: raises $1 to $2
steelNike: folds 
Uncalled bet ($1) returned to dervesh
dervesh collected $2 from pot
dervesh: doesn't show hand 
*** SUMMARY ***
Total pot $2 | Rake $0 
Seat 2: dervesh (button) (small blind) collected ($2)
Seat 5: steelNike (big blind) folded before Flop



PokerStars Hand #254269952350:  Hold'em No Limit ($0.50/$1.00 USD) - 2025/01/08 22:29:08 WET [2025/01/08 17:29:08 ET]
Table 'Anitra' 6-max Seat #5 is the button
Seat 2: dervesh ($109 in chips) 
Seat 5: steelNike ($27.57 in chips) 
steelNike: posts small blind $0.50
dervesh: posts big blind $1
*** HOLE CARDS ***
steelNike: raises $1 to $2
dervesh: calls $1
*** FLOP *** [5d 9h 4c]
dervesh: checks 
steelNike: bets $1
dervesh: raises $3.83 to $4.83
steelNike: folds 
Uncalled bet ($3.83) returned to dervesh
dervesh collected $5.70 from pot
dervesh: doesn't show hand 
*** SUMMARY ***
Total pot $6 | Rake $0.30 
Board [5d 9h 4c]
Seat 2: dervesh (big blind) collected ($5.70)
Seat 5: steelNike (button) (small blind) folded on the Flop



PokerStars Hand #254269958492:  Hold'em No Limit ($0.50/$1.00 USD) - 2025/01/08 22:29:27 WET [2025/01/08 17:29:27 ET]
Table 'Anitra' 6-max Seat #2 is the button
Seat 2: dervesh ($111.70 in chips) 
Seat 5: steelNike ($24.57 in chips) 
dervesh: posts small blind $0.50
steelNike: posts big blind $1
*** HOLE CARDS ***
dervesh: folds 
Uncalled bet ($0.50) returned to steelNike
steelNike collected $1 from pot
*** SUMMARY ***
Total pot $1 | Rake $0 
Seat 2: dervesh (button) (small blind) folded before Flop
Seat 5: steelNike (big blind) collected ($1)



PokerStars Hand #254269960539:  Hold'em No Limit ($0.50/$1.00 USD) - 2025/01/08 22:29:34 WET [2025/01/08 17:29:34 ET]
Table 'Anitra' 6-max Seat #5 is the button
Seat 2: dervesh ($111.20 in chips) 
Seat 5: steelNike ($25.07 in chips) 
steelNike: posts small blind $0.50
dervesh: posts big blind $1
*** HOLE CARDS ***
steelNike: raises $1 to $2
dervesh: folds 
Uncalled bet ($1) returned to steelNike
steelNike collected $2 from pot
*** SUMMARY ***
Total pot $2 | Rake $0 
Seat 2: dervesh (big blind) folded before Flop
Seat 5: steelNike (button) (small blind) collected ($2)



PokerStars Hand #254269962871:  Hold'em No Limit ($0.50/$1.00 USD) - 2025/01/08 22:29:41 WET [2025/01/08 17:29:41 ET]
Table 'Anitra' 6-max Seat #2 is the button
Seat 2: dervesh ($110.20 in chips) 
Seat 5: steelNike ($26.07 in chips) 
dervesh: posts small blind $0.50
steelNike: posts big blind $1
*** HOLE CARDS ***
dervesh: raises $1.20 to $2.20
steelNike: folds 
Uncalled bet ($1.20) returned to dervesh
dervesh collected $2 from pot
dervesh: doesn't show hand 
*** SUMMARY ***
Total pot $2 | Rake $0 
Seat 2: dervesh (button) (small blind) collected ($2)
Seat 5: steelNike (big blind) folded before Flop



PokerStars Hand #254269965343:  Hold'em No Limit ($0.50/$1.00 USD) - 2025/01/08 22:29:49 WET [2025/01/08 17:29:49 ET]
Table 'Anitra' 6-max Seat #5 is the button
Seat 2: dervesh ($111.20 in chips) 
Seat 5: steelNike ($25.07 in chips) 
steelNike: posts small blind $0.50
dervesh: posts big blind $1
*** HOLE CARDS ***
steelNike: raises $1 to $2
dervesh: raises $5 to $7
steelNike: raises $18.07 to $25.07 and is all-in
dervesh: calls $18.07
*** FLOP *** [Kc 2s Th]
*** TURN *** [Kc 2s Th] [7h]
*** RIVER *** [Kc 2s Th 7h] [8c]
*** SHOW DOWN ***
dervesh: shows [Qh Ac] (high card Ace)
steelNike: shows [Ad 9c] (high card Ace - lower kicker)
dervesh collected $49.14 from pot
*** SUMMARY ***
Total pot $50.14 | Rake $1 
Board [Kc 2s Th 7h 8c]
Seat 2: dervesh (big blind) showed [Qh Ac] and won ($49.14) with high card Ace
Seat 5: steelNike (button) (small blind) showed [Ad 9c] and lost with high card Ace



PokerStars Hand #254269973077:  Hold'em No Limit ($0.50/$1.00 USD) - 2025/01/08 22:30:13 WET [2025/01/08 17:30:13 ET]
Table 'Anitra' 6-max Seat #2 is the button
Seat 2: dervesh ($135.27 in chips) 
Seat 5: steelNike ($40 in chips) 
dervesh: posts small blind $0.50
steelNike: posts big blind $1
*** HOLE CARDS ***
dervesh: folds 
Uncalled bet ($0.50) returned to steelNike
steelNike collected $1 from pot
*** SUMMARY ***
Total pot $1 | Rake $0 
Seat 2: dervesh (button) (small blind) folded before Flop
Seat 5: steelNike (big blind) collected ($1)



PokerStars Hand #254269975532:  Hold'em No Limit ($0.50/$1.00 USD) - 2025/01/08 22:30:21 WET [2025/01/08 17:30:21 ET]
Table 'Anitra' 6-max Seat #5 is the button
Seat 2: dervesh ($134.77 in chips) 
Seat 5: steelNike ($40.50 in chips) 
steelNike: posts small blind $0.50
dervesh: posts big blind $1
*** HOLE CARDS ***
steelNike: folds 
Uncalled bet ($0.50) returned to dervesh
dervesh collected $1 from pot
dervesh: doesn't show hand 
*** SUMMARY ***
Total pot $1 | Rake $0 
Seat 2: dervesh (big blind) collected ($1)
Seat 5: steelNike (button) (small blind) folded before Flop



PokerStars Hand #254269978396:  Hold'em No Limit ($0.50/$1.00 USD) - 2025/01/08 22:30:30 WET [2025/01/08 17:30:30 ET]
Table 'Anitra' 6-max Seat #2 is the button
Seat 2: dervesh ($135.27 in chips) 
Seat 5: steelNike ($40 in chips) 
dervesh: posts small blind $0.50
steelNike: posts big blind $1
*** HOLE CARDS ***
dervesh: raises $1 to $2
steelNike: folds 
Uncalled bet ($1) returned to dervesh
dervesh collected $2 from pot
dervesh: doesn't show hand 
*** SUMMARY ***
Total pot $2 | Rake $0 
Seat 2: dervesh (button) (small blind) collected ($2)
Seat 5: steelNike (big blind) folded before Flop



PokerStars Hand #254269981960:  Hold'em No Limit ($0.50/$1.00 USD) - 2025/01/08 22:30:42 WET [2025/01/08 17:30:42 ET]
Table 'Anitra' 6-max Seat #5 is the button
Seat 2: dervesh ($136.27 in chips) 
Seat 5: steelNike ($39 in chips) 
steelNike: posts small blind $0.50
dervesh: posts big blind $1
*** HOLE CARDS ***
steelNike: folds 
Uncalled bet ($0.50) returned to dervesh
dervesh collected $1 from pot
dervesh: doesn't show hand 
*** SUMMARY ***
Total pot $1 | Rake $0 
Seat 2: dervesh (big blind) collected ($1)
Seat 5: steelNike (button) (small blind) folded before Flop



PokerStars Hand #254269983644:  Hold'em No Limit ($0.50/$1.00 USD) - 2025/01/08 22:30:47 WET [2025/01/08 17:30:47 ET]
Table 'Anitra' 6-max Seat #2 is the button
Seat 2: dervesh ($136.77 in chips) 
Seat 5: steelNike ($38.50 in chips) 
dervesh: posts small blind $0.50
steelNike: posts big blind $1
*** HOLE CARDS ***
dervesh: raises $1 to $2
steelNike: folds 
Uncalled bet ($1) returned to dervesh
dervesh collected $2 from pot
dervesh: doesn't show hand 
*** SUMMARY ***
Total pot $2 | Rake $0 
Seat 2: dervesh (button) (small blind) collected ($2)
Seat 5: steelNike (big blind) folded before Flop



PokerStars Hand #254269985965:  Hold'em No Limit ($0.50/$1.00 USD) - 2025/01/08 22:30:55 WET [2025/01/08 17:30:55 ET]
Table 'Anitra' 6-max Seat #5 is the button
Seat 2: dervesh ($137.77 in chips) 
Seat 5: steelNike ($37.50 in chips) 
steelNike: posts small blind $0.50
dervesh: posts big blind $1
*** HOLE CARDS ***
steelNike: raises $1 to $2
dervesh: calls $1
*** FLOP *** [6c 5c Qd]
dervesh: checks 
steelNike: bets $1
dervesh: folds 
Uncalled bet ($1) returned to steelNike
steelNike collected $3.80 from pot
*** SUMMARY ***
Total pot $4 | Rake $0.20 
Board [6c 5c Qd]
Seat 2: dervesh (big blind) folded on the Flop
Seat 5: steelNike (button) (small blind) collected ($3.80)



PokerStars Hand #254269990929:  Hold'em No Limit ($0.50/$1.00 USD) - 2025/01/08 22:31:10 WET [2025/01/08 17:31:10 ET]
Table 'Anitra' 6-max Seat #2 is the button
Seat 2: dervesh ($135.77 in chips) 
Seat 5: steelNike ($39.30 in chips) 
dervesh: posts small blind $0.50
steelNike: posts big blind $1
*** HOLE CARDS ***
dervesh: raises $1 to $2
steelNike: folds 
Uncalled bet ($1) returned to dervesh
dervesh collected $2 from pot
dervesh: doesn't show hand 
1.0OO.0OO$ joins the table at seat #1 
*** SUMMARY ***
Total pot $2 | Rake $0 
Seat 2: dervesh (button) (small blind) collected ($2)
Seat 5: steelNike (big blind) folded before Flop



PokerStars Hand #254269993436:  Hold'em No Limit ($0.50/$1.00 USD) - 2025/01/08 22:31:18 WET [2025/01/08 17:31:18 ET]
Table 'Anitra' 6-max Seat #2 is the button
Seat 1: 1.0OO.0OO$ ($100 in chips) 
Seat 2: dervesh ($136.77 in chips) 
Seat 5: steelNike ($38.30 in chips) 
steelNike: posts small blind $0.50
1.0OO.0OO$: posts big blind $1
*** HOLE CARDS ***
dervesh: folds 
Checkraise_Lux joins the table at seat #3 
steelNike: raises $2 to $3
1.0OO.0OO$: raises $6 to $9
steelNike: folds 
Uncalled bet ($6) returned to 1.0OO.0OO$
1.0OO.0OO$ collected $6 from pot
1.0OO.0OO$: doesn't show hand 
*** SUMMARY ***
Total pot $6 | Rake $0 
Seat 1: 1.0OO.0OO$ (big blind) collected ($6)
Seat 2: dervesh (button) folded before Flop (didn't bet)
Seat 5: steelNike (small blind) folded before Flop



PokerStars Hand #254269998784:  Hold'em No Limit ($0.50/$1.00 USD) - 2025/01/08 22:31:35 WET [2025/01/08 17:31:35 ET]
Table 'Anitra' 6-max Seat #5 is the button
Seat 3: Checkraise_Lux ($100 in chips) is sitting out
Seat 1: 1.0OO.0OO$ ($103 in chips) 
Seat 2: dervesh ($136.77 in chips) 
Seat 5: steelNike ($35.30 in chips) 
1.0OO.0OO$: posts small blind $0.50
dervesh: posts big blind $1
Checkraise_Lux: sits out 
*** HOLE CARDS ***
YeeesMan joins the table at seat #4 
steelNike: raises $1.30 to $2.30
1.0OO.0OO$: folds 
dervesh: folds 
Uncalled bet ($1.30) returned to steelNike
steelNike collected $2.50 from pot
*** SUMMARY ***
Total pot $2.50 | Rake $0 
Seat 3: Checkraise_Lux
Seat 1: 1.0OO.0OO$ (small blind) folded before Flop
Seat 2: dervesh (big blind) folded before Flop
Seat 5: steelNike (button) collected ($2.50)



PokerStars Hand #254270002706:  Hold'em No Limit ($0.50/$1.00 USD) - 2025/01/08 22:31:48 WET [2025/01/08 17:31:48 ET]
Table 'Anitra' 6-max Seat #1 is the button
Seat 4: YeeesMan ($100 in chips) is sitting out
Seat 1: 1.0OO.0OO$ ($102.50 in chips) 
Seat 2: dervesh ($135.77 in chips) 
Seat 3: Checkraise_Lux ($100 in chips) 
Seat 5: steelNike ($36.80 in chips) 
dervesh: posts small blind $0.50
Checkraise_Lux: posts big blind $1
YeeesMan: sits out 
*** HOLE CARDS ***
steelNike: folds 
1.0OO.0OO$: folds 
dervesh: folds 
Uncalled bet ($0.50) returned to Checkraise_Lux
Checkraise_Lux collected $1 from pot
*** SUMMARY ***
Total pot $1 | Rake $0 
Seat 4: YeeesMan
Seat 1: 1.0OO.0OO$ (button) folded before Flop (didn't bet)
Seat 2: dervesh (small blind) folded before Flop
Seat 3: Checkraise_Lux (big blind) collected ($1)
Seat 5: steelNike folded before Flop (didn't bet)



PokerStars Hand #254270005477:  Hold'em No Limit ($0.50/$1.00 USD) - 2025/01/08 22:31:56 WET [2025/01/08 17:31:56 ET]
Table 'Anitra' 6-max Seat #2 is the button
Seat 1: 1.0OO.0OO$ ($102.50 in chips) 
Seat 2: dervesh ($135.27 in chips) 
Seat 3: Checkraise_Lux ($100.50 in chips) 
Seat 4: YeeesMan ($100 in chips) 
Seat 5: steelNike ($36.80 in chips) 
Checkraise_Lux: posts small blind $0.50
YeeesMan: posts big blind $1
*** HOLE CARDS ***
steelNike: raises $1 to $2
1.0OO.0OO$: folds 
dervesh: folds 
Checkraise_Lux: raises $7 to $9
YeeesMan: folds 
steelNike: folds 
Uncalled bet ($7) returned to Checkraise_Lux
Checkraise_Lux collected $5 from pot
*** SUMMARY ***
Total pot $5 | Rake $0 
Seat 1: 1.0OO.0OO$ folded before Flop (didn't bet)
Seat 2: dervesh (button) folded before Flop (didn't bet)
Seat 3: Checkraise_Lux (small blind) collected ($5)
Seat 4: YeeesMan (big blind) folded before Flop
Seat 5: steelNike folded before Flop



PokerStars Hand #254270013518:  Hold'em No Limit ($0.50/$1.00 USD) - 2025/01/08 22:32:22 WET [2025/01/08 17:32:22 ET]
Table 'Anitra' 6-max Seat #3 is the button
Seat 1: 1.0OO.0OO$ ($102.50 in chips) 
Seat 2: dervesh ($135.27 in chips) 
Seat 3: Checkraise_Lux ($103.50 in chips) 
Seat 4: YeeesMan ($100 in chips) 
Seat 5: steelNike ($34.80 in chips) 
YeeesMan: posts small blind $0.50
steelNike: posts big blind $1
*** HOLE CARDS ***
1.0OO.0OO$: folds 
dervesh: folds 
Checkraise_Lux: raises $1.50 to $2.50
YeeesMan: folds 
Tibibacsi joins the table at seat #6 
steelNike: raises $5.50 to $8
Checkraise_Lux: folds 
Uncalled bet ($5.50) returned to steelNike
steelNike collected $5.50 from pot
*** SUMMARY ***
Total pot $5.50 | Rake $0 
Seat 1: 1.0OO.0OO$ folded before Flop (didn't bet)
Seat 2: dervesh folded before Flop (didn't bet)
Seat 3: Checkraise_Lux (button) folded before Flop
Seat 4: YeeesMan (small blind) folded before Flop
Seat 5: steelNike (big blind) collected ($5.50)



PokerStars Hand #254270023492:  Hold'em No Limit ($0.50/$1.00 USD) - 2025/01/08 22:32:54 WET [2025/01/08 17:32:54 ET]
Table 'Anitra' 6-max Seat #4 is the button
Seat 1: 1.0OO.0OO$ ($102.50 in chips) 
Seat 2: dervesh ($135.27 in chips) 
Seat 3: Checkraise_Lux ($101 in chips) 
Seat 4: YeeesMan ($100 in chips) 
Seat 5: steelNike ($37.80 in chips) 
Seat 6: Tibibacsi ($100 in chips) 
steelNike: posts small blind $0.50
Tibibacsi: posts big blind $1
*** HOLE CARDS ***
1.0OO.0OO$: folds 
dervesh: folds 
Checkraise_Lux: folds 
YeeesMan: folds 
steelNike: raises $2 to $3
Tibibacsi: calls $2
*** FLOP *** [Td Ah Qc]
steelNike: bets $1.43
Tibibacsi: folds 
Uncalled bet ($1.43) returned to steelNike
steelNike collected $5.70 from pot
*** SUMMARY ***
Total pot $6 | Rake $0.30 
Board [Td Ah Qc]
Seat 1: 1.0OO.0OO$ folded before Flop (didn't bet)
Seat 2: dervesh folded before Flop (didn't bet)
Seat 3: Checkraise_Lux folded before Flop (didn't bet)
Seat 4: YeeesMan (button) folded before Flop (didn't bet)
Seat 5: steelNike (small blind) collected ($5.70)
Seat 6: Tibibacsi (big blind) folded on the Flop



PokerStars Hand #254270035224:  Hold'em No Limit ($0.50/$1.00 USD) - 2025/01/08 22:33:31 WET [2025/01/08 17:33:31 ET]
Table 'Anitra' 6-max Seat #5 is the button
Seat 1: 1.0OO.0OO$ ($102.50 in chips) 
Seat 2: dervesh ($135.27 in chips) 
Seat 3: Checkraise_Lux ($101 in chips) 
Seat 4: YeeesMan ($100 in chips) 
Seat 5: steelNike ($40.50 in chips) 
Seat 6: Tibibacsi ($100 in chips) 
Tibibacsi: posts small blind $0.50
1.0OO.0OO$: posts big blind $1
*** HOLE CARDS ***
dervesh: raises $1.50 to $2.50
Checkraise_Lux: raises $4.50 to $7
YeeesMan: folds 
steelNike: folds 
Tibibacsi: folds 
1.0OO.0OO$: folds 
dervesh: folds 
Uncalled bet ($4.50) returned to Checkraise_Lux
Checkraise_Lux collected $6.50 from pot
*** SUMMARY ***
Total pot $6.50 | Rake $0 
Seat 1: 1.0OO.0OO$ (big blind) folded before Flop
Seat 2: dervesh folded before Flop
Seat 3: Checkraise_Lux collected ($6.50)
Seat 4: YeeesMan folded before Flop (didn't bet)
Seat 5: steelNike (button) folded before Flop (didn't bet)
Seat 6: Tibibacsi (small blind) folded before Flop



PokerStars Hand #254270044878:  Hold'em No Limit ($0.50/$1.00 USD) - 2025/01/08 22:34:02 WET [2025/01/08 17:34:02 ET]
Table 'Anitra' 6-max Seat #6 is the button
Seat 1: 1.0OO.0OO$ ($101.50 in chips) 
Seat 2: dervesh ($132.77 in chips) 
Seat 3: Checkraise_Lux ($105 in chips) 
Seat 4: YeeesMan ($100 in chips) 
Seat 5: steelNike ($40.50 in chips) 
Seat 6: Tibibacsi ($100 in chips) 
1.0OO.0OO$: posts small blind $0.50
dervesh: posts big blind $1
*** HOLE CARDS ***
Checkraise_Lux has timed out
Checkraise_Lux: folds 
YeeesMan: raises $1.50 to $2.50
steelNike: folds 
Tibibacsi: calls $2.50
1.0OO.0OO$: raises $11.50 to $14
dervesh: folds 
YeeesMan: folds 
Tibibacsi: raises $86 to $100 and is all-in
1.0OO.0OO$: folds 
Uncalled bet ($86) returned to Tibibacsi
Tibibacsi collected $31.50 from pot
Tibibacsi: doesn't show hand 
*** SUMMARY ***
Total pot $31.50 | Rake $0 
Seat 1: 1.0OO.0OO$ (small blind) folded before Flop
Seat 2: dervesh (big blind) folded before Flop
Seat 3: Checkraise_Lux folded before Flop (didn't bet)
Seat 4: YeeesMan folded before Flop
Seat 5: steelNike folded before Flop (didn't bet)
Seat 6: Tibibacsi (button) collected ($31.50)



PokerStars Hand #254270067045:  Hold'em No Limit ($0.50/$1.00 USD) - 2025/01/08 22:35:14 WET [2025/01/08 17:35:14 ET]
Table 'Anitra' 6-max Seat #1 is the button
Seat 1: 1.0OO.0OO$ ($100 in chips) 
Seat 2: dervesh ($131.77 in chips) 
Seat 3: Checkraise_Lux ($105 in chips) 
Seat 4: YeeesMan ($100 in chips) 
Seat 5: steelNike ($40.50 in chips) 
Seat 6: Tibibacsi ($117.50 in chips) 
dervesh: posts small blind $0.50
Checkraise_Lux: posts big blind $1
*** HOLE CARDS ***
YeeesMan: folds 
steelNike: folds 
Tibibacsi: folds 
1.0OO.0OO$: raises $1.50 to $2.50
dervesh: raises $8 to $10.50
Checkraise_Lux: folds 
1.0OO.0OO$: folds 
Uncalled bet ($8) returned to dervesh
dervesh collected $6 from pot
dervesh: doesn't show hand 
*** SUMMARY ***
Total pot $6 | Rake $0 
Seat 1: 1.0OO.0OO$ (button) folded before Flop
Seat 2: dervesh (small blind) collected ($6)
Seat 3: Checkraise_Lux (big blind) folded before Flop
Seat 4: YeeesMan folded before Flop (didn't bet)
Seat 5: steelNike folded before Flop (didn't bet)
Seat 6: Tibibacsi folded before Flop (didn't bet)



PokerStars Hand #254270072873:  Hold'em No Limit ($0.50/$1.00 USD) - 2025/01/08 22:35:32 WET [2025/01/08 17:35:32 ET]
Table 'Anitra' 6-max Seat #2 is the button
Seat 4: YeeesMan ($100 in chips) is sitting out
Seat 1: 1.0OO.0OO$ ($100 in chips) 
Seat 2: dervesh ($135.27 in chips) 
Seat 3: Checkraise_Lux ($104 in chips) 
Seat 5: steelNike ($40.50 in chips) 
Seat 6: Tibibacsi ($117.50 in chips) 
Checkraise_Lux: posts small blind $0.50
YeeesMan: is sitting out 
steelNike: posts big blind $1
*** HOLE CARDS ***
YeeesMan leaves the table
Tibibacsi: raises $1 to $2
1.0OO.0OO$: folds 
dervesh: folds 
Checkraise_Lux: folds 
steelNike: calls $1
*** FLOP *** [6c Ah Ts]
steelNike: checks 
Tibibacsi: bets $3.21
steelNike: raises $7.17 to $10.38
Tibibacsi: raises $105.12 to $115.50 and is all-in
steelNike: folds 
Uncalled bet ($105.12) returned to Tibibacsi
Tibibacsi collected $24 from pot
Tibibacsi: doesn't show hand 
*** SUMMARY ***
Total pot $25.26 | Rake $1.26 
Board [6c Ah Ts]
Seat 4: YeeesMan
Seat 1: 1.0OO.0OO$ folded before Flop (didn't bet)
Seat 2: dervesh (button) folded before Flop (didn't bet)
Seat 3: Checkraise_Lux (small blind) folded before Flop
Seat 5: steelNike (big blind) folded on the Flop
Seat 6: Tibibacsi collected ($24)



PokerStars Hand #254270100938:  Hold'em No Limit ($0.50/$1.00 USD) - 2025/01/08 22:37:03 WET [2025/01/08 17:37:03 ET]
Table 'Anitra' 6-max Seat #3 is the button
Seat 1: 1.0OO.0OO$ ($100 in chips) 
Seat 2: dervesh ($135.27 in chips) 
Seat 3: Checkraise_Lux ($103.50 in chips) 
Seat 5: steelNike ($28.12 in chips) 
Seat 6: Tibibacsi ($129.12 in chips) 
steelNike: posts small blind $0.50
Tibibacsi: posts big blind $1
*** HOLE CARDS ***
1.0OO.0OO$: folds 
dervesh: folds 
Checkraise_Lux: raises $1.50 to $2.50
steelNike: folds 
Tibibacsi: folds 
Uncalled bet ($1.50) returned to Checkraise_Lux
Checkraise_Lux collected $2.50 from pot
*** SUMMARY ***
Total pot $2.50 | Rake $0 
Seat 1: 1.0OO.0OO$ folded before Flop (didn't bet)
Seat 2: dervesh folded before Flop (didn't bet)
Seat 3: Checkraise_Lux (button) collected ($2.50)
Seat 5: steelNike (small blind) folded before Flop
Seat 6: Tibibacsi (big blind) folded before Flop



PokerStars Hand #254270104648:  Hold'em No Limit ($0.50/$1.00 USD) - 2025/01/08 22:37:15 WET [2025/01/08 17:37:15 ET]
Table 'Anitra' 6-max Seat #5 is the button
Seat 1: 1.0OO.0OO$ ($100 in chips) 
Seat 2: dervesh ($135.27 in chips) 
Seat 3: Checkraise_Lux ($105 in chips) 
Seat 5: steelNike ($27.62 in chips) 
Seat 6: Tibibacsi ($128.12 in chips) 
Tibibacsi: posts small blind $0.50
1.0OO.0OO$: posts big blind $1
*** HOLE CARDS ***
dervesh: folds 
Checkraise_Lux: folds 
steelNike: folds 
Tibibacsi: folds 
Uncalled bet ($0.50) returned to 1.0OO.0OO$
1.0OO.0OO$ collected $1 from pot
1.0OO.0OO$: doesn't show hand 
*** SUMMARY ***
Total pot $1 | Rake $0 
Seat 1: 1.0OO.0OO$ (big blind) collected ($1)
Seat 2: dervesh folded before Flop (didn't bet)
Seat 3: Checkraise_Lux folded before Flop (didn't bet)
Seat 5: steelNike (button) folded before Flop (didn't bet)
Seat 6: Tibibacsi (small blind) folded before Flop



PokerStars Hand #254270109215:  Hold'em No Limit ($0.50/$1.00 USD) - 2025/01/08 22:37:30 WET [2025/01/08 17:37:30 ET]
Table 'Anitra' 6-max Seat #6 is the button
Seat 1: 1.0OO.0OO$ ($100.50 in chips) 
Seat 2: dervesh ($135.27 in chips) 
Seat 3: Checkraise_Lux ($105 in chips) 
Seat 5: steelNike ($27.62 in chips) 
Seat 6: Tibibacsi ($127.62 in chips) 
1.0OO.0OO$: posts small blind $0.50
dervesh: posts big blind $1
*** HOLE CARDS ***
Checkraise_Lux: folds 
steelNike: folds 
Tibibacsi: raises $1.50 to $2.50
1.0OO.0OO$: folds 
dervesh: folds 
Uncalled bet ($1.50) returned to Tibibacsi
Tibibacsi collected $2.50 from pot
Tibibacsi: doesn't show hand 
*** SUMMARY ***
Total pot $2.50 | Rake $0 
Seat 1: 1.0OO.0OO$ (small blind) folded before Flop
Seat 2: dervesh (big blind) folded before Flop
Seat 3: Checkraise_Lux folded before Flop (didn't bet)
Seat 5: steelNike folded before Flop (didn't bet)
Seat 6: Tibibacsi (button) collected ($2.50)



PokerStars Hand #254270117070:  Hold'em No Limit ($0.50/$1.00 USD) - 2025/01/08 22:37:55 WET [2025/01/08 17:37:55 ET]
Table 'Anitra' 6-max Seat #1 is the button
Seat 1: 1.0OO.0OO$ ($100 in chips) 
Seat 2: dervesh ($134.27 in chips) 
Seat 3: Checkraise_Lux ($105 in chips) 
Seat 5: steelNike ($27.62 in chips) 
Seat 6: Tibibacsi ($129.12 in chips) 
dervesh: posts small blind $0.50
Checkraise_Lux: posts big blind $1
*** HOLE CARDS ***
steelNike: folds 
Tibibacsi: folds 
beshece11harf joins the table at seat #4 
1.0OO.0OO$: raises $1.50 to $2.50
dervesh: folds 
Checkraise_Lux: folds 
Uncalled bet ($1.50) returned to 1.0OO.0OO$
1.0OO.0OO$ collected $2.50 from pot
1.0OO.0OO$: doesn't show hand 
*** SUMMARY ***
Total pot $2.50 | Rake $0 
Seat 1: 1.0OO.0OO$ (button) collected ($2.50)
Seat 2: dervesh (small blind) folded before Flop
Seat 3: Checkraise_Lux (big blind) folded before Flop
Seat 5: steelNike folded before Flop (didn't bet)
Seat 6: Tibibacsi folded before Flop (didn't bet)



PokerStars Hand #254270123241:  Hold'em No Limit ($0.50/$1.00 USD) - 2025/01/08 22:38:15 WET [2025/01/08 17:38:15 ET]
Table 'Anitra' 6-max Seat #2 is the button
Seat 1: 1.0OO.0OO$ ($101.50 in chips) 
Seat 2: dervesh ($133.77 in chips) 
Seat 3: Checkraise_Lux ($104 in chips) 
Seat 4: beshece11harf ($100 in chips) 
Seat 5: steelNike ($100 in chips) 
Seat 6: Tibibacsi ($129.12 in chips) 
Checkraise_Lux: posts small blind $0.50
beshece11harf: posts big blind $1
*** HOLE CARDS ***
steelNike: raises $1 to $2
Tibibacsi: folds 
1.0OO.0OO$: raises $5.50 to $7.50
dervesh: folds 
Checkraise_Lux: folds 
beshece11harf: folds 
steelNike: raises $12.50 to $20
1.0OO.0OO$: folds 
Uncalled bet ($12.50) returned to steelNike
steelNike collected $16.50 from pot
*** SUMMARY ***
Total pot $16.50 | Rake $0 
Seat 1: 1.0OO.0OO$ folded before Flop
Seat 2: dervesh (button) folded before Flop (didn't bet)
Seat 3: Checkraise_Lux (small blind) folded before Flop
Seat 4: beshece11harf (big blind) folded before Flop
Seat 5: steelNike collected ($16.50)
Seat 6: Tibibacsi folded before Flop (didn't bet)



PokerStars Hand #254270136944:  Hold'em No Limit ($0.50/$1.00 USD) - 2025/01/08 22:39:00 WET [2025/01/08 17:39:00 ET]
Table 'Anitra' 6-max Seat #3 is the button
Seat 1: 1.0OO.0OO$ ($100 in chips) 
Seat 2: dervesh ($133.77 in chips) 
Seat 3: Checkraise_Lux ($103.50 in chips) 
Seat 4: beshece11harf ($100 in chips) 
Seat 5: steelNike ($109 in chips) 
Seat 6: Tibibacsi ($129.12 in chips) 
beshece11harf: posts small blind $0.50
steelNike: posts big blind $1
*** HOLE CARDS ***
Tibibacsi: folds 
1.0OO.0OO$: raises $1.50 to $2.50
dervesh: folds 
Checkraise_Lux: folds 
beshece11harf: folds 
steelNike: folds 
Uncalled bet ($1.50) returned to 1.0OO.0OO$
1.0OO.0OO$ collected $2.50 from pot
1.0OO.0OO$: doesn't show hand 
*** SUMMARY ***
Total pot $2.50 | Rake $0 
Seat 1: 1.0OO.0OO$ collected ($2.50)
Seat 2: dervesh folded before Flop (didn't bet)
Seat 3: Checkraise_Lux (button) folded before Flop (didn't bet)
Seat 4: beshece11harf (small blind) folded before Flop
Seat 5: steelNike (big blind) folded before Flop
Seat 6: Tibibacsi folded before Flop (didn't bet)



PokerStars Hand #254270142795:  Hold'em No Limit ($0.50/$1.00 USD) - 2025/01/08 22:39:19 WET [2025/01/08 17:39:19 ET]
Table 'Anitra' 6-max Seat #4 is the button
Seat 1: 1.0OO.0OO$ ($101.50 in chips) 
Seat 2: dervesh ($133.77 in chips) 
Seat 3: Checkraise_Lux ($103.50 in chips) 
Seat 4: beshece11harf ($100 in chips) 
Seat 5: steelNike ($108 in chips) 
Seat 6: Tibibacsi ($129.12 in chips) 
steelNike: posts small blind $0.50
Tibibacsi: posts big blind $1
*** HOLE CARDS ***
1.0OO.0OO$: folds 
dervesh: folds 
Checkraise_Lux: folds 
beshece11harf: raises $1.50 to $2.50
steelNike: folds 
Tibibacsi: raises $10.50 to $13
beshece11harf: folds 
Uncalled bet ($10.50) returned to Tibibacsi
Tibibacsi collected $5.50 from pot
Tibibacsi: doesn't show hand 
*** SUMMARY ***
Total pot $5.50 | Rake $0 
Seat 1: 1.0OO.0OO$ folded before Flop (didn't bet)
Seat 2: dervesh folded before Flop (didn't bet)
Seat 3: Checkraise_Lux folded before Flop (didn't bet)
Seat 4: beshece11harf (button) folded before Flop
Seat 5: steelNike (small blind) folded before Flop
Seat 6: Tibibacsi (big blind) collected ($5.50)



PokerStars Hand #254270155099:  Hold'em No Limit ($0.50/$1.00 USD) - 2025/01/08 22:40:00 WET [2025/01/08 17:40:00 ET]
Table 'Anitra' 6-max Seat #5 is the button
Seat 1: 1.0OO.0OO$ ($101.50 in chips) is sitting out
Seat 2: dervesh ($133.77 in chips) 
Seat 3: Checkraise_Lux ($103.50 in chips) 
Seat 4: beshece11harf ($100 in chips) 
Seat 5: steelNike ($107.50 in chips) 
Seat 6: Tibibacsi ($132.12 in chips) 
Tibibacsi: posts small blind $0.50
1.0OO.0OO$: is sitting out 
dervesh: posts big blind $1
*** HOLE CARDS ***
Checkraise_Lux: folds 
beshece11harf: folds 
steelNike: raises $1.50 to $2.50
Tibibacsi: folds 
1.0OO.0OO$ leaves the table
dervesh: folds 
Uncalled bet ($1.50) returned to steelNike
steelNike collected $2.50 from pot
*** SUMMARY ***
Total pot $2.50 | Rake $0 
Seat 1: 1.0OO.0OO$
Seat 2: dervesh (big blind) folded before Flop
Seat 3: Checkraise_Lux folded before Flop (didn't bet)
Seat 4: beshece11harf folded before Flop (didn't bet)
Seat 5: steelNike (button) collected ($2.50)
Seat 6: Tibibacsi (small blind) folded before Flop



PokerStars Hand #254270160262:  Hold'em No Limit ($0.50/$1.00 USD) - 2025/01/08 22:40:17 WET [2025/01/08 17:40:17 ET]
Table 'Anitra' 6-max Seat #6 is the button
Seat 2: dervesh ($132.77 in chips) 
Seat 3: Checkraise_Lux ($103.50 in chips) 
Seat 4: beshece11harf ($100 in chips) 
Seat 5: steelNike ($109 in chips) 
Seat 6: Tibibacsi ($131.62 in chips) 
dervesh: posts small blind $0.50
Checkraise_Lux: posts big blind $1
*** HOLE CARDS ***
beshece11harf: folds 
steelNike: folds 
Tibibacsi: raises $1.50 to $2.50
dervesh: folds 
Checkraise_Lux: calls $1.50
*** FLOP *** [4h 8s 9h]
Checkraise_Lux: checks 
Tibibacsi: bets $1.31
Checkraise_Lux: raises $4.69 to $6
Tibibacsi: folds 
Uncalled bet ($4.69) returned to Checkraise_Lux
Checkraise_Lux collected $7.71 from pot
*** SUMMARY ***
Total pot $8.12 | Rake $0.41 
Board [4h 8s 9h]
Seat 2: dervesh (small blind) folded before Flop
Seat 3: Checkraise_Lux (big blind) collected ($7.71)
Seat 4: beshece11harf folded before Flop (didn't bet)
Seat 5: steelNike folded before Flop (didn't bet)
Seat 6: Tibibacsi (button) folded on the Flop



PokerStars Hand #254270169920:  Hold'em No Limit ($0.50/$1.00 USD) - 2025/01/08 22:40:49 WET [2025/01/08 17:40:49 ET]
Table 'Anitra' 6-max Seat #2 is the button
Seat 4: beshece11harf ($100 in chips) is sitting out
Seat 2: dervesh ($132.27 in chips) 
Seat 3: Checkraise_Lux ($107.40 in chips) 
Seat 5: steelNike ($109 in chips) 
Seat 6: Tibibacsi ($127.81 in chips) 
Checkraise_Lux: posts small blind $0.50
beshece11harf: is sitting out 
steelNike: posts big blind $1
*** HOLE CARDS ***
Tibibacsi: folds 
beshece11harf leaves the table
dervesh: folds 
Checkraise_Lux: raises $2 to $3
steelNike: folds 
Uncalled bet ($2) returned to Checkraise_Lux
Checkraise_Lux collected $2 from pot
*** SUMMARY ***
Total pot $2 | Rake $0 
Seat 4: beshece11harf
Seat 2: dervesh (button) folded before Flop (didn't bet)
Seat 3: Checkraise_Lux (small blind) collected ($2)
Seat 5: steelNike (big blind) folded before Flop
Seat 6: Tibibacsi folded before Flop (didn't bet)



PokerStars Hand #254270173875:  Hold'em No Limit ($0.50/$1.00 USD) - 2025/01/08 22:41:03 WET [2025/01/08 17:41:03 ET]
Table 'Anitra' 6-max Seat #3 is the button
Seat 2: dervesh ($132.27 in chips) 
Seat 3: Checkraise_Lux ($108.40 in chips) 
Seat 5: steelNike ($108 in chips) 
Seat 6: Tibibacsi ($127.81 in chips) 
steelNike: posts small blind $0.50
Tibibacsi: posts big blind $1
*** HOLE CARDS ***
dervesh: folds 
Checkraise_Lux: folds 
steelNike: raises $2 to $3
Tibibacsi: calls $2
*** FLOP *** [3s 7d 5s]
steelNike: checks 
Tibibacsi: bets $1.88
steelNike: calls $1.88
*** TURN *** [3s 7d 5s] [Jc]
steelNike: checks 
Tibibacsi: checks 
*** RIVER *** [3s 7d 5s Jc] [3d]
steelNike: bets $4.64
Tibibacsi: calls $4.64
*** SHOW DOWN ***
steelNike: shows [Qd 9c] (a pair of Threes)
Tibibacsi: shows [Js Tc] (two pair, Jacks and Threes)
Tibibacsi collected $18.09 from pot
*** SUMMARY ***
Total pot $19.04 | Rake $0.95 
Board [3s 7d 5s Jc 3d]
Seat 2: dervesh folded before Flop (didn't bet)
Seat 3: Checkraise_Lux (button) folded before Flop (didn't bet)
Seat 5: steelNike (small blind) showed [Qd 9c] and lost with a pair of Threes
Seat 6: Tibibacsi (big blind) showed [Js Tc] and won ($18.09) with two pair, Jacks and Threes



PokerStars Hand #254270195217:  Hold'em No Limit ($0.50/$1.00 USD) - 2025/01/08 22:42:14 WET [2025/01/08 17:42:14 ET]
Table 'Anitra' 6-max Seat #5 is the button
Seat 2: dervesh ($132.27 in chips) 
Seat 3: Checkraise_Lux ($108.40 in chips) 
Seat 5: steelNike ($98.48 in chips) 
Seat 6: Tibibacsi ($136.38 in chips) 
Tibibacsi: posts small blind $0.50
dervesh: posts big blind $1
*** HOLE CARDS ***
Checkraise_Lux: folds 
steelNike: folds 
Tibibacsi: raises $1.50 to $2.50
dervesh: folds 
Uncalled bet ($1.50) returned to Tibibacsi
Tibibacsi collected $2 from pot
Tibibacsi: doesn't show hand 
grig2307 joins the table at seat #1 
grig2307 is disconnected 
*** SUMMARY ***
Total pot $2 | Rake $0 
Seat 2: dervesh (big blind) folded before Flop
Seat 3: Checkraise_Lux folded before Flop (didn't bet)
Seat 5: steelNike (button) folded before Flop (didn't bet)
Seat 6: Tibibacsi (small blind) collected ($2)



PokerStars Hand #254270201175:  Hold'em No Limit ($0.50/$1.00 USD) - 2025/01/08 22:42:34 WET [2025/01/08 17:42:34 ET]
Table 'Anitra' 6-max Seat #6 is the button
Seat 1: grig2307 ($100 in chips) is sitting out
Seat 2: dervesh ($131.27 in chips) 
Seat 3: Checkraise_Lux ($108.40 in chips) 
Seat 5: steelNike ($98.48 in chips) 
Seat 6: Tibibacsi ($137.38 in chips) 
dervesh: posts small blind $0.50
Checkraise_Lux: posts big blind $1
*** HOLE CARDS ***
steelNike: folds 
Tibibacsi: folds 
dervesh: raises $2 to $3
Checkraise_Lux: folds 
Uncalled bet ($2) returned to dervesh
dervesh collected $2 from pot
dervesh: doesn't show hand 
damirovic79 joins the table at seat #4 
*** SUMMARY ***
Total pot $2 | Rake $0 
Seat 1: grig2307
Seat 2: dervesh (small blind) collected ($2)
Seat 3: Checkraise_Lux (big blind) folded before Flop
Seat 5: steelNike folded before Flop (didn't bet)
Seat 6: Tibibacsi (button) folded before Flop (didn't bet)



PokerStars Hand #254270204733:  Hold'em No Limit ($0.50/$1.00 USD) - 2025/01/08 22:42:46 WET [2025/01/08 17:42:46 ET]
Table 'Anitra' 6-max Seat #2 is the button
Seat 1: grig2307 ($100 in chips) is sitting out
Seat 2: dervesh ($132.27 in chips) 
Seat 3: Checkraise_Lux ($107.40 in chips) 
Seat 4: damirovic79 ($69.34 in chips) 
Seat 5: steelNike ($98.48 in chips) 
Seat 6: Tibibacsi ($137.38 in chips) 
Checkraise_Lux: posts small blind $0.50
damirovic79 is disconnected 
damirovic79 is connected 
damirovic79: posts big blind $1
grig2307: sits out 
*** HOLE CARDS ***
steelNike: raises $1 to $2
Tibibacsi: folds 
dervesh: calls $2
Checkraise_Lux: folds 
damirovic79: calls $1
*** FLOP *** [Kd 4c 5d]
damirovic79: bets $6.18
steelNike: folds 
dervesh: folds 
Uncalled bet ($6.18) returned to damirovic79
damirovic79 collected $6.10 from pot
*** SUMMARY ***
Total pot $6.50 | Rake $0.40 
Board [Kd 4c 5d]
Seat 1: grig2307
Seat 2: dervesh (button) folded on the Flop
Seat 3: Checkraise_Lux (small blind) folded before Flop
Seat 4: damirovic79 (big blind) collected ($6.10)
Seat 5: steelNike folded on the Flop
Seat 6: Tibibacsi folded before Flop (didn't bet)



PokerStars Hand #254270212093:  Hold'em No Limit ($0.50/$1.00 USD) - 2025/01/08 22:43:10 WET [2025/01/08 17:43:10 ET]
Table 'Anitra' 6-max Seat #3 is the button
Seat 1: grig2307 ($100 in chips) is sitting out
Seat 2: dervesh ($130.27 in chips) 
Seat 3: Checkraise_Lux ($106.90 in chips) 
Seat 4: damirovic79 ($73.44 in chips) 
Seat 5: steelNike ($96.48 in chips) 
Seat 6: Tibibacsi ($137.38 in chips) 
damirovic79: posts small blind $0.50
steelNike: posts big blind $1
grig2307: sits out 
*** HOLE CARDS ***
Tibibacsi: folds 
dervesh: folds 
Checkraise_Lux: folds 
damirovic79: calls $0.50
steelNike: checks 
*** FLOP *** [4c 8c 5d]
damirovic79: checks 
steelNike: bets $1
damirovic79: folds 
Uncalled bet ($1) returned to steelNike
steelNike collected $1.90 from pot
*** SUMMARY ***
Total pot $2 | Rake $0.10 
Board [4c 8c 5d]
Seat 1: grig2307
Seat 2: dervesh folded before Flop (didn't bet)
Seat 3: Checkraise_Lux (button) folded before Flop (didn't bet)
Seat 4: damirovic79 (small blind) folded on the Flop
Seat 5: steelNike (big blind) collected ($1.90)
Seat 6: Tibibacsi folded before Flop (didn't bet)



PokerStars Hand #254270220097:  Hold'em No Limit ($0.50/$1.00 USD) - 2025/01/08 22:43:37 WET [2025/01/08 17:43:37 ET]
Table 'Anitra' 6-max Seat #4 is the button
Seat 1: grig2307 ($100 in chips) is sitting out
Seat 2: dervesh ($130.27 in chips) 
Seat 3: Checkraise_Lux ($106.90 in chips) 
Seat 4: damirovic79 ($72.44 in chips) 
Seat 5: steelNike ($97.38 in chips) 
Seat 6: Tibibacsi ($137.38 in chips) 
steelNike: posts small blind $0.50
Tibibacsi: posts big blind $1
grig2307: sits out 
*** HOLE CARDS ***
dervesh: folds 
Checkraise_Lux: folds 
damirovic79: calls $1
steelNike: calls $0.50
Tibibacsi: checks 
*** FLOP *** [5d Jc Ah]
steelNike: checks 
Tibibacsi: checks 
damirovic79: bets $2.85
steelNike: folds 
Tibibacsi: folds 
Uncalled bet ($2.85) returned to damirovic79
damirovic79 collected $2.81 from pot
*** SUMMARY ***
Total pot $3 | Rake $0.19 
Board [5d Jc Ah]
Seat 1: grig2307
Seat 2: dervesh folded before Flop (didn't bet)
Seat 3: Checkraise_Lux folded before Flop (didn't bet)
Seat 4: damirovic79 (button) collected ($2.81)
Seat 5: steelNike (small blind) folded on the Flop
Seat 6: Tibibacsi (big blind) folded on the Flop



PokerStars Hand #254270231254:  Hold'em No Limit ($0.50/$1.00 USD) - 2025/01/08 22:44:16 WET [2025/01/08 17:44:16 ET]
Table 'Anitra' 6-max Seat #5 is the button
Seat 1: grig2307 ($100 in chips) 
Seat 2: dervesh ($130.27 in chips) 
Seat 3: Checkraise_Lux ($106.90 in chips) 
Seat 4: damirovic79 ($74.25 in chips) 
Seat 5: steelNike ($96.38 in chips) 
Seat 6: Tibibacsi ($136.38 in chips) 
Tibibacsi: posts small blind $0.50
grig2307: posts big blind $1
*** HOLE CARDS ***
dervesh: folds 
Checkraise_Lux: folds 
damirovic79: calls $1
steelNike: raises $6 to $7
Tibibacsi: folds 
grig2307: calls $6
damirovic79: calls $6
*** FLOP *** [Kc Js 6s]
grig2307: checks 
damirovic79: checks 
steelNike: bets $10.21
grig2307: folds 
damirovic79: calls $10.21
*** TURN *** [Kc Js 6s] [Ac]
damirovic79: checks 
steelNike: checks 
*** RIVER *** [Kc Js 6s Ac] [As]
damirovic79: bets $39.82
steelNike: folds 
Uncalled bet ($39.82) returned to damirovic79
damirovic79 collected $39.30 from pot
*** SUMMARY ***
Total pot $41.92 | Rake $2.62 
Board [Kc Js 6s Ac As]
Seat 1: grig2307 (big blind) folded on the Flop
Seat 2: dervesh folded before Flop (didn't bet)
Seat 3: Checkraise_Lux folded before Flop (didn't bet)
Seat 4: damirovic79 collected ($39.30)
Seat 5: steelNike (button) folded on the River
Seat 6: Tibibacsi (small blind) folded before Flop



PokerStars Hand #254270255787:  Hold'em No Limit ($0.50/$1.00 USD) - 2025/01/08 22:45:38 WET [2025/01/08 17:45:38 ET]
Table 'Anitra' 6-max Seat #6 is the button
Seat 1: grig2307 ($100 in chips) 
Seat 2: dervesh ($130.27 in chips) 
Seat 3: Checkraise_Lux ($106.90 in chips) 
Seat 4: damirovic79 ($96.34 in chips) 
Seat 5: steelNike ($79.17 in chips) 
Seat 6: Tibibacsi ($135.88 in chips) 
grig2307: posts small blind $0.50
dervesh: posts big blind $1
*** HOLE CARDS ***
Checkraise_Lux: raises $1.50 to $2.50
damirovic79: folds 
steelNike: folds 
Tibibacsi: folds 
grig2307: calls $2
dervesh: folds 
*** FLOP *** [Qh Ah 7d]
grig2307: checks 
Checkraise_Lux: bets $1.85
grig2307: calls $1.85
*** TURN *** [Qh Ah 7d] [6s]
grig2307: checks 
Checkraise_Lux: checks 
*** RIVER *** [Qh Ah 7d 6s] [5s]
grig2307: bets $6.61
Checkraise_Lux: calls $6.61
*** SHOW DOWN ***
grig2307: shows [7s 8s] (a pair of Sevens)
Checkraise_Lux: shows [8d 8c] (a pair of Eights)
Checkraise_Lux collected $21.77 from pot
*** SUMMARY ***
Total pot $22.92 | Rake $1.15 
Board [Qh Ah 7d 6s 5s]
Seat 1: grig2307 (small blind) showed [7s 8s] and lost with a pair of Sevens
Seat 2: dervesh (big blind) folded before Flop
Seat 3: Checkraise_Lux showed [8d 8c] and won ($21.77) with a pair of Eights
Seat 4: damirovic79 folded before Flop (didn't bet)
Seat 5: steelNike folded before Flop (didn't bet)
Seat 6: Tibibacsi (button) folded before Flop (didn't bet)



PokerStars Hand #254270278300:  Hold'em No Limit ($0.50/$1.00 USD) - 2025/01/08 22:46:53 WET [2025/01/08 17:46:53 ET]
Table 'Anitra' 6-max Seat #1 is the button
Seat 1: grig2307 ($100 in chips) 
Seat 2: dervesh ($129.27 in chips) 
Seat 3: Checkraise_Lux ($117.71 in chips) 
Seat 4: damirovic79 ($96.34 in chips) 
Seat 5: steelNike ($100 in chips) 
Seat 6: Tibibacsi ($135.88 in chips) 
dervesh: posts small blind $0.50
Checkraise_Lux: posts big blind $1
*** HOLE CARDS ***
damirovic79: folds 
steelNike: folds 
Tibibacsi: raises $1.50 to $2.50
grig2307: folds 
dervesh: folds 
Checkraise_Lux: folds 
Uncalled bet ($1.50) returned to Tibibacsi
Tibibacsi collected $2.50 from pot
Tibibacsi: doesn't show hand 
*** SUMMARY ***
Total pot $2.50 | Rake $0 
Seat 1: grig2307 (button) folded before Flop (didn't bet)
Seat 2: dervesh (small blind) folded before Flop
Seat 3: Checkraise_Lux (big blind) folded before Flop
Seat 4: damirovic79 folded before Flop (didn't bet)
Seat 5: steelNike folded before Flop (didn't bet)
Seat 6: Tibibacsi collected ($2.50)



PokerStars Hand #254270283620:  Hold'em No Limit ($0.50/$1.00 USD) - 2025/01/08 22:47:10 WET [2025/01/08 17:47:10 ET]
Table 'Anitra' 6-max Seat #2 is the button
Seat 1: grig2307 ($100 in chips) 
Seat 2: dervesh ($128.77 in chips) 
Seat 3: Checkraise_Lux ($116.71 in chips) 
Seat 4: damirovic79 ($96.34 in chips) 
Seat 5: steelNike ($100 in chips) 
Seat 6: Tibibacsi ($137.38 in chips) 
Checkraise_Lux: posts small blind $0.50
damirovic79: posts big blind $1
*** HOLE CARDS ***
steelNike: raises $1 to $2
Tibibacsi: folds 
grig2307: folds 
dervesh: folds 
Checkraise_Lux: folds 
damirovic79: calls $1
*** FLOP *** [8h Td Js]
damirovic79: checks 
steelNike: checks 
*** TURN *** [8h Td Js] [4h]
damirovic79: checks 
steelNike: checks 
*** RIVER *** [8h Td Js 4h] [Qc]
damirovic79: checks 
steelNike: bets $3.21
damirovic79: folds 
Uncalled bet ($3.21) returned to steelNike
steelNike collected $4.28 from pot
*** SUMMARY ***
Total pot $4.50 | Rake $0.22 
Board [8h Td Js 4h Qc]
Seat 1: grig2307 folded before Flop (didn't bet)
Seat 2: dervesh (button) folded before Flop (didn't bet)
Seat 3: Checkraise_Lux (small blind) folded before Flop
Seat 4: damirovic79 (big blind) folded on the River
Seat 5: steelNike collected ($4.28)
Seat 6: Tibibacsi folded before Flop (didn't bet)



PokerStars Hand #254270297544:  Hold'em No Limit ($0.50/$1.00 USD) - 2025/01/08 22:47:57 WET [2025/01/08 17:47:57 ET]
Table 'Anitra' 6-max Seat #3 is the button
Seat 1: grig2307 ($100 in chips) 
Seat 2: dervesh ($128.77 in chips) 
Seat 3: Checkraise_Lux ($116.21 in chips) 
Seat 4: damirovic79 ($94.34 in chips) 
Seat 5: steelNike ($102.28 in chips) 
Seat 6: Tibibacsi ($137.38 in chips) 
damirovic79: posts small blind $0.50
steelNike: posts big blind $1
*** HOLE CARDS ***
Tibibacsi: folds 
grig2307: folds 
dervesh: folds 
Checkraise_Lux: folds 
damirovic79: raises $1 to $2
steelNike: raises $7 to $9
damirovic79: folds 
Uncalled bet ($7) returned to steelNike
steelNike collected $4 from pot
*** SUMMARY ***
Total pot $4 | Rake $0 
Seat 1: grig2307 folded before Flop (didn't bet)
Seat 2: dervesh folded before Flop (didn't bet)
Seat 3: Checkraise_Lux (button) folded before Flop (didn't bet)
Seat 4: damirovic79 (small blind) folded before Flop
Seat 5: steelNike (big blind) collected ($4)
Seat 6: Tibibacsi folded before Flop (didn't bet)



PokerStars Hand #254270303179:  Hold'em No Limit ($0.50/$1.00 USD) - 2025/01/08 22:48:16 WET [2025/01/08 17:48:16 ET]
Table 'Anitra' 6-max Seat #4 is the button
Seat 1: grig2307 ($100 in chips) 
Seat 2: dervesh ($128.77 in chips) 
Seat 3: Checkraise_Lux ($116.21 in chips) 
Seat 4: damirovic79 ($92.34 in chips) 
Seat 5: steelNike ($104.28 in chips) 
Seat 6: Tibibacsi ($137.38 in chips) 
steelNike: posts small blind $0.50
Tibibacsi: posts big blind $1
*** HOLE CARDS ***
grig2307: folds 
dervesh: folds 
Checkraise_Lux: folds 
damirovic79: calls $1
steelNike: raises $6 to $7
Tibibacsi: raises $10 to $17
damirovic79: folds 
steelNike: folds 
Uncalled bet ($10) returned to Tibibacsi
Tibibacsi collected $15 from pot
Tibibacsi: doesn't show hand 
*** SUMMARY ***
Total pot $15 | Rake $0 
Seat 1: grig2307 folded before Flop (didn't bet)
Seat 2: dervesh folded before Flop (didn't bet)
Seat 3: Checkraise_Lux folded before Flop (didn't bet)
Seat 4: damirovic79 (button) folded before Flop
Seat 5: steelNike (small blind) folded before Flop
Seat 6: Tibibacsi (big blind) collected ($15)



PokerStars Hand #254270321422:  Hold'em No Limit ($0.50/$1.00 USD) - 2025/01/08 22:49:17 WET [2025/01/08 17:49:17 ET]
Table 'Anitra' 6-max Seat #5 is the button
Seat 1: grig2307 ($100 in chips) 
Seat 2: dervesh ($128.77 in chips) 
Seat 3: Checkraise_Lux ($116.21 in chips) 
Seat 4: damirovic79 ($91.34 in chips) 
Seat 5: steelNike ($97.28 in chips) 
Seat 6: Tibibacsi ($145.38 in chips) 
Tibibacsi: posts small blind $0.50
grig2307: posts big blind $1
*** HOLE CARDS ***
dervesh: folds 
Checkraise_Lux: folds 
damirovic79: folds 
steelNike: raises $1.50 to $2.50
Tibibacsi: folds 
grig2307: folds 
Uncalled bet ($1.50) returned to steelNike
steelNike collected $2.50 from pot
*** SUMMARY ***
Total pot $2.50 | Rake $0 
Seat 1: grig2307 (big blind) folded before Flop
Seat 2: dervesh folded before Flop (didn't bet)
Seat 3: Checkraise_Lux folded before Flop (didn't bet)
Seat 4: damirovic79 folded before Flop (didn't bet)
Seat 5: steelNike (button) collected ($2.50)
Seat 6: Tibibacsi (small blind) folded before Flop



PokerStars Hand #254270333319:  Hold'em No Limit ($0.50/$1.00 USD) - 2025/01/08 22:49:56 WET [2025/01/08 17:49:56 ET]
Table 'Anitra' 6-max Seat #6 is the button
Seat 1: grig2307 ($100 in chips) 
Seat 2: dervesh ($128.77 in chips) 
Seat 3: Checkraise_Lux ($116.21 in chips) 
Seat 4: damirovic79 ($91.34 in chips) 
Seat 5: steelNike ($98.78 in chips) 
Seat 6: Tibibacsi ($144.88 in chips) 
grig2307: posts small blind $0.50
dervesh: posts big blind $1
*** HOLE CARDS ***
Checkraise_Lux: folds 
damirovic79: folds 
steelNike: folds 
Tibibacsi: raises $1.50 to $2.50
grig2307: calls $2
dervesh: calls $1.50
*** FLOP *** [Ac Ts 7h]
grig2307: checks 
dervesh: checks 
Tibibacsi: checks 
*** TURN *** [Ac Ts 7h] [9c]
grig2307: checks 
dervesh: bets $2.85
Tibibacsi: folds 
grig2307: calls $2.85
*** RIVER *** [Ac Ts 7h 9c] [3c]
grig2307: checks 
dervesh: bets $8.28
grig2307: calls $8.28
*** SHOW DOWN ***
dervesh: shows [5s 8d] (high card Ace)
grig2307: shows [Jh 7s] (a pair of Sevens)
grig2307 collected $28.27 from pot
*** SUMMARY ***
Total pot $29.76 | Rake $1.49 
Board [Ac Ts 7h 9c 3c]
Seat 1: grig2307 (small blind) showed [Jh 7s] and won ($28.27) with a pair of Sevens
Seat 2: dervesh (big blind) showed [5s 8d] and lost with high card Ace
Seat 3: Checkraise_Lux folded before Flop (didn't bet)
Seat 4: damirovic79 folded before Flop (didn't bet)
Seat 5: steelNike folded before Flop (didn't bet)
Seat 6: Tibibacsi (button) folded on the Turn



PokerStars Hand #254270352035:  Hold'em No Limit ($0.50/$1.00 USD) - 2025/01/08 22:51:00 WET [2025/01/08 17:51:00 ET]
Table 'Anitra' 6-max Seat #2 is the button
Seat 1: grig2307 ($114.64 in chips) is sitting out
Seat 2: dervesh ($115.14 in chips) 
Seat 3: Checkraise_Lux ($116.21 in chips) 
Seat 4: damirovic79 ($91.34 in chips) 
Seat 5: steelNike ($98.78 in chips) 
Seat 6: Tibibacsi ($142.38 in chips) 
Checkraise_Lux: posts small blind $0.50
damirovic79: posts big blind $1
*** HOLE CARDS ***
steelNike: folds 
grig2307 leaves the table
Tibibacsi: folds 
dervesh: raises $1.50 to $2.50
Checkraise_Lux: folds 
damirovic79: calls $1.50
*** FLOP *** [4s 3h 7c]
damirovic79: checks 
vadjkeee joins the table at seat #1 
dervesh: bets $2.09
damirovic79: calls $2.09
*** TURN *** [4s 3h 7c] [3s]
damirovic79: checks 
dervesh: checks 
*** RIVER *** [4s 3h 7c 3s] [7s]
damirovic79: bets $9.20
dervesh: folds 
Uncalled bet ($9.20) returned to damirovic79
damirovic79 collected $9.08 from pot
*** SUMMARY ***
Total pot $9.68 | Rake $0.60 
Board [4s 3h 7c 3s 7s]
Seat 1: grig2307
Seat 2: dervesh (button) folded on the River
Seat 3: Checkraise_Lux (small blind) folded before Flop
Seat 4: damirovic79 (big blind) collected ($9.08)
Seat 5: steelNike folded before Flop (didn't bet)
Seat 6: Tibibacsi folded before Flop (didn't bet)



PokerStars Hand #254270363100:  Hold'em No Limit ($0.50/$1.00 USD) - 2025/01/08 22:51:37 WET [2025/01/08 17:51:37 ET]
Table 'Anitra' 6-max Seat #3 is the button
Seat 1: vadjkeee ($100 in chips) is sitting out
Seat 2: dervesh ($110.55 in chips) 
Seat 3: Checkraise_Lux ($115.71 in chips) 
Seat 4: damirovic79 ($95.83 in chips) 
Seat 5: steelNike ($98.78 in chips) 
Seat 6: Tibibacsi ($142.38 in chips) 
damirovic79: posts small blind $0.50
steelNike: posts big blind $1
vadjkeee: sits out 
*** HOLE CARDS ***
Tibibacsi: folds 
dervesh: folds 
Checkraise_Lux: folds 
damirovic79: folds 
Uncalled bet ($0.50) returned to steelNike
steelNike collected $1 from pot
*** SUMMARY ***
Total pot $1 | Rake $0 
Seat 1: vadjkeee
Seat 2: dervesh folded before Flop (didn't bet)
Seat 3: Checkraise_Lux (button) folded before Flop (didn't bet)
Seat 4: damirovic79 (small blind) folded before Flop
Seat 5: steelNike (big blind) collected ($1)
Seat 6: Tibibacsi folded before Flop (didn't bet)



PokerStars Hand #254270366587:  Hold'em No Limit ($0.50/$1.00 USD) - 2025/01/08 22:51:48 WET [2025/01/08 17:51:48 ET]
Table 'Anitra' 6-max Seat #4 is the button
Seat 1: vadjkeee ($100 in chips) is sitting out
Seat 2: dervesh ($110.55 in chips) 
Seat 3: Checkraise_Lux ($115.71 in chips) 
Seat 4: damirovic79 ($95.33 in chips) 
Seat 5: steelNike ($99.28 in chips) 
Seat 6: Tibibacsi ($142.38 in chips) 
steelNike: posts small blind $0.50
Tibibacsi: posts big blind $1
vadjkeee: sits out 
*** HOLE CARDS ***
dervesh: folds 
Checkraise_Lux: raises $1.50 to $2.50
damirovic79: calls $2.50
steelNike: folds 
Tibibacsi: folds 
*** FLOP *** [Jd 4c 4h]
Checkraise_Lux: bets $3
damirovic79: folds 
Uncalled bet ($3) returned to Checkraise_Lux
Checkraise_Lux collected $6.18 from pot
*** SUMMARY ***
Total pot $6.50 | Rake $0.32 
Board [Jd 4c 4h]
Seat 1: vadjkeee
Seat 2: dervesh folded before Flop (didn't bet)
Seat 3: Checkraise_Lux collected ($6.18)
Seat 4: damirovic79 (button) folded on the Flop
Seat 5: steelNike (small blind) folded before Flop
Seat 6: Tibibacsi (big blind) folded before Flop



PokerStars Hand #254270377953:  Hold'em No Limit ($0.50/$1.00 USD) - 2025/01/08 22:52:27 WET [2025/01/08 17:52:27 ET]
Table 'Anitra' 6-max Seat #5 is the button
Seat 1: vadjkeee ($100 in chips) 
Seat 2: dervesh ($110.55 in chips) 
Seat 3: Checkraise_Lux ($119.39 in chips) 
Seat 4: damirovic79 ($92.83 in chips) 
Seat 5: steelNike ($98.78 in chips) 
Seat 6: Tibibacsi ($141.38 in chips) 
Tibibacsi: posts small blind $0.50
vadjkeee: posts big blind $1
*** HOLE CARDS ***
dervesh: raises $1.50 to $2.50
Checkraise_Lux: folds 
damirovic79: folds 
steelNike: folds 
Tibibacsi: folds 
vadjkeee: folds 
Uncalled bet ($1.50) returned to dervesh
dervesh collected $2.50 from pot
dervesh: doesn't show hand 
*** SUMMARY ***
Total pot $2.50 | Rake $0 
Seat 1: vadjkeee (big blind) folded before Flop
Seat 2: dervesh collected ($2.50)
Seat 3: Checkraise_Lux folded before Flop (didn't bet)
Seat 4: damirovic79 folded before Flop (didn't bet)
Seat 5: steelNike (button) folded before Flop (didn't bet)
Seat 6: Tibibacsi (small blind) folded before Flop



PokerStars Hand #254270383258:  Hold'em No Limit ($0.50/$1.00 USD) - 2025/01/08 22:52:45 WET [2025/01/08 17:52:45 ET]
Table 'Anitra' 6-max Seat #6 is the button
Seat 1: vadjkeee ($100 in chips) 
Seat 2: dervesh ($112.05 in chips) 
Seat 3: Checkraise_Lux ($119.39 in chips) 
Seat 4: damirovic79 ($92.83 in chips) 
Seat 5: steelNike ($98.78 in chips) 
Seat 6: Tibibacsi ($140.88 in chips) 
vadjkeee: posts small blind $0.50
dervesh: posts big blind $1
*** HOLE CARDS ***
Checkraise_Lux: folds 
damirovic79: folds 
steelNike: folds 
Tibibacsi: raises $1.50 to $2.50
vadjkeee: raises $9.50 to $12
dervesh: folds 
Tibibacsi: folds 
Uncalled bet ($9.50) returned to vadjkeee
vadjkeee collected $6 from pot
vadjkeee: doesn't show hand 
*** SUMMARY ***
Total pot $6 | Rake $0 
Seat 1: vadjkeee (small blind) collected ($6)
Seat 2: dervesh (big blind) folded before Flop
Seat 3: Checkraise_Lux folded before Flop (didn't bet)
Seat 4: damirovic79 folded before Flop (didn't bet)
Seat 5: steelNike folded before Flop (didn't bet)
Seat 6: Tibibacsi (button) folded before Flop



PokerStars Hand #254270390515:  Hold'em No Limit ($0.50/$1.00 USD) - 2025/01/08 22:53:10 WET [2025/01/08 17:53:10 ET]
Table 'Anitra' 6-max Seat #1 is the button
Seat 1: vadjkeee ($103.50 in chips) 
Seat 2: dervesh ($111.05 in chips) 
Seat 3: Checkraise_Lux ($119.39 in chips) 
Seat 4: damirovic79 ($92.83 in chips) 
Seat 5: steelNike ($98.78 in chips) 
Seat 6: Tibibacsi ($138.38 in chips) 
dervesh: posts small blind $0.50
Checkraise_Lux: posts big blind $1
*** HOLE CARDS ***
damirovic79: calls $1
steelNike: folds 
Tibibacsi: folds 
vadjkeee: raises $4 to $5
dervesh: folds 
Checkraise_Lux: raises $10.50 to $15.50
damirovic79: folds 
vadjkeee: raises $11.50 to $27
Checkraise_Lux: calls $11.50
*** FLOP *** [Jh Js Td]
Checkraise_Lux: checks 
vadjkeee: bets $8
Checkraise_Lux: calls $8
*** TURN *** [Jh Js Td] [4d]
Checkraise_Lux: checks 
vadjkeee: checks 
*** RIVER *** [Jh Js Td 4d] [8h]
Checkraise_Lux: bets $25
vadjkeee: folds 
Uncalled bet ($25) returned to Checkraise_Lux
Checkraise_Lux collected $69 from pot
*** SUMMARY ***
Total pot $71.50 | Rake $2.50 
Board [Jh Js Td 4d 8h]
Seat 1: vadjkeee (button) folded on the River
Seat 2: dervesh (small blind) folded before Flop
Seat 3: Checkraise_Lux (big blind) collected ($69)
Seat 4: damirovic79 folded before Flop
Seat 5: steelNike folded before Flop (didn't bet)
Seat 6: Tibibacsi folded before Flop (didn't bet)



PokerStars Hand #254270414231:  Hold'em No Limit ($0.50/$1.00 USD) - 2025/01/08 22:54:31 WET [2025/01/08 17:54:31 ET]
Table 'Anitra' 6-max Seat #2 is the button
Seat 1: vadjkeee ($100 in chips) 
Seat 2: dervesh ($110.55 in chips) 
Seat 3: Checkraise_Lux ($153.39 in chips) 
Seat 4: damirovic79 ($91.83 in chips) 
Seat 5: steelNike ($98.78 in chips) 
Seat 6: Tibibacsi ($138.38 in chips) 
Checkraise_Lux: posts small blind $0.50
damirovic79: posts big blind $1
*** HOLE CARDS ***
steelNike: raises $1 to $2
Tibibacsi: folds 
vadjkeee: folds 
dervesh: folds 
Checkraise_Lux: raises $7 to $9
damirovic79: folds 
steelNike: folds 
Uncalled bet ($7) returned to Checkraise_Lux
Checkraise_Lux collected $5 from pot
*** SUMMARY ***
Total pot $5 | Rake $0 
Seat 1: vadjkeee folded before Flop (didn't bet)
Seat 2: dervesh (button) folded before Flop (didn't bet)
Seat 3: Checkraise_Lux (small blind) collected ($5)
Seat 4: damirovic79 (big blind) folded before Flop
Seat 5: steelNike folded before Flop
Seat 6: Tibibacsi folded before Flop (didn't bet)



PokerStars Hand #254270422280:  Hold'em No Limit ($0.50/$1.00 USD) - 2025/01/08 22:54:59 WET [2025/01/08 17:54:59 ET]
Table 'Anitra' 6-max Seat #3 is the button
Seat 1: vadjkeee ($100 in chips) 
Seat 2: dervesh ($110.55 in chips) 
Seat 3: Checkraise_Lux ($156.39 in chips) 
Seat 4: damirovic79 ($90.83 in chips) 
Seat 5: steelNike ($96.78 in chips) 
Seat 6: Tibibacsi ($138.38 in chips) 
damirovic79: posts small blind $0.50
steelNike: posts big blind $1
*** HOLE CARDS ***
Tibibacsi: raises $1 to $2
vadjkeee: folds 
dervesh: folds 
Checkraise_Lux: folds 
damirovic79: calls $1.50
steelNike: folds 
*** FLOP *** [Kd 9c Qd]
damirovic79: checks 
Tibibacsi: bets $1.57
damirovic79: calls $1.57
*** TURN *** [Kd 9c Qd] [3c]
damirovic79: checks 
Tibibacsi: bets $5.80
damirovic79: calls $5.80
*** RIVER *** [Kd 9c Qd 3c] [2d]
damirovic79: bets $18.75
dervesh leaves the table
Tibibacsi: folds 
Uncalled bet ($18.75) returned to damirovic79
damirovic79 collected $18.50 from pot
*** SUMMARY ***
Total pot $19.74 | Rake $1.24 
Board [Kd 9c Qd 3c 2d]
Seat 1: vadjkeee folded before Flop (didn't bet)
Seat 2: dervesh folded before Flop (didn't bet)
Seat 3: Checkraise_Lux (button) folded before Flop (didn't bet)
Seat 4: damirovic79 (small blind) collected ($18.50)
Seat 5: steelNike (big blind) folded before Flop
Seat 6: Tibibacsi folded on the River



PokerStars Hand #254270437221:  Hold'em No Limit ($0.50/$1.00 USD) - 2025/01/08 22:56:07 WET [2025/01/08 17:56:07 ET]
Table 'Anitra' 6-max Seat #4 is the button
Seat 1: vadjkeee ($100 in chips) 
Seat 3: Checkraise_Lux ($156.39 in chips) 
Seat 4: damirovic79 ($99.96 in chips) 
Seat 5: steelNike ($95.78 in chips) 
Seat 6: Tibibacsi ($129.01 in chips) 
steelNike: posts small blind $0.50
Tibibacsi: posts big blind $1
*** HOLE CARDS ***
vadjkeee: folds 
Checkraise_Lux: folds 
damirovic79: calls $1
steelNike: folds 
Tibibacsi: checks 
*** FLOP *** [Jc 6c 3c]
XneferX joins the table at seat #2 
Tibibacsi: checks 
damirovic79: checks 
*** TURN *** [Jc 6c 3c] [4c]
Tibibacsi: checks 
damirovic79: checks 
*** RIVER *** [Jc 6c 3c 4c] [Ts]
Tibibacsi: checks 
damirovic79: checks 
*** SHOW DOWN ***
Tibibacsi: shows [9c Kh] (a flush, Jack high)
damirovic79: mucks hand 
Tibibacsi collected $2.38 from pot
*** SUMMARY ***
Total pot $2.50 | Rake $0.12 
Board [Jc 6c 3c 4c Ts]
Seat 1: vadjkeee folded before Flop (didn't bet)
Seat 3: Checkraise_Lux folded before Flop (didn't bet)
Seat 4: damirovic79 (button) mucked
Seat 5: steelNike (small blind) folded before Flop
Seat 6: Tibibacsi (big blind) showed [9c Kh] and won ($2.38) with a flush, Jack high



PokerStars Hand #254270443533:  Hold'em No Limit ($0.50/$1.00 USD) - 2025/01/08 22:56:36 WET [2025/01/08 17:56:36 ET]
Table 'Anitra' 6-max Seat #5 is the button
Seat 2: XneferX ($100 in chips) is sitting out
Seat 1: vadjkeee ($100 in chips) 
Seat 3: Checkraise_Lux ($156.39 in chips) 
Seat 4: damirovic79 ($98.96 in chips) 
Seat 5: steelNike ($95.28 in chips) 
Seat 6: Tibibacsi ($130.39 in chips) 
Tibibacsi: posts small blind $0.50
vadjkeee: posts big blind $1
XneferX: sits out 
*** HOLE CARDS ***
Checkraise_Lux: folds 
damirovic79: folds 
steelNike: raises $1.50 to $2.50
Tibibacsi: folds 
vadjkeee: folds 
Uncalled bet ($1.50) returned to steelNike
steelNike collected $2.50 from pot
*** SUMMARY ***
Total pot $2.50 | Rake $0 
Seat 2: XneferX
Seat 1: vadjkeee (big blind) folded before Flop
Seat 3: Checkraise_Lux folded before Flop (didn't bet)
Seat 4: damirovic79 folded before Flop (didn't bet)
Seat 5: steelNike (button) collected ($2.50)
Seat 6: Tibibacsi (small blind) folded before Flop



PokerStars Hand #254270446875:  Hold'em No Limit ($0.50/$1.00 USD) - 2025/01/08 22:56:52 WET [2025/01/08 17:56:52 ET]
Table 'Anitra' 6-max Seat #6 is the button
Seat 1: vadjkeee ($100 in chips) 
Seat 2: XneferX ($100 in chips) 
Seat 3: Checkraise_Lux ($156.39 in chips) 
Seat 4: damirovic79 ($98.96 in chips) 
Seat 5: steelNike ($96.78 in chips) 
Seat 6: Tibibacsi ($129.89 in chips) 
vadjkeee: posts small blind $0.50
XneferX: posts big blind $1
*** HOLE CARDS ***
Checkraise_Lux: folds 
damirovic79: calls $1
steelNike: raises $6 to $7
Tibibacsi: folds 
vadjkeee: folds 
XneferX: folds 
damirovic79: calls $6
*** FLOP *** [5h 5d Jh]
damirovic79: checks 
steelNike: checks 
*** TURN *** [5h 5d Jh] [5s]
damirovic79: checks 
steelNike: checks 
*** RIVER *** [5h 5d Jh 5s] [As]
damirovic79: bets $14.72
steelNike: folds 
Uncalled bet ($14.72) returned to damirovic79
damirovic79 collected $14.52 from pot
*** SUMMARY ***
Total pot $15.50 | Rake $0.98 
Board [5h 5d Jh 5s As]
Seat 1: vadjkeee (small blind) folded before Flop
Seat 2: XneferX (big blind) folded before Flop
Seat 3: Checkraise_Lux folded before Flop (didn't bet)
Seat 4: damirovic79 collected ($14.52)
Seat 5: steelNike folded on the River
Seat 6: Tibibacsi (button) folded before Flop (didn't bet)



PokerStars Hand #254270456974:  Hold'em No Limit ($0.50/$1.00 USD) - 2025/01/08 22:57:39 WET [2025/01/08 17:57:39 ET]
Table 'Anitra' 6-max Seat #1 is the button
Seat 1: vadjkeee ($100 in chips) 
Seat 2: XneferX ($100 in chips) 
Seat 3: Checkraise_Lux ($156.39 in chips) 
Seat 4: damirovic79 ($106.48 in chips) 
Seat 5: steelNike ($89.78 in chips) 
Seat 6: Tibibacsi ($129.89 in chips) 
XneferX: posts small blind $0.50
Checkraise_Lux: posts big blind $1
*** HOLE CARDS ***
damirovic79: folds 
steelNike: folds 
Tibibacsi: folds 
vadjkeee: raises $1.50 to $2.50
XneferX: folds 
Checkraise_Lux: calls $1.50
*** FLOP *** [Js Td Jd]
Checkraise_Lux: checks 
vadjkeee: bets $1.30
Checkraise_Lux: calls $1.30
*** TURN *** [Js Td Jd] [5c]
Checkraise_Lux: checks 
vadjkeee: bets $12
Checkraise_Lux: calls $12
*** RIVER *** [Js Td Jd 5c] [7c]
Checkraise_Lux: checks 
vadjkeee: checks 
*** SHOW DOWN ***
Checkraise_Lux: shows [5d 7d] (two pair, Jacks and Sevens)
vadjkeee: mucks hand 
Checkraise_Lux collected $30.50 from pot
*** SUMMARY ***
Total pot $32.10 | Rake $1.60 
Board [Js Td Jd 5c 7c]
Seat 1: vadjkeee (button) mucked
Seat 2: XneferX (small blind) folded before Flop
Seat 3: Checkraise_Lux (big blind) showed [5d 7d] and won ($30.50) with two pair, Jacks and Sevens
Seat 4: damirovic79 folded before Flop (didn't bet)
Seat 5: steelNike folded before Flop (didn't bet)
Seat 6: Tibibacsi folded before Flop (didn't bet)



PokerStars Hand #254270474027:  Hold'em No Limit ($0.50/$1.00 USD) - 2025/01/08 22:58:59 WET [2025/01/08 17:58:59 ET]
Table 'Anitra' 6-max Seat #2 is the button
Seat 1: vadjkeee ($100 in chips) 
Seat 2: XneferX ($100 in chips) 
Seat 3: Checkraise_Lux ($171.09 in chips) 
Seat 4: damirovic79 ($106.48 in chips) 
Seat 5: steelNike ($89.78 in chips) 
Seat 6: Tibibacsi ($129.89 in chips) 
Checkraise_Lux: posts small blind $0.50
damirovic79: posts big blind $1
*** HOLE CARDS ***
steelNike: folds 
Tibibacsi: folds 
vadjkeee: folds 
XneferX: folds 
Checkraise_Lux: folds 
Uncalled bet ($0.50) returned to damirovic79
damirovic79 collected $1 from pot
*** SUMMARY ***
Total pot $1 | Rake $0 
Seat 1: vadjkeee folded before Flop (didn't bet)
Seat 2: XneferX (button) folded before Flop (didn't bet)
Seat 3: Checkraise_Lux (small blind) folded before Flop
Seat 4: damirovic79 (big blind) collected ($1)
Seat 5: steelNike folded before Flop (didn't bet)
Seat 6: Tibibacsi folded before Flop (didn't bet)



PokerStars Hand #254270477964:  Hold'em No Limit ($0.50/$1.00 USD) - 2025/01/08 22:59:16 WET [2025/01/08 17:59:16 ET]
Table 'Anitra' 6-max Seat #3 is the button
Seat 1: vadjkeee ($100 in chips) 
Seat 2: XneferX ($100 in chips) 
Seat 3: Checkraise_Lux ($170.59 in chips) 
Seat 4: damirovic79 ($106.98 in chips) 
Seat 5: steelNike ($89.78 in chips) 
Seat 6: Tibibacsi ($129.89 in chips) 
damirovic79: posts small blind $0.50
steelNike: posts big blind $1
*** HOLE CARDS ***
Tibibacsi: raises $1.50 to $2.50
vadjkeee: folds 
XneferX: folds 
Checkraise_Lux: folds 
damirovic79: calls $2
steelNike: folds 
*** FLOP *** [4d Jc Tc]
damirovic79: checks 
Tibibacsi: bets $1.88
damirovic79: calls $1.88
*** TURN *** [4d Jc Tc] [Td]
damirovic79: checks 
Tibibacsi: checks 
*** RIVER *** [4d Jc Tc Td] [7c]
damirovic79: bets $9.27
Tibibacsi: folds 
Uncalled bet ($9.27) returned to damirovic79
damirovic79 collected $9.15 from pot
*** SUMMARY ***
Total pot $9.76 | Rake $0.61 
Board [4d Jc Tc Td 7c]
Seat 1: vadjkeee folded before Flop (didn't bet)
Seat 2: XneferX folded before Flop (didn't bet)
Seat 3: Checkraise_Lux (button) folded before Flop (didn't bet)
Seat 4: damirovic79 (small blind) collected ($9.15)
Seat 5: steelNike (big blind) folded before Flop
Seat 6: Tibibacsi folded on the River



PokerStars Hand #254270489582:  Hold'em No Limit ($0.50/$1.00 USD) - 2025/01/08 23:00:11 WET [2025/01/08 18:00:11 ET]
Table 'Anitra' 6-max Seat #4 is the button
Seat 1: vadjkeee ($100 in chips) 
Seat 2: XneferX ($100 in chips) 
Seat 3: Checkraise_Lux ($170.59 in chips) 
Seat 4: damirovic79 ($111.75 in chips) 
Seat 5: steelNike ($88.78 in chips) 
Seat 6: Tibibacsi ($125.51 in chips) 
steelNike: posts small blind $0.50
Tibibacsi: posts big blind $1
*** HOLE CARDS ***
vadjkeee: folds 
XneferX: folds 
Checkraise_Lux has timed out
Checkraise_Lux: folds 
damirovic79: folds 
steelNike: raises $2 to $3
Tibibacsi: folds 
Uncalled bet ($2) returned to steelNike
steelNike collected $2 from pot
*** SUMMARY ***
Total pot $2 | Rake $0 
Seat 1: vadjkeee folded before Flop (didn't bet)
Seat 2: XneferX folded before Flop (didn't bet)
Seat 3: Checkraise_Lux folded before Flop (didn't bet)
Seat 4: damirovic79 (button) folded before Flop (didn't bet)
Seat 5: steelNike (small blind) collected ($2)
Seat 6: Tibibacsi (big blind) folded before Flop



PokerStars Hand #254270496994:  Hold'em No Limit ($0.50/$1.00 USD) - 2025/01/08 23:00:43 WET [2025/01/08 18:00:43 ET]
Table 'Anitra' 6-max Seat #5 is the button
Seat 1: vadjkeee ($100 in chips) 
Seat 2: XneferX ($100 in chips) 
Seat 3: Checkraise_Lux ($170.59 in chips) 
Seat 4: damirovic79 ($111.75 in chips) 
Seat 5: steelNike ($100 in chips) 
Seat 6: Tibibacsi ($124.51 in chips) 
Tibibacsi: posts small blind $0.50
vadjkeee: posts big blind $1
*** HOLE CARDS ***
XneferX: folds 
Checkraise_Lux: folds 
damirovic79: folds 
steelNike: raises $1.50 to $2.50
Tibibacsi: folds 
vadjkeee: folds 
Uncalled bet ($1.50) returned to steelNike
steelNike collected $2.50 from pot
*** SUMMARY ***
Total pot $2.50 | Rake $0 
Seat 1: vadjkeee (big blind) folded before Flop
Seat 2: XneferX folded before Flop (didn't bet)
Seat 3: Checkraise_Lux folded before Flop (didn't bet)
Seat 4: damirovic79 folded before Flop (didn't bet)
Seat 5: steelNike (button) collected ($2.50)
Seat 6: Tibibacsi (small blind) folded before Flop



PokerStars Hand #254270511182:  Hold'em No Limit ($0.50/$1.00 USD) - 2025/01/08 23:01:37 WET [2025/01/08 18:01:37 ET]
Table 'Anitra' 6-max Seat #6 is the button
Seat 1: vadjkeee ($100 in chips) 
Seat 2: XneferX ($100 in chips) 
Seat 3: Checkraise_Lux ($170.59 in chips) 
Seat 4: damirovic79 ($111.75 in chips) 
Seat 5: steelNike ($101.50 in chips) 
Seat 6: Tibibacsi ($124.01 in chips) 
vadjkeee: posts small blind $0.50
XneferX: posts big blind $1
*** HOLE CARDS ***
Checkraise_Lux: folds 
damirovic79: raises $1 to $2
steelNike: folds 
Tibibacsi: folds 
vadjkeee: folds 
XneferX: folds 
Uncalled bet ($1) returned to damirovic79
damirovic79 collected $2.50 from pot
*** SUMMARY ***
Total pot $2.50 | Rake $0 
Seat 1: vadjkeee (small blind) folded before Flop
Seat 2: XneferX (big blind) folded before Flop
Seat 3: Checkraise_Lux folded before Flop (didn't bet)
Seat 4: damirovic79 collected ($2.50)
Seat 5: steelNike folded before Flop (didn't bet)
Seat 6: Tibibacsi (button) folded before Flop (didn't bet)



PokerStars Hand #254270517294:  Hold'em No Limit ($0.50/$1.00 USD) - 2025/01/08 23:01:59 WET [2025/01/08 18:01:59 ET]
Table 'Anitra' 6-max Seat #1 is the button
Seat 1: vadjkeee ($100 in chips) 
Seat 2: XneferX ($100 in chips) 
Seat 3: Checkraise_Lux ($170.59 in chips) 
Seat 4: damirovic79 ($113.25 in chips) 
Seat 5: steelNike ($101.50 in chips) 
Seat 6: Tibibacsi ($124.01 in chips) 
XneferX: posts small blind $0.50
Checkraise_Lux: posts big blind $1
*** HOLE CARDS ***
damirovic79: folds 
steelNike: raises $1 to $2
Tibibacsi: folds 
vadjkeee: folds 
XneferX: folds 
Checkraise_Lux: folds 
Uncalled bet ($1) returned to steelNike
steelNike collected $2.50 from pot
*** SUMMARY ***
Total pot $2.50 | Rake $0 
Seat 1: vadjkeee (button) folded before Flop (didn't bet)
Seat 2: XneferX (small blind) folded before Flop
Seat 3: Checkraise_Lux (big blind) folded before Flop
Seat 4: damirovic79 folded before Flop (didn't bet)
Seat 5: steelNike collected ($2.50)
Seat 6: Tibibacsi folded before Flop (didn't bet)



PokerStars Hand #254270522058:  Hold'em No Limit ($0.50/$1.00 USD) - 2025/01/08 23:02:16 WET [2025/01/08 18:02:16 ET]
Table 'Anitra' 6-max Seat #2 is the button
Seat 1: vadjkeee ($100 in chips) 
Seat 2: XneferX ($100 in chips) 
Seat 3: Checkraise_Lux ($169.59 in chips) 
Seat 4: damirovic79 ($113.25 in chips) 
Seat 5: steelNike ($103 in chips) 
Seat 6: Tibibacsi ($124.01 in chips) 
Checkraise_Lux: posts small blind $0.50
damirovic79: posts big blind $1
*** HOLE CARDS ***
steelNike: folds 
Tibibacsi: folds 
vadjkeee: folds 
XneferX: folds 
Checkraise_Lux: folds 
Uncalled bet ($0.50) returned to damirovic79
damirovic79 collected $1 from pot
*** SUMMARY ***
Total pot $1 | Rake $0 
Seat 1: vadjkeee folded before Flop (didn't bet)
Seat 2: XneferX (button) folded before Flop (didn't bet)
Seat 3: Checkraise_Lux (small blind) folded before Flop
Seat 4: damirovic79 (big blind) collected ($1)
Seat 5: steelNike folded before Flop (didn't bet)
Seat 6: Tibibacsi folded before Flop (didn't bet)



PokerStars Hand #254270525994:  Hold'em No Limit ($0.50/$1.00 USD) - 2025/01/08 23:02:30 WET [2025/01/08 18:02:30 ET]
Table 'Anitra' 6-max Seat #3 is the button
Seat 1: vadjkeee ($100 in chips) 
Seat 2: XneferX ($100 in chips) 
Seat 3: Checkraise_Lux ($169.09 in chips) 
Seat 4: damirovic79 ($113.75 in chips) 
Seat 5: steelNike ($103 in chips) 
Seat 6: Tibibacsi ($124.01 in chips) 
damirovic79: posts small blind $0.50
steelNike: posts big blind $1
*** HOLE CARDS ***
Tibibacsi: folds 
vadjkeee: raises $2 to $3
XneferX: folds 
Checkraise_Lux: folds 
damirovic79: folds 
steelNike: folds 
Uncalled bet ($2) returned to vadjkeee
vadjkeee collected $2.50 from pot
vadjkeee: doesn't show hand 
*** SUMMARY ***
Total pot $2.50 | Rake $0 
Seat 1: vadjkeee collected ($2.50)
Seat 2: XneferX folded before Flop (didn't bet)
Seat 3: Checkraise_Lux (button) folded before Flop (didn't bet)
Seat 4: damirovic79 (small blind) folded before Flop
Seat 5: steelNike (big blind) folded before Flop
Seat 6: Tibibacsi folded before Flop (didn't bet)



PokerStars Hand #254270530766:  Hold'em No Limit ($0.50/$1.00 USD) - 2025/01/08 23:02:47 WET [2025/01/08 18:02:47 ET]
Table 'Anitra' 6-max Seat #4 is the button
Seat 1: vadjkeee ($101.50 in chips) 
Seat 2: XneferX ($100 in chips) 
Seat 3: Checkraise_Lux ($169.09 in chips) 
Seat 4: damirovic79 ($113.25 in chips) 
Seat 5: steelNike ($102 in chips) 
Seat 6: Tibibacsi ($124.01 in chips) 
steelNike: posts small blind $0.50
Tibibacsi: posts big blind $1
*** HOLE CARDS ***
vadjkeee: folds 
XneferX: folds 
Checkraise_Lux: folds 
damirovic79: calls $1
steelNike: folds 
Tibibacsi: checks 
*** FLOP *** [5h 7d Td]
Tibibacsi: checks 
damirovic79: bets $2.38
Tibibacsi: folds 
Uncalled bet ($2.38) returned to damirovic79
damirovic79 collected $2.35 from pot
*** SUMMARY ***
Total pot $2.50 | Rake $0.15 
Board [5h 7d Td]
Seat 1: vadjkeee folded before Flop (didn't bet)
Seat 2: XneferX folded before Flop (didn't bet)
Seat 3: Checkraise_Lux folded before Flop (didn't bet)
Seat 4: damirovic79 (button) collected ($2.35)
Seat 5: steelNike (small blind) folded before Flop
Seat 6: Tibibacsi (big blind) folded on the Flop



PokerStars Hand #254270542709:  Hold'em No Limit ($0.50/$1.00 USD) - 2025/01/08 23:03:29 WET [2025/01/08 18:03:29 ET]
Table 'Anitra' 6-max Seat #5 is the button
Seat 1: vadjkeee ($101.50 in chips) 
Seat 2: XneferX ($100 in chips) 
Seat 3: Checkraise_Lux ($169.09 in chips) 
Seat 4: damirovic79 ($114.60 in chips) 
Seat 5: steelNike ($101.50 in chips) 
Seat 6: Tibibacsi ($123.01 in chips) 
Tibibacsi: posts small blind $0.50
vadjkeee: posts big blind $1
*** HOLE CARDS ***
XneferX: folds 
Checkraise_Lux: folds 
damirovic79: calls $1
steelNike: folds 
Tibibacsi: raises $3.50 to $4.50
vadjkeee: folds 
damirovic79 has timed out
damirovic79: folds 
Uncalled bet ($3.50) returned to Tibibacsi
Tibibacsi collected $3 from pot
Tibibacsi: doesn't show hand 
*** SUMMARY ***
Total pot $3 | Rake $0 
Seat 1: vadjkeee (big blind) folded before Flop
Seat 2: XneferX folded before Flop (didn't bet)
Seat 3: Checkraise_Lux folded before Flop (didn't bet)
Seat 4: damirovic79 folded before Flop
Seat 5: steelNike (button) folded before Flop (didn't bet)
Seat 6: Tibibacsi (small blind) collected ($3)



PokerStars Hand #254270555206:  Hold'em No Limit ($0.50/$1.00 USD) - 2025/01/08 23:04:13 WET [2025/01/08 18:04:13 ET]
Table 'Anitra' 6-max Seat #6 is the button
Seat 4: damirovic79 ($113.60 in chips) is sitting out
Seat 1: vadjkeee ($100.50 in chips) 
Seat 2: XneferX ($100 in chips) 
Seat 3: Checkraise_Lux ($169.09 in chips) 
Seat 5: steelNike ($101.50 in chips) 
Seat 6: Tibibacsi ($125.01 in chips) 
vadjkeee: posts small blind $0.50
XneferX: posts big blind $1
*** HOLE CARDS ***
Checkraise_Lux: folds 
steelNike: folds 
Tibibacsi: raises $1.50 to $2.50
vadjkeee: folds 
XneferX: folds 
Uncalled bet ($1.50) returned to Tibibacsi
Tibibacsi collected $2.50 from pot
Tibibacsi: doesn't show hand 
*** SUMMARY ***
Total pot $2.50 | Rake $0 
Seat 4: damirovic79
Seat 1: vadjkeee (small blind) folded before Flop
Seat 2: XneferX (big blind) folded before Flop
Seat 3: Checkraise_Lux folded before Flop (didn't bet)
Seat 5: steelNike folded before Flop (didn't bet)
Seat 6: Tibibacsi (button) collected ($2.50)



PokerStars Hand #254270563692:  Hold'em No Limit ($0.50/$1.00 USD) - 2025/01/08 23:04:42 WET [2025/01/08 18:04:42 ET]
Table 'Anitra' 6-max Seat #1 is the button
Seat 1: vadjkeee ($100 in chips) 
Seat 2: XneferX ($100 in chips) 
Seat 3: Checkraise_Lux ($169.09 in chips) 
Seat 4: damirovic79 ($113.60 in chips) 
Seat 5: steelNike ($101.50 in chips) 
Seat 6: Tibibacsi ($126.51 in chips) 
XneferX: posts small blind $0.50
Checkraise_Lux: posts big blind $1
*** HOLE CARDS ***
damirovic79: folds 
steelNike: raises $1 to $2
Tibibacsi: folds 
vadjkeee: folds 
XneferX: folds 
Checkraise_Lux: folds 
Uncalled bet ($1) returned to steelNike
steelNike collected $2.50 from pot
*** SUMMARY ***
Total pot $2.50 | Rake $0 
Seat 1: vadjkeee (button) folded before Flop (didn't bet)
Seat 2: XneferX (small blind) folded before Flop
Seat 3: Checkraise_Lux (big blind) folded before Flop
Seat 4: damirovic79 folded before Flop (didn't bet)
Seat 5: steelNike collected ($2.50)
Seat 6: Tibibacsi folded before Flop (didn't bet)



PokerStars Hand #254270569876:  Hold'em No Limit ($0.50/$1.00 USD) - 2025/01/08 23:05:04 WET [2025/01/08 18:05:04 ET]
Table 'Anitra' 6-max Seat #2 is the button
Seat 1: vadjkeee ($100 in chips) 
Seat 2: XneferX ($100 in chips) 
Seat 3: Checkraise_Lux ($168.09 in chips) 
Seat 4: damirovic79 ($113.60 in chips) 
Seat 5: steelNike ($103 in chips) 
Seat 6: Tibibacsi ($126.51 in chips) 
Checkraise_Lux: posts small blind $0.50
damirovic79: posts big blind $1
*** HOLE CARDS ***
steelNike: folds 
Tibibacsi: folds 
vadjkeee: folds 
XneferX: folds 
Checkraise_Lux: folds 
Uncalled bet ($0.50) returned to damirovic79
damirovic79 collected $1 from pot
*** SUMMARY ***
Total pot $1 | Rake $0 
Seat 1: vadjkeee folded before Flop (didn't bet)
Seat 2: XneferX (button) folded before Flop (didn't bet)
Seat 3: Checkraise_Lux (small blind) folded before Flop
Seat 4: damirovic79 (big blind) collected ($1)
Seat 5: steelNike folded before Flop (didn't bet)
Seat 6: Tibibacsi folded before Flop (didn't bet)



PokerStars Hand #254270576473:  Hold'em No Limit ($0.50/$1.00 USD) - 2025/01/08 23:05:27 WET [2025/01/08 18:05:27 ET]
Table 'Anitra' 6-max Seat #3 is the button
Seat 1: vadjkeee ($100 in chips) 
Seat 2: XneferX ($100 in chips) 
Seat 3: Checkraise_Lux ($167.59 in chips) 
Seat 4: damirovic79 ($114.10 in chips) 
Seat 5: steelNike ($103 in chips) 
Seat 6: Tibibacsi ($126.51 in chips) 
damirovic79: posts small blind $0.50
steelNike: posts big blind $1
*** HOLE CARDS ***
Tibibacsi: folds 
vadjkeee: folds 
XneferX: folds 
Checkraise_Lux: folds 
damirovic79: calls $0.50
steelNike: checks 
*** FLOP *** [Qc 4h 9d]
damirovic79: checks 
steelNike: checks 
*** TURN *** [Qc 4h 9d] [5c]
damirovic79: checks 
steelNike: checks 
*** RIVER *** [Qc 4h 9d 5c] [8c]
damirovic79: checks 
steelNike: checks 
*** SHOW DOWN ***
damirovic79: shows [Ac Ts] (high card Ace)
steelNike: mucks hand 
damirovic79 collected $1.88 from pot
*** SUMMARY ***
Total pot $2 | Rake $0.12 
Board [Qc 4h 9d 5c 8c]
Seat 1: vadjkeee folded before Flop (didn't bet)
Seat 2: XneferX folded before Flop (didn't bet)
Seat 3: Checkraise_Lux (button) folded before Flop (didn't bet)
Seat 4: damirovic79 (small blind) showed [Ac Ts] and won ($1.88) with high card Ace
Seat 5: steelNike (big blind) mucked
Seat 6: Tibibacsi folded before Flop (didn't bet)



PokerStars Hand #254270588079:  Hold'em No Limit ($0.50/$1.00 USD) - 2025/01/08 23:06:08 WET [2025/01/08 18:06:08 ET]
Table 'Anitra' 6-max Seat #4 is the button
Seat 1: vadjkeee ($100 in chips) 
Seat 2: XneferX ($100 in chips) 
Seat 3: Checkraise_Lux ($167.59 in chips) 
Seat 4: damirovic79 ($114.98 in chips) 
Seat 5: steelNike ($102 in chips) 
Seat 6: Tibibacsi ($126.51 in chips) 
steelNike: posts small blind $0.50
Tibibacsi: posts big blind $1
*** HOLE CARDS ***
vadjkeee: folds 
XneferX: folds 
Checkraise_Lux: folds 
damirovic79: calls $1
steelNike: raises $6 to $7
Tibibacsi: folds 
damirovic79: calls $6
*** FLOP *** [5d 6h 4h]
steelNike: checks 
damirovic79: bets $14.25
steelNike: folds 
Uncalled bet ($14.25) returned to damirovic79
damirovic79 collected $14.06 from pot
*** SUMMARY ***
Total pot $15 | Rake $0.94 
Board [5d 6h 4h]
Seat 1: vadjkeee folded before Flop (didn't bet)
Seat 2: XneferX folded before Flop (didn't bet)
Seat 3: Checkraise_Lux folded before Flop (didn't bet)
Seat 4: damirovic79 (button) collected ($14.06)
Seat 5: steelNike (small blind) folded on the Flop
Seat 6: Tibibacsi (big blind) folded before Flop



PokerStars Hand #254270595451:  Hold'em No Limit ($0.50/$1.00 USD) - 2025/01/08 23:06:33 WET [2025/01/08 18:06:33 ET]
Table 'Anitra' 6-max Seat #5 is the button
Seat 1: vadjkeee ($100 in chips) 
Seat 2: XneferX ($100 in chips) 
Seat 3: Checkraise_Lux ($167.59 in chips) 
Seat 4: damirovic79 ($122.04 in chips) 
Seat 5: steelNike ($100 in chips) 
Seat 6: Tibibacsi ($125.51 in chips) 
Tibibacsi: posts small blind $0.50
vadjkeee: posts big blind $1
*** HOLE CARDS ***
XneferX: folds 
Checkraise_Lux: raises $1.50 to $2.50
damirovic79: calls $2.50
steelNike: folds 
Tibibacsi: folds 
vadjkeee: folds 
*** FLOP *** [7h Td 6s]
Checkraise_Lux: checks 
damirovic79: checks 
*** TURN *** [7h Td 6s] [Ah]
Checkraise_Lux: checks 
damirovic79: bets $6.18
Checkraise_Lux: folds 
Uncalled bet ($6.18) returned to damirovic79
damirovic79 collected $6.10 from pot
*** SUMMARY ***
Total pot $6.50 | Rake $0.40 
Board [7h Td 6s Ah]
Seat 1: vadjkeee (big blind) folded before Flop
Seat 2: XneferX folded before Flop (didn't bet)
Seat 3: Checkraise_Lux folded on the Turn
Seat 4: damirovic79 collected ($6.10)
Seat 5: steelNike (button) folded before Flop (didn't bet)
Seat 6: Tibibacsi (small blind) folded before Flop



PokerStars Hand #254270606048:  Hold'em No Limit ($0.50/$1.00 USD) - 2025/01/08 23:07:10 WET [2025/01/08 18:07:10 ET]
Table 'Anitra' 6-max Seat #6 is the button
Seat 1: vadjkeee ($100 in chips) 
Seat 2: XneferX ($100 in chips) 
Seat 3: Checkraise_Lux ($165.09 in chips) 
Seat 4: damirovic79 ($125.64 in chips) 
Seat 5: steelNike ($100 in chips) 
Seat 6: Tibibacsi ($125.01 in chips) 
vadjkeee: posts small blind $0.50
XneferX: posts big blind $1
*** HOLE CARDS ***
Checkraise_Lux: raises $1.50 to $2.50
damirovic79: calls $2.50
steelNike: raises $8.50 to $11
Tibibacsi: folds 
vadjkeee: folds 
XneferX: folds 
Checkraise_Lux: folds 
damirovic79: folds 
Uncalled bet ($8.50) returned to steelNike
steelNike collected $9 from pot
*** SUMMARY ***
Total pot $9 | Rake $0 
Seat 1: vadjkeee (small blind) folded before Flop
Seat 2: XneferX (big blind) folded before Flop
Seat 3: Checkraise_Lux folded before Flop
Seat 4: damirovic79 folded before Flop
Seat 5: steelNike collected ($9)
Seat 6: Tibibacsi (button) folded before Flop (didn't bet)



PokerStars Hand #254270613986:  Hold'em No Limit ($0.50/$1.00 USD) - 2025/01/08 23:07:38 WET [2025/01/08 18:07:38 ET]
Table 'Anitra' 6-max Seat #1 is the button
Seat 1: vadjkeee ($100 in chips) 
Seat 2: XneferX ($100 in chips) 
Seat 3: Checkraise_Lux ($162.59 in chips) 
Seat 4: damirovic79 ($123.14 in chips) 
Seat 5: steelNike ($106.50 in chips) 
Seat 6: Tibibacsi ($125.01 in chips) 
XneferX: posts small blind $0.50
Checkraise_Lux: posts big blind $1
*** HOLE CARDS ***
damirovic79: folds 
steelNike: folds 
Tibibacsi: folds 
vadjkeee: raises $1.50 to $2.50
XneferX: folds 
Checkraise_Lux: folds 
Uncalled bet ($1.50) returned to vadjkeee
vadjkeee collected $2.50 from pot
vadjkeee: doesn't show hand 
*** SUMMARY ***
Total pot $2.50 | Rake $0 
Seat 1: vadjkeee (button) collected ($2.50)
Seat 2: XneferX (small blind) folded before Flop
Seat 3: Checkraise_Lux (big blind) folded before Flop
Seat 4: damirovic79 folded before Flop (didn't bet)
Seat 5: steelNike folded before Flop (didn't bet)
Seat 6: Tibibacsi folded before Flop (didn't bet)



PokerStars Hand #254270622381:  Hold'em No Limit ($0.50/$1.00 USD) - 2025/01/08 23:08:08 WET [2025/01/08 18:08:08 ET]
Table 'Anitra' 6-max Seat #2 is the button
Seat 1: vadjkeee ($101.50 in chips) 
Seat 2: XneferX ($100 in chips) 
Seat 3: Checkraise_Lux ($161.59 in chips) 
Seat 4: damirovic79 ($123.14 in chips) 
Seat 5: steelNike ($106.50 in chips) 
Seat 6: Tibibacsi ($125.01 in chips) 
Checkraise_Lux: posts small blind $0.50
damirovic79: posts big blind $1
*** HOLE CARDS ***
steelNike: raises $1 to $2
Tibibacsi: folds 
vadjkeee: folds 
XneferX: folds 
Checkraise_Lux: folds 
damirovic79: calls $1
*** FLOP *** [7h Ts Th]
damirovic79: checks 
steelNike: checks 
*** TURN *** [7h Ts Th] [5h]
damirovic79: checks 
steelNike: checks 
*** RIVER *** [7h Ts Th 5h] [5s]
damirovic79: checks 
steelNike: checks 
*** SHOW DOWN ***
damirovic79: shows [Qd Ah] (two pair, Tens and Fives)
steelNike: mucks hand 
damirovic79 collected $4.22 from pot
*** SUMMARY ***
Total pot $4.50 | Rake $0.28 
Board [7h Ts Th 5h 5s]
Seat 1: vadjkeee folded before Flop (didn't bet)
Seat 2: XneferX (button) folded before Flop (didn't bet)
Seat 3: Checkraise_Lux (small blind) folded before Flop
Seat 4: damirovic79 (big blind) showed [Qd Ah] and won ($4.22) with two pair, Tens and Fives
Seat 5: steelNike mucked
Seat 6: Tibibacsi folded before Flop (didn't bet)



PokerStars Hand #254270637102:  Hold'em No Limit ($0.50/$1.00 USD) - 2025/01/08 23:08:59 WET [2025/01/08 18:08:59 ET]
Table 'Anitra' 6-max Seat #3 is the button
Seat 1: vadjkeee ($101.50 in chips) 
Seat 2: XneferX ($100 in chips) 
Seat 3: Checkraise_Lux ($161.09 in chips) 
Seat 4: damirovic79 ($125.36 in chips) 
Seat 5: steelNike ($104.50 in chips) 
Seat 6: Tibibacsi ($125.01 in chips) 
damirovic79: posts small blind $0.50
steelNike: posts big blind $1
*** HOLE CARDS ***
Tibibacsi: raises $1.50 to $2.50
vadjkeee: folds 
XneferX: folds 
Checkraise_Lux: folds 
damirovic79: calls $2
steelNike: folds 
*** FLOP *** [Ac Ts 9s]
damirovic79: bets $5.70
Tibibacsi: folds 
Uncalled bet ($5.70) returned to damirovic79
damirovic79 collected $5.62 from pot
*** SUMMARY ***
Total pot $6 | Rake $0.38 
Board [Ac Ts 9s]
Seat 1: vadjkeee folded before Flop (didn't bet)
Seat 2: XneferX folded before Flop (didn't bet)
Seat 3: Checkraise_Lux (button) folded before Flop (didn't bet)
Seat 4: damirovic79 (small blind) collected ($5.62)
Seat 5: steelNike (big blind) folded before Flop
Seat 6: Tibibacsi folded on the Flop



PokerStars Hand #254270645230:  Hold'em No Limit ($0.50/$1.00 USD) - 2025/01/08 23:09:28 WET [2025/01/08 18:09:28 ET]
Table 'Anitra' 6-max Seat #4 is the button
Seat 1: vadjkeee ($101.50 in chips) 
Seat 2: XneferX ($100 in chips) 
Seat 3: Checkraise_Lux ($161.09 in chips) 
Seat 4: damirovic79 ($128.48 in chips) 
Seat 5: steelNike ($103.50 in chips) 
Seat 6: Tibibacsi ($122.51 in chips) 
steelNike: posts small blind $0.50
Tibibacsi: posts big blind $1
*** HOLE CARDS ***
vadjkeee: folds 
XneferX: folds 
Checkraise_Lux: folds 
damirovic79: folds 
steelNike: folds 
Uncalled bet ($0.50) returned to Tibibacsi
Tibibacsi collected $1 from pot
Tibibacsi: doesn't show hand 
*** SUMMARY ***
Total pot $1 | Rake $0 
Seat 1: vadjkeee folded before Flop (didn't bet)
Seat 2: XneferX folded before Flop (didn't bet)
Seat 3: Checkraise_Lux folded before Flop (didn't bet)
Seat 4: damirovic79 (button) folded before Flop (didn't bet)
Seat 5: steelNike (small blind) folded before Flop
Seat 6: Tibibacsi (big blind) collected ($1)



PokerStars Hand #254270651677:  Hold'em No Limit ($0.50/$1.00 USD) - 2025/01/08 23:09:51 WET [2025/01/08 18:09:51 ET]
Table 'Anitra' 6-max Seat #5 is the button
Seat 1: vadjkeee ($101.50 in chips) 
Seat 2: XneferX ($100 in chips) 
Seat 3: Checkraise_Lux ($161.09 in chips) 
Seat 4: damirovic79 ($128.48 in chips) 
Seat 5: steelNike ($103 in chips) 
Seat 6: Tibibacsi ($123.01 in chips) 
Tibibacsi: posts small blind $0.50
vadjkeee: posts big blind $1
*** HOLE CARDS ***
XneferX: folds 
Checkraise_Lux: folds 
damirovic79: folds 
steelNike: raises $1.50 to $2.50
Tibibacsi: folds 
vadjkeee: folds 
Uncalled bet ($1.50) returned to steelNike
steelNike collected $2.50 from pot
*** SUMMARY ***
Total pot $2.50 | Rake $0 
Seat 1: vadjkeee (big blind) folded before Flop
Seat 2: XneferX folded before Flop (didn't bet)
Seat 3: Checkraise_Lux folded before Flop (didn't bet)
Seat 4: damirovic79 folded before Flop (didn't bet)
Seat 5: steelNike (button) collected ($2.50)
Seat 6: Tibibacsi (small blind) folded before Flop



PokerStars Hand #254270655760:  Hold'em No Limit ($0.50/$1.00 USD) - 2025/01/08 23:10:05 WET [2025/01/08 18:10:05 ET]
Table 'Anitra' 6-max Seat #6 is the button
Seat 1: vadjkeee ($100.50 in chips) 
Seat 2: XneferX ($100 in chips) 
Seat 3: Checkraise_Lux ($161.09 in chips) 
Seat 4: damirovic79 ($128.48 in chips) 
Seat 5: steelNike ($104.50 in chips) 
Seat 6: Tibibacsi ($122.51 in chips) 
vadjkeee: posts small blind $0.50
XneferX: posts big blind $1
*** HOLE CARDS ***
Checkraise_Lux: folds 
damirovic79: calls $1
steelNike: folds 
Tibibacsi: raises $3 to $4
vadjkeee: folds 
XneferX: folds 
damirovic79: folds 
Uncalled bet ($3) returned to Tibibacsi
Tibibacsi collected $3.50 from pot
Tibibacsi: doesn't show hand 
*** SUMMARY ***
Total pot $3.50 | Rake $0 
Seat 1: vadjkeee (small blind) folded before Flop
Seat 2: XneferX (big blind) folded before Flop
Seat 3: Checkraise_Lux folded before Flop (didn't bet)
Seat 4: damirovic79 folded before Flop
Seat 5: steelNike folded before Flop (didn't bet)
Seat 6: Tibibacsi (button) collected ($3.50)



PokerStars Hand #254270665278:  Hold'em No Limit ($0.50/$1.00 USD) - 2025/01/08 23:10:39 WET [2025/01/08 18:10:39 ET]
Table 'Anitra' 6-max Seat #1 is the button
Seat 1: vadjkeee ($100 in chips) 
Seat 2: XneferX ($100 in chips) 
Seat 3: Checkraise_Lux ($161.09 in chips) 
Seat 4: damirovic79 ($127.48 in chips) 
Seat 5: steelNike ($104.50 in chips) 
Seat 6: Tibibacsi ($125.01 in chips) 
XneferX: posts small blind $0.50
Checkraise_Lux: posts big blind $1
*** HOLE CARDS ***
damirovic79: folds 
steelNike: folds 
Tibibacsi: folds 
vadjkeee: folds 
XneferX: raises $1.90 to $2.90
Checkraise_Lux: folds 
Uncalled bet ($1.90) returned to XneferX
XneferX collected $2 from pot
XneferX: doesn't show hand 
*** SUMMARY ***
Total pot $2 | Rake $0 
Seat 1: vadjkeee (button) folded before Flop (didn't bet)
Seat 2: XneferX (small blind) collected ($2)
Seat 3: Checkraise_Lux (big blind) folded before Flop
Seat 4: damirovic79 folded before Flop (didn't bet)
Seat 5: steelNike folded before Flop (didn't bet)
Seat 6: Tibibacsi folded before Flop (didn't bet)



PokerStars Hand #254270671229:  Hold'em No Limit ($0.50/$1.00 USD) - 2025/01/08 23:11:00 WET [2025/01/08 18:11:00 ET]
Table 'Anitra' 6-max Seat #2 is the button
Seat 1: vadjkeee ($100 in chips) 
Seat 2: XneferX ($101 in chips) 
Seat 3: Checkraise_Lux ($160.09 in chips) 
Seat 4: damirovic79 ($127.48 in chips) 
Seat 5: steelNike ($104.50 in chips) 
Seat 6: Tibibacsi ($125.01 in chips) 
Checkraise_Lux: posts small blind $0.50
damirovic79: posts big blind $1
*** HOLE CARDS ***
steelNike: folds 
Tibibacsi: folds 
vadjkeee: folds 
XneferX: folds 
Checkraise_Lux: folds 
Uncalled bet ($0.50) returned to damirovic79
damirovic79 collected $1 from pot
*** SUMMARY ***
Total pot $1 | Rake $0 
Seat 1: vadjkeee folded before Flop (didn't bet)
Seat 2: XneferX (button) folded before Flop (didn't bet)
Seat 3: Checkraise_Lux (small blind) folded before Flop
Seat 4: damirovic79 (big blind) collected ($1)
Seat 5: steelNike folded before Flop (didn't bet)
Seat 6: Tibibacsi folded before Flop (didn't bet)



PokerStars Hand #254270676262:  Hold'em No Limit ($0.50/$1.00 USD) - 2025/01/08 23:11:18 WET [2025/01/08 18:11:18 ET]
Table 'Anitra' 6-max Seat #3 is the button
Seat 1: vadjkeee ($100 in chips) 
Seat 2: XneferX ($101 in chips) 
Seat 3: Checkraise_Lux ($159.59 in chips) 
Seat 4: damirovic79 ($127.98 in chips) 
Seat 5: steelNike ($104.50 in chips) 
Seat 6: Tibibacsi ($125.01 in chips) 
damirovic79: posts small blind $0.50
steelNike: posts big blind $1
*** HOLE CARDS ***
Tibibacsi: folds 
vadjkeee: folds 
XneferX: raises $1.20 to $2.20
Checkraise_Lux: folds 
damirovic79: folds 
steelNike: folds 
Uncalled bet ($1.20) returned to XneferX
XneferX collected $2.50 from pot
XneferX: doesn't show hand 
*** SUMMARY ***
Total pot $2.50 | Rake $0 
Seat 1: vadjkeee folded before Flop (didn't bet)
Seat 2: XneferX collected ($2.50)
Seat 3: Checkraise_Lux (button) folded before Flop (didn't bet)
Seat 4: damirovic79 (small blind) folded before Flop
Seat 5: steelNike (big blind) folded before Flop
Seat 6: Tibibacsi folded before Flop (didn't bet)



PokerStars Hand #254270684133:  Hold'em No Limit ($0.50/$1.00 USD) - 2025/01/08 23:11:45 WET [2025/01/08 18:11:45 ET]
Table 'Anitra' 6-max Seat #4 is the button
Seat 1: vadjkeee ($100 in chips) 
Seat 2: XneferX ($102.50 in chips) 
Seat 3: Checkraise_Lux ($159.59 in chips) 
Seat 4: damirovic79 ($127.48 in chips) 
Seat 5: steelNike ($103.50 in chips) 
Seat 6: Tibibacsi ($125.01 in chips) 
steelNike: posts small blind $0.50
Tibibacsi: posts big blind $1
*** HOLE CARDS ***
vadjkeee: raises $1.50 to $2.50
XneferX: folds 
Checkraise_Lux: folds 
damirovic79: folds 
steelNike: folds 
Tibibacsi: calls $1.50
*** FLOP *** [Ks Qh 3d]
Tibibacsi: checks 
vadjkeee: checks 
*** TURN *** [Ks Qh 3d] [9h]
Tibibacsi: checks 
vadjkeee: bets $3.50
Tibibacsi: folds 
Uncalled bet ($3.50) returned to vadjkeee
vadjkeee collected $5.22 from pot
vadjkeee: doesn't show hand 
*** SUMMARY ***
Total pot $5.50 | Rake $0.28 
Board [Ks Qh 3d 9h]
Seat 1: vadjkeee collected ($5.22)
Seat 2: XneferX folded before Flop (didn't bet)
Seat 3: Checkraise_Lux folded before Flop (didn't bet)
Seat 4: damirovic79 (button) folded before Flop (didn't bet)
Seat 5: steelNike (small blind) folded before Flop
Seat 6: Tibibacsi (big blind) folded on the Turn



PokerStars Hand #254270699470:  Hold'em No Limit ($0.50/$1.00 USD) - 2025/01/08 23:12:41 WET [2025/01/08 18:12:41 ET]
Table 'Anitra' 6-max Seat #5 is the button
Seat 1: vadjkeee ($102.72 in chips) 
Seat 2: XneferX ($102.50 in chips) 
Seat 3: Checkraise_Lux ($159.59 in chips) 
Seat 4: damirovic79 ($127.48 in chips) 
Seat 5: steelNike ($103 in chips) 
Seat 6: Tibibacsi ($122.51 in chips) 
Tibibacsi: posts small blind $0.50
vadjkeee: posts big blind $1
*** HOLE CARDS ***
XneferX: folds 
Checkraise_Lux: folds 
damirovic79: calls $1
steelNike: calls $1
Tibibacsi: raises $7 to $8
vadjkeee: folds 
damirovic79: calls $7
steelNike: folds 
*** FLOP *** [2c 6h 8h]
Tibibacsi: bets $5.64
damirovic79: calls $5.64
*** TURN *** [2c 6h 8h] [7s]
Tibibacsi: checks 
damirovic79: checks 
*** RIVER *** [2c 6h 8h 7s] [4s]
Tibibacsi: checks 
damirovic79: checks 
*** SHOW DOWN ***
Tibibacsi: shows [Qd Qc] (a pair of Queens)
damirovic79: mucks hand 
Tibibacsi collected $27.82 from pot
*** SUMMARY ***
Total pot $29.28 | Rake $1.46 
Board [2c 6h 8h 7s 4s]
Seat 1: vadjkeee (big blind) folded before Flop
Seat 2: XneferX folded before Flop (didn't bet)
Seat 3: Checkraise_Lux folded before Flop (didn't bet)
Seat 4: damirovic79 mucked
Seat 5: steelNike (button) folded before Flop
Seat 6: Tibibacsi (small blind) showed [Qd Qc] and won ($27.82) with a pair of Queens



PokerStars Hand #254270839511:  Hold'em No Limit ($0.50/$1.00 USD) - 2025/01/08 23:21:12 WET [2025/01/08 18:21:12 ET]
Table 'Anitra' 6-max Seat #2 is the button
Seat 1: vadjkeee ($100 in chips) 
Seat 2: XneferX ($100 in chips) 
Seat 3: Checkraise_Lux ($166.70 in chips) 
Seat 4: damirovic79 ($113.21 in chips) 
Seat 5: steelNike ($102.71 in chips) 
Seat 6: Tibibacsi ($150.57 in chips) 
Checkraise_Lux: posts small blind $0.50
damirovic79: posts big blind $1
*** HOLE CARDS ***
steelNike: folds 
Tibibacsi: folds 
vadjkeee: folds 
XneferX: raises $1.77 to $2.77
Checkraise_Lux: folds 
damirovic79: calls $1.77
*** FLOP *** [9s 8h 4s]
damirovic79: checks 
XneferX: bets $4.42
damirovic79: folds 
Uncalled bet ($4.42) returned to XneferX
XneferX collected $5.74 from pot
XneferX: doesn't show hand 
*** SUMMARY ***
Total pot $6.04 | Rake $0.30 
Board [9s 8h 4s]
Seat 1: vadjkeee folded before Flop (didn't bet)
Seat 2: XneferX (button) collected ($5.74)
Seat 3: Checkraise_Lux (small blind) folded before Flop
Seat 4: damirovic79 (big blind) folded on the Flop
Seat 5: steelNike folded before Flop (didn't bet)
Seat 6: Tibibacsi folded before Flop (didn't bet)



PokerStars Hand #254270846438:  Hold'em No Limit ($0.50/$1.00 USD) - 2025/01/08 23:21:38 WET [2025/01/08 18:21:38 ET]
Table 'Anitra' 6-max Seat #3 is the button
Seat 1: vadjkeee ($100 in chips) 
Seat 2: XneferX ($102.97 in chips) 
Seat 3: Checkraise_Lux ($166.20 in chips) 
Seat 4: damirovic79 ($110.44 in chips) 
Seat 5: steelNike ($102.71 in chips) 
Seat 6: Tibibacsi ($150.57 in chips) 
damirovic79: posts small blind $0.50
steelNike: posts big blind $1
*** HOLE CARDS ***
Tibibacsi: folds 
vadjkeee: folds 
XneferX: raises $1.20 to $2.20
Checkraise_Lux: folds 
damirovic79: calls $1.70
steelNike: folds 
*** FLOP *** [2c Kc Jh]
damirovic79: checks 
XneferX: bets $1.20
damirovic79: folds 
Uncalled bet ($1.20) returned to XneferX
XneferX collected $5.13 from pot
XneferX: doesn't show hand 
*** SUMMARY ***
Total pot $5.40 | Rake $0.27 
Board [2c Kc Jh]
Seat 1: vadjkeee folded before Flop (didn't bet)
Seat 2: XneferX collected ($5.13)
Seat 3: Checkraise_Lux (button) folded before Flop (didn't bet)
Seat 4: damirovic79 (small blind) folded on the Flop
Seat 5: steelNike (big blind) folded before Flop
Seat 6: Tibibacsi folded before Flop (didn't bet)



PokerStars Hand #254270854676:  Hold'em No Limit ($0.50/$1.00 USD) - 2025/01/08 23:22:08 WET [2025/01/08 18:22:08 ET]
Table 'Anitra' 6-max Seat #4 is the button
Seat 1: vadjkeee ($100 in chips) 
Seat 2: XneferX ($105.90 in chips) 
Seat 3: Checkraise_Lux ($166.20 in chips) 
Seat 4: damirovic79 ($108.24 in chips) 
Seat 5: steelNike ($101.71 in chips) 
Seat 6: Tibibacsi ($150.57 in chips) 
steelNike: posts small blind $0.50
Tibibacsi: posts big blind $1
*** HOLE CARDS ***
vadjkeee: folds 
XneferX: raises $1.20 to $2.20
Checkraise_Lux: folds 
damirovic79: folds 
steelNike: folds 
Tibibacsi: folds 
Uncalled bet ($1.20) returned to XneferX
XneferX collected $2.50 from pot
XneferX: doesn't show hand 
*** SUMMARY ***
Total pot $2.50 | Rake $0 
Seat 1: vadjkeee folded before Flop (didn't bet)
Seat 2: XneferX collected ($2.50)
Seat 3: Checkraise_Lux folded before Flop (didn't bet)
Seat 4: damirovic79 (button) folded before Flop (didn't bet)
Seat 5: steelNike (small blind) folded before Flop
Seat 6: Tibibacsi (big blind) folded before Flop



PokerStars Hand #254270862555:  Hold'em No Limit ($0.50/$1.00 USD) - 2025/01/08 23:22:37 WET [2025/01/08 18:22:37 ET]
Table 'Anitra' 6-max Seat #5 is the button
Seat 1: vadjkeee ($100 in chips) 
Seat 2: XneferX ($107.40 in chips) 
Seat 3: Checkraise_Lux ($166.20 in chips) 
Seat 4: damirovic79 ($108.24 in chips) 
Seat 5: steelNike ($101.21 in chips) 
Seat 6: Tibibacsi ($149.57 in chips) 
Tibibacsi: posts small blind $0.50
vadjkeee: posts big blind $1
*** HOLE CARDS ***
XneferX: folds 
Checkraise_Lux: raises $1.50 to $2.50
damirovic79: folds 
steelNike: folds 
Tibibacsi: folds 
vadjkeee: folds 
Uncalled bet ($1.50) returned to Checkraise_Lux
Checkraise_Lux collected $2.50 from pot
*** SUMMARY ***
Total pot $2.50 | Rake $0 
Seat 1: vadjkeee (big blind) folded before Flop
Seat 2: XneferX folded before Flop (didn't bet)
Seat 3: Checkraise_Lux collected ($2.50)
Seat 4: damirovic79 folded before Flop (didn't bet)
Seat 5: steelNike (button) folded before Flop (didn't bet)
Seat 6: Tibibacsi (small blind) folded before Flop



PokerStars Hand #254270867790:  Hold'em No Limit ($0.50/$1.00 USD) - 2025/01/08 23:22:56 WET [2025/01/08 18:22:56 ET]
Table 'Anitra' 6-max Seat #6 is the button
Seat 1: vadjkeee ($100 in chips) 
Seat 2: XneferX ($107.40 in chips) 
Seat 3: Checkraise_Lux ($167.70 in chips) 
Seat 4: damirovic79 ($108.24 in chips) 
Seat 5: steelNike ($101.21 in chips) 
Seat 6: Tibibacsi ($149.07 in chips) 
vadjkeee: posts small blind $0.50
XneferX: posts big blind $1
*** HOLE CARDS ***
Checkraise_Lux: raises $1.50 to $2.50
damirovic79: calls $2.50
steelNike: folds 
Tibibacsi: folds 
vadjkeee: folds 
XneferX: folds 
*** FLOP *** [Qs 6h 5d]
Checkraise_Lux: bets $2.09
damirovic79: folds 
Uncalled bet ($2.09) returned to Checkraise_Lux
Checkraise_Lux collected $6.18 from pot
*** SUMMARY ***
Total pot $6.50 | Rake $0.32 
Board [Qs 6h 5d]
Seat 1: vadjkeee (small blind) folded before Flop
Seat 2: XneferX (big blind) folded before Flop
Seat 3: Checkraise_Lux collected ($6.18)
Seat 4: damirovic79 folded on the Flop
Seat 5: steelNike folded before Flop (didn't bet)
Seat 6: Tibibacsi (button) folded before Flop (didn't bet)



PokerStars Hand #254270874178:  Hold'em No Limit ($0.50/$1.00 USD) - 2025/01/08 23:23:20 WET [2025/01/08 18:23:20 ET]
Table 'Anitra' 6-max Seat #1 is the button
Seat 1: vadjkeee ($100 in chips) 
Seat 2: XneferX ($106.40 in chips) 
Seat 3: Checkraise_Lux ($171.38 in chips) 
Seat 4: damirovic79 ($105.74 in chips) 
Seat 5: steelNike ($101.21 in chips) 
Seat 6: Tibibacsi ($149.07 in chips) 
XneferX: posts small blind $0.50
Checkraise_Lux: posts big blind $1
*** HOLE CARDS ***
damirovic79: calls $1
steelNike: folds 
Tibibacsi: folds 
vadjkeee: folds 
XneferX: raises $4 to $5
Checkraise_Lux: raises $12 to $17
damirovic79: folds 
XneferX: folds 
Uncalled bet ($12) returned to Checkraise_Lux
Checkraise_Lux collected $11 from pot
*** SUMMARY ***
Total pot $11 | Rake $0 
Seat 1: vadjkeee (button) folded before Flop (didn't bet)
Seat 2: XneferX (small blind) folded before Flop
Seat 3: Checkraise_Lux (big blind) collected ($11)
Seat 4: damirovic79 folded before Flop
Seat 5: steelNike folded before Flop (didn't bet)
Seat 6: Tibibacsi folded before Flop (didn't bet)



PokerStars Hand #254270881571:  Hold'em No Limit ($0.50/$1.00 USD) - 2025/01/08 23:23:47 WET [2025/01/08 18:23:47 ET]
Table 'Anitra' 6-max Seat #2 is the button
Seat 1: vadjkeee ($100 in chips) 
Seat 2: XneferX ($101.40 in chips) 
Seat 3: Checkraise_Lux ($177.38 in chips) 
Seat 4: damirovic79 ($104.74 in chips) 
Seat 5: steelNike ($101.21 in chips) 
Seat 6: Tibibacsi ($149.07 in chips) 
Checkraise_Lux: posts small blind $0.50
damirovic79: posts big blind $1
*** HOLE CARDS ***
steelNike: folds 
Tibibacsi: folds 
vadjkeee: folds 
XneferX: raises $1.77 to $2.77
Checkraise_Lux: calls $2.27
damirovic79: calls $1.77
*** FLOP *** [4c 4d Qd]
Checkraise_Lux: checks 
damirovic79: bets $7.89
XneferX: folds 
Checkraise_Lux: folds 
Uncalled bet ($7.89) returned to damirovic79
damirovic79 collected $7.79 from pot
*** SUMMARY ***
Total pot $8.31 | Rake $0.52 
Board [4c 4d Qd]
Seat 1: vadjkeee folded before Flop (didn't bet)
Seat 2: XneferX (button) folded on the Flop
Seat 3: Checkraise_Lux (small blind) folded on the Flop
Seat 4: damirovic79 (big blind) collected ($7.79)
Seat 5: steelNike folded before Flop (didn't bet)
Seat 6: Tibibacsi folded before Flop (didn't bet)



PokerStars Hand #254270896637:  Hold'em No Limit ($0.50/$1.00 USD) - 2025/01/08 23:24:42 WET [2025/01/08 18:24:42 ET]
Table 'Anitra' 6-max Seat #3 is the button
Seat 1: vadjkeee ($100 in chips) 
Seat 2: XneferX ($100 in chips) 
Seat 3: Checkraise_Lux ($174.61 in chips) 
Seat 4: damirovic79 ($109.76 in chips) 
Seat 5: steelNike ($101.21 in chips) 
Seat 6: Tibibacsi ($149.07 in chips) 
damirovic79: posts small blind $0.50
steelNike: posts big blind $1
*** HOLE CARDS ***
Tibibacsi: folds 
vadjkeee: folds 
XneferX: folds 
Checkraise_Lux: raises $1.50 to $2.50
damirovic79: calls $2
steelNike: folds 
*** FLOP *** [8h 4s 4h]
damirovic79: checks 
Checkraise_Lux: bets $2.85
damirovic79: calls $2.85
*** TURN *** [8h 4s 4h] [5h]
damirovic79: checks 
Checkraise_Lux: checks 
*** RIVER *** [8h 4s 4h 5h] [7c]
damirovic79: bets $11.12
Checkraise_Lux: raises $91.88 to $103
damirovic79: folds 
Uncalled bet ($91.88) returned to Checkraise_Lux
Checkraise_Lux collected $32.24 from pot
*** SUMMARY ***
Total pot $33.94 | Rake $1.70 
Board [8h 4s 4h 5h 7c]
Seat 1: vadjkeee folded before Flop (didn't bet)
Seat 2: XneferX folded before Flop (didn't bet)
Seat 3: Checkraise_Lux (button) collected ($32.24)
Seat 4: damirovic79 (small blind) folded on the River
Seat 5: steelNike (big blind) folded before Flop
Seat 6: Tibibacsi folded before Flop (didn't bet)



PokerStars Hand #254270907630:  Hold'em No Limit ($0.50/$1.00 USD) - 2025/01/08 23:25:23 WET [2025/01/08 18:25:23 ET]
Table 'Anitra' 6-max Seat #4 is the button
Seat 1: vadjkeee ($100 in chips) 
Seat 2: XneferX ($100 in chips) 
Seat 3: Checkraise_Lux ($190.38 in chips) 
Seat 4: damirovic79 ($93.29 in chips) 
Seat 5: steelNike ($100.21 in chips) 
Seat 6: Tibibacsi ($149.07 in chips) 
steelNike: posts small blind $0.50
Tibibacsi: posts big blind $1
*** HOLE CARDS ***
vadjkeee: folds 
XneferX: folds 
Checkraise_Lux: folds 
damirovic79: folds 
steelNike: folds 
Uncalled bet ($0.50) returned to Tibibacsi
Tibibacsi collected $1 from pot
Tibibacsi: doesn't show hand 
*** SUMMARY ***
Total pot $1 | Rake $0 
Seat 1: vadjkeee folded before Flop (didn't bet)
Seat 2: XneferX folded before Flop (didn't bet)
Seat 3: Checkraise_Lux folded before Flop (didn't bet)
Seat 4: damirovic79 (button) folded before Flop (didn't bet)
Seat 5: steelNike (small blind) folded before Flop
Seat 6: Tibibacsi (big blind) collected ($1)



PokerStars Hand #254270910656:  Hold'em No Limit ($0.50/$1.00 USD) - 2025/01/08 23:25:34 WET [2025/01/08 18:25:34 ET]
Table 'Anitra' 6-max Seat #5 is the button
Seat 1: vadjkeee ($100 in chips) 
Seat 2: XneferX ($100 in chips) 
Seat 3: Checkraise_Lux ($190.38 in chips) 
Seat 4: damirovic79 ($93.29 in chips) 
Seat 5: steelNike ($99.71 in chips) 
Seat 6: Tibibacsi ($149.57 in chips) 
Tibibacsi: posts small blind $0.50
vadjkeee: posts big blind $1
*** HOLE CARDS ***
XneferX: folds 
Checkraise_Lux: folds 
damirovic79: calls $1
steelNike: raises $6 to $7
Tibibacsi: folds 
vadjkeee: folds 
damirovic79: calls $6
*** FLOP *** [2c Kh 6h]
damirovic79: checks 
steelNike: bets $4.86
damirovic79: calls $4.86
*** TURN *** [2c Kh 6h] [9s]
damirovic79: checks 
steelNike: bets $19
damirovic79: folds 
Uncalled bet ($19) returned to steelNike
steelNike collected $23.96 from pot
*** SUMMARY ***
Total pot $25.22 | Rake $1.26 
Board [2c Kh 6h 9s]
Seat 1: vadjkeee (big blind) folded before Flop
Seat 2: XneferX folded before Flop (didn't bet)
Seat 3: Checkraise_Lux folded before Flop (didn't bet)
Seat 4: damirovic79 folded on the Turn
Seat 5: steelNike (button) collected ($23.96)
Seat 6: Tibibacsi (small blind) folded before Flop



PokerStars Hand #254270929407:  Hold'em No Limit ($0.50/$1.00 USD) - 2025/01/08 23:26:44 WET [2025/01/08 18:26:44 ET]
Table 'Anitra' 6-max Seat #6 is the button
Seat 1: vadjkeee ($100 in chips) 
Seat 2: XneferX ($100 in chips) 
Seat 3: Checkraise_Lux ($190.38 in chips) 
Seat 4: damirovic79 ($81.43 in chips) 
Seat 5: steelNike ($111.81 in chips) 
Seat 6: Tibibacsi ($149.07 in chips) 
vadjkeee: posts small blind $0.50
XneferX: posts big blind $1
*** HOLE CARDS ***
Checkraise_Lux: folds 
damirovic79: calls $1
steelNike: folds 
Tibibacsi: folds 
vadjkeee: raises $4 to $5
XneferX: folds 
damirovic79: calls $4
*** FLOP *** [8d 5s Tc]
vadjkeee: bets $2.61
damirovic79: folds 
Uncalled bet ($2.61) returned to vadjkeee
vadjkeee collected $10.45 from pot
vadjkeee: doesn't show hand 
*** SUMMARY ***
Total pot $11 | Rake $0.55 
Board [8d 5s Tc]
Seat 1: vadjkeee (small blind) collected ($10.45)
Seat 2: XneferX (big blind) folded before Flop
Seat 3: Checkraise_Lux folded before Flop (didn't bet)
Seat 4: damirovic79 folded on the Flop
Seat 5: steelNike folded before Flop (didn't bet)
Seat 6: Tibibacsi (button) folded before Flop (didn't bet)



PokerStars Hand #254270936128:  Hold'em No Limit ($0.50/$1.00 USD) - 2025/01/08 23:27:09 WET [2025/01/08 18:27:09 ET]
Table 'Anitra' 6-max Seat #1 is the button
Seat 1: vadjkeee ($105.45 in chips) 
Seat 2: XneferX ($100 in chips) 
Seat 3: Checkraise_Lux ($190.38 in chips) 
Seat 4: damirovic79 ($76.43 in chips) 
Seat 5: steelNike ($111.81 in chips) 
Seat 6: Tibibacsi ($149.07 in chips) 
XneferX: posts small blind $0.50
Checkraise_Lux: posts big blind $1
*** HOLE CARDS ***
damirovic79: calls $1
steelNike: folds 
Tibibacsi: folds 
vadjkeee: folds 
XneferX: raises $3 to $4
Checkraise_Lux: folds 
damirovic79: calls $3
*** FLOP *** [8h 9h 2d]
XneferX: checks 
damirovic79: bets $8.55
XneferX: folds 
Uncalled bet ($8.55) returned to damirovic79
damirovic79 collected $8.44 from pot
*** SUMMARY ***
Total pot $9 | Rake $0.56 
Board [8h 9h 2d]
Seat 1: vadjkeee (button) folded before Flop (didn't bet)
Seat 2: XneferX (small blind) folded on the Flop
Seat 3: Checkraise_Lux (big blind) folded before Flop
Seat 4: damirovic79 collected ($8.44)
Seat 5: steelNike folded before Flop (didn't bet)
Seat 6: Tibibacsi folded before Flop (didn't bet)



PokerStars Hand #254270951614:  Hold'em No Limit ($0.50/$1.00 USD) - 2025/01/08 23:28:06 WET [2025/01/08 18:28:06 ET]
Table 'Anitra' 6-max Seat #2 is the button
Seat 1: vadjkeee ($105.45 in chips) 
Seat 2: XneferX ($100 in chips) 
Seat 3: Checkraise_Lux ($189.38 in chips) 
Seat 4: damirovic79 ($80.87 in chips) 
Seat 5: steelNike ($111.81 in chips) 
Seat 6: Tibibacsi ($149.07 in chips) 
Checkraise_Lux: posts small blind $0.50
damirovic79: posts big blind $1
*** HOLE CARDS ***
steelNike: raises $1 to $2
Tibibacsi: folds 
vadjkeee: folds 
XneferX: folds 
Checkraise_Lux: folds 
damirovic79: calls $1
*** FLOP *** [3h 6c 5c]
damirovic79: bets $4.28
steelNike: folds 
Uncalled bet ($4.28) returned to damirovic79
damirovic79 collected $4.22 from pot
*** SUMMARY ***
Total pot $4.50 | Rake $0.28 
Board [3h 6c 5c]
Seat 1: vadjkeee folded before Flop (didn't bet)
Seat 2: XneferX (button) folded before Flop (didn't bet)
Seat 3: Checkraise_Lux (small blind) folded before Flop
Seat 4: damirovic79 (big blind) collected ($4.22)
Seat 5: steelNike folded on the Flop
Seat 6: Tibibacsi folded before Flop (didn't bet)



PokerStars Hand #254270956312:  Hold'em No Limit ($0.50/$1.00 USD) - 2025/01/08 23:28:24 WET [2025/01/08 18:28:24 ET]
Table 'Anitra' 6-max Seat #3 is the button
Seat 1: vadjkeee ($105.45 in chips) 
Seat 2: XneferX ($100 in chips) 
Seat 3: Checkraise_Lux ($188.88 in chips) 
Seat 4: damirovic79 ($83.09 in chips) 
Seat 5: steelNike ($109.81 in chips) 
Seat 6: Tibibacsi ($149.07 in chips) 
damirovic79: posts small blind $0.50
steelNike: posts big blind $1
*** HOLE CARDS ***
Tibibacsi: folds 
vadjkeee: folds 
XneferX: folds 
Checkraise_Lux: folds 
damirovic79: calls $0.50
steelNike: checks 
*** FLOP *** [Jc 7s 8h]
damirovic79: checks 
steelNike: bets $1.43
damirovic79: calls $1.43
*** TURN *** [Jc 7s 8h] [Kc]
damirovic79: checks 
steelNike: checks 
*** RIVER *** [Jc 7s 8h Kc] [Qh]
damirovic79: bets $4.62
steelNike: folds 
Uncalled bet ($4.62) returned to damirovic79
damirovic79 collected $4.56 from pot
*** SUMMARY ***
Total pot $4.86 | Rake $0.30 
Board [Jc 7s 8h Kc Qh]
Seat 1: vadjkeee folded before Flop (didn't bet)
Seat 2: XneferX folded before Flop (didn't bet)
Seat 3: Checkraise_Lux (button) folded before Flop (didn't bet)
Seat 4: damirovic79 (small blind) collected ($4.56)
Seat 5: steelNike (big blind) folded on the River
Seat 6: Tibibacsi folded before Flop (didn't bet)



PokerStars Hand #254270970368:  Hold'em No Limit ($0.50/$1.00 USD) - 2025/01/08 23:29:16 WET [2025/01/08 18:29:16 ET]
Table 'Anitra' 6-max Seat #4 is the button
Seat 1: vadjkeee ($105.45 in chips) 
Seat 2: XneferX ($100 in chips) 
Seat 3: Checkraise_Lux ($188.88 in chips) 
Seat 4: damirovic79 ($85.22 in chips) 
Seat 5: steelNike ($107.38 in chips) 
Seat 6: Tibibacsi ($149.07 in chips) 
steelNike: posts small blind $0.50
Tibibacsi: posts big blind $1
*** HOLE CARDS ***
vadjkeee: folds 
XneferX: raises $1.20 to $2.20
Checkraise_Lux has timed out
Checkraise_Lux: folds 
damirovic79: calls $2.20
steelNike: folds 
Tibibacsi: calls $1.20
*** FLOP *** [Ks 8h Ad]
Tibibacsi: checks 
XneferX: checks 
damirovic79: bets $6.74
Tibibacsi: folds 
XneferX: calls $6.74
*** TURN *** [Ks 8h Ad] [Qd]
XneferX: checks 
damirovic79: bets $19.55
XneferX: calls $19.55
*** RIVER *** [Ks 8h Ad Qd] [9c]
XneferX: checks 
damirovic79: checks 
*** SHOW DOWN ***
XneferX: shows [Kh Qh] (two pair, Kings and Queens)
damirovic79: mucks hand 
XneferX collected $57.18 from pot
*** SUMMARY ***
Total pot $59.68 | Rake $2.50 
Board [Ks 8h Ad Qd 9c]
Seat 1: vadjkeee folded before Flop (didn't bet)
Seat 2: XneferX showed [Kh Qh] and won ($57.18) with two pair, Kings and Queens
Seat 3: Checkraise_Lux folded before Flop (didn't bet)
Seat 4: damirovic79 (button) mucked
Seat 5: steelNike (small blind) folded before Flop
Seat 6: Tibibacsi (big blind) folded on the Flop



PokerStars Hand #254270994473:  Hold'em No Limit ($0.50/$1.00 USD) - 2025/01/08 23:30:45 WET [2025/01/08 18:30:45 ET]
Table 'Anitra' 6-max Seat #5 is the button
Seat 1: vadjkeee ($105.45 in chips) 
Seat 2: XneferX ($128.69 in chips) 
Seat 3: Checkraise_Lux ($188.88 in chips) 
Seat 4: damirovic79 ($56.73 in chips) 
Seat 5: steelNike ($106.88 in chips) 
Seat 6: Tibibacsi ($146.87 in chips) 
Tibibacsi: posts small blind $0.50
vadjkeee: posts big blind $1
*** HOLE CARDS ***
XneferX: folds 
Checkraise_Lux: folds 
damirovic79: raises $2.50 to $3.50
steelNike: folds 
Tibibacsi: folds 
vadjkeee: raises $6.50 to $10
damirovic79: raises $46.73 to $56.73 and is all-in
vadjkeee: folds 
Uncalled bet ($46.73) returned to damirovic79
damirovic79 collected $20.50 from pot
*** SUMMARY ***
Total pot $20.50 | Rake $0 
Seat 1: vadjkeee (big blind) folded before Flop
Seat 2: XneferX folded before Flop (didn't bet)
Seat 3: Checkraise_Lux folded before Flop (didn't bet)
Seat 4: damirovic79 collected ($20.50)
Seat 5: steelNike (button) folded before Flop (didn't bet)
Seat 6: Tibibacsi (small blind) folded before Flop



PokerStars Hand #254271000658:  Hold'em No Limit ($0.50/$1.00 USD) - 2025/01/08 23:31:08 WET [2025/01/08 18:31:08 ET]
Table 'Anitra' 6-max Seat #6 is the button
Seat 1: vadjkeee ($100 in chips) 
Seat 2: XneferX ($128.69 in chips) 
Seat 3: Checkraise_Lux ($188.88 in chips) 
Seat 4: damirovic79 ($67.23 in chips) 
Seat 5: steelNike ($106.88 in chips) 
Seat 6: Tibibacsi ($146.37 in chips) 
vadjkeee: posts small blind $0.50
XneferX: posts big blind $1
*** HOLE CARDS ***
Checkraise_Lux: folds 
damirovic79: raises $2.50 to $3.50
steelNike: folds 
Tibibacsi: calls $3.50
vadjkeee: folds 
XneferX: folds 
*** FLOP *** [8h Js 5h]
damirovic79: checks 
Tibibacsi: bets $2.67
damirovic79: calls $2.67
*** TURN *** [8h Js 5h] [9h]
damirovic79: checks 
Tibibacsi: bets $6.58
damirovic79: calls $6.58
*** RIVER *** [8h Js 5h 9h] [Ad]
damirovic79: bets $25.65
Tibibacsi: raises $107.97 to $133.62 and is all-in
damirovic79: calls $28.83 and is all-in
Uncalled bet ($79.14) returned to Tibibacsi
*** SHOW DOWN ***
Tibibacsi: shows [Qh Jh] (a flush, Queen high)
damirovic79: shows [Ac Ts] (a pair of Aces)
Tibibacsi collected $133.46 from pot
*** SUMMARY ***
Total pot $135.96 | Rake $2.50 
Board [8h Js 5h 9h Ad]
Seat 1: vadjkeee (small blind) folded before Flop
Seat 2: XneferX (big blind) folded before Flop
Seat 3: Checkraise_Lux folded before Flop (didn't bet)
Seat 4: damirovic79 showed [Ac Ts] and lost with a pair of Aces
Seat 5: steelNike folded before Flop (didn't bet)
Seat 6: Tibibacsi (button) showed [Qh Jh] and won ($133.46) with a flush, Queen high



PokerStars Hand #254271019472:  Hold'em No Limit ($0.50/$1.00 USD) - 2025/01/08 23:32:18 WET [2025/01/08 18:32:18 ET]
Table 'Anitra' 6-max Seat #1 is the button
Seat 4: damirovic79 ($0 in chips) is sitting out
Seat 1: vadjkeee ($100 in chips) 
Seat 2: XneferX ($127.69 in chips) 
Seat 3: Checkraise_Lux ($188.88 in chips) 
Seat 5: steelNike ($106.88 in chips) 
Seat 6: Tibibacsi ($212.60 in chips) 
XneferX: posts small blind $0.50
Checkraise_Lux: posts big blind $1
*** HOLE CARDS ***
steelNike: raises $1 to $2
Tibibacsi: folds 
vadjkeee: raises $4 to $6
XneferX: folds 
damirovic79 leaves the table
Checkraise_Lux: folds 
steelNike: calls $4
*** FLOP *** [8s 7s Js]
steelNike: checks 
vadjkeee: bets $8.59
steelNike: folds 
Uncalled bet ($8.59) returned to vadjkeee
vadjkeee collected $12.82 from pot
vadjkeee: doesn't show hand 
*** SUMMARY ***
Total pot $13.50 | Rake $0.68 
Board [8s 7s Js]
Seat 4: damirovic79
Seat 1: vadjkeee (button) collected ($12.82)
Seat 2: XneferX (small blind) folded before Flop
Seat 3: Checkraise_Lux (big blind) folded before Flop
Seat 5: steelNike folded on the Flop
Seat 6: Tibibacsi folded before Flop (didn't bet)



PokerStars Hand #254271028025:  Hold'em No Limit ($0.50/$1.00 USD) - 2025/01/08 23:32:51 WET [2025/01/08 18:32:51 ET]
Table 'Anitra' 6-max Seat #2 is the button
Seat 5: steelNike ($100.88 in chips) is sitting out
Seat 1: vadjkeee ($106.82 in chips) 
Seat 2: XneferX ($127.19 in chips) 
Seat 3: Checkraise_Lux ($187.88 in chips) 
Seat 6: Tibibacsi ($212.60 in chips) 
Checkraise_Lux: posts small blind $0.50
steelNike: is sitting out 
Tibibacsi: posts big blind $1
*** HOLE CARDS ***
vadjkeee: folds 
steelNike leaves the table
vadjkeee leaves the table
XneferX: raises $1.77 to $2.77
Checkraise_Lux: folds 
Tibibacsi: folds 
Uncalled bet ($1.77) returned to XneferX
XneferX collected $2.50 from pot
XneferX: doesn't show hand 
*** SUMMARY ***
Total pot $2.50 | Rake $0 
Seat 5: steelNike
Seat 1: vadjkeee folded before Flop (didn't bet)
Seat 2: XneferX (button) collected ($2.50)
Seat 3: Checkraise_Lux (small blind) folded before Flop
Seat 6: Tibibacsi (big blind) folded before Flop



PokerStars Hand #254271031440:  Hold'em No Limit ($0.50/$1.00 USD) - 2025/01/08 23:33:04 WET [2025/01/08 18:33:04 ET]
Table 'Anitra' 6-max Seat #6 is the button
Seat 2: XneferX ($128.69 in chips) is sitting out
Seat 3: Checkraise_Lux ($187.38 in chips) 
Seat 6: Tibibacsi ($211.60 in chips) 
Tibibacsi: posts small blind $0.50
XneferX: is sitting out 
Checkraise_Lux: posts big blind $1
*** HOLE CARDS ***
Tibibacsi: folds 
Uncalled bet ($0.50) returned to Checkraise_Lux
Checkraise_Lux collected $1 from pot
XneferX leaves the table
*** SUMMARY ***
Total pot $1 | Rake $0 
Seat 2: XneferX
Seat 3: Checkraise_Lux (big blind) collected ($1)
Seat 6: Tibibacsi (button) (small blind) folded before Flop



PokerStars Hand #254271034325:  Hold'em No Limit ($0.50/$1.00 USD) - 2025/01/08 23:33:14 WET [2025/01/08 18:33:14 ET]
Table 'Anitra' 6-max Seat #3 is the button
Seat 3: Checkraise_Lux ($187.88 in chips) 
Seat 6: Tibibacsi ($211.10 in chips) 
Checkraise_Lux: posts small blind $0.50
Tibibacsi: posts big blind $1
*** HOLE CARDS ***
Checkraise_Lux: folds 
Uncalled bet ($0.50) returned to Tibibacsi
Tibibacsi collected $1 from pot
Tibibacsi: doesn't show hand 
*** SUMMARY ***
Total pot $1 | Rake $0 
Seat 3: Checkraise_Lux (button) (small blind) folded before Flop
Seat 6: Tibibacsi (big blind) collected ($1)



PokerStars Hand #254271040016:  Hold'em No Limit ($0.50/$1.00 USD) - 2025/01/08 23:33:36 WET [2025/01/08 18:33:36 ET]
Table 'Anitra' 6-max Seat #6 is the button
Seat 3: Checkraise_Lux ($187.38 in chips) 
Seat 6: Tibibacsi ($211.60 in chips) 
Tibibacsi: posts small blind $0.50
Checkraise_Lux: posts big blind $1
*** HOLE CARDS ***
Tibibacsi: raises $1.30 to $2.30
Checkraise_Lux: folds 
Uncalled bet ($1.30) returned to Tibibacsi
Tibibacsi collected $2 from pot
Tibibacsi: doesn't show hand 
*** SUMMARY ***
Total pot $2 | Rake $0 
Seat 3: Checkraise_Lux (big blind) folded before Flop
Seat 6: Tibibacsi (button) (small blind) collected ($2)



PokerStars Hand #254271044754:  Hold'em No Limit ($0.50/$1.00 USD) - 2025/01/08 23:33:54 WET [2025/01/08 18:33:54 ET]
Table 'Anitra' 6-max Seat #3 is the button
Seat 3: Checkraise_Lux ($186.38 in chips) 
Seat 6: Tibibacsi ($212.60 in chips) 
Checkraise_Lux: posts small blind $0.50
Tibibacsi: posts big blind $1
*** HOLE CARDS ***
Checkraise_Lux: folds 
Uncalled bet ($0.50) returned to Tibibacsi
Tibibacsi collected $1 from pot
Tibibacsi: doesn't show hand 
*** SUMMARY ***
Total pot $1 | Rake $0 
Seat 3: Checkraise_Lux (button) (small blind) folded before Flop
Seat 6: Tibibacsi (big blind) collected ($1)



PokerStars Hand #254271046542:  Hold'em No Limit ($0.50/$1.00 USD) - 2025/01/08 23:34:01 WET [2025/01/08 18:34:01 ET]
Table 'Anitra' 6-max Seat #6 is the button
Seat 3: Checkraise_Lux ($185.88 in chips) 
Seat 6: Tibibacsi ($213.10 in chips) 
Tibibacsi: posts small blind $0.50
Checkraise_Lux: posts big blind $1
*** HOLE CARDS ***
Tibibacsi: raises $1.30 to $2.30
Checkraise_Lux: folds 
Uncalled bet ($1.30) returned to Tibibacsi
Tibibacsi collected $2 from pot
Tibibacsi: doesn't show hand 
*** SUMMARY ***
Total pot $2 | Rake $0 
Seat 3: Checkraise_Lux (big blind) folded before Flop
Seat 6: Tibibacsi (button) (small blind) collected ($2)



