PokerStars Hand #254272889259:  Hold'em No Limit ($0.50/$1.00 USD) - 2025/01/08 2:07:59 WET [2025/01/08 21:07:59 ET]
Table 'Alwaid II' 6-max Seat #5 is the button
Seat 1: baboune4 ($101.50 in chips) 
Seat 2: B1GBankroll ($101.50 in chips) 
Seat 3: andutu34 ($100 in chips) 
Seat 4: ReVeu710 ($100 in chips) 
Seat 5: MauriFierro27 ($100 in chips) 
Seat 6: Manifestorr ($100 in chips) 
Manifestorr: posts small blind $0.50
baboune4: posts big blind $1
*** HOLE CARDS ***
B1GBankroll: folds 
andutu34: folds 
ReVeu710: folds 
MauriFierro27: raises $1.20 to $2.20
Manifestorr: folds 
baboune4: calls $1.20
*** FLOP *** [2d 9d 7c]
baboune4: checks 
MauriFierro27: checks 
*** TURN *** [2d 9d 7c] [9s]
baboune4: checks 
MauriFierro27: checks 
*** RIVER *** [2d 9d 7c 9s] [Ad]
baboune4: checks 
MauriFierro27: bets $3.50
baboune4: calls $3.50
*** SHOW DOWN ***
MauriFierro27: shows [Ac Th] (two pair, Aces and Nines)
baboune4: mucks hand 
MauriFierro27 collected $11.30 from pot
*** SUMMARY ***
Total pot $11.90 | Rake $0.60 
Board [2d 9d 7c 9s Ad]
Seat 1: baboune4 (big blind) mucked
Seat 2: B1GBankroll folded before Flop (didn't bet)
Seat 3: andutu34 folded before Flop (didn't bet)
Seat 4: ReVeu710 folded before Flop (didn't bet)
Seat 5: MauriFierro27 (button) showed [Ac Th] and won ($11.30) with two pair, Aces and Nines
Seat 6: Manifestorr (small blind) folded before Flop



PokerStars Hand #254272894515:  Hold'em No Limit ($0.50/$1.00 USD) - 2025/01/08 2:08:31 WET [2025/01/08 21:08:31 ET]
Table 'Alwaid II' 6-max Seat #6 is the button
Seat 1: baboune4 ($95.80 in chips) 
Seat 2: B1GBankroll ($101.50 in chips) 
Seat 3: andutu34 ($100 in chips) 
Seat 4: ReVeu710 ($100 in chips) 
Seat 5: MauriFierro27 ($105.60 in chips) 
Seat 6: Manifestorr ($100 in chips) 
baboune4: posts small blind $0.50
B1GBankroll: posts big blind $1
*** HOLE CARDS ***
andutu34: folds 
ReVeu710: folds 
MauriFierro27: folds 
Manifestorr: folds 
baboune4: raises $4 to $5
B1GBankroll: folds 
Uncalled bet ($4) returned to baboune4
baboune4 collected $2 from pot
baboune4: doesn't show hand 
*** SUMMARY ***
Total pot $2 | Rake $0 
Seat 1: baboune4 (small blind) collected ($2)
Seat 2: B1GBankroll (big blind) folded before Flop
Seat 3: andutu34 folded before Flop (didn't bet)
Seat 4: ReVeu710 folded before Flop (didn't bet)
Seat 5: MauriFierro27 folded before Flop (didn't bet)
Seat 6: Manifestorr (button) folded before Flop (didn't bet)



PokerStars Hand #254272897921:  Hold'em No Limit ($0.50/$1.00 USD) - 2025/01/08 2:08:51 WET [2025/01/08 21:08:51 ET]
Table 'Alwaid II' 6-max Seat #1 is the button
Seat 1: baboune4 ($96.80 in chips) 
Seat 2: B1GBankroll ($100.50 in chips) 
Seat 3: andutu34 ($100 in chips) 
Seat 4: ReVeu710 ($100 in chips) 
Seat 5: MauriFierro27 ($105.60 in chips) 
Seat 6: Manifestorr ($100 in chips) 
B1GBankroll: posts small blind $0.50
andutu34: posts big blind $1
*** HOLE CARDS ***
ReVeu710: folds 
MauriFierro27: folds 
Manifestorr: folds 
baboune4: raises $2.50 to $3.50
B1GBankroll: folds 
andutu34: calls $2.50
*** FLOP *** [9d 6h 6c]
andutu34: checks 
baboune4: checks 
*** TURN *** [9d 6h 6c] [8c]
andutu34: checks 
baboune4: checks 
*** RIVER *** [9d 6h 6c 8c] [Js]
andutu34: checks 
baboune4: bets $7.12
andutu34: folds 
Uncalled bet ($7.12) returned to baboune4
baboune4 collected $7.12 from pot
baboune4: doesn't show hand 
*** SUMMARY ***
Total pot $7.50 | Rake $0.38 
Board [9d 6h 6c 8c Js]
Seat 1: baboune4 (button) collected ($7.12)
Seat 2: B1GBankroll (small blind) folded before Flop
Seat 3: andutu34 (big blind) folded on the River
Seat 4: ReVeu710 folded before Flop (didn't bet)
Seat 5: MauriFierro27 folded before Flop (didn't bet)
Seat 6: Manifestorr folded before Flop (didn't bet)



PokerStars Hand #254272906631:  Hold'em No Limit ($0.50/$1.00 USD) - 2025/01/08 2:09:43 WET [2025/01/08 21:09:43 ET]
Table 'Alwaid II' 6-max Seat #2 is the button
Seat 1: baboune4 ($100.42 in chips) 
Seat 2: B1GBankroll ($100 in chips) 
Seat 3: andutu34 ($100 in chips) 
Seat 4: ReVeu710 ($100 in chips) 
Seat 5: MauriFierro27 ($105.60 in chips) 
Seat 6: Manifestorr ($100 in chips) 
andutu34: posts small blind $0.50
ReVeu710: posts big blind $1
*** HOLE CARDS ***
MauriFierro27: folds 
Manifestorr: raises $1.20 to $2.20
baboune4: raises $5.90 to $8.10
B1GBankroll: folds 
andutu34: folds 
ReVeu710: folds 
Manifestorr: folds 
Uncalled bet ($5.90) returned to baboune4
baboune4 collected $5.90 from pot
baboune4: doesn't show hand 
*** SUMMARY ***
Total pot $5.90 | Rake $0 
Seat 1: baboune4 collected ($5.90)
Seat 2: B1GBankroll (button) folded before Flop (didn't bet)
Seat 3: andutu34 (small blind) folded before Flop
Seat 4: ReVeu710 (big blind) folded before Flop
Seat 5: MauriFierro27 folded before Flop (didn't bet)
Seat 6: Manifestorr folded before Flop



PokerStars Hand #254272909752:  Hold'em No Limit ($0.50/$1.00 USD) - 2025/01/08 2:10:01 WET [2025/01/08 21:10:01 ET]
Table 'Alwaid II' 6-max Seat #3 is the button
Seat 1: baboune4 ($104.12 in chips) 
Seat 2: B1GBankroll ($100 in chips) 
Seat 3: andutu34 ($100 in chips) 
Seat 4: ReVeu710 ($100 in chips) 
Seat 5: MauriFierro27 ($105.60 in chips) 
Seat 6: Manifestorr ($100 in chips) 
ReVeu710: posts small blind $0.50
MauriFierro27: posts big blind $1
*** HOLE CARDS ***
Manifestorr: folds 
baboune4: raises $2.50 to $3.50
B1GBankroll: raises $7 to $10.50
andutu34: folds 
ReVeu710: folds 
MauriFierro27: folds 
baboune4: calls $7
*** FLOP *** [4h Qh 5h]
baboune4: checks 
B1GBankroll: bets $7.27
baboune4: folds 
Uncalled bet ($7.27) returned to B1GBankroll
B1GBankroll collected $21.38 from pot
B1GBankroll: doesn't show hand 
*** SUMMARY ***
Total pot $22.50 | Rake $1.12 
Board [4h Qh 5h]
Seat 1: baboune4 folded on the Flop
Seat 2: B1GBankroll collected ($21.38)
Seat 3: andutu34 (button) folded before Flop (didn't bet)
Seat 4: ReVeu710 (small blind) folded before Flop
Seat 5: MauriFierro27 (big blind) folded before Flop
Seat 6: Manifestorr folded before Flop (didn't bet)



PokerStars Hand #254272914547:  Hold'em No Limit ($0.50/$1.00 USD) - 2025/01/08 2:10:31 WET [2025/01/08 21:10:31 ET]
Table 'Alwaid II' 6-max Seat #4 is the button
Seat 1: baboune4 ($93.62 in chips) 
Seat 2: B1GBankroll ($110.88 in chips) 
Seat 3: andutu34 ($100 in chips) 
Seat 4: ReVeu710 ($100 in chips) 
Seat 5: MauriFierro27 ($104.60 in chips) 
Seat 6: Manifestorr ($100 in chips) 
MauriFierro27: posts small blind $0.50
Manifestorr: posts big blind $1
*** HOLE CARDS ***
baboune4: folds 
B1GBankroll: folds 
andutu34: raises $1.30 to $2.30
ReVeu710: folds 
MauriFierro27: folds 
Manifestorr: folds 
Uncalled bet ($1.30) returned to andutu34
andutu34 collected $2.50 from pot
andutu34: doesn't show hand 
*** SUMMARY ***
Total pot $2.50 | Rake $0 
Seat 1: baboune4 folded before Flop (didn't bet)
Seat 2: B1GBankroll folded before Flop (didn't bet)
Seat 3: andutu34 collected ($2.50)
Seat 4: ReVeu710 (button) folded before Flop (didn't bet)
Seat 5: MauriFierro27 (small blind) folded before Flop
Seat 6: Manifestorr (big blind) folded before Flop



PokerStars Hand #254272916779:  Hold'em No Limit ($0.50/$1.00 USD) - 2025/01/08 2:10:44 WET [2025/01/08 21:10:44 ET]
Table 'Alwaid II' 6-max Seat #5 is the button
Seat 1: baboune4 ($93.62 in chips) 
Seat 2: B1GBankroll ($110.88 in chips) 
Seat 3: andutu34 ($101.50 in chips) 
Seat 4: ReVeu710 ($100 in chips) 
Seat 5: MauriFierro27 ($104.10 in chips) 
Seat 6: Manifestorr ($100 in chips) 
Manifestorr: posts small blind $0.50
baboune4: posts big blind $1
*** HOLE CARDS ***
B1GBankroll: folds 
andutu34: folds 
ReVeu710: folds 
MauriFierro27: folds 
Manifestorr: raises $2 to $3
baboune4: calls $2
*** FLOP *** [2d 8s 7c]
Manifestorr: bets $2.85
baboune4: calls $2.85
*** TURN *** [2d 8s 7c] [Ts]
Manifestorr: bets $15.51
baboune4: calls $15.51
*** RIVER *** [2d 8s 7c Ts] [Td]
Manifestorr: bets $78.64 and is all-in
baboune4: calls $72.26 and is all-in
Uncalled bet ($6.38) returned to Manifestorr
*** SHOW DOWN ***
Manifestorr: shows [9c Jd] (a straight, Seven to Jack)
baboune4: shows [2h Tc] (a full house, Tens full of Deuces)
baboune4 collected $184.74 from pot
*** SUMMARY ***
Total pot $187.24 | Rake $2.50 
Board [2d 8s 7c Ts Td]
Seat 1: baboune4 (big blind) showed [2h Tc] and won ($184.74) with a full house, Tens full of Deuces
Seat 2: B1GBankroll folded before Flop (didn't bet)
Seat 3: andutu34 folded before Flop (didn't bet)
Seat 4: ReVeu710 folded before Flop (didn't bet)
Seat 5: MauriFierro27 (button) folded before Flop (didn't bet)
Seat 6: Manifestorr (small blind) showed [9c Jd] and lost with a straight, Seven to Jack



PokerStars Hand #254272925282:  Hold'em No Limit ($0.50/$1.00 USD) - 2025/01/08 2:11:36 WET [2025/01/08 21:11:36 ET]
Table 'Alwaid II' 6-max Seat #6 is the button
Seat 1: baboune4 ($184.74 in chips) 
Seat 2: B1GBankroll ($110.88 in chips) 
Seat 3: andutu34 ($101.50 in chips) 
Seat 4: ReVeu710 ($100 in chips) 
Seat 5: MauriFierro27 ($104.10 in chips) 
Seat 6: Manifestorr ($100 in chips) 
baboune4: posts small blind $0.50
B1GBankroll: posts big blind $1
*** HOLE CARDS ***
andutu34: raises $1 to $2
ReVeu710: folds 
MauriFierro27: folds 
Manifestorr: folds 
baboune4: raises $1 to $3
B1GBankroll: calls $2
andutu34: calls $1
*** FLOP *** [4d Js 2s]
baboune4: bets $3
B1GBankroll: folds 
andutu34: folds 
Uncalled bet ($3) returned to baboune4
baboune4 collected $8.55 from pot
baboune4: doesn't show hand 
*** SUMMARY ***
Total pot $9 | Rake $0.45 
Board [4d Js 2s]
Seat 1: baboune4 (small blind) collected ($8.55)
Seat 2: B1GBankroll (big blind) folded on the Flop
Seat 3: andutu34 folded on the Flop
Seat 4: ReVeu710 folded before Flop (didn't bet)
Seat 5: MauriFierro27 folded before Flop (didn't bet)
Seat 6: Manifestorr (button) folded before Flop (didn't bet)



PokerStars Hand #254272930905:  Hold'em No Limit ($0.50/$1.00 USD) - 2025/01/08 2:12:09 WET [2025/01/08 21:12:09 ET]
Table 'Alwaid II' 6-max Seat #1 is the button
Seat 1: baboune4 ($190.29 in chips) 
Seat 2: B1GBankroll ($107.88 in chips) 
Seat 3: andutu34 ($100 in chips) 
Seat 4: ReVeu710 ($100 in chips) 
Seat 5: MauriFierro27 ($104.10 in chips) 
Seat 6: Manifestorr ($100 in chips) 
B1GBankroll: posts small blind $0.50
andutu34: posts big blind $1
*** HOLE CARDS ***
ReVeu710: folds 
MauriFierro27: raises $1.20 to $2.20
Manifestorr: folds 
baboune4: folds 
B1GBankroll: folds 
andutu34: folds 
Uncalled bet ($1.20) returned to MauriFierro27
baboune4 leaves the table
MauriFierro27 collected $2.50 from pot
MauriFierro27: doesn't show hand 
*** SUMMARY ***
Total pot $2.50 | Rake $0 
Seat 1: baboune4 (button) folded before Flop (didn't bet)
Seat 2: B1GBankroll (small blind) folded before Flop
Seat 3: andutu34 (big blind) folded before Flop
Seat 4: ReVeu710 folded before Flop (didn't bet)
Seat 5: MauriFierro27 collected ($2.50)
Seat 6: Manifestorr folded before Flop (didn't bet)



PokerStars Hand #254272932622:  Hold'em No Limit ($0.50/$1.00 USD) - 2025/01/08 2:12:20 WET [2025/01/08 21:12:20 ET]
Table 'Alwaid II' 6-max Seat #2 is the button
Seat 3: andutu34 ($100 in chips) is sitting out
Seat 5: MauriFierro27 ($105.60 in chips) is sitting out
Seat 2: B1GBankroll ($107.38 in chips) 
Seat 4: ReVeu710 ($100 in chips) 
Seat 6: Manifestorr ($100 in chips) 
ReVeu710: posts small blind $0.50
MauriFierro27: is sitting out 
Manifestorr: posts big blind $1
*** HOLE CARDS ***
andutu34 leaves the table
MauriFierro27 leaves the table
B1GBankroll: folds 
ReVeu710: raises $2 to $3
Manifestorr: raises $6 to $9
ReVeu710: folds 
Uncalled bet ($6) returned to Manifestorr
Manifestorr collected $6 from pot
ReVeu710 leaves the table
*** SUMMARY ***
Total pot $6 | Rake $0 
Seat 3: andutu34
Seat 5: MauriFierro27
Seat 2: B1GBankroll (button) folded before Flop (didn't bet)
Seat 4: ReVeu710 (small blind) folded before Flop
Seat 6: Manifestorr (big blind) collected ($6)



PokerStars Hand #254272936027:  Hold'em No Limit ($0.50/$1.00 USD) - 2025/01/08 2:12:40 WET [2025/01/08 21:12:40 ET]
Table 'Alwaid II' 6-max Seat #6 is the button
Seat 2: B1GBankroll ($107.38 in chips) 
Seat 6: Manifestorr ($103 in chips) 
Manifestorr: posts small blind $0.50
B1GBankroll: posts big blind $1
*** HOLE CARDS ***
Manifestorr: raises $1 to $2
B1GBankroll: folds 
Uncalled bet ($1) returned to Manifestorr
Manifestorr collected $2 from pot
Manifestorr: doesn't show hand 
*** SUMMARY ***
Total pot $2 | Rake $0 
Seat 2: B1GBankroll (big blind) folded before Flop
Seat 6: Manifestorr (button) (small blind) collected ($2)



