PokerStars Hand #254269200135:  Hold'em No Limit ($0.50/$1.00 USD) - 2025/01/08 21:48:45 WET [2025/01/08 16:48:45 ET]
Table 'Kypria III' 6-max Seat #5 is the button
Seat 2: YeeesMan ($100 in chips) is sitting out
Seat 1: nikalas22 ($100 in chips) 
Seat 3: naf8484 ($10 in chips) 
Seat 4: nastja336 ($100 in chips) 
Seat 5: mr.Jckpot ($100 in chips) 
Seat 6: Manifestorr ($100.50 in chips) 
Manifestorr: posts small blind $0.50
nikalas22: posts big blind $1
YeeesMan: sits out 
*** HOLE CARDS ***
naf8484: raises $1 to $2
nastja336: folds 
mr.Jckpot: raises $8 to $10
Manifestorr: folds 
nikalas22: folds 
naf8484: calls $8 and is all-in
*** FLOP *** [Ah Jd Th]
*** TURN *** [Ah Jd Th] [Ts]
*** RIVER *** [Ah Jd Th Ts] [2c]
*** SHOW DOWN ***
naf8484: shows [Qd Ac] (two pair, Aces and Tens)
mr.Jckpot: shows [7s 7h] (two pair, Tens and Sevens)
naf8484 collected $20.42 from pot
*** SUMMARY ***
Total pot $21.50 | Rake $1.08 
Board [Ah Jd Th Ts 2c]
Seat 2: YeeesMan
Seat 1: nikalas22 (big blind) folded before Flop
Seat 3: naf8484 showed [Qd Ac] and won ($20.42) with two pair, Aces and Tens
Seat 4: nastja336 folded before Flop (didn't bet)
Seat 5: mr.Jckpot (button) showed [7s 7h] and lost with two pair, Tens and Sevens
Seat 6: Manifestorr (small blind) folded before Flop



PokerStars Hand #254269215071:  Hold'em No Limit ($0.50/$1.00 USD) - 2025/01/08 21:49:30 WET [2025/01/08 16:49:30 ET]
Table 'Kypria III' 6-max Seat #6 is the button
Seat 1: nikalas22 ($100 in chips) 
Seat 2: YeeesMan ($100 in chips) 
Seat 3: naf8484 ($20.42 in chips) 
Seat 4: nastja336 ($100 in chips) 
Seat 5: mr.Jckpot ($100 in chips) 
Seat 6: Manifestorr ($100 in chips) 
nikalas22: posts small blind $0.50
YeeesMan: posts big blind $1
*** HOLE CARDS ***
naf8484: folds 
nastja336: folds 
mr.Jckpot: raises $1.50 to $2.50
Manifestorr: folds 
nikalas22: folds 
YeeesMan: folds 
Uncalled bet ($1.50) returned to mr.Jckpot
mr.Jckpot collected $2.50 from pot
mr.Jckpot: doesn't show hand 
*** SUMMARY ***
Total pot $2.50 | Rake $0 
Seat 1: nikalas22 (small blind) folded before Flop
Seat 2: YeeesMan (big blind) folded before Flop
Seat 3: naf8484 folded before Flop (didn't bet)
Seat 4: nastja336 folded before Flop (didn't bet)
Seat 5: mr.Jckpot collected ($2.50)
Seat 6: Manifestorr (button) folded before Flop (didn't bet)



PokerStars Hand #254269221007:  Hold'em No Limit ($0.50/$1.00 USD) - 2025/01/08 21:49:48 WET [2025/01/08 16:49:48 ET]
Table 'Kypria III' 6-max Seat #1 is the button
Seat 1: nikalas22 ($100 in chips) 
Seat 2: YeeesMan ($100 in chips) 
Seat 3: naf8484 ($20.42 in chips) 
Seat 4: nastja336 ($100 in chips) 
Seat 5: mr.Jckpot ($101.50 in chips) 
Seat 6: Manifestorr ($100 in chips) 
YeeesMan: posts small blind $0.50
naf8484: posts big blind $1
*** HOLE CARDS ***
nastja336: raises $1.50 to $2.50
mr.Jckpot: folds 
Manifestorr: folds 
nikalas22: folds 
YeeesMan: folds 
naf8484: calls $1.50
*** FLOP *** [2h As 2c]
naf8484: checks 
nastja336: bets $1.72
naf8484: folds 
Uncalled bet ($1.72) returned to nastja336
nastja336 collected $5.22 from pot
nastja336: doesn't show hand 
*** SUMMARY ***
Total pot $5.50 | Rake $0.28 
Board [2h As 2c]
Seat 1: nikalas22 (button) folded before Flop (didn't bet)
Seat 2: YeeesMan (small blind) folded before Flop
Seat 3: naf8484 (big blind) folded on the Flop
Seat 4: nastja336 collected ($5.22)
Seat 5: mr.Jckpot folded before Flop (didn't bet)
Seat 6: Manifestorr folded before Flop (didn't bet)



PokerStars Hand #254269226212:  Hold'em No Limit ($0.50/$1.00 USD) - 2025/01/08 21:50:04 WET [2025/01/08 16:50:04 ET]
Table 'Kypria III' 6-max Seat #2 is the button
Seat 1: nikalas22 ($100 in chips) 
Seat 2: YeeesMan ($100 in chips) 
Seat 3: naf8484 ($17.92 in chips) 
Seat 4: nastja336 ($102.72 in chips) 
Seat 5: mr.Jckpot ($101.50 in chips) 
Seat 6: Manifestorr ($100 in chips) 
naf8484: posts small blind $0.50
nastja336: posts big blind $1
*** HOLE CARDS ***
mr.Jckpot: folds 
Manifestorr: folds 
nikalas22: folds 
YeeesMan: folds 
naf8484: folds 
Uncalled bet ($0.50) returned to nastja336
nastja336 collected $1 from pot
nastja336: doesn't show hand 
*** SUMMARY ***
Total pot $1 | Rake $0 
Seat 1: nikalas22 folded before Flop (didn't bet)
Seat 2: YeeesMan (button) folded before Flop (didn't bet)
Seat 3: naf8484 (small blind) folded before Flop
Seat 4: nastja336 (big blind) collected ($1)
Seat 5: mr.Jckpot folded before Flop (didn't bet)
Seat 6: Manifestorr folded before Flop (didn't bet)



PokerStars Hand #254269234109:  Hold'em No Limit ($0.50/$1.00 USD) - 2025/01/08 21:50:27 WET [2025/01/08 16:50:27 ET]
Table 'Kypria III' 6-max Seat #3 is the button
Seat 1: nikalas22 ($100 in chips) 
Seat 2: YeeesMan ($100 in chips) 
Seat 3: naf8484 ($17.42 in chips) 
Seat 4: nastja336 ($103.22 in chips) 
Seat 5: mr.Jckpot ($101.50 in chips) 
Seat 6: Manifestorr ($100 in chips) 
nastja336: posts small blind $0.50
mr.Jckpot: posts big blind $1
*** HOLE CARDS ***
Manifestorr: folds 
nikalas22: folds 
YeeesMan: raises $1.50 to $2.50
naf8484: folds 
nastja336: raises $9.50 to $12
mr.Jckpot: folds 
YeeesMan: raises $14 to $26
nastja336: folds 
Uncalled bet ($14) returned to YeeesMan
YeeesMan collected $25 from pot
YeeesMan: doesn't show hand 
*** SUMMARY ***
Total pot $25 | Rake $0 
Seat 1: nikalas22 folded before Flop (didn't bet)
Seat 2: YeeesMan collected ($25)
Seat 3: naf8484 (button) folded before Flop (didn't bet)
Seat 4: nastja336 (small blind) folded before Flop
Seat 5: mr.Jckpot (big blind) folded before Flop
Seat 6: Manifestorr folded before Flop (didn't bet)



PokerStars Hand #254269249477:  Hold'em No Limit ($0.50/$1.00 USD) - 2025/01/08 21:51:14 WET [2025/01/08 16:51:14 ET]
Table 'Kypria III' 6-max Seat #4 is the button
Seat 6: Manifestorr ($100 in chips) is sitting out
Seat 1: nikalas22 ($100 in chips) 
Seat 2: YeeesMan ($113 in chips) 
Seat 3: naf8484 ($17.42 in chips) 
Seat 4: nastja336 ($100 in chips) 
Seat 5: mr.Jckpot ($100.50 in chips) 
mr.Jckpot: posts small blind $0.50
Manifestorr: is sitting out 
nikalas22: posts big blind $1
*** HOLE CARDS ***
YeeesMan: folds 
Manifestorr leaves the table
naf8484: raises $1.50 to $2.50
nastja336: folds 
mr.Jckpot: folds 
blackclan7 joins the table at seat #6 
nikalas22: calls $1.50
*** FLOP *** [Qh 8c 2h]
nikalas22: checks 
naf8484: bets $2.61
nikalas22: calls $2.61
*** TURN *** [Qh 8c 2h] [4d]
nikalas22: checks 
naf8484: bets $5.09
nikalas22: folds 
Uncalled bet ($5.09) returned to naf8484
naf8484 collected $10.18 from pot
*** SUMMARY ***
Total pot $10.72 | Rake $0.54 
Board [Qh 8c 2h 4d]
Seat 6: Manifestorr
Seat 1: nikalas22 (big blind) folded on the Turn
Seat 2: YeeesMan folded before Flop (didn't bet)
Seat 3: naf8484 collected ($10.18)
Seat 4: nastja336 (button) folded before Flop (didn't bet)
Seat 5: mr.Jckpot (small blind) folded before Flop



PokerStars Hand #254269261917:  Hold'em No Limit ($0.50/$1.00 USD) - 2025/01/08 21:51:51 WET [2025/01/08 16:51:51 ET]
Table 'Kypria III' 6-max Seat #5 is the button
Seat 6: blackclan7 ($100 in chips) is sitting out
Seat 1: nikalas22 ($100 in chips) 
Seat 2: YeeesMan ($113 in chips) 
Seat 3: naf8484 ($22.49 in chips) 
Seat 4: nastja336 ($100 in chips) 
Seat 5: mr.Jckpot ($100 in chips) 
nikalas22: posts small blind $0.50
YeeesMan: posts big blind $1
*** HOLE CARDS ***
naf8484: folds 
nastja336: folds 
mr.Jckpot: raises $1.50 to $2.50
nikalas22: folds 
YeeesMan: folds 
Uncalled bet ($1.50) returned to mr.Jckpot
mr.Jckpot collected $2.50 from pot
mr.Jckpot: doesn't show hand 
*** SUMMARY ***
Total pot $2.50 | Rake $0 
Seat 6: blackclan7
Seat 1: nikalas22 (small blind) folded before Flop
Seat 2: YeeesMan (big blind) folded before Flop
Seat 3: naf8484 folded before Flop (didn't bet)
Seat 4: nastja336 folded before Flop (didn't bet)
Seat 5: mr.Jckpot (button) collected ($2.50)



PokerStars Hand #254269268464:  Hold'em No Limit ($0.50/$1.00 USD) - 2025/01/08 21:52:11 WET [2025/01/08 16:52:11 ET]
Table 'Kypria III' 6-max Seat #1 is the button
Seat 6: blackclan7 ($100 in chips) is sitting out
Seat 1: nikalas22 ($100 in chips) 
Seat 2: YeeesMan ($112 in chips) 
Seat 3: naf8484 ($22.49 in chips) 
Seat 4: nastja336 ($100 in chips) 
Seat 5: mr.Jckpot ($101.50 in chips) 
YeeesMan: posts small blind $0.50
naf8484: posts big blind $1
blackclan7: sits out 
*** HOLE CARDS ***
nastja336: folds 
mr.Jckpot: raises $1.50 to $2.50
nikalas22: folds 
YeeesMan: folds 
naf8484: calls $1.50
*** FLOP *** [8s Ks 2h]
naf8484: checks 
mr.Jckpot: bets $1.72
naf8484: calls $1.72
*** TURN *** [8s Ks 2h] [5s]
naf8484: checks 
mr.Jckpot: bets $4.67
naf8484: folds 
Uncalled bet ($4.67) returned to mr.Jckpot
mr.Jckpot collected $8.49 from pot
mr.Jckpot: doesn't show hand 
*** SUMMARY ***
Total pot $8.94 | Rake $0.45 
Board [8s Ks 2h 5s]
Seat 6: blackclan7
Seat 1: nikalas22 (button) folded before Flop (didn't bet)
Seat 2: YeeesMan (small blind) folded before Flop
Seat 3: naf8484 (big blind) folded on the Turn
Seat 4: nastja336 folded before Flop (didn't bet)
Seat 5: mr.Jckpot collected ($8.49)



PokerStars Hand #254269278867:  Hold'em No Limit ($0.50/$1.00 USD) - 2025/01/08 21:52:43 WET [2025/01/08 16:52:43 ET]
Table 'Kypria III' 6-max Seat #2 is the button
Seat 6: blackclan7 ($100 in chips) is sitting out
Seat 1: nikalas22 ($100 in chips) 
Seat 2: YeeesMan ($111.50 in chips) 
Seat 3: naf8484 ($18.27 in chips) 
Seat 4: nastja336 ($100 in chips) 
Seat 5: mr.Jckpot ($105.77 in chips) 
naf8484: posts small blind $0.50
nastja336: posts big blind $1
blackclan7: sits out 
*** HOLE CARDS ***
mr.Jckpot: raises $1.50 to $2.50
nikalas22: folds 
YeeesMan: folds 
naf8484: calls $2
nastja336: folds 
*** FLOP *** [Js 8c 6d]
naf8484: bets $2.85
mr.Jckpot: folds 
Uncalled bet ($2.85) returned to naf8484
naf8484 collected $5.70 from pot
*** SUMMARY ***
Total pot $6 | Rake $0.30 
Board [Js 8c 6d]
Seat 6: blackclan7
Seat 1: nikalas22 folded before Flop (didn't bet)
Seat 2: YeeesMan (button) folded before Flop (didn't bet)
Seat 3: naf8484 (small blind) collected ($5.70)
Seat 4: nastja336 (big blind) folded before Flop
Seat 5: mr.Jckpot folded on the Flop



PokerStars Hand #254269290865:  Hold'em No Limit ($0.50/$1.00 USD) - 2025/01/08 21:53:19 WET [2025/01/08 16:53:19 ET]
Table 'Kypria III' 6-max Seat #3 is the button
Seat 6: blackclan7 ($100 in chips) is sitting out
Seat 1: nikalas22 ($100 in chips) 
Seat 2: YeeesMan ($111.50 in chips) 
Seat 3: naf8484 ($21.47 in chips) 
Seat 4: nastja336 ($100 in chips) 
Seat 5: mr.Jckpot ($103.27 in chips) 
nastja336: posts small blind $0.50
mr.Jckpot: posts big blind $1
blackclan7: sits out 
*** HOLE CARDS ***
nikalas22: folds 
YeeesMan: raises $1.50 to $2.50
naf8484: calls $2.50
nastja336: folds 
mr.Jckpot: folds 
*** FLOP *** [4d 7d Qd]
YeeesMan: checks 
naf8484: checks 
*** TURN *** [4d 7d Qd] [3s]
YeeesMan: checks 
naf8484: checks 
*** RIVER *** [4d 7d Qd 3s] [Jd]
YeeesMan: bets $2.04
naf8484: folds 
Uncalled bet ($2.04) returned to YeeesMan
YeeesMan collected $6.18 from pot
YeeesMan: doesn't show hand 
*** SUMMARY ***
Total pot $6.50 | Rake $0.32 
Board [4d 7d Qd 3s Jd]
Seat 6: blackclan7
Seat 1: nikalas22 folded before Flop (didn't bet)
Seat 2: YeeesMan collected ($6.18)
Seat 3: naf8484 (button) folded on the River
Seat 4: nastja336 (small blind) folded before Flop
Seat 5: mr.Jckpot (big blind) folded before Flop



PokerStars Hand #254269305729:  Hold'em No Limit ($0.50/$1.00 USD) - 2025/01/08 21:54:05 WET [2025/01/08 16:54:05 ET]
Table 'Kypria III' 6-max Seat #4 is the button
Seat 1: nikalas22 ($100 in chips) 
Seat 2: YeeesMan ($115.18 in chips) 
Seat 3: naf8484 ($18.97 in chips) 
Seat 4: nastja336 ($100 in chips) 
Seat 5: mr.Jckpot ($102.27 in chips) 
Seat 6: blackclan7 ($100 in chips) 
mr.Jckpot: posts small blind $0.50
blackclan7: posts big blind $1
*** HOLE CARDS ***
nikalas22: folds 
YeeesMan: folds 
naf8484: raises $1.50 to $2.50
nastja336: folds 
mr.Jckpot: folds 
blackclan7: folds 
Uncalled bet ($1.50) returned to naf8484
naf8484 collected $2.50 from pot
*** SUMMARY ***
Total pot $2.50 | Rake $0 
Seat 1: nikalas22 folded before Flop (didn't bet)
Seat 2: YeeesMan folded before Flop (didn't bet)
Seat 3: naf8484 collected ($2.50)
Seat 4: nastja336 (button) folded before Flop (didn't bet)
Seat 5: mr.Jckpot (small blind) folded before Flop
Seat 6: blackclan7 (big blind) folded before Flop



PokerStars Hand #254269315024:  Hold'em No Limit ($0.50/$1.00 USD) - 2025/01/08 21:54:34 WET [2025/01/08 16:54:34 ET]
Table 'Kypria III' 6-max Seat #5 is the button
Seat 1: nikalas22 ($100 in chips) 
Seat 2: YeeesMan ($115.18 in chips) 
Seat 3: naf8484 ($20.47 in chips) 
Seat 4: nastja336 ($100 in chips) 
Seat 5: mr.Jckpot ($101.77 in chips) 
Seat 6: blackclan7 ($100 in chips) 
blackclan7: posts small blind $0.50
nikalas22: posts big blind $1
*** HOLE CARDS ***
YeeesMan: folds 
naf8484: raises $1.50 to $2.50
nastja336: folds 
mr.Jckpot: folds 
blackclan7: folds 
nikalas22: folds 
Uncalled bet ($1.50) returned to naf8484
naf8484 collected $2.50 from pot
*** SUMMARY ***
Total pot $2.50 | Rake $0 
Seat 1: nikalas22 (big blind) folded before Flop
Seat 2: YeeesMan folded before Flop (didn't bet)
Seat 3: naf8484 collected ($2.50)
Seat 4: nastja336 folded before Flop (didn't bet)
Seat 5: mr.Jckpot (button) folded before Flop (didn't bet)
Seat 6: blackclan7 (small blind) folded before Flop



PokerStars Hand #254269326540:  Hold'em No Limit ($0.50/$1.00 USD) - 2025/01/08 21:55:10 WET [2025/01/08 16:55:10 ET]
Table 'Kypria III' 6-max Seat #6 is the button
Seat 1: nikalas22 ($100 in chips) 
Seat 2: YeeesMan ($115.18 in chips) 
Seat 3: naf8484 ($21.97 in chips) 
Seat 4: nastja336 ($100 in chips) 
Seat 5: mr.Jckpot ($101.77 in chips) 
Seat 6: blackclan7 ($100 in chips) 
nikalas22: posts small blind $0.50
YeeesMan: posts big blind $1
*** HOLE CARDS ***
naf8484: folds 
nastja336: folds 
mr.Jckpot: folds 
blackclan7: folds 
nikalas22: folds 
Uncalled bet ($0.50) returned to YeeesMan
YeeesMan collected $1 from pot
YeeesMan: doesn't show hand 
*** SUMMARY ***
Total pot $1 | Rake $0 
Seat 1: nikalas22 (small blind) folded before Flop
Seat 2: YeeesMan (big blind) collected ($1)
Seat 3: naf8484 folded before Flop (didn't bet)
Seat 4: nastja336 folded before Flop (didn't bet)
Seat 5: mr.Jckpot folded before Flop (didn't bet)
Seat 6: blackclan7 (button) folded before Flop (didn't bet)



PokerStars Hand #254269331003:  Hold'em No Limit ($0.50/$1.00 USD) - 2025/01/08 21:55:29 WET [2025/01/08 16:55:29 ET]
Table 'Kypria III' 6-max Seat #1 is the button
Seat 1: nikalas22 ($100 in chips) 
Seat 2: YeeesMan ($115.68 in chips) 
Seat 3: naf8484 ($21.97 in chips) 
Seat 4: nastja336 ($100 in chips) 
Seat 5: mr.Jckpot ($101.77 in chips) 
Seat 6: blackclan7 ($100 in chips) 
YeeesMan: posts small blind $0.50
naf8484: posts big blind $1
*** HOLE CARDS ***
nastja336: folds 
mr.Jckpot: folds 
blackclan7: folds 
nikalas22: folds 
YeeesMan: raises $1 to $2
naf8484: calls $1
*** FLOP *** [4s Th Kc]
YeeesMan: bets $1.25
naf8484: calls $1.25
*** TURN *** [4s Th Kc] [Kd]
YeeesMan: bets $2.04
naf8484: calls $2.04
*** RIVER *** [4s Th Kc Kd] [Jc]
YeeesMan: bets $3.32
naf8484: calls $3.32
*** SHOW DOWN ***
YeeesMan: shows [Qd Ks] (three of a kind, Kings)
naf8484: mucks hand 
YeeesMan collected $16.36 from pot
*** SUMMARY ***
Total pot $17.22 | Rake $0.86 
Board [4s Th Kc Kd Jc]
Seat 1: nikalas22 (button) folded before Flop (didn't bet)
Seat 2: YeeesMan (small blind) showed [Qd Ks] and won ($16.36) with three of a kind, Kings
Seat 3: naf8484 (big blind) mucked
Seat 4: nastja336 folded before Flop (didn't bet)
Seat 5: mr.Jckpot folded before Flop (didn't bet)
Seat 6: blackclan7 folded before Flop (didn't bet)



PokerStars Hand #254269342544:  Hold'em No Limit ($0.50/$1.00 USD) - 2025/01/08 21:56:18 WET [2025/01/08 16:56:18 ET]
Table 'Kypria III' 6-max Seat #2 is the button
Seat 1: nikalas22 ($100 in chips) 
Seat 2: YeeesMan ($123.43 in chips) 
Seat 3: naf8484 ($13.36 in chips) 
Seat 4: nastja336 ($100 in chips) 
Seat 5: mr.Jckpot ($101.77 in chips) 
Seat 6: blackclan7 ($100 in chips) 
naf8484: posts small blind $0.50
nastja336: posts big blind $1
*** HOLE CARDS ***
mr.Jckpot: folds 
blackclan7: folds 
nikalas22: folds 
YeeesMan: folds 
naf8484: calls $0.50
nastja336: checks 
*** FLOP *** [Qs 9s 8d]
naf8484: bets $2
nastja336: folds 
Uncalled bet ($2) returned to naf8484
naf8484 collected $1.90 from pot
*** SUMMARY ***
Total pot $2 | Rake $0.10 
Board [Qs 9s 8d]
Seat 1: nikalas22 folded before Flop (didn't bet)
Seat 2: YeeesMan (button) folded before Flop (didn't bet)
Seat 3: naf8484 (small blind) collected ($1.90)
Seat 4: nastja336 (big blind) folded on the Flop
Seat 5: mr.Jckpot folded before Flop (didn't bet)
Seat 6: blackclan7 folded before Flop (didn't bet)



PokerStars Hand #254269348594:  Hold'em No Limit ($0.50/$1.00 USD) - 2025/01/08 21:56:43 WET [2025/01/08 16:56:43 ET]
Table 'Kypria III' 6-max Seat #3 is the button
Seat 1: nikalas22 ($100 in chips) 
Seat 2: YeeesMan ($123.43 in chips) 
Seat 3: naf8484 ($14.26 in chips) 
Seat 4: nastja336 ($100 in chips) 
Seat 5: mr.Jckpot ($101.77 in chips) 
Seat 6: blackclan7 ($100 in chips) 
nastja336: posts small blind $0.50
mr.Jckpot: posts big blind $1
*** HOLE CARDS ***
blackclan7: folds 
nikalas22: folds 
YeeesMan: raises $1.50 to $2.50
naf8484: folds 
nastja336: folds 
mr.Jckpot: folds 
Uncalled bet ($1.50) returned to YeeesMan
YeeesMan collected $2.50 from pot
YeeesMan: doesn't show hand 
*** SUMMARY ***
Total pot $2.50 | Rake $0 
Seat 1: nikalas22 folded before Flop (didn't bet)
Seat 2: YeeesMan collected ($2.50)
Seat 3: naf8484 (button) folded before Flop (didn't bet)
Seat 4: nastja336 (small blind) folded before Flop
Seat 5: mr.Jckpot (big blind) folded before Flop
Seat 6: blackclan7 folded before Flop (didn't bet)



PokerStars Hand #254269354022:  Hold'em No Limit ($0.50/$1.00 USD) - 2025/01/08 21:57:06 WET [2025/01/08 16:57:06 ET]
Table 'Kypria III' 6-max Seat #4 is the button
Seat 1: nikalas22 ($100 in chips) 
Seat 2: YeeesMan ($124.93 in chips) 
Seat 3: naf8484 ($14.26 in chips) 
Seat 4: nastja336 ($100 in chips) 
Seat 5: mr.Jckpot ($100.77 in chips) 
Seat 6: blackclan7 ($100 in chips) 
mr.Jckpot: posts small blind $0.50
blackclan7: posts big blind $1
*** HOLE CARDS ***
nikalas22: folds 
YeeesMan: folds 
naf8484: folds 
nastja336: folds 
mr.Jckpot: raises $2 to $3
blackclan7: calls $2
*** FLOP *** [Tc 6c Qc]
mr.Jckpot: checks 
blackclan7: bets $1.88
mr.Jckpot: calls $1.88
*** TURN *** [Tc 6c Qc] [Ks]
mr.Jckpot: checks 
blackclan7: checks 
*** RIVER *** [Tc 6c Qc Ks] [As]
mr.Jckpot: checks 
blackclan7: checks 
*** SHOW DOWN ***
mr.Jckpot: shows [Th Ah] (two pair, Aces and Tens)
blackclan7: mucks hand 
mr.Jckpot collected $9.27 from pot
*** SUMMARY ***
Total pot $9.76 | Rake $0.49 
Board [Tc 6c Qc Ks As]
Seat 1: nikalas22 folded before Flop (didn't bet)
Seat 2: YeeesMan folded before Flop (didn't bet)
Seat 3: naf8484 folded before Flop (didn't bet)
Seat 4: nastja336 (button) folded before Flop (didn't bet)
Seat 5: mr.Jckpot (small blind) showed [Th Ah] and won ($9.27) with two pair, Aces and Tens
Seat 6: blackclan7 (big blind) mucked



PokerStars Hand #254269362668:  Hold'em No Limit ($0.50/$1.00 USD) - 2025/01/08 21:57:42 WET [2025/01/08 16:57:42 ET]
Table 'Kypria III' 6-max Seat #5 is the button
Seat 1: nikalas22 ($100 in chips) 
Seat 2: YeeesMan ($124.93 in chips) 
Seat 3: naf8484 ($14.26 in chips) 
Seat 4: nastja336 ($100 in chips) 
Seat 5: mr.Jckpot ($105.16 in chips) 
Seat 6: blackclan7 ($100 in chips) 
blackclan7: posts small blind $0.50
nikalas22: posts big blind $1
*** HOLE CARDS ***
YeeesMan: folds 
naf8484: folds 
nastja336: folds 
mr.Jckpot: folds 
blackclan7: folds 
Uncalled bet ($0.50) returned to nikalas22
nikalas22 collected $1 from pot
nikalas22: doesn't show hand 
*** SUMMARY ***
Total pot $1 | Rake $0 
Seat 1: nikalas22 (big blind) collected ($1)
Seat 2: YeeesMan folded before Flop (didn't bet)
Seat 3: naf8484 folded before Flop (didn't bet)
Seat 4: nastja336 folded before Flop (didn't bet)
Seat 5: mr.Jckpot (button) folded before Flop (didn't bet)
Seat 6: blackclan7 (small blind) folded before Flop



PokerStars Hand #254269366228:  Hold'em No Limit ($0.50/$1.00 USD) - 2025/01/08 21:57:57 WET [2025/01/08 16:57:57 ET]
Table 'Kypria III' 6-max Seat #6 is the button
Seat 1: nikalas22 ($100.50 in chips) 
Seat 2: YeeesMan ($124.93 in chips) 
Seat 3: naf8484 ($14.26 in chips) 
Seat 4: nastja336 ($100 in chips) 
Seat 5: mr.Jckpot ($105.16 in chips) 
Seat 6: blackclan7 ($100 in chips) 
nikalas22: posts small blind $0.50
YeeesMan: posts big blind $1
*** HOLE CARDS ***
naf8484: raises $1.50 to $2.50
nastja336: folds 
mr.Jckpot: folds 
blackclan7: folds 
nikalas22: folds 
YeeesMan: raises $12.50 to $15
naf8484: calls $11.76 and is all-in
Uncalled bet ($0.74) returned to YeeesMan
*** FLOP *** [Ks 5d 8s]
*** TURN *** [Ks 5d 8s] [Qs]
*** RIVER *** [Ks 5d 8s Qs] [4c]
*** SHOW DOWN ***
YeeesMan: shows [5c 5s] (three of a kind, Fives)
naf8484: shows [Kd Qc] (two pair, Kings and Queens)
YeeesMan collected $27.57 from pot
*** SUMMARY ***
Total pot $29.02 | Rake $1.45 
Board [Ks 5d 8s Qs 4c]
Seat 1: nikalas22 (small blind) folded before Flop
Seat 2: YeeesMan (big blind) showed [5c 5s] and won ($27.57) with three of a kind, Fives
Seat 3: naf8484 showed [Kd Qc] and lost with two pair, Kings and Queens
Seat 4: nastja336 folded before Flop (didn't bet)
Seat 5: mr.Jckpot folded before Flop (didn't bet)
Seat 6: blackclan7 (button) folded before Flop (didn't bet)



PokerStars Hand #254269374204:  Hold'em No Limit ($0.50/$1.00 USD) - 2025/01/08 21:58:31 WET [2025/01/08 16:58:31 ET]
Table 'Kypria III' 6-max Seat #1 is the button
Seat 3: naf8484 ($0 in chips) is sitting out
Seat 1: nikalas22 ($100 in chips) 
Seat 2: YeeesMan ($138.24 in chips) 
Seat 4: nastja336 ($100 in chips) 
Seat 5: mr.Jckpot ($105.16 in chips) 
Seat 6: blackclan7 ($100 in chips) 
YeeesMan: posts small blind $0.50
nastja336: posts big blind $1
*** HOLE CARDS ***
mr.Jckpot: folds 
blackclan7: folds 
nikalas22: raises $1.50 to $2.50
naf8484 is disconnected 
YeeesMan: folds 
nastja336: calls $1.50
*** FLOP *** [3s Qh 6d]
nastja336: checks 
nikalas22: bets $1.57
nastja336: folds 
Uncalled bet ($1.57) returned to nikalas22
nikalas22 collected $5.22 from pot
nikalas22: doesn't show hand 
*** SUMMARY ***
Total pot $5.50 | Rake $0.28 
Board [3s Qh 6d]
Seat 3: naf8484
Seat 1: nikalas22 (button) collected ($5.22)
Seat 2: YeeesMan (small blind) folded before Flop
Seat 4: nastja336 (big blind) folded on the Flop
Seat 5: mr.Jckpot folded before Flop (didn't bet)
Seat 6: blackclan7 folded before Flop (didn't bet)



