PokerStars Hand #254268209703:  Hold'em No Limit ($0.50/$1.00 USD) - 2025/01/08 21:00:27 WET [2025/01/08 16:00:27 ET]
Table 'Nuki II' 6-max Seat #6 is the button
Seat 2: nikalas22 ($100.50 in chips) 
Seat 4: LuckyShikari ($50 in chips) 
Seat 6: blistein ($102.50 in chips) 
nikalas22: posts small blind $0.50
LuckyShikari: posts big blind $1
*** HOLE CARDS ***
blistein: folds 
blistein leaves the table
nikalas22: folds 
Uncalled bet ($0.50) returned to LuckyShikari
LuckyShikari collected $1 from pot
LuckyShikari: doesn't show hand 
*** SUMMARY ***
Total pot $1 | Rake $0 
Seat 2: nikalas22 (small blind) folded before Flop
Seat 4: LuckyShikari (big blind) collected ($1)
Seat 6: blistein (button) folded before Flop (didn't bet)



PokerStars Hand #254268420441:  Hold'em No Limit ($0.50/$1.00 USD) - 2025/01/08 21:11:04 WET [2025/01/08 16:11:04 ET]
Table 'Nuki II' 6-max Seat #1 is the button
Seat 1: Zvst ($100 in chips) 
Seat 2: nikalas22 ($100 in chips) 
Seat 3: blackclan7 ($100 in chips) 
Seat 4: LuckyShikari ($50.50 in chips) 
Seat 6: mr.Jckpot ($100 in chips) 
nikalas22: posts small blind $0.50
blackclan7: posts big blind $1
*** HOLE CARDS ***
LuckyShikari: folds 
mr.Jckpot: raises $1.50 to $2.50
Zvst: folds 
nikalas22: folds 
blackclan7: folds 
Uncalled bet ($1.50) returned to mr.Jckpot
mr.Jckpot collected $2.50 from pot
mr.Jckpot: doesn't show hand 
*** SUMMARY ***
Total pot $2.50 | Rake $0 
Seat 1: Zvst (button) folded before Flop (didn't bet)
Seat 2: nikalas22 (small blind) folded before Flop
Seat 3: blackclan7 (big blind) folded before Flop
Seat 4: LuckyShikari folded before Flop (didn't bet)
Seat 6: mr.Jckpot collected ($2.50)



PokerStars Hand #254268428871:  Hold'em No Limit ($0.50/$1.00 USD) - 2025/01/08 21:11:29 WET [2025/01/08 16:11:29 ET]
Table 'Nuki II' 6-max Seat #2 is the button
Seat 1: Zvst ($100 in chips) 
Seat 2: nikalas22 ($100 in chips) 
Seat 3: blackclan7 ($100 in chips) 
Seat 4: LuckyShikari ($50.50 in chips) 
Seat 6: mr.Jckpot ($101.50 in chips) 
blackclan7: posts small blind $0.50
LuckyShikari: posts big blind $1
*** HOLE CARDS ***
mr.Jckpot: folds 
rxb.dvtch joins the table at seat #5 
Zvst: folds 
rxb.dvtch is disconnected 
nikalas22: folds 
blackclan7: folds 
Uncalled bet ($0.50) returned to LuckyShikari
LuckyShikari collected $1 from pot
LuckyShikari: doesn't show hand 
*** SUMMARY ***
Total pot $1 | Rake $0 
Seat 1: Zvst folded before Flop (didn't bet)
Seat 2: nikalas22 (button) folded before Flop (didn't bet)
Seat 3: blackclan7 (small blind) folded before Flop
Seat 4: LuckyShikari (big blind) collected ($1)
Seat 6: mr.Jckpot folded before Flop (didn't bet)



PokerStars Hand #254268432868:  Hold'em No Limit ($0.50/$1.00 USD) - 2025/01/08 21:11:40 WET [2025/01/08 16:11:40 ET]
Table 'Nuki II' 6-max Seat #3 is the button
Seat 1: Zvst ($100 in chips) 
Seat 2: nikalas22 ($100 in chips) 
Seat 3: blackclan7 ($100 in chips) 
Seat 4: LuckyShikari ($51 in chips) 
Seat 5: rxb.dvtch ($59.58 in chips) 
Seat 6: mr.Jckpot ($101.50 in chips) 
LuckyShikari: posts small blind $0.50
rxb.dvtch: posts big blind $1
*** HOLE CARDS ***
mr.Jckpot: folds 
Zvst: folds 
nikalas22: folds 
blackclan7: raises $1.50 to $2.50
LuckyShikari: raises $6 to $8.50
rxb.dvtch: folds 
blackclan7: calls $6
*** FLOP *** [Qc 2s Kc]
LuckyShikari: bets $4
blackclan7: folds 
Uncalled bet ($4) returned to LuckyShikari
LuckyShikari collected $17.10 from pot
LuckyShikari: doesn't show hand 
*** SUMMARY ***
Total pot $18 | Rake $0.90 
Board [Qc 2s Kc]
Seat 1: Zvst folded before Flop (didn't bet)
Seat 2: nikalas22 folded before Flop (didn't bet)
Seat 3: blackclan7 (button) folded on the Flop
Seat 4: LuckyShikari (small blind) collected ($17.10)
Seat 5: rxb.dvtch (big blind) folded before Flop
Seat 6: mr.Jckpot folded before Flop (didn't bet)



PokerStars Hand #254268446579:  Hold'em No Limit ($0.50/$1.00 USD) - 2025/01/08 21:12:20 WET [2025/01/08 16:12:20 ET]
Table 'Nuki II' 6-max Seat #4 is the button
Seat 1: Zvst ($100 in chips) 
Seat 2: nikalas22 ($100 in chips) 
Seat 3: blackclan7 ($100 in chips) 
Seat 4: LuckyShikari ($59.60 in chips) 
Seat 5: rxb.dvtch ($58.58 in chips) 
Seat 6: mr.Jckpot ($101.50 in chips) 
rxb.dvtch: posts small blind $0.50
mr.Jckpot: posts big blind $1
*** HOLE CARDS ***
Zvst: folds 
nikalas22: raises $1.50 to $2.50
blackclan7: folds 
LuckyShikari: raises $6 to $8.50
rxb.dvtch: folds 
mr.Jckpot: folds 
nikalas22: folds 
Uncalled bet ($6) returned to LuckyShikari
LuckyShikari collected $6.50 from pot
LuckyShikari: doesn't show hand 
*** SUMMARY ***
Total pot $6.50 | Rake $0 
Seat 1: Zvst folded before Flop (didn't bet)
Seat 2: nikalas22 folded before Flop
Seat 3: blackclan7 folded before Flop (didn't bet)
Seat 4: LuckyShikari (button) collected ($6.50)
Seat 5: rxb.dvtch (small blind) folded before Flop
Seat 6: mr.Jckpot (big blind) folded before Flop



PokerStars Hand #254268454208:  Hold'em No Limit ($0.50/$1.00 USD) - 2025/01/08 21:12:41 WET [2025/01/08 16:12:41 ET]
Table 'Nuki II' 6-max Seat #5 is the button
Seat 1: Zvst ($100 in chips) 
Seat 2: nikalas22 ($100 in chips) 
Seat 3: blackclan7 ($100 in chips) 
Seat 4: LuckyShikari ($63.60 in chips) 
Seat 5: rxb.dvtch ($58.08 in chips) 
Seat 6: mr.Jckpot ($100.50 in chips) 
mr.Jckpot: posts small blind $0.50
Zvst: posts big blind $1
*** HOLE CARDS ***
nikalas22: folds 
blackclan7: folds 
LuckyShikari: raises $2.50 to $3.50
rxb.dvtch: calls $3.50
mr.Jckpot: folds 
Zvst: folds 
*** FLOP *** [8c 5s 6d]
LuckyShikari: checks 
rxb.dvtch: checks 
*** TURN *** [8c 5s 6d] [Qh]
LuckyShikari: checks 
rxb.dvtch: bets $3.04
LuckyShikari: folds 
Uncalled bet ($3.04) returned to rxb.dvtch
rxb.dvtch collected $8.08 from pot
*** SUMMARY ***
Total pot $8.50 | Rake $0.42 
Board [8c 5s 6d Qh]
Seat 1: Zvst (big blind) folded before Flop
Seat 2: nikalas22 folded before Flop (didn't bet)
Seat 3: blackclan7 folded before Flop (didn't bet)
Seat 4: LuckyShikari folded on the Turn
Seat 5: rxb.dvtch (button) collected ($8.08)
Seat 6: mr.Jckpot (small blind) folded before Flop



PokerStars Hand #254268466864:  Hold'em No Limit ($0.50/$1.00 USD) - 2025/01/08 21:13:17 WET [2025/01/08 16:13:17 ET]
Table 'Nuki II' 6-max Seat #6 is the button
Seat 1: Zvst ($100 in chips) 
Seat 2: nikalas22 ($100 in chips) 
Seat 3: blackclan7 ($100 in chips) 
Seat 4: LuckyShikari ($60.10 in chips) 
Seat 5: rxb.dvtch ($62.66 in chips) 
Seat 6: mr.Jckpot ($100 in chips) 
Zvst: posts small blind $0.50
nikalas22: posts big blind $1
*** HOLE CARDS ***
blackclan7: raises $1 to $2
LuckyShikari: folds 
rxb.dvtch: calls $2
mr.Jckpot: calls $2
Zvst: folds 
nikalas22: folds 
*** FLOP *** [Kh As Qc]
Zvst leaves the table
YeeesMan joins the table at seat #1 
blackclan7: checks 
rxb.dvtch: bets $2.56
mr.Jckpot: raises $4.94 to $7.50
blackclan7: folds 
rxb.dvtch: calls $4.94
*** TURN *** [Kh As Qc] [5d]
rxb.dvtch: checks 
mr.Jckpot: bets $13.90
rxb.dvtch: folds 
Uncalled bet ($13.90) returned to mr.Jckpot
mr.Jckpot collected $21.38 from pot
mr.Jckpot: doesn't show hand 
*** SUMMARY ***
Total pot $22.50 | Rake $1.12 
Board [Kh As Qc 5d]
Seat 1: Zvst (small blind) folded before Flop
Seat 2: nikalas22 (big blind) folded before Flop
Seat 3: blackclan7 folded on the Flop
Seat 4: LuckyShikari folded before Flop (didn't bet)
Seat 5: rxb.dvtch folded on the Turn
Seat 6: mr.Jckpot (button) collected ($21.38)



PokerStars Hand #254268494153:  Hold'em No Limit ($0.50/$1.00 USD) - 2025/01/08 21:14:35 WET [2025/01/08 16:14:35 ET]
Table 'Nuki II' 6-max Seat #2 is the button
Seat 1: YeeesMan ($100 in chips) is sitting out
Seat 2: nikalas22 ($100 in chips) 
Seat 3: blackclan7 ($100 in chips) 
Seat 4: LuckyShikari ($60.10 in chips) 
Seat 5: rxb.dvtch ($53.16 in chips) 
Seat 6: mr.Jckpot ($111.88 in chips) 
blackclan7: posts small blind $0.50
LuckyShikari: posts big blind $1
YeeesMan: sits out 
*** HOLE CARDS ***
rxb.dvtch: folds 
mr.Jckpot: folds 
nikalas22: raises $1.50 to $2.50
blackclan7: folds 
LuckyShikari: calls $1.50
*** FLOP *** [Ac Jd Ts]
LuckyShikari: checks 
nikalas22: checks 
*** TURN *** [Ac Jd Ts] [Jh]
LuckyShikari: bets $7.50
nikalas22: folds 
Uncalled bet ($7.50) returned to LuckyShikari
LuckyShikari collected $5.22 from pot
LuckyShikari: doesn't show hand 
*** SUMMARY ***
Total pot $5.50 | Rake $0.28 
Board [Ac Jd Ts Jh]
Seat 1: YeeesMan
Seat 2: nikalas22 (button) folded on the Turn
Seat 3: blackclan7 (small blind) folded before Flop
Seat 4: LuckyShikari (big blind) collected ($5.22)
Seat 5: rxb.dvtch folded before Flop (didn't bet)
Seat 6: mr.Jckpot folded before Flop (didn't bet)



PokerStars Hand #254268512020:  Hold'em No Limit ($0.50/$1.00 USD) - 2025/01/08 21:15:26 WET [2025/01/08 16:15:26 ET]
Table 'Nuki II' 6-max Seat #3 is the button
Seat 1: YeeesMan ($100 in chips) is sitting out
Seat 2: nikalas22 ($100 in chips) 
Seat 3: blackclan7 ($100 in chips) 
Seat 4: LuckyShikari ($62.82 in chips) 
Seat 5: rxb.dvtch ($53.16 in chips) 
Seat 6: mr.Jckpot ($111.88 in chips) 
LuckyShikari: posts small blind $0.50
rxb.dvtch: posts big blind $1
YeeesMan: sits out 
*** HOLE CARDS ***
mr.Jckpot: raises $1.50 to $2.50
nikalas22: folds 
blackclan7: folds 
LuckyShikari: folds 
rxb.dvtch: folds 
Uncalled bet ($1.50) returned to mr.Jckpot
mr.Jckpot collected $2.50 from pot
mr.Jckpot: doesn't show hand 
*** SUMMARY ***
Total pot $2.50 | Rake $0 
Seat 1: YeeesMan
Seat 2: nikalas22 folded before Flop (didn't bet)
Seat 3: blackclan7 (button) folded before Flop (didn't bet)
Seat 4: LuckyShikari (small blind) folded before Flop
Seat 5: rxb.dvtch (big blind) folded before Flop
Seat 6: mr.Jckpot collected ($2.50)



PokerStars Hand #254268517627:  Hold'em No Limit ($0.50/$1.00 USD) - 2025/01/08 21:15:42 WET [2025/01/08 16:15:42 ET]
Table 'Nuki II' 6-max Seat #4 is the button
Seat 1: YeeesMan ($100 in chips) is sitting out
Seat 2: nikalas22 ($100 in chips) 
Seat 3: blackclan7 ($100 in chips) 
Seat 4: LuckyShikari ($62.32 in chips) 
Seat 5: rxb.dvtch ($52.16 in chips) 
Seat 6: mr.Jckpot ($113.38 in chips) 
rxb.dvtch: posts small blind $0.50
mr.Jckpot: posts big blind $1
YeeesMan: sits out 
*** HOLE CARDS ***
nikalas22: raises $1.50 to $2.50
blackclan7: folds 
LuckyShikari: folds 
rxb.dvtch: calls $2
mr.Jckpot: calls $1.50
*** FLOP *** [2h Qc 5h]
rxb.dvtch: checks 
mr.Jckpot: checks 
nikalas22: checks 
*** TURN *** [2h Qc 5h] [Tc]
rxb.dvtch: bets $3.56
mr.Jckpot: calls $3.56
nikalas22: folds 
*** RIVER *** [2h Qc 5h Tc] [9h]
rxb.dvtch: bets $4.95
mr.Jckpot: calls $4.95
*** SHOW DOWN ***
rxb.dvtch: shows [7d 8h] (high card Queen)
mr.Jckpot: shows [Kd Qh] (a pair of Queens)
mr.Jckpot collected $23.29 from pot
*** SUMMARY ***
Total pot $24.52 | Rake $1.23 
Board [2h Qc 5h Tc 9h]
Seat 1: YeeesMan
Seat 2: nikalas22 folded on the Turn
Seat 3: blackclan7 folded before Flop (didn't bet)
Seat 4: LuckyShikari (button) folded before Flop (didn't bet)
Seat 5: rxb.dvtch (small blind) showed [7d 8h] and lost with high card Queen
Seat 6: mr.Jckpot (big blind) showed [Kd Qh] and won ($23.29) with a pair of Queens



PokerStars Hand #254268534058:  Hold'em No Limit ($0.50/$1.00 USD) - 2025/01/08 21:16:28 WET [2025/01/08 16:16:28 ET]
Table 'Nuki II' 6-max Seat #5 is the button
Seat 1: YeeesMan ($100 in chips) 
Seat 2: nikalas22 ($100 in chips) 
Seat 3: blackclan7 ($100 in chips) 
Seat 4: LuckyShikari ($62.32 in chips) 
Seat 5: rxb.dvtch ($41.15 in chips) 
Seat 6: mr.Jckpot ($125.66 in chips) 
mr.Jckpot: posts small blind $0.50
YeeesMan: posts big blind $1
*** HOLE CARDS ***
nikalas22: folds 
blackclan7: folds 
LuckyShikari: folds 
rxb.dvtch: raises $2 to $3
mr.Jckpot: folds 
YeeesMan: folds 
Uncalled bet ($2) returned to rxb.dvtch
rxb.dvtch collected $2.50 from pot
*** SUMMARY ***
Total pot $2.50 | Rake $0 
Seat 1: YeeesMan (big blind) folded before Flop
Seat 2: nikalas22 folded before Flop (didn't bet)
Seat 3: blackclan7 folded before Flop (didn't bet)
Seat 4: LuckyShikari folded before Flop (didn't bet)
Seat 5: rxb.dvtch (button) collected ($2.50)
Seat 6: mr.Jckpot (small blind) folded before Flop



PokerStars Hand #254268543225:  Hold'em No Limit ($0.50/$1.00 USD) - 2025/01/08 21:16:54 WET [2025/01/08 16:16:54 ET]
Table 'Nuki II' 6-max Seat #6 is the button
Seat 1: YeeesMan ($100 in chips) 
Seat 2: nikalas22 ($100 in chips) 
Seat 3: blackclan7 ($100 in chips) 
Seat 4: LuckyShikari ($62.32 in chips) 
Seat 5: rxb.dvtch ($42.65 in chips) 
Seat 6: mr.Jckpot ($125.16 in chips) 
YeeesMan: posts small blind $0.50
nikalas22: posts big blind $1
*** HOLE CARDS ***
blackclan7: folds 
LuckyShikari: folds 
rxb.dvtch: calls $1
mr.Jckpot: folds 
YeeesMan: folds 
nikalas22: checks 
*** FLOP *** [Ad 2d 7s]
nikalas22: checks 
rxb.dvtch: checks 
*** TURN *** [Ad 2d 7s] [Jd]
nikalas22: checks 
rxb.dvtch: checks 
*** RIVER *** [Ad 2d 7s Jd] [8d]
nikalas22: checks 
rxb.dvtch: bets $1.19
nikalas22: folds 
Uncalled bet ($1.19) returned to rxb.dvtch
rxb.dvtch collected $2.38 from pot
*** SUMMARY ***
Total pot $2.50 | Rake $0.12 
Board [Ad 2d 7s Jd 8d]
Seat 1: YeeesMan (small blind) folded before Flop
Seat 2: nikalas22 (big blind) folded on the River
Seat 3: blackclan7 folded before Flop (didn't bet)
Seat 4: LuckyShikari folded before Flop (didn't bet)
Seat 5: rxb.dvtch collected ($2.38)
Seat 6: mr.Jckpot (button) folded before Flop (didn't bet)



PokerStars Hand #254268556583:  Hold'em No Limit ($0.50/$1.00 USD) - 2025/01/08 21:17:32 WET [2025/01/08 16:17:32 ET]
Table 'Nuki II' 6-max Seat #1 is the button
Seat 1: YeeesMan ($100 in chips) 
Seat 2: nikalas22 ($100 in chips) 
Seat 3: blackclan7 ($100 in chips) 
Seat 4: LuckyShikari ($62.32 in chips) 
Seat 5: rxb.dvtch ($44.03 in chips) 
Seat 6: mr.Jckpot ($125.16 in chips) 
nikalas22: posts small blind $0.50
blackclan7: posts big blind $1
*** HOLE CARDS ***
LuckyShikari: folds 
rxb.dvtch: folds 
mr.Jckpot: raises $1.50 to $2.50
YeeesMan: folds 
nikalas22: folds 
blackclan7: calls $1.50
*** FLOP *** [Ts 7h 2s]
blackclan7: checks 
mr.Jckpot: bets $3.39
blackclan7: folds 
Uncalled bet ($3.39) returned to mr.Jckpot
mr.Jckpot collected $5.22 from pot
mr.Jckpot: doesn't show hand 
*** SUMMARY ***
Total pot $5.50 | Rake $0.28 
Board [Ts 7h 2s]
Seat 1: YeeesMan (button) folded before Flop (didn't bet)
Seat 2: nikalas22 (small blind) folded before Flop
Seat 3: blackclan7 (big blind) folded on the Flop
Seat 4: LuckyShikari folded before Flop (didn't bet)
Seat 5: rxb.dvtch folded before Flop (didn't bet)
Seat 6: mr.Jckpot collected ($5.22)



PokerStars Hand #254268571330:  Hold'em No Limit ($0.50/$1.00 USD) - 2025/01/08 21:18:14 WET [2025/01/08 16:18:14 ET]
Table 'Nuki II' 6-max Seat #2 is the button
Seat 1: YeeesMan ($100 in chips) 
Seat 2: nikalas22 ($100 in chips) 
Seat 3: blackclan7 ($100 in chips) 
Seat 4: LuckyShikari ($62.32 in chips) 
Seat 5: rxb.dvtch ($44.03 in chips) 
Seat 6: mr.Jckpot ($127.88 in chips) 
blackclan7: posts small blind $0.50
LuckyShikari: posts big blind $1
*** HOLE CARDS ***
rxb.dvtch: folds 
mr.Jckpot: raises $1.50 to $2.50
YeeesMan: folds 
nikalas22: folds 
blackclan7: folds 
LuckyShikari: folds 
Uncalled bet ($1.50) returned to mr.Jckpot
mr.Jckpot collected $2.50 from pot
mr.Jckpot: doesn't show hand 
*** SUMMARY ***
Total pot $2.50 | Rake $0 
Seat 1: YeeesMan folded before Flop (didn't bet)
Seat 2: nikalas22 (button) folded before Flop (didn't bet)
Seat 3: blackclan7 (small blind) folded before Flop
Seat 4: LuckyShikari (big blind) folded before Flop
Seat 5: rxb.dvtch folded before Flop (didn't bet)
Seat 6: mr.Jckpot collected ($2.50)



PokerStars Hand #254268575621:  Hold'em No Limit ($0.50/$1.00 USD) - 2025/01/08 21:18:27 WET [2025/01/08 16:18:27 ET]
Table 'Nuki II' 6-max Seat #3 is the button
Seat 1: YeeesMan ($100 in chips) 
Seat 2: nikalas22 ($100 in chips) 
Seat 3: blackclan7 ($100 in chips) 
Seat 4: LuckyShikari ($61.32 in chips) 
Seat 5: rxb.dvtch ($44.03 in chips) 
Seat 6: mr.Jckpot ($129.38 in chips) 
LuckyShikari: posts small blind $0.50
rxb.dvtch: posts big blind $1
*** HOLE CARDS ***
mr.Jckpot: folds 
YeeesMan: folds 
nikalas22: raises $1.50 to $2.50
blackclan7: calls $2.50
LuckyShikari: folds 
rxb.dvtch: calls $1.50
*** FLOP *** [9s 9h Ad]
rxb.dvtch: bets $3.80
nikalas22: calls $3.80
blackclan7: folds 
*** TURN *** [9s 9h Ad] [8d]
rxb.dvtch: checks 
nikalas22: checks 
*** RIVER *** [9s 9h Ad 8d] [Ks]
rxb.dvtch: bets $6.41
nikalas22: calls $6.41
*** SHOW DOWN ***
rxb.dvtch: shows [Jd Kc] (two pair, Kings and Nines)
nikalas22: shows [As 7s] (two pair, Aces and Nines)
nikalas22 collected $27 from pot
*** SUMMARY ***
Total pot $28.42 | Rake $1.42 
Board [9s 9h Ad 8d Ks]
Seat 1: YeeesMan folded before Flop (didn't bet)
Seat 2: nikalas22 showed [As 7s] and won ($27) with two pair, Aces and Nines
Seat 3: blackclan7 (button) folded on the Flop
Seat 4: LuckyShikari (small blind) folded before Flop
Seat 5: rxb.dvtch (big blind) showed [Jd Kc] and lost with two pair, Kings and Nines
Seat 6: mr.Jckpot folded before Flop (didn't bet)



PokerStars Hand #254268594571:  Hold'em No Limit ($0.50/$1.00 USD) - 2025/01/08 21:19:21 WET [2025/01/08 16:19:21 ET]
Table 'Nuki II' 6-max Seat #4 is the button
Seat 1: YeeesMan ($100 in chips) 
Seat 2: nikalas22 ($114.29 in chips) 
Seat 3: blackclan7 ($100 in chips) 
Seat 4: LuckyShikari ($60.82 in chips) 
Seat 5: rxb.dvtch ($31.32 in chips) 
Seat 6: mr.Jckpot ($129.38 in chips) 
rxb.dvtch: posts small blind $0.50
mr.Jckpot: posts big blind $1
*** HOLE CARDS ***
YeeesMan: folds 
nikalas22: folds 
blackclan7: folds 
LuckyShikari: folds 
rxb.dvtch: calls $0.50
mr.Jckpot: checks 
*** FLOP *** [Ac Qh Ts]
rxb.dvtch: checks 
mr.Jckpot: checks 
*** TURN *** [Ac Qh Ts] [Ah]
rxb.dvtch: checks 
mr.Jckpot: checks 
*** RIVER *** [Ac Qh Ts Ah] [As]
rxb.dvtch: bets $1
mr.Jckpot: calls $1
*** SHOW DOWN ***
rxb.dvtch: shows [9c 2c] (three of a kind, Aces)
mr.Jckpot: shows [Kd 6h] (three of a kind, Aces - King kicker)
mr.Jckpot collected $3.80 from pot
*** SUMMARY ***
Total pot $4 | Rake $0.20 
Board [Ac Qh Ts Ah As]
Seat 1: YeeesMan folded before Flop (didn't bet)
Seat 2: nikalas22 folded before Flop (didn't bet)
Seat 3: blackclan7 folded before Flop (didn't bet)
Seat 4: LuckyShikari (button) folded before Flop (didn't bet)
Seat 5: rxb.dvtch (small blind) showed [9c 2c] and lost with three of a kind, Aces
Seat 6: mr.Jckpot (big blind) showed [Kd 6h] and won ($3.80) with three of a kind, Aces



PokerStars Hand #254268604739:  Hold'em No Limit ($0.50/$1.00 USD) - 2025/01/08 21:19:50 WET [2025/01/08 16:19:50 ET]
Table 'Nuki II' 6-max Seat #5 is the button
Seat 1: YeeesMan ($100 in chips) 
Seat 2: nikalas22 ($114.29 in chips) 
Seat 3: blackclan7 ($100 in chips) 
Seat 4: LuckyShikari ($60.82 in chips) 
Seat 5: rxb.dvtch ($29.32 in chips) 
Seat 6: mr.Jckpot ($131.18 in chips) 
mr.Jckpot: posts small blind $0.50
YeeesMan: posts big blind $1
*** HOLE CARDS ***
nikalas22: folds 
blackclan7: folds 
LuckyShikari: folds 
rxb.dvtch: folds 
mr.Jckpot: folds 
Uncalled bet ($0.50) returned to YeeesMan
YeeesMan collected $1 from pot
YeeesMan: doesn't show hand 
*** SUMMARY ***
Total pot $1 | Rake $0 
Seat 1: YeeesMan (big blind) collected ($1)
Seat 2: nikalas22 folded before Flop (didn't bet)
Seat 3: blackclan7 folded before Flop (didn't bet)
Seat 4: LuckyShikari folded before Flop (didn't bet)
Seat 5: rxb.dvtch (button) folded before Flop (didn't bet)
Seat 6: mr.Jckpot (small blind) folded before Flop



PokerStars Hand #254268611028:  Hold'em No Limit ($0.50/$1.00 USD) - 2025/01/08 21:20:08 WET [2025/01/08 16:20:08 ET]
Table 'Nuki II' 6-max Seat #6 is the button
Seat 1: YeeesMan ($100.50 in chips) 
Seat 2: nikalas22 ($114.29 in chips) 
Seat 3: blackclan7 ($100 in chips) 
Seat 4: LuckyShikari ($60.82 in chips) 
Seat 5: rxb.dvtch ($29.32 in chips) 
Seat 6: mr.Jckpot ($130.68 in chips) 
YeeesMan: posts small blind $0.50
nikalas22: posts big blind $1
*** HOLE CARDS ***
blackclan7: folds 
LuckyShikari: folds 
rxb.dvtch: folds 
mr.Jckpot: folds 
YeeesMan: raises $2 to $3
nikalas22: raises $6 to $9
YeeesMan: calls $6
*** FLOP *** [Jd 2h 5c]
YeeesMan: checks 
nikalas22: bets $5.13
YeeesMan: folds 
Uncalled bet ($5.13) returned to nikalas22
nikalas22 collected $17.10 from pot
nikalas22: doesn't show hand 
*** SUMMARY ***
Total pot $18 | Rake $0.90 
Board [Jd 2h 5c]
Seat 1: YeeesMan (small blind) folded on the Flop
Seat 2: nikalas22 (big blind) collected ($17.10)
Seat 3: blackclan7 folded before Flop (didn't bet)
Seat 4: LuckyShikari folded before Flop (didn't bet)
Seat 5: rxb.dvtch folded before Flop (didn't bet)
Seat 6: mr.Jckpot (button) folded before Flop (didn't bet)



PokerStars Hand #254268630243:  Hold'em No Limit ($0.50/$1.00 USD) - 2025/01/08 21:21:02 WET [2025/01/08 16:21:02 ET]
Table 'Nuki II' 6-max Seat #1 is the button
Seat 1: YeeesMan ($100 in chips) 
Seat 2: nikalas22 ($122.39 in chips) 
Seat 3: blackclan7 ($100 in chips) 
Seat 4: LuckyShikari ($60.82 in chips) 
Seat 5: rxb.dvtch ($29.32 in chips) 
Seat 6: mr.Jckpot ($130.68 in chips) 
nikalas22: posts small blind $0.50
blackclan7: posts big blind $1
*** HOLE CARDS ***
LuckyShikari: folds 
rxb.dvtch: folds 
mr.Jckpot: folds 
YeeesMan: raises $1.50 to $2.50
nikalas22: folds 
blackclan7: folds 
Uncalled bet ($1.50) returned to YeeesMan
YeeesMan collected $2.50 from pot
YeeesMan: doesn't show hand 
*** SUMMARY ***
Total pot $2.50 | Rake $0 
Seat 1: YeeesMan (button) collected ($2.50)
Seat 2: nikalas22 (small blind) folded before Flop
Seat 3: blackclan7 (big blind) folded before Flop
Seat 4: LuckyShikari folded before Flop (didn't bet)
Seat 5: rxb.dvtch folded before Flop (didn't bet)
Seat 6: mr.Jckpot folded before Flop (didn't bet)



PokerStars Hand #254268635940:  Hold'em No Limit ($0.50/$1.00 USD) - 2025/01/08 21:21:19 WET [2025/01/08 16:21:19 ET]
Table 'Nuki II' 6-max Seat #2 is the button
Seat 4: LuckyShikari ($60.82 in chips) is sitting out
Seat 1: YeeesMan ($101.50 in chips) 
Seat 2: nikalas22 ($121.89 in chips) 
Seat 3: blackclan7 ($100 in chips) 
Seat 5: rxb.dvtch ($29.32 in chips) 
Seat 6: mr.Jckpot ($130.68 in chips) 
blackclan7: posts small blind $0.50
LuckyShikari: is sitting out 
rxb.dvtch: posts big blind $1
*** HOLE CARDS ***
mr.Jckpot: folds 
YeeesMan: folds 
nikalas22: folds 
blackclan7: raises $2 to $3
rxb.dvtch: raises $3 to $6
blackclan7: calls $3
*** FLOP *** [3d 3c 5c]
blackclan7: checks 
rxb.dvtch: checks 
*** TURN *** [3d 3c 5c] [5s]
blackclan7: checks 
rxb.dvtch: checks 
*** RIVER *** [3d 3c 5c 5s] [Tc]
blackclan7: checks 
rxb.dvtch: bets $5.70
blackclan7: folds 
Uncalled bet ($5.70) returned to rxb.dvtch
rxb.dvtch collected $11.40 from pot
*** SUMMARY ***
Total pot $12 | Rake $0.60 
Board [3d 3c 5c 5s Tc]
Seat 4: LuckyShikari
Seat 1: YeeesMan folded before Flop (didn't bet)
Seat 2: nikalas22 (button) folded before Flop (didn't bet)
Seat 3: blackclan7 (small blind) folded on the River
Seat 5: rxb.dvtch (big blind) collected ($11.40)
Seat 6: mr.Jckpot folded before Flop (didn't bet)



PokerStars Hand #254268656223:  Hold'em No Limit ($0.50/$1.00 USD) - 2025/01/08 21:22:17 WET [2025/01/08 16:22:17 ET]
Table 'Nuki II' 6-max Seat #3 is the button
Seat 4: LuckyShikari ($60.82 in chips) is sitting out
Seat 1: YeeesMan ($101.50 in chips) 
Seat 2: nikalas22 ($121.89 in chips) 
Seat 3: blackclan7 ($100 in chips) 
Seat 5: rxb.dvtch ($34.72 in chips) 
Seat 6: mr.Jckpot ($130.68 in chips) 
rxb.dvtch: posts small blind $0.50
mr.Jckpot: posts big blind $1
*** HOLE CARDS ***
YeeesMan: raises $1.50 to $2.50
nikalas22: folds 
blackclan7: folds 
rxb.dvtch: calls $2
mr.Jckpot: folds 
*** FLOP *** [Js Qh 3s]
rxb.dvtch: bets $2.85
YeeesMan: folds 
Uncalled bet ($2.85) returned to rxb.dvtch
rxb.dvtch collected $5.70 from pot
*** SUMMARY ***
Total pot $6 | Rake $0.30 
Board [Js Qh 3s]
Seat 4: LuckyShikari
Seat 1: YeeesMan folded on the Flop
Seat 2: nikalas22 folded before Flop (didn't bet)
Seat 3: blackclan7 (button) folded before Flop (didn't bet)
Seat 5: rxb.dvtch (small blind) collected ($5.70)
Seat 6: mr.Jckpot (big blind) folded before Flop



PokerStars Hand #254268669031:  Hold'em No Limit ($0.50/$1.00 USD) - 2025/01/08 21:22:53 WET [2025/01/08 16:22:53 ET]
Table 'Nuki II' 6-max Seat #5 is the button
Seat 4: LuckyShikari ($60.82 in chips) is sitting out
Seat 1: YeeesMan ($100 in chips) 
Seat 2: nikalas22 ($121.89 in chips) 
Seat 3: blackclan7 ($100 in chips) 
Seat 5: rxb.dvtch ($37.92 in chips) 
Seat 6: mr.Jckpot ($129.68 in chips) 
mr.Jckpot: posts small blind $0.50
YeeesMan: posts big blind $1
*** HOLE CARDS ***
nikalas22: folds 
blackclan7: folds 
rxb.dvtch: calls $1
mr.Jckpot: folds 
YeeesMan: checks 
*** FLOP *** [6h 8d 3d]
YeeesMan: checks 
rxb.dvtch: bets $1.19
YeeesMan: folds 
Uncalled bet ($1.19) returned to rxb.dvtch
rxb.dvtch collected $2.38 from pot
*** SUMMARY ***
Total pot $2.50 | Rake $0.12 
Board [6h 8d 3d]
Seat 4: LuckyShikari
Seat 1: YeeesMan (big blind) folded on the Flop
Seat 2: nikalas22 folded before Flop (didn't bet)
Seat 3: blackclan7 folded before Flop (didn't bet)
Seat 5: rxb.dvtch (button) collected ($2.38)
Seat 6: mr.Jckpot (small blind) folded before Flop



PokerStars Hand #254268682723:  Hold'em No Limit ($0.50/$1.00 USD) - 2025/01/08 21:23:32 WET [2025/01/08 16:23:32 ET]
Table 'Nuki II' 6-max Seat #6 is the button
Seat 4: LuckyShikari ($60.82 in chips) is sitting out
Seat 1: YeeesMan ($100 in chips) 
Seat 2: nikalas22 ($121.89 in chips) 
Seat 3: blackclan7 ($100 in chips) 
Seat 5: rxb.dvtch ($39.30 in chips) 
Seat 6: mr.Jckpot ($129.18 in chips) 
YeeesMan: posts small blind $0.50
nikalas22: posts big blind $1
*** HOLE CARDS ***
blackclan7: folds 
rxb.dvtch: folds 
mr.Jckpot: folds 
YeeesMan: folds 
Uncalled bet ($0.50) returned to nikalas22
nikalas22 collected $1 from pot
nikalas22: doesn't show hand 
*** SUMMARY ***
Total pot $1 | Rake $0 
Seat 4: LuckyShikari
Seat 1: YeeesMan (small blind) folded before Flop
Seat 2: nikalas22 (big blind) collected ($1)
Seat 3: blackclan7 folded before Flop (didn't bet)
Seat 5: rxb.dvtch folded before Flop (didn't bet)
Seat 6: mr.Jckpot (button) folded before Flop (didn't bet)



PokerStars Hand #254268684888:  Hold'em No Limit ($0.50/$1.00 USD) - 2025/01/08 21:23:39 WET [2025/01/08 16:23:39 ET]
Table 'Nuki II' 6-max Seat #1 is the button
Seat 4: LuckyShikari ($60.82 in chips) is sitting out
Seat 1: YeeesMan ($100 in chips) 
Seat 2: nikalas22 ($122.39 in chips) 
Seat 3: blackclan7 ($100 in chips) 
Seat 5: rxb.dvtch ($39.30 in chips) 
Seat 6: mr.Jckpot ($129.18 in chips) 
nikalas22: posts small blind $0.50
blackclan7: posts big blind $1
*** HOLE CARDS ***
rxb.dvtch: folds 
mr.Jckpot: folds 
YeeesMan: folds 
nikalas22: folds 
Uncalled bet ($0.50) returned to blackclan7
blackclan7 collected $1 from pot
blackclan7: doesn't show hand 
*** SUMMARY ***
Total pot $1 | Rake $0 
Seat 4: LuckyShikari
Seat 1: YeeesMan (button) folded before Flop (didn't bet)
Seat 2: nikalas22 (small blind) folded before Flop
Seat 3: blackclan7 (big blind) collected ($1)
Seat 5: rxb.dvtch folded before Flop (didn't bet)
Seat 6: mr.Jckpot folded before Flop (didn't bet)



PokerStars Hand #254268692574:  Hold'em No Limit ($0.50/$1.00 USD) - 2025/01/08 21:24:01 WET [2025/01/08 16:24:01 ET]
Table 'Nuki II' 6-max Seat #2 is the button
Seat 4: LuckyShikari ($60.82 in chips) is sitting out
Seat 1: YeeesMan ($100 in chips) 
Seat 2: nikalas22 ($121.89 in chips) 
Seat 3: blackclan7 ($100.50 in chips) 
Seat 5: rxb.dvtch ($39.30 in chips) 
Seat 6: mr.Jckpot ($129.18 in chips) 
blackclan7: posts small blind $0.50
rxb.dvtch: posts big blind $1
*** HOLE CARDS ***
mr.Jckpot: folds 
YeeesMan: folds 
nikalas22: folds 
blackclan7: raises $2 to $3
rxb.dvtch: calls $2
*** FLOP *** [Ks Td 2d]
blackclan7: bets $2.91
rxb.dvtch: folds 
Uncalled bet ($2.91) returned to blackclan7
blackclan7 collected $5.70 from pot
blackclan7: doesn't show hand 
*** SUMMARY ***
Total pot $6 | Rake $0.30 
Board [Ks Td 2d]
Seat 4: LuckyShikari
Seat 1: YeeesMan folded before Flop (didn't bet)
Seat 2: nikalas22 (button) folded before Flop (didn't bet)
Seat 3: blackclan7 (small blind) collected ($5.70)
Seat 5: rxb.dvtch (big blind) folded on the Flop
Seat 6: mr.Jckpot folded before Flop (didn't bet)



PokerStars Hand #254268708138:  Hold'em No Limit ($0.50/$1.00 USD) - 2025/01/08 21:24:46 WET [2025/01/08 16:24:46 ET]
Table 'Nuki II' 6-max Seat #3 is the button
Seat 4: LuckyShikari ($60.82 in chips) is sitting out
Seat 1: YeeesMan ($100 in chips) 
Seat 2: nikalas22 ($121.89 in chips) 
Seat 3: blackclan7 ($103.20 in chips) 
Seat 5: rxb.dvtch ($36.30 in chips) 
Seat 6: mr.Jckpot ($129.18 in chips) 
rxb.dvtch: posts small blind $0.50
mr.Jckpot: posts big blind $1
*** HOLE CARDS ***
YeeesMan: folds 
nikalas22: folds 
blackclan7: folds 
rxb.dvtch: calls $0.50
mr.Jckpot: raises $2 to $3
rxb.dvtch: calls $2
*** FLOP *** [9c 5d 4h]
rxb.dvtch: bets $1.85
mr.Jckpot: raises $3.65 to $5.50
rxb.dvtch: folds 
Uncalled bet ($3.65) returned to mr.Jckpot
mr.Jckpot collected $9.22 from pot
mr.Jckpot: doesn't show hand 
*** SUMMARY ***
Total pot $9.70 | Rake $0.48 
Board [9c 5d 4h]
Seat 4: LuckyShikari
Seat 1: YeeesMan folded before Flop (didn't bet)
Seat 2: nikalas22 folded before Flop (didn't bet)
Seat 3: blackclan7 (button) folded before Flop (didn't bet)
Seat 5: rxb.dvtch (small blind) folded on the Flop
Seat 6: mr.Jckpot (big blind) collected ($9.22)



PokerStars Hand #254268720925:  Hold'em No Limit ($0.50/$1.00 USD) - 2025/01/08 21:25:23 WET [2025/01/08 16:25:23 ET]
Table 'Nuki II' 6-max Seat #5 is the button
Seat 4: LuckyShikari ($60.82 in chips) is sitting out
Seat 1: YeeesMan ($100 in chips) 
Seat 2: nikalas22 ($121.89 in chips) 
Seat 3: blackclan7 ($103.20 in chips) 
Seat 5: rxb.dvtch ($31.45 in chips) 
Seat 6: mr.Jckpot ($133.55 in chips) 
mr.Jckpot: posts small blind $0.50
YeeesMan: posts big blind $1
*** HOLE CARDS ***
nikalas22: raises $1.50 to $2.50
blackclan7: raises $4.87 to $7.37
rxb.dvtch: folds 
mr.Jckpot: folds 
YeeesMan: folds 
nikalas22: folds 
Uncalled bet ($4.87) returned to blackclan7
blackclan7 collected $6.50 from pot
blackclan7: doesn't show hand 
*** SUMMARY ***
Total pot $6.50 | Rake $0 
Seat 4: LuckyShikari
Seat 1: YeeesMan (big blind) folded before Flop
Seat 2: nikalas22 folded before Flop
Seat 3: blackclan7 collected ($6.50)
Seat 5: rxb.dvtch (button) folded before Flop (didn't bet)
Seat 6: mr.Jckpot (small blind) folded before Flop



PokerStars Hand #254268729130:  Hold'em No Limit ($0.50/$1.00 USD) - 2025/01/08 21:25:47 WET [2025/01/08 16:25:47 ET]
Table 'Nuki II' 6-max Seat #6 is the button
Seat 4: LuckyShikari ($60.82 in chips) is sitting out
Seat 1: YeeesMan ($100 in chips) 
Seat 2: nikalas22 ($119.39 in chips) 
Seat 3: blackclan7 ($107.20 in chips) 
Seat 5: rxb.dvtch ($31.45 in chips) 
Seat 6: mr.Jckpot ($133.05 in chips) 
YeeesMan: posts small blind $0.50
nikalas22: posts big blind $1
*** HOLE CARDS ***
blackclan7: folds 
rxb.dvtch: calls $1
mr.Jckpot: folds 
YeeesMan: raises $4 to $5
nikalas22: folds 
rxb.dvtch: folds 
Uncalled bet ($4) returned to YeeesMan
YeeesMan collected $3 from pot
YeeesMan: doesn't show hand 
*** SUMMARY ***
Total pot $3 | Rake $0 
Seat 4: LuckyShikari
Seat 1: YeeesMan (small blind) collected ($3)
Seat 2: nikalas22 (big blind) folded before Flop
Seat 3: blackclan7 folded before Flop (didn't bet)
Seat 5: rxb.dvtch folded before Flop
Seat 6: mr.Jckpot (button) folded before Flop (didn't bet)



PokerStars Hand #254268736986:  Hold'em No Limit ($0.50/$1.00 USD) - 2025/01/08 21:26:10 WET [2025/01/08 16:26:10 ET]
Table 'Nuki II' 6-max Seat #1 is the button
Seat 4: LuckyShikari ($60.82 in chips) is sitting out
Seat 1: YeeesMan ($102 in chips) 
Seat 2: nikalas22 ($118.39 in chips) 
Seat 3: blackclan7 ($107.20 in chips) 
Seat 5: rxb.dvtch ($30.45 in chips) 
Seat 6: mr.Jckpot ($133.05 in chips) 
nikalas22: posts small blind $0.50
blackclan7: posts big blind $1
*** HOLE CARDS ***
rxb.dvtch: folds 
mr.Jckpot: raises $1.50 to $2.50
YeeesMan: folds 
nikalas22: folds 
blackclan7: raises $11 to $13.50
mr.Jckpot: folds 
Uncalled bet ($11) returned to blackclan7
blackclan7 collected $5.50 from pot
blackclan7: doesn't show hand 
*** SUMMARY ***
Total pot $5.50 | Rake $0 
Seat 4: LuckyShikari
Seat 1: YeeesMan (button) folded before Flop (didn't bet)
Seat 2: nikalas22 (small blind) folded before Flop
Seat 3: blackclan7 (big blind) collected ($5.50)
Seat 5: rxb.dvtch folded before Flop (didn't bet)
Seat 6: mr.Jckpot folded before Flop



PokerStars Hand #254268742933:  Hold'em No Limit ($0.50/$1.00 USD) - 2025/01/08 21:26:26 WET [2025/01/08 16:26:26 ET]
Table 'Nuki II' 6-max Seat #2 is the button
Seat 4: LuckyShikari ($60.82 in chips) is sitting out
Seat 1: YeeesMan ($102 in chips) 
Seat 2: nikalas22 ($117.89 in chips) 
Seat 3: blackclan7 ($110.20 in chips) 
Seat 5: rxb.dvtch ($30.45 in chips) 
Seat 6: mr.Jckpot ($130.55 in chips) 
blackclan7: posts small blind $0.50
rxb.dvtch: posts big blind $1
*** HOLE CARDS ***
mr.Jckpot: folds 
YeeesMan: folds 
nikalas22: raises $1.50 to $2.50
blackclan7: folds 
rxb.dvtch: calls $1.50
*** FLOP *** [Kd 3s 2c]
rxb.dvtch: checks 
nikalas22: bets $1.57
rxb.dvtch: calls $1.57
*** TURN *** [Kd 3s 2c] [3d]
rxb.dvtch: checks 
nikalas22: bets $12.32
rxb.dvtch: calls $12.32
*** RIVER *** [Kd 3s 2c 3d] [8s]
rxb.dvtch: bets $14.06 and is all-in
nikalas22: folds 
Uncalled bet ($14.06) returned to rxb.dvtch
rxb.dvtch collected $31.62 from pot
*** SUMMARY ***
Total pot $33.28 | Rake $1.66 
Board [Kd 3s 2c 3d 8s]
Seat 4: LuckyShikari
Seat 1: YeeesMan folded before Flop (didn't bet)
Seat 2: nikalas22 (button) folded on the River
Seat 3: blackclan7 (small blind) folded before Flop
Seat 5: rxb.dvtch (big blind) collected ($31.62)
Seat 6: mr.Jckpot folded before Flop (didn't bet)



PokerStars Hand #254268764221:  Hold'em No Limit ($0.50/$1.00 USD) - 2025/01/08 21:27:28 WET [2025/01/08 16:27:28 ET]
Table 'Nuki II' 6-max Seat #3 is the button
Seat 4: LuckyShikari ($60.82 in chips) is sitting out
Seat 1: YeeesMan ($102 in chips) 
Seat 2: nikalas22 ($101.50 in chips) 
Seat 3: blackclan7 ($109.70 in chips) 
Seat 5: rxb.dvtch ($45.68 in chips) 
Seat 6: mr.Jckpot ($130.55 in chips) 
rxb.dvtch: posts small blind $0.50
mr.Jckpot: posts big blind $1
*** HOLE CARDS ***
YeeesMan: folds 
nikalas22: raises $1.50 to $2.50
blackclan7: calls $2.50
rxb.dvtch: folds 
mr.Jckpot: folds 
*** FLOP *** [Jd 8d 6s]
nikalas22: checks 
blackclan7: checks 
*** TURN *** [Jd 8d 6s] [4h]
nikalas22: checks 
blackclan7: bets $4.08
nikalas22: folds 
Uncalled bet ($4.08) returned to blackclan7
blackclan7 collected $6.18 from pot
blackclan7: doesn't show hand 
*** SUMMARY ***
Total pot $6.50 | Rake $0.32 
Board [Jd 8d 6s 4h]
Seat 4: LuckyShikari
Seat 1: YeeesMan folded before Flop (didn't bet)
Seat 2: nikalas22 folded on the Turn
Seat 3: blackclan7 (button) collected ($6.18)
Seat 5: rxb.dvtch (small blind) folded before Flop
Seat 6: mr.Jckpot (big blind) folded before Flop



PokerStars Hand #254268784482:  Hold'em No Limit ($0.50/$1.00 USD) - 2025/01/08 21:28:26 WET [2025/01/08 16:28:26 ET]
Table 'Nuki II' 6-max Seat #5 is the button
Seat 4: LuckyShikari ($60.82 in chips) is sitting out
Seat 1: YeeesMan ($102 in chips) 
Seat 2: nikalas22 ($100 in chips) 
Seat 3: blackclan7 ($113.38 in chips) 
Seat 5: rxb.dvtch ($45.18 in chips) 
Seat 6: mr.Jckpot ($129.55 in chips) 
mr.Jckpot: posts small blind $0.50
YeeesMan: posts big blind $1
*** HOLE CARDS ***
nikalas22: folds 
blackclan7: raises $1.30 to $2.30
rxb.dvtch: folds 
mr.Jckpot: folds 
YeeesMan: folds 
Uncalled bet ($1.30) returned to blackclan7
blackclan7 collected $2.50 from pot
blackclan7: doesn't show hand 
*** SUMMARY ***
Total pot $2.50 | Rake $0 
Seat 4: LuckyShikari
Seat 1: YeeesMan (big blind) folded before Flop
Seat 2: nikalas22 folded before Flop (didn't bet)
Seat 3: blackclan7 collected ($2.50)
Seat 5: rxb.dvtch (button) folded before Flop (didn't bet)
Seat 6: mr.Jckpot (small blind) folded before Flop



PokerStars Hand #254268789548:  Hold'em No Limit ($0.50/$1.00 USD) - 2025/01/08 21:28:41 WET [2025/01/08 16:28:41 ET]
Table 'Nuki II' 6-max Seat #6 is the button
Seat 4: LuckyShikari ($60.82 in chips) is sitting out
Seat 1: YeeesMan ($101 in chips) 
Seat 2: nikalas22 ($100 in chips) 
Seat 3: blackclan7 ($114.88 in chips) 
Seat 5: rxb.dvtch ($45.18 in chips) 
Seat 6: mr.Jckpot ($129.05 in chips) 
YeeesMan: posts small blind $0.50
nikalas22: posts big blind $1
*** HOLE CARDS ***
blackclan7: folds 
rxb.dvtch: folds 
mr.Jckpot: folds 
YeeesMan: folds 
Uncalled bet ($0.50) returned to nikalas22
nikalas22 collected $1 from pot
nikalas22: doesn't show hand 
*** SUMMARY ***
Total pot $1 | Rake $0 
Seat 4: LuckyShikari
Seat 1: YeeesMan (small blind) folded before Flop
Seat 2: nikalas22 (big blind) collected ($1)
Seat 3: blackclan7 folded before Flop (didn't bet)
Seat 5: rxb.dvtch folded before Flop (didn't bet)
Seat 6: mr.Jckpot (button) folded before Flop (didn't bet)



PokerStars Hand #254268947008:  Hold'em No Limit ($0.50/$1.00 USD) - 2025/01/08 21:36:17 WET [2025/01/08 16:36:17 ET]
Table 'Nuki II' 6-max Seat #4 is the button
Seat 1: YeeesMan ($113.66 in chips) 
Seat 2: nikalas22 ($100 in chips) 
Seat 3: blackclan7 ($113.30 in chips) 
Seat 4: BoyLoc0 ($104.69 in chips) 
Seat 5: rxb.dvtch ($31.22 in chips) 
Seat 6: mr.Jckpot ($126.05 in chips) 
rxb.dvtch: posts small blind $0.50
mr.Jckpot: posts big blind $1
*** HOLE CARDS ***
YeeesMan: folds 
nikalas22: raises $1.50 to $2.50
blackclan7: folds 
BoyLoc0: folds 
rxb.dvtch: folds 
mr.Jckpot: folds 
Uncalled bet ($1.50) returned to nikalas22
nikalas22 collected $2.50 from pot
nikalas22: doesn't show hand 
*** SUMMARY ***
Total pot $2.50 | Rake $0 
Seat 1: YeeesMan folded before Flop (didn't bet)
Seat 2: nikalas22 collected ($2.50)
Seat 3: blackclan7 folded before Flop (didn't bet)
Seat 4: BoyLoc0 (button) folded before Flop (didn't bet)
Seat 5: rxb.dvtch (small blind) folded before Flop
Seat 6: mr.Jckpot (big blind) folded before Flop



PokerStars Hand #254268955089:  Hold'em No Limit ($0.50/$1.00 USD) - 2025/01/08 21:36:41 WET [2025/01/08 16:36:41 ET]
Table 'Nuki II' 6-max Seat #5 is the button
Seat 1: YeeesMan ($113.66 in chips) 
Seat 2: nikalas22 ($101.50 in chips) 
Seat 3: blackclan7 ($113.30 in chips) 
Seat 4: BoyLoc0 ($104.69 in chips) 
Seat 5: rxb.dvtch ($30.72 in chips) 
Seat 6: mr.Jckpot ($125.05 in chips) 
mr.Jckpot: posts small blind $0.50
YeeesMan: posts big blind $1
*** HOLE CARDS ***
nikalas22: folds 
blackclan7: folds 
BoyLoc0: raises $1.50 to $2.50
rxb.dvtch: folds 
mr.Jckpot: folds 
YeeesMan: folds 
Uncalled bet ($1.50) returned to BoyLoc0
BoyLoc0 collected $2.50 from pot
BoyLoc0: doesn't show hand 
*** SUMMARY ***
Total pot $2.50 | Rake $0 
Seat 1: YeeesMan (big blind) folded before Flop
Seat 2: nikalas22 folded before Flop (didn't bet)
Seat 3: blackclan7 folded before Flop (didn't bet)
Seat 4: BoyLoc0 collected ($2.50)
Seat 5: rxb.dvtch (button) folded before Flop (didn't bet)
Seat 6: mr.Jckpot (small blind) folded before Flop



PokerStars Hand #254268959582:  Hold'em No Limit ($0.50/$1.00 USD) - 2025/01/08 21:36:54 WET [2025/01/08 16:36:54 ET]
Table 'Nuki II' 6-max Seat #6 is the button
Seat 1: YeeesMan ($112.66 in chips) 
Seat 2: nikalas22 ($101.50 in chips) 
Seat 3: blackclan7 ($113.30 in chips) 
Seat 4: BoyLoc0 ($106.19 in chips) 
Seat 5: rxb.dvtch ($30.72 in chips) 
Seat 6: mr.Jckpot ($124.55 in chips) 
YeeesMan: posts small blind $0.50
nikalas22: posts big blind $1
*** HOLE CARDS ***
blackclan7: folds 
BoyLoc0: folds 
rxb.dvtch: raises $2 to $3
mr.Jckpot: raises $6 to $9
YeeesMan: folds 
nikalas22: folds 
rxb.dvtch: calls $6
*** FLOP *** [8d 5h 5d]
rxb.dvtch: bets $21.72 and is all-in
mr.Jckpot: calls $21.72
*** TURN *** [8d 5h 5d] [Jh]
*** RIVER *** [8d 5h 5d Jh] [8h]
*** SHOW DOWN ***
rxb.dvtch: shows [8c 2c] (a full house, Eights full of Fives)
mr.Jckpot: shows [Ac Jd] (two pair, Jacks and Eights)
rxb.dvtch cashed out the hand for $42.85 | Cash Out Fee $0.87
*** SUMMARY ***
Total pot $62.94 | Rake $2.50 
Board [8d 5h 5d Jh 8h]
Seat 1: YeeesMan (small blind) folded before Flop
Seat 2: nikalas22 (big blind) folded before Flop
Seat 3: blackclan7 folded before Flop (didn't bet)
Seat 4: BoyLoc0 folded before Flop (didn't bet)
Seat 5: rxb.dvtch showed [8c 2c] and won ($60.44) with a full house, Eights full of Fives (pot not awarded as player cashed out)
Seat 6: mr.Jckpot (button) showed [Ac Jd] and lost with two pair, Jacks and Eights



PokerStars Hand #254268970927:  Hold'em No Limit ($0.50/$1.00 USD) - 2025/01/08 21:37:26 WET [2025/01/08 16:37:26 ET]
Table 'Nuki II' 6-max Seat #1 is the button
Seat 1: YeeesMan ($112.16 in chips) 
Seat 2: nikalas22 ($100.50 in chips) 
Seat 3: blackclan7 ($113.30 in chips) 
Seat 4: BoyLoc0 ($106.19 in chips) 
Seat 5: rxb.dvtch ($42.85 in chips) 
Seat 6: mr.Jckpot ($100 in chips) 
nikalas22: posts small blind $0.50
blackclan7: posts big blind $1
*** HOLE CARDS ***
BoyLoc0: folds 
rxb.dvtch: folds 
mr.Jckpot: folds 
YeeesMan: raises $1.50 to $2.50
nikalas22: folds 
blackclan7: folds 
Uncalled bet ($1.50) returned to YeeesMan
YeeesMan collected $2.50 from pot
YeeesMan: doesn't show hand 
*** SUMMARY ***
Total pot $2.50 | Rake $0 
Seat 1: YeeesMan (button) collected ($2.50)
Seat 2: nikalas22 (small blind) folded before Flop
Seat 3: blackclan7 (big blind) folded before Flop
Seat 4: BoyLoc0 folded before Flop (didn't bet)
Seat 5: rxb.dvtch folded before Flop (didn't bet)
Seat 6: mr.Jckpot folded before Flop (didn't bet)



PokerStars Hand #254268981057:  Hold'em No Limit ($0.50/$1.00 USD) - 2025/01/08 21:37:56 WET [2025/01/08 16:37:56 ET]
Table 'Nuki II' 6-max Seat #2 is the button
Seat 1: YeeesMan ($113.66 in chips) 
Seat 2: nikalas22 ($100 in chips) 
Seat 3: blackclan7 ($112.30 in chips) 
Seat 4: BoyLoc0 ($106.19 in chips) 
Seat 5: rxb.dvtch ($42.85 in chips) 
Seat 6: mr.Jckpot ($100 in chips) 
blackclan7: posts small blind $0.50
BoyLoc0: posts big blind $1
*** HOLE CARDS ***
rxb.dvtch: raises $2 to $3
mr.Jckpot: folds 
YeeesMan: folds 
nikalas22: folds 
blackclan7: folds 
BoyLoc0: calls $2
*** FLOP *** [3s 7s Ad]
BoyLoc0: checks 
rxb.dvtch: checks 
*** TURN *** [3s 7s Ad] [Ts]
BoyLoc0: bets $4.64
rxb.dvtch: calls $4.64
*** RIVER *** [3s 7s Ad Ts] [6s]
BoyLoc0: bets $11.24
rxb.dvtch: folds 
Uncalled bet ($11.24) returned to BoyLoc0
BoyLoc0 collected $14.99 from pot
BoyLoc0: doesn't show hand 
*** SUMMARY ***
Total pot $15.78 | Rake $0.79 
Board [3s 7s Ad Ts 6s]
Seat 1: YeeesMan folded before Flop (didn't bet)
Seat 2: nikalas22 (button) folded before Flop (didn't bet)
Seat 3: blackclan7 (small blind) folded before Flop
Seat 4: BoyLoc0 (big blind) collected ($14.99)
Seat 5: rxb.dvtch folded on the River
Seat 6: mr.Jckpot folded before Flop (didn't bet)



PokerStars Hand #254268999059:  Hold'em No Limit ($0.50/$1.00 USD) - 2025/01/08 21:38:49 WET [2025/01/08 16:38:49 ET]
Table 'Nuki II' 6-max Seat #3 is the button
Seat 1: YeeesMan ($113.66 in chips) 
Seat 2: nikalas22 ($100 in chips) 
Seat 3: blackclan7 ($111.80 in chips) 
Seat 5: rxb.dvtch ($35.21 in chips) 
Seat 6: mr.Jckpot ($100 in chips) 
rxb.dvtch: posts small blind $0.50
mr.Jckpot: posts big blind $1
*** HOLE CARDS ***
YeeesMan: raises $1.50 to $2.50
Yoalfre joins the table at seat #4 
nikalas22: folds 
blackclan7: raises $5.85 to $8.35
rxb.dvtch: folds 
mr.Jckpot: folds 
YeeesMan: raises $15.65 to $24
blackclan7: raises $87.80 to $111.80 and is all-in
YeeesMan: folds 
Uncalled bet ($87.80) returned to blackclan7
blackclan7 collected $49.50 from pot
blackclan7: doesn't show hand 
*** SUMMARY ***
Total pot $49.50 | Rake $0 
Seat 1: YeeesMan folded before Flop
Seat 2: nikalas22 folded before Flop (didn't bet)
Seat 3: blackclan7 (button) collected ($49.50)
Seat 5: rxb.dvtch (small blind) folded before Flop
Seat 6: mr.Jckpot (big blind) folded before Flop



PokerStars Hand #254269025522:  Hold'em No Limit ($0.50/$1.00 USD) - 2025/01/08 21:40:06 WET [2025/01/08 16:40:06 ET]
Table 'Nuki II' 6-max Seat #5 is the button
Seat 4: Yoalfre ($100 in chips) is sitting out
Seat 1: YeeesMan ($100 in chips) 
Seat 2: nikalas22 ($100 in chips) 
Seat 3: blackclan7 ($137.30 in chips) 
Seat 5: rxb.dvtch ($34.71 in chips) 
Seat 6: mr.Jckpot ($100 in chips) 
mr.Jckpot: posts small blind $0.50
YeeesMan: posts big blind $1
Yoalfre: sits out 
*** HOLE CARDS ***
nikalas22: raises $1.50 to $2.50
blackclan7: folds 
rxb.dvtch: raises $3.50 to $6
mr.Jckpot: folds 
YeeesMan: folds 
nikalas22: folds 
Uncalled bet ($3.50) returned to rxb.dvtch
rxb.dvtch collected $6.50 from pot
*** SUMMARY ***
Total pot $6.50 | Rake $0 
Seat 4: Yoalfre
Seat 1: YeeesMan (big blind) folded before Flop
Seat 2: nikalas22 folded before Flop
Seat 3: blackclan7 folded before Flop (didn't bet)
Seat 5: rxb.dvtch (button) collected ($6.50)
Seat 6: mr.Jckpot (small blind) folded before Flop



PokerStars Hand #254269034443:  Hold'em No Limit ($0.50/$1.00 USD) - 2025/01/08 21:40:32 WET [2025/01/08 16:40:32 ET]
Table 'Nuki II' 6-max Seat #6 is the button
Seat 2: nikalas22 ($100 in chips) is sitting out
Seat 4: Yoalfre ($100 in chips) is sitting out
Seat 1: YeeesMan ($100 in chips) 
Seat 3: blackclan7 ($137.30 in chips) 
Seat 5: rxb.dvtch ($38.71 in chips) 
Seat 6: mr.Jckpot ($100 in chips) 
YeeesMan: posts small blind $0.50
nikalas22: is sitting out 
blackclan7: posts big blind $1
Yoalfre: sits out 
*** HOLE CARDS ***
rxb.dvtch: folds 
mr.Jckpot: raises $1.50 to $2.50
YeeesMan: folds 
blackclan7: folds 
Uncalled bet ($1.50) returned to mr.Jckpot
mr.Jckpot collected $2.50 from pot
mr.Jckpot: doesn't show hand 
*** SUMMARY ***
Total pot $2.50 | Rake $0 
Seat 2: nikalas22
Seat 4: Yoalfre
Seat 1: YeeesMan (small blind) folded before Flop
Seat 3: blackclan7 (big blind) folded before Flop
Seat 5: rxb.dvtch folded before Flop (didn't bet)
Seat 6: mr.Jckpot (button) collected ($2.50)



PokerStars Hand #254269040605:  Hold'em No Limit ($0.50/$1.00 USD) - 2025/01/08 21:40:50 WET [2025/01/08 16:40:50 ET]
Table 'Nuki II' 6-max Seat #1 is the button
Seat 2: nikalas22 ($100 in chips) is sitting out
Seat 1: YeeesMan ($100 in chips) 
Seat 3: blackclan7 ($136.30 in chips) 
Seat 4: Yoalfre ($100 in chips) 
Seat 5: rxb.dvtch ($38.71 in chips) 
Seat 6: mr.Jckpot ($101.50 in chips) 
blackclan7: posts small blind $0.50
Yoalfre: posts big blind $1
*** HOLE CARDS ***
rxb.dvtch: raises $2 to $3
mr.Jckpot: folds 
YeeesMan: folds 
blackclan7: folds 
Yoalfre: calls $2
*** FLOP *** [Th 9c Ks]
Yoalfre: checks 
rxb.dvtch: checks 
*** TURN *** [Th 9c Ks] [Kh]
Yoalfre: checks 
rxb.dvtch: checks 
*** RIVER *** [Th 9c Ks Kh] [Td]
Yoalfre: checks 
rxb.dvtch: bets $3.09
Yoalfre: calls $3.09
*** SHOW DOWN ***
rxb.dvtch: shows [3s Ac] (two pair, Kings and Tens)
Yoalfre: shows [Ts Qs] (a full house, Tens full of Kings)
Yoalfre collected $12.05 from pot
*** SUMMARY ***
Total pot $12.68 | Rake $0.63 
Board [Th 9c Ks Kh Td]
Seat 2: nikalas22
Seat 1: YeeesMan (button) folded before Flop (didn't bet)
Seat 3: blackclan7 (small blind) folded before Flop
Seat 4: Yoalfre (big blind) showed [Ts Qs] and won ($12.05) with a full house, Tens full of Kings
Seat 5: rxb.dvtch showed [3s Ac] and lost with two pair, Kings and Tens
Seat 6: mr.Jckpot folded before Flop (didn't bet)



PokerStars Hand #254269059510:  Hold'em No Limit ($0.50/$1.00 USD) - 2025/01/08 21:41:45 WET [2025/01/08 16:41:45 ET]
Table 'Nuki II' 6-max Seat #3 is the button
Seat 2: nikalas22 ($100 in chips) is sitting out
Seat 1: YeeesMan ($100 in chips) 
Seat 3: blackclan7 ($135.80 in chips) 
Seat 4: Yoalfre ($105.96 in chips) 
Seat 5: rxb.dvtch ($32.62 in chips) 
Seat 6: mr.Jckpot ($101.50 in chips) 
Yoalfre: posts small blind $0.50
rxb.dvtch: posts big blind $1
*** HOLE CARDS ***
mr.Jckpot: raises $1.50 to $2.50
YeeesMan: folds 
blackclan7: folds 
Yoalfre: folds 
rxb.dvtch: calls $1.50
*** FLOP *** [Jc 9c 7s]
rxb.dvtch: bets $2.61
mr.Jckpot: raises $7.39 to $10
rxb.dvtch: raises $20.12 to $30.12 and is all-in
mr.Jckpot: calls $20.12
*** TURN *** [Jc 9c 7s] [As]
*** RIVER *** [Jc 9c 7s As] [Ah]
*** SHOW DOWN ***
rxb.dvtch: shows [7c 7h] (a full house, Sevens full of Aces)
mr.Jckpot: shows [9h 9d] (a full house, Nines full of Aces)
mr.Jckpot collected $63.24 from pot
*** SUMMARY ***
Total pot $65.74 | Rake $2.50 
Board [Jc 9c 7s As Ah]
Seat 2: nikalas22
Seat 1: YeeesMan folded before Flop (didn't bet)
Seat 3: blackclan7 (button) folded before Flop (didn't bet)
Seat 4: Yoalfre (small blind) folded before Flop
Seat 5: rxb.dvtch (big blind) showed [7c 7h] and lost with a full house, Sevens full of Aces
Seat 6: mr.Jckpot showed [9h 9d] and won ($63.24) with a full house, Nines full of Aces



PokerStars Hand #254269074514:  Hold'em No Limit ($0.50/$1.00 USD) - 2025/01/08 21:42:30 WET [2025/01/08 16:42:30 ET]
Table 'Nuki II' 6-max Seat #4 is the button
Seat 2: nikalas22 ($100 in chips) is sitting out
Seat 5: rxb.dvtch ($0 in chips) is sitting out
Seat 1: YeeesMan ($100 in chips) 
Seat 3: blackclan7 ($135.80 in chips) 
Seat 4: Yoalfre ($105.46 in chips) 
Seat 6: mr.Jckpot ($132.12 in chips) 
mr.Jckpot: posts small blind $0.50
YeeesMan: posts big blind $1
*** HOLE CARDS ***
rxb.dvtch is disconnected 
blackclan7: raises $1.30 to $2.30
Yoalfre: folds 
mr.Jckpot: raises $9.70 to $12
YeeesMan: folds 
blackclan7: calls $9.70
*** FLOP *** [9d Tc 7c]
mr.Jckpot: bets $7.92
blackclan7: calls $7.92
*** TURN *** [9d Tc 7c] [3d]
mr.Jckpot: checks 
blackclan7: checks 
*** RIVER *** [9d Tc 7c 3d] [4d]
mr.Jckpot: bets $112.20 and is all-in
blackclan7: folds 
Uncalled bet ($112.20) returned to mr.Jckpot
mr.Jckpot collected $39.84 from pot
mr.Jckpot: doesn't show hand 
*** SUMMARY ***
Total pot $40.84 | Rake $1 
Board [9d Tc 7c 3d 4d]
Seat 2: nikalas22
Seat 5: rxb.dvtch
Seat 1: YeeesMan (big blind) folded before Flop
Seat 3: blackclan7 folded on the River
Seat 4: Yoalfre (button) folded before Flop (didn't bet)
Seat 6: mr.Jckpot (small blind) collected ($39.84)



PokerStars Hand #254269115235:  Hold'em No Limit ($0.50/$1.00 USD) - 2025/01/08 21:44:31 WET [2025/01/08 16:44:31 ET]
Table 'Nuki II' 6-max Seat #6 is the button
Seat 5: rxb.dvtch ($0 in chips) is sitting out
Seat 1: YeeesMan ($100 in chips) 
Seat 2: nikalas22 ($100 in chips) 
Seat 3: blackclan7 ($115.88 in chips) 
Seat 4: Yoalfre ($105.46 in chips) 
Seat 6: mr.Jckpot ($152.04 in chips) 
YeeesMan: posts small blind $0.50
nikalas22: posts big blind $1
*** HOLE CARDS ***
blackclan7: folds 
Yoalfre: folds 
blackclan7 leaves the table
mr.Jckpot: folds 
YeeesMan: folds 
Uncalled bet ($0.50) returned to nikalas22
nikalas22 collected $1 from pot
nikalas22: doesn't show hand 
*** SUMMARY ***
Total pot $1 | Rake $0 
Seat 5: rxb.dvtch
Seat 1: YeeesMan (small blind) folded before Flop
Seat 2: nikalas22 (big blind) collected ($1)
Seat 3: blackclan7 folded before Flop (didn't bet)
Seat 4: Yoalfre folded before Flop (didn't bet)
Seat 6: mr.Jckpot (button) folded before Flop (didn't bet)



PokerStars Hand #254269120252:  Hold'em No Limit ($0.50/$1.00 USD) - 2025/01/08 21:44:46 WET [2025/01/08 16:44:46 ET]
Table 'Nuki II' 6-max Seat #1 is the button
Seat 5: rxb.dvtch ($0 in chips) is sitting out
Seat 1: YeeesMan ($100 in chips) 
Seat 2: nikalas22 ($100.50 in chips) 
Seat 4: Yoalfre ($105.46 in chips) 
Seat 6: mr.Jckpot ($152.04 in chips) 
nikalas22: posts small blind $0.50
Yoalfre: posts big blind $1
*** HOLE CARDS ***
mr.Jckpot: folds 
rxb.dvtch leaves the table
YeeesMan is connected 
YeeesMan: raises $1.50 to $2.50
nikalas22: folds 
kars0n joins the table at seat #5 
Yoalfre: folds 
Uncalled bet ($1.50) returned to YeeesMan
YeeesMan collected $2.50 from pot
YeeesMan: doesn't show hand 
*** SUMMARY ***
Total pot $2.50 | Rake $0 
Seat 5: rxb.dvtch
Seat 1: YeeesMan (button) collected ($2.50)
Seat 2: nikalas22 (small blind) folded before Flop
Seat 4: Yoalfre (big blind) folded before Flop
Seat 6: mr.Jckpot folded before Flop (didn't bet)



PokerStars Hand #254269125344:  Hold'em No Limit ($0.50/$1.00 USD) - 2025/01/08 21:45:02 WET [2025/01/08 16:45:02 ET]
Table 'Nuki II' 6-max Seat #2 is the button
Seat 1: YeeesMan ($101.50 in chips) 
Seat 2: nikalas22 ($100 in chips) 
Seat 4: Yoalfre ($104.46 in chips) 
Seat 5: kars0n ($100 in chips) 
Seat 6: mr.Jckpot ($152.04 in chips) 
Yoalfre: posts small blind $0.50
kars0n: posts big blind $1
*** HOLE CARDS ***
mr.Jckpot: folds 
YeeesMan: folds 
nikalas22: folds 
Yoalfre: raises $2 to $3
kars0n: calls $2
*** FLOP *** [7d 6h 2s]
Yoalfre: bets $2.85
LuckyShikari joins the table at seat #3 
kars0n: raises $5.15 to $8
Yoalfre: folds 
Uncalled bet ($5.15) returned to kars0n
kars0n collected $11.12 from pot
kars0n: doesn't show hand 
*** SUMMARY ***
Total pot $11.70 | Rake $0.58 
Board [7d 6h 2s]
Seat 1: YeeesMan folded before Flop (didn't bet)
Seat 2: nikalas22 (button) folded before Flop (didn't bet)
Seat 4: Yoalfre (small blind) folded on the Flop
Seat 5: kars0n (big blind) collected ($11.12)
Seat 6: mr.Jckpot folded before Flop (didn't bet)



PokerStars Hand #254269142326:  Hold'em No Limit ($0.50/$1.00 USD) - 2025/01/08 21:45:52 WET [2025/01/08 16:45:52 ET]
Table 'Nuki II' 6-max Seat #4 is the button
Seat 1: YeeesMan ($101.50 in chips) is sitting out
Seat 2: nikalas22 ($100 in chips) is sitting out
Seat 6: mr.Jckpot ($152.04 in chips) is sitting out
Seat 3: LuckyShikari ($60.82 in chips) 
Seat 4: Yoalfre ($100 in chips) 
Seat 5: kars0n ($105.27 in chips) 
kars0n: posts small blind $0.50
mr.Jckpot: is sitting out 
YeeesMan: is sitting out 
nikalas22: is sitting out 
LuckyShikari: posts big blind $1
*** HOLE CARDS ***
mr.Jckpot leaves the table
Yoalfre: raises $1.50 to $2.50
kars0n: folds 
nikalas22 leaves the table
LuckyShikari: folds 
Uncalled bet ($1.50) returned to Yoalfre
YeeesMan leaves the table
Yoalfre collected $2.50 from pot
Yoalfre: doesn't show hand 
*** SUMMARY ***
Total pot $2.50 | Rake $0 
Seat 1: YeeesMan
Seat 2: nikalas22
Seat 6: mr.Jckpot
Seat 3: LuckyShikari (big blind) folded before Flop
Seat 4: Yoalfre (button) collected ($2.50)
Seat 5: kars0n (small blind) folded before Flop



PokerStars Hand #254269150013:  Hold'em No Limit ($0.50/$1.00 USD) - 2025/01/08 21:46:15 WET [2025/01/08 16:46:15 ET]
Table 'Nuki II' 6-max Seat #3 is the button
Seat 4: Yoalfre ($101.50 in chips) is sitting out
Seat 3: LuckyShikari ($59.82 in chips) 
Seat 5: kars0n ($104.77 in chips) 
LuckyShikari: posts small blind $0.50
Yoalfre: is sitting out 
kars0n: posts big blind $1
*** HOLE CARDS ***
Yoalfre leaves the table
LuckyShikari: raises $1.25 to $2.25
kars0n: calls $1.25
*** FLOP *** [4d 6d Jd]
kars0n: checks 
LuckyShikari: bets $4.28
kars0n: calls $4.28
*** TURN *** [4d 6d Jd] [7d]
kars0n: checks 
LuckyShikari: bets $1
kars0n: calls $1
*** RIVER *** [4d 6d Jd 7d] [3d]
kars0n: checks 
LuckyShikari: checks 
*** SHOW DOWN ***
kars0n: shows [Kc Jh] (a flush, Jack high)
LuckyShikari: shows [5s Td] (a flush, Jack high - Ten higher)
LuckyShikari collected $14.31 from pot
*** SUMMARY ***
Total pot $15.06 | Rake $0.75 
Board [4d 6d Jd 7d 3d]
Seat 4: Yoalfre
Seat 3: LuckyShikari (button) (small blind) showed [5s Td] and won ($14.31) with a flush, Jack high
Seat 5: kars0n (big blind) showed [Kc Jh] and lost with a flush, Jack high



PokerStars Hand #254269160998:  Hold'em No Limit ($0.50/$1.00 USD) - 2025/01/08 21:46:48 WET [2025/01/08 16:46:48 ET]
Table 'Nuki II' 6-max Seat #5 is the button
Seat 3: LuckyShikari ($66.60 in chips) 
Seat 5: kars0n ($100 in chips) 
kars0n: posts small blind $0.50
LuckyShikari: posts big blind $1
*** HOLE CARDS ***
kars0n: folds 
Uncalled bet ($0.50) returned to LuckyShikari
LuckyShikari collected $1 from pot
LuckyShikari: doesn't show hand 
*** SUMMARY ***
Total pot $1 | Rake $0 
Seat 3: LuckyShikari (big blind) collected ($1)
Seat 5: kars0n (button) (small blind) folded before Flop



PokerStars Hand #254269167335:  Hold'em No Limit ($0.50/$1.00 USD) - 2025/01/08 21:47:07 WET [2025/01/08 16:47:07 ET]
Table 'Nuki II' 6-max Seat #6 is the button
Seat 1: Zvst ($100 in chips) 
Seat 2: nastja336 ($100 in chips) 
Seat 3: LuckyShikari ($67.10 in chips) 
Seat 5: kars0n ($100 in chips) 
Seat 6: Weewillis101 ($100 in chips) 
Zvst: posts small blind $0.50
nastja336: posts big blind $1
*** HOLE CARDS ***
LuckyShikari: folds 
kars0n: folds 
Weewillis101: folds 
Zvst: raises $2 to $3
nastja336: raises $7.50 to $10.50
numapu_33 joins the table at seat #4 
Zvst: folds 
Uncalled bet ($7.50) returned to nastja336
nastja336 collected $6 from pot
nastja336: doesn't show hand 
*** SUMMARY ***
Total pot $6 | Rake $0 
Seat 1: Zvst (small blind) folded before Flop
Seat 2: nastja336 (big blind) collected ($6)
Seat 3: LuckyShikari folded before Flop (didn't bet)
Seat 5: kars0n folded before Flop (didn't bet)
Seat 6: Weewillis101 (button) folded before Flop (didn't bet)



PokerStars Hand #254269175696:  Hold'em No Limit ($0.50/$1.00 USD) - 2025/01/08 21:47:32 WET [2025/01/08 16:47:32 ET]
Table 'Nuki II' 6-max Seat #1 is the button
Seat 4: numapu_33 ($100 in chips) is sitting out
Seat 1: Zvst ($100 in chips) 
Seat 2: nastja336 ($103 in chips) 
Seat 3: LuckyShikari ($67.10 in chips) 
Seat 5: kars0n ($100 in chips) 
Seat 6: Weewillis101 ($100 in chips) 
nastja336: posts small blind $0.50
LuckyShikari: posts big blind $1
numapu_33: sits out 
*** HOLE CARDS ***
kars0n: folds 
Weewillis101: folds 
Zvst: folds 
nastja336: raises $2 to $3
LuckyShikari: folds 
Uncalled bet ($2) returned to nastja336
nastja336 collected $2 from pot
nastja336: doesn't show hand 
*** SUMMARY ***
Total pot $2 | Rake $0 
Seat 4: numapu_33
Seat 1: Zvst (button) folded before Flop (didn't bet)
Seat 2: nastja336 (small blind) collected ($2)
Seat 3: LuckyShikari (big blind) folded before Flop
Seat 5: kars0n folded before Flop (didn't bet)
Seat 6: Weewillis101 folded before Flop (didn't bet)



PokerStars Hand #254269181190:  Hold'em No Limit ($0.50/$1.00 USD) - 2025/01/08 21:47:48 WET [2025/01/08 16:47:48 ET]
Table 'Nuki II' 6-max Seat #2 is the button
Seat 1: Zvst ($100 in chips) 
Seat 2: nastja336 ($104 in chips) 
Seat 3: LuckyShikari ($66.10 in chips) 
Seat 4: numapu_33 ($100 in chips) 
Seat 5: kars0n ($100 in chips) 
Seat 6: Weewillis101 ($100 in chips) 
LuckyShikari: posts small blind $0.50
numapu_33: posts big blind $1
*** HOLE CARDS ***
kars0n: folds 
Weewillis101: folds 
Zvst: folds 
nastja336: folds 
LuckyShikari: raises $2 to $3
numapu_33: folds 
Uncalled bet ($2) returned to LuckyShikari
LuckyShikari collected $2 from pot
LuckyShikari: doesn't show hand 
*** SUMMARY ***
Total pot $2 | Rake $0 
Seat 1: Zvst folded before Flop (didn't bet)
Seat 2: nastja336 (button) folded before Flop (didn't bet)
Seat 3: LuckyShikari (small blind) collected ($2)
Seat 4: numapu_33 (big blind) folded before Flop
Seat 5: kars0n folded before Flop (didn't bet)
Seat 6: Weewillis101 folded before Flop (didn't bet)



PokerStars Hand #254269188605:  Hold'em No Limit ($0.50/$1.00 USD) - 2025/01/08 21:48:10 WET [2025/01/08 16:48:10 ET]
Table 'Nuki II' 6-max Seat #3 is the button
Seat 1: Zvst ($100 in chips) 
Seat 2: nastja336 ($104 in chips) 
Seat 3: LuckyShikari ($67.10 in chips) 
Seat 4: numapu_33 ($100 in chips) 
Seat 5: kars0n ($100 in chips) 
Seat 6: Weewillis101 ($100 in chips) 
numapu_33: posts small blind $0.50
kars0n: posts big blind $1
*** HOLE CARDS ***
Weewillis101: folds 
Zvst: raises $1 to $2
nastja336: folds 
LuckyShikari: calls $2
numapu_33: folds 
kars0n: calls $1
*** FLOP *** [4d 5d Jd]
kars0n: checks 
Zvst: checks 
LuckyShikari: bets $4.50
kars0n: folds 
Zvst: folds 
Uncalled bet ($4.50) returned to LuckyShikari
LuckyShikari collected $6.18 from pot
LuckyShikari: doesn't show hand 
*** SUMMARY ***
Total pot $6.50 | Rake $0.32 
Board [4d 5d Jd]
Seat 1: Zvst folded on the Flop
Seat 2: nastja336 folded before Flop (didn't bet)
Seat 3: LuckyShikari (button) collected ($6.18)
Seat 4: numapu_33 (small blind) folded before Flop
Seat 5: kars0n (big blind) folded on the Flop
Seat 6: Weewillis101 folded before Flop (didn't bet)



PokerStars Hand #254269199520:  Hold'em No Limit ($0.50/$1.00 USD) - 2025/01/08 21:48:43 WET [2025/01/08 16:48:43 ET]
Table 'Nuki II' 6-max Seat #4 is the button
Seat 1: Zvst ($100 in chips) 
Seat 2: nastja336 ($104 in chips) 
Seat 3: LuckyShikari ($71.28 in chips) 
Seat 4: numapu_33 ($100 in chips) 
Seat 5: kars0n ($100 in chips) 
Seat 6: Weewillis101 ($100 in chips) 
kars0n: posts small blind $0.50
Weewillis101: posts big blind $1
*** HOLE CARDS ***
Zvst: folds 
nastja336: folds 
LuckyShikari: folds 
numapu_33: folds 
kars0n: raises $2 to $3
Weewillis101: calls $2
*** FLOP *** [5h 8d 3d]
kars0n: checks 
Weewillis101: checks 
*** TURN *** [5h 8d 3d] [Ah]
kars0n: checks 
Weewillis101: bets $2.85
kars0n: folds 
Uncalled bet ($2.85) returned to Weewillis101
Weewillis101 collected $5.70 from pot
*** SUMMARY ***
Total pot $6 | Rake $0.30 
Board [5h 8d 3d Ah]
Seat 1: Zvst folded before Flop (didn't bet)
Seat 2: nastja336 folded before Flop (didn't bet)
Seat 3: LuckyShikari folded before Flop (didn't bet)
Seat 4: numapu_33 (button) folded before Flop (didn't bet)
Seat 5: kars0n (small blind) folded on the Turn
Seat 6: Weewillis101 (big blind) collected ($5.70)



PokerStars Hand #254269216175:  Hold'em No Limit ($0.50/$1.00 USD) - 2025/01/08 21:49:33 WET [2025/01/08 16:49:33 ET]
Table 'Nuki II' 6-max Seat #5 is the button
Seat 1: Zvst ($100 in chips) 
Seat 2: nastja336 ($104 in chips) 
Seat 3: LuckyShikari ($71.28 in chips) 
Seat 4: numapu_33 ($100 in chips) 
Seat 5: kars0n ($100 in chips) 
Seat 6: Weewillis101 ($102.70 in chips) 
Weewillis101: posts small blind $0.50
Zvst: posts big blind $1
*** HOLE CARDS ***
nastja336: folds 
LuckyShikari: folds 
numapu_33: folds 
kars0n: raises $1.50 to $2.50
Weewillis101: folds 
Zvst: calls $1.50
*** FLOP *** [Ad Jh 5h]
Zvst: checks 
kars0n: checks 
*** TURN *** [Ad Jh 5h] [Jd]
LuckyShikari leaves the table
Zvst: checks 
kars0n: checks 
*** RIVER *** [Ad Jh 5h Jd] [3s]
Zvst: checks 
BGS013 joins the table at seat #3 
kars0n: bets $5.22
nastja336 leaves the table
Zvst: folds 
Uncalled bet ($5.22) returned to kars0n
kars0n collected $5.22 from pot
kars0n: doesn't show hand 
*** SUMMARY ***
Total pot $5.50 | Rake $0.28 
Board [Ad Jh 5h Jd 3s]
Seat 1: Zvst (big blind) folded on the River
Seat 2: nastja336 folded before Flop (didn't bet)
Seat 3: LuckyShikari folded before Flop (didn't bet)
Seat 4: numapu_33 folded before Flop (didn't bet)
Seat 5: kars0n (button) collected ($5.22)
Seat 6: Weewillis101 (small blind) folded before Flop



PokerStars Hand #254269237518:  Hold'em No Limit ($0.50/$1.00 USD) - 2025/01/08 21:50:38 WET [2025/01/08 16:50:38 ET]
Table 'Nuki II' 6-max Seat #6 is the button
Seat 3: BGS013 ($100 in chips) is sitting out
Seat 4: numapu_33 ($100 in chips) 
Seat 5: kars0n ($102.72 in chips) 
Seat 6: Weewillis101 ($102.20 in chips) 
Zvst leaves the table
numapu_33: posts small blind $0.50
kars0n: posts big blind $1
*** HOLE CARDS ***
Weewillis101: folds 
numapu_33: folds 
Uncalled bet ($0.50) returned to kars0n
kars0n collected $1 from pot
kars0n: doesn't show hand 
*** SUMMARY ***
Total pot $1 | Rake $0 
Seat 3: BGS013
Seat 4: numapu_33 (small blind) folded before Flop
Seat 5: kars0n (big blind) collected ($1)
Seat 6: Weewillis101 (button) folded before Flop (didn't bet)



PokerStars Hand #254269240275:  Hold'em No Limit ($0.50/$1.00 USD) - 2025/01/08 21:50:46 WET [2025/01/08 16:50:46 ET]
Table 'Nuki II' 6-max Seat #4 is the button
Seat 3: BGS013 ($100 in chips) is sitting out
Seat 4: numapu_33 ($100 in chips) 
Seat 5: kars0n ($103.22 in chips) 
Seat 6: Weewillis101 ($102.20 in chips) 
kars0n: posts small blind $0.50
Weewillis101: posts big blind $1
BGS013: sits out 
*** HOLE CARDS ***
numapu_33: folds 
kars0n: raises $2 to $3
Weewillis101: folds 
Uncalled bet ($2) returned to kars0n
kars0n collected $2 from pot
kars0n: doesn't show hand 
*** SUMMARY ***
Total pot $2 | Rake $0 
Seat 3: BGS013
Seat 4: numapu_33 (button) folded before Flop (didn't bet)
Seat 5: kars0n (small blind) collected ($2)
Seat 6: Weewillis101 (big blind) folded before Flop



PokerStars Hand #254269243657:  Hold'em No Limit ($0.50/$1.00 USD) - 2025/01/08 21:50:56 WET [2025/01/08 16:50:56 ET]
Table 'Nuki II' 6-max Seat #5 is the button
Seat 3: BGS013 ($100 in chips) 
Seat 4: numapu_33 ($100 in chips) 
Seat 5: kars0n ($104.22 in chips) 
Seat 6: Weewillis101 ($101.20 in chips) 
Weewillis101: posts small blind $0.50
BGS013: posts big blind $1
*** HOLE CARDS ***
numapu_33: folds 
kars0n: folds 
Weewillis101: folds 
Uncalled bet ($0.50) returned to BGS013
BGS013 collected $1 from pot
BGS013: doesn't show hand 
*** SUMMARY ***
Total pot $1 | Rake $0 
Seat 3: BGS013 (big blind) collected ($1)
Seat 4: numapu_33 folded before Flop (didn't bet)
Seat 5: kars0n (button) folded before Flop (didn't bet)
Seat 6: Weewillis101 (small blind) folded before Flop



PokerStars Hand #254269246980:  Hold'em No Limit ($0.50/$1.00 USD) - 2025/01/08 21:51:06 WET [2025/01/08 16:51:06 ET]
Table 'Nuki II' 6-max Seat #6 is the button
Seat 3: BGS013 ($100.50 in chips) 
Seat 4: numapu_33 ($100 in chips) 
Seat 5: kars0n ($104.22 in chips) 
Seat 6: Weewillis101 ($100.70 in chips) 
BGS013: posts small blind $0.50
numapu_33: posts big blind $1
*** HOLE CARDS ***
kars0n: folds 
Weewillis101: folds 
BGS013: folds 
Uncalled bet ($0.50) returned to numapu_33
numapu_33 collected $1 from pot
numapu_33: doesn't show hand 
*** SUMMARY ***
Total pot $1 | Rake $0 
Seat 3: BGS013 (small blind) folded before Flop
Seat 4: numapu_33 (big blind) collected ($1)
Seat 5: kars0n folded before Flop (didn't bet)
Seat 6: Weewillis101 (button) folded before Flop (didn't bet)



PokerStars Hand #254269249962:  Hold'em No Limit ($0.50/$1.00 USD) - 2025/01/08 21:51:15 WET [2025/01/08 16:51:15 ET]
Table 'Nuki II' 6-max Seat #3 is the button
Seat 3: BGS013 ($100 in chips) 
Seat 4: numapu_33 ($100.50 in chips) 
Seat 5: kars0n ($104.22 in chips) 
Seat 6: Weewillis101 ($100.70 in chips) 
numapu_33: posts small blind $0.50
kars0n: posts big blind $1
*** HOLE CARDS ***
Weewillis101: raises $2 to $3
BGS013: folds 
numapu_33: folds 
kars0n: folds 
Uncalled bet ($2) returned to Weewillis101
Weewillis101 collected $2.50 from pot
*** SUMMARY ***
Total pot $2.50 | Rake $0 
Seat 3: BGS013 (button) folded before Flop (didn't bet)
Seat 4: numapu_33 (small blind) folded before Flop
Seat 5: kars0n (big blind) folded before Flop
Seat 6: Weewillis101 collected ($2.50)



PokerStars Hand #254269254212:  Hold'em No Limit ($0.50/$1.00 USD) - 2025/01/08 21:51:28 WET [2025/01/08 16:51:28 ET]
Table 'Nuki II' 6-max Seat #4 is the button
Seat 3: BGS013 ($100 in chips) 
Seat 4: numapu_33 ($100 in chips) 
Seat 5: kars0n ($103.22 in chips) 
Seat 6: Weewillis101 ($102.20 in chips) 
kars0n: posts small blind $0.50
Weewillis101: posts big blind $1
*** HOLE CARDS ***
BGS013: folds 
numapu_33: folds 
kars0n: raises $1.50 to $2.50
Weewillis101: raises $4.50 to $7
kars0n: folds 
Uncalled bet ($4.50) returned to Weewillis101
Weewillis101 collected $5 from pot
*** SUMMARY ***
Total pot $5 | Rake $0 
Seat 3: BGS013 folded before Flop (didn't bet)
Seat 4: numapu_33 (button) folded before Flop (didn't bet)
Seat 5: kars0n (small blind) folded before Flop
Seat 6: Weewillis101 (big blind) collected ($5)



PokerStars Hand #254269260350:  Hold'em No Limit ($0.50/$1.00 USD) - 2025/01/08 21:51:47 WET [2025/01/08 16:51:47 ET]
Table 'Nuki II' 6-max Seat #5 is the button
Seat 3: BGS013 ($100 in chips) 
Seat 4: numapu_33 ($100 in chips) 
Seat 5: kars0n ($100.72 in chips) 
Seat 6: Weewillis101 ($104.70 in chips) 
Weewillis101: posts small blind $0.50
BGS013: posts big blind $1
*** HOLE CARDS ***
numapu_33: raises $1.50 to $2.50
kars0n: folds 
Weewillis101: folds 
BGS013: folds 
Uncalled bet ($1.50) returned to numapu_33
numapu_33 collected $2.50 from pot
numapu_33: doesn't show hand 
*** SUMMARY ***
Total pot $2.50 | Rake $0 
Seat 3: BGS013 (big blind) folded before Flop
Seat 4: numapu_33 collected ($2.50)
Seat 5: kars0n (button) folded before Flop (didn't bet)
Seat 6: Weewillis101 (small blind) folded before Flop



PokerStars Hand #254269263866:  Hold'em No Limit ($0.50/$1.00 USD) - 2025/01/08 21:51:57 WET [2025/01/08 16:51:57 ET]
Table 'Nuki II' 6-max Seat #6 is the button
Seat 3: BGS013 ($100 in chips) 
Seat 4: numapu_33 ($101.50 in chips) 
Seat 5: kars0n ($100.72 in chips) 
Seat 6: Weewillis101 ($104.20 in chips) 
BGS013: posts small blind $0.50
numapu_33: posts big blind $1
*** HOLE CARDS ***
kars0n: folds 
Weewillis101: folds 
BGS013: folds 
Uncalled bet ($0.50) returned to numapu_33
numapu_33 collected $1 from pot
numapu_33: doesn't show hand 
*** SUMMARY ***
Total pot $1 | Rake $0 
Seat 3: BGS013 (small blind) folded before Flop
Seat 4: numapu_33 (big blind) collected ($1)
Seat 5: kars0n folded before Flop (didn't bet)
Seat 6: Weewillis101 (button) folded before Flop (didn't bet)



PokerStars Hand #254269269101:  Hold'em No Limit ($0.50/$1.00 USD) - 2025/01/08 21:52:13 WET [2025/01/08 16:52:13 ET]
Table 'Nuki II' 6-max Seat #3 is the button
Seat 3: BGS013 ($100 in chips) 
Seat 4: numapu_33 ($102 in chips) 
Seat 5: kars0n ($100.72 in chips) 
Seat 6: Weewillis101 ($104.20 in chips) 
numapu_33: posts small blind $0.50
kars0n: posts big blind $1
*** HOLE CARDS ***
Weewillis101: raises $2 to $3
BGS013: folds 
numapu_33: folds 
kars0n: folds 
Uncalled bet ($2) returned to Weewillis101
Weewillis101 collected $2.50 from pot
*** SUMMARY ***
Total pot $2.50 | Rake $0 
Seat 3: BGS013 (button) folded before Flop (didn't bet)
Seat 4: numapu_33 (small blind) folded before Flop
Seat 5: kars0n (big blind) folded before Flop
Seat 6: Weewillis101 collected ($2.50)



PokerStars Hand #254269273290:  Hold'em No Limit ($0.50/$1.00 USD) - 2025/01/08 21:52:26 WET [2025/01/08 16:52:26 ET]
Table 'Nuki II' 6-max Seat #4 is the button
Seat 3: BGS013 ($100 in chips) 
Seat 4: numapu_33 ($101.50 in chips) 
Seat 5: kars0n ($100 in chips) 
Seat 6: Weewillis101 ($105.70 in chips) 
kars0n: posts small blind $0.50
Weewillis101: posts big blind $1
*** HOLE CARDS ***
fataleggs13 joins the table at seat #1 
blistein joins the table at seat #2 
BGS013: folds 
numapu_33: folds 
kars0n: folds 
Uncalled bet ($0.50) returned to Weewillis101
Weewillis101 collected $1 from pot
*** SUMMARY ***
Total pot $1 | Rake $0 
Seat 3: BGS013 folded before Flop (didn't bet)
Seat 4: numapu_33 (button) folded before Flop (didn't bet)
Seat 5: kars0n (small blind) folded before Flop
Seat 6: Weewillis101 (big blind) collected ($1)



PokerStars Hand #254269276935:  Hold'em No Limit ($0.50/$1.00 USD) - 2025/01/08 21:52:37 WET [2025/01/08 16:52:37 ET]
Table 'Nuki II' 6-max Seat #5 is the button
Seat 2: blistein ($102.50 in chips) is sitting out
Seat 1: fataleggs13 ($75 in chips) 
Seat 3: BGS013 ($100 in chips) 
Seat 4: numapu_33 ($101.50 in chips) 
Seat 5: kars0n ($100 in chips) 
Seat 6: Weewillis101 ($106.20 in chips) 
Weewillis101: posts small blind $0.50
fataleggs13: posts big blind $1
blistein: sits out 
*** HOLE CARDS ***
BGS013: folds 
numapu_33: folds 
kars0n: raises $1.50 to $2.50
Weewillis101: folds 
fataleggs13: raises $8.50 to $11
kars0n: calls $8.50
*** FLOP *** [6h Qs Jd]
fataleggs13: bets $7.48
kars0n: folds 
Uncalled bet ($7.48) returned to fataleggs13
fataleggs13 collected $21.38 from pot
fataleggs13: doesn't show hand 
*** SUMMARY ***
Total pot $22.50 | Rake $1.12 
Board [6h Qs Jd]
Seat 2: blistein
Seat 1: fataleggs13 (big blind) collected ($21.38)
Seat 3: BGS013 folded before Flop (didn't bet)
Seat 4: numapu_33 folded before Flop (didn't bet)
Seat 5: kars0n (button) folded on the Flop
Seat 6: Weewillis101 (small blind) folded before Flop



PokerStars Hand #254269289842:  Hold'em No Limit ($0.50/$1.00 USD) - 2025/01/08 21:53:16 WET [2025/01/08 16:53:16 ET]
Table 'Nuki II' 6-max Seat #6 is the button
Seat 1: fataleggs13 ($85.38 in chips) 
Seat 2: blistein ($102.50 in chips) 
Seat 3: BGS013 ($100 in chips) 
Seat 4: numapu_33 ($101.50 in chips) 
Seat 5: kars0n ($100 in chips) 
Seat 6: Weewillis101 ($105.70 in chips) 
fataleggs13: posts small blind $0.50
blistein: posts big blind $1
*** HOLE CARDS ***
BGS013: folds 
numapu_33: folds 
kars0n: folds 
Weewillis101: folds 
fataleggs13: raises $2 to $3
blistein: folds 
Uncalled bet ($2) returned to fataleggs13
fataleggs13 collected $2 from pot
fataleggs13: doesn't show hand 
*** SUMMARY ***
Total pot $2 | Rake $0 
Seat 1: fataleggs13 (small blind) collected ($2)
Seat 2: blistein (big blind) folded before Flop
Seat 3: BGS013 folded before Flop (didn't bet)
Seat 4: numapu_33 folded before Flop (didn't bet)
Seat 5: kars0n folded before Flop (didn't bet)
Seat 6: Weewillis101 (button) folded before Flop (didn't bet)



PokerStars Hand #254269295881:  Hold'em No Limit ($0.50/$1.00 USD) - 2025/01/08 21:53:35 WET [2025/01/08 16:53:35 ET]
Table 'Nuki II' 6-max Seat #1 is the button
Seat 1: fataleggs13 ($86.38 in chips) 
Seat 2: blistein ($101.50 in chips) 
Seat 3: BGS013 ($100 in chips) 
Seat 4: numapu_33 ($101.50 in chips) 
Seat 5: kars0n ($100 in chips) 
Seat 6: Weewillis101 ($105.70 in chips) 
blistein: posts small blind $0.50
BGS013: posts big blind $1
*** HOLE CARDS ***
numapu_33: raises $1.50 to $2.50
kars0n: folds 
Weewillis101: folds 
fataleggs13: folds 
blistein: folds 
BGS013: calls $1.50
*** FLOP *** [As 7d 7h]
BGS013: checks 
numapu_33: bets $1.57
BGS013: calls $1.57
*** TURN *** [As 7d 7h] [Qc]
BGS013: checks 
numapu_33: checks 
*** RIVER *** [As 7d 7h Qc] [3h]
BGS013: bets $6.40
numapu_33: folds 
Uncalled bet ($6.40) returned to BGS013
BGS013 collected $8.21 from pot
BGS013: doesn't show hand 
*** SUMMARY ***
Total pot $8.64 | Rake $0.43 
Board [As 7d 7h Qc 3h]
Seat 1: fataleggs13 (button) folded before Flop (didn't bet)
Seat 2: blistein (small blind) folded before Flop
Seat 3: BGS013 (big blind) collected ($8.21)
Seat 4: numapu_33 folded on the River
Seat 5: kars0n folded before Flop (didn't bet)
Seat 6: Weewillis101 folded before Flop (didn't bet)



PokerStars Hand #254269321982:  Hold'em No Limit ($0.50/$1.00 USD) - 2025/01/08 21:54:55 WET [2025/01/08 16:54:55 ET]
Table 'Nuki II' 6-max Seat #2 is the button
Seat 1: fataleggs13 ($86.38 in chips) 
Seat 2: blistein ($101 in chips) 
Seat 3: BGS013 ($104.14 in chips) 
Seat 4: numapu_33 ($100 in chips) 
Seat 5: kars0n ($100 in chips) 
Seat 6: Weewillis101 ($105.70 in chips) 
BGS013: posts small blind $0.50
numapu_33: posts big blind $1
*** HOLE CARDS ***
kars0n: folds 
Weewillis101: folds 
fataleggs13: folds 
blistein: folds 
BGS013: raises $2 to $3
numapu_33: raises $7 to $10
BGS013: folds 
Uncalled bet ($7) returned to numapu_33
numapu_33 collected $6 from pot
numapu_33: doesn't show hand 
*** SUMMARY ***
Total pot $6 | Rake $0 
Seat 1: fataleggs13 folded before Flop (didn't bet)
Seat 2: blistein (button) folded before Flop (didn't bet)
Seat 3: BGS013 (small blind) folded before Flop
Seat 4: numapu_33 (big blind) collected ($6)
Seat 5: kars0n folded before Flop (didn't bet)
Seat 6: Weewillis101 folded before Flop (didn't bet)



PokerStars Hand #254269330372:  Hold'em No Limit ($0.50/$1.00 USD) - 2025/01/08 21:55:26 WET [2025/01/08 16:55:26 ET]
Table 'Nuki II' 6-max Seat #3 is the button
Seat 1: fataleggs13 ($86.38 in chips) 
Seat 2: blistein ($101 in chips) 
Seat 3: BGS013 ($101.14 in chips) 
Seat 4: numapu_33 ($103 in chips) 
Seat 5: kars0n ($100 in chips) 
Seat 6: Weewillis101 ($105.70 in chips) 
numapu_33: posts small blind $0.50
kars0n: posts big blind $1
*** HOLE CARDS ***
Weewillis101: folds 
fataleggs13: folds 
blistein: folds 
BGS013: raises $1.50 to $2.50
numapu_33: folds 
kars0n: raises $9.50 to $12
BGS013: folds 
Uncalled bet ($9.50) returned to kars0n
kars0n collected $5.50 from pot
kars0n: doesn't show hand 
*** SUMMARY ***
Total pot $5.50 | Rake $0 
Seat 1: fataleggs13 folded before Flop (didn't bet)
Seat 2: blistein folded before Flop (didn't bet)
Seat 3: BGS013 (button) folded before Flop
Seat 4: numapu_33 (small blind) folded before Flop
Seat 5: kars0n (big blind) collected ($5.50)
Seat 6: Weewillis101 folded before Flop (didn't bet)



PokerStars Hand #254269335171:  Hold'em No Limit ($0.50/$1.00 USD) - 2025/01/08 21:55:47 WET [2025/01/08 16:55:47 ET]
Table 'Nuki II' 6-max Seat #4 is the button
Seat 1: fataleggs13 ($86.38 in chips) 
Seat 2: blistein ($101 in chips) 
Seat 3: BGS013 ($100 in chips) 
Seat 4: numapu_33 ($102.50 in chips) 
Seat 5: kars0n ($103 in chips) 
Seat 6: Weewillis101 ($105.70 in chips) 
kars0n: posts small blind $0.50
Weewillis101: posts big blind $1
*** HOLE CARDS ***
fataleggs13: folds 
blistein: folds 
BGS013: raises $1.50 to $2.50
numapu_33: raises $5 to $7.50
kars0n: folds 
Weewillis101: folds 
BGS013: raises $12 to $19.50
numapu_33: raises $83 to $102.50 and is all-in
BGS013: calls $80.50 and is all-in
Uncalled bet ($2.50) returned to numapu_33
*** FLOP *** [7h 6c 7s]
*** TURN *** [7h 6c 7s] [5s]
*** RIVER *** [7h 6c 7s 5s] [2s]
*** SHOW DOWN ***
BGS013: shows [As Ah] (two pair, Aces and Sevens)
numapu_33: shows [Jh Jc] (two pair, Jacks and Sevens)
BGS013 collected $199 from pot
*** SUMMARY ***
Total pot $201.50 | Rake $2.50 
Board [7h 6c 7s 5s 2s]
Seat 1: fataleggs13 folded before Flop (didn't bet)
Seat 2: blistein folded before Flop (didn't bet)
Seat 3: BGS013 showed [As Ah] and won ($199) with two pair, Aces and Sevens
Seat 4: numapu_33 (button) showed [Jh Jc] and lost with two pair, Jacks and Sevens
Seat 5: kars0n (small blind) folded before Flop
Seat 6: Weewillis101 (big blind) folded before Flop



PokerStars Hand #254269346933:  Hold'em No Limit ($0.50/$1.00 USD) - 2025/01/08 21:56:37 WET [2025/01/08 16:56:37 ET]
Table 'Nuki II' 6-max Seat #5 is the button
Seat 1: fataleggs13 ($86.38 in chips) 
Seat 2: blistein ($101 in chips) 
Seat 3: BGS013 ($199 in chips) 
Seat 4: numapu_33 ($100 in chips) 
Seat 5: kars0n ($102.50 in chips) 
Seat 6: Weewillis101 ($104.70 in chips) 
Weewillis101: posts small blind $0.50
fataleggs13: posts big blind $1
*** HOLE CARDS ***
blistein: folds 
blistein leaves the table
BGS013: folds 
numapu_33: folds 
kars0n: raises $1.50 to $2.50
Weewillis101: calls $2
fataleggs13: calls $1.50
*** FLOP *** [Kh Kd 9h]
Weewillis101: checks 
fataleggs13: checks 
kars0n: checks 
*** TURN *** [Kh Kd 9h] [Js]
Weewillis101: bets $3.56
fataleggs13: calls $3.56
kars0n: folds 
*** RIVER *** [Kh Kd 9h Js] [2c]
Weewillis101: checks 
fataleggs13: bets $4.86
Weewillis101: calls $4.86
*** SHOW DOWN ***
fataleggs13: shows [Qc Jh] (two pair, Kings and Jacks)
Weewillis101: shows [Tc Kc] (three of a kind, Kings)
Weewillis101 collected $23.12 from pot
*** SUMMARY ***
Total pot $24.34 | Rake $1.22 
Board [Kh Kd 9h Js 2c]
Seat 1: fataleggs13 (big blind) showed [Qc Jh] and lost with two pair, Kings and Jacks
Seat 2: blistein folded before Flop (didn't bet)
Seat 3: BGS013 folded before Flop (didn't bet)
Seat 4: numapu_33 folded before Flop (didn't bet)
Seat 5: kars0n (button) folded on the Turn
Seat 6: Weewillis101 (small blind) showed [Tc Kc] and won ($23.12) with three of a kind, Kings



PokerStars Hand #254269357052:  Hold'em No Limit ($0.50/$1.00 USD) - 2025/01/08 21:57:19 WET [2025/01/08 16:57:19 ET]
Table 'Nuki II' 6-max Seat #6 is the button
Seat 1: fataleggs13 ($75.46 in chips) 
Seat 3: BGS013 ($199 in chips) 
Seat 4: numapu_33 ($100 in chips) 
Seat 5: kars0n ($100 in chips) 
Seat 6: Weewillis101 ($116.90 in chips) 
fataleggs13: posts small blind $0.50
BGS013: posts big blind $1
*** HOLE CARDS ***
numapu_33: folds 
kars0n: raises $1.50 to $2.50
Weewillis101: folds 
fataleggs13: folds 
BGS013: folds 
Uncalled bet ($1.50) returned to kars0n
kars0n collected $2.50 from pot
kars0n: doesn't show hand 
*** SUMMARY ***
Total pot $2.50 | Rake $0 
Seat 1: fataleggs13 (small blind) folded before Flop
Seat 3: BGS013 (big blind) folded before Flop
Seat 4: numapu_33 folded before Flop (didn't bet)
Seat 5: kars0n collected ($2.50)
Seat 6: Weewillis101 (button) folded before Flop (didn't bet)



PokerStars Hand #254269360269:  Hold'em No Limit ($0.50/$1.00 USD) - 2025/01/08 21:57:32 WET [2025/01/08 16:57:32 ET]
Table 'Nuki II' 6-max Seat #1 is the button
Seat 1: fataleggs13 ($75 in chips) 
Seat 3: BGS013 ($198 in chips) 
Seat 4: numapu_33 ($100 in chips) 
Seat 5: kars0n ($101.50 in chips) 
Seat 6: Weewillis101 ($116.90 in chips) 
BGS013: posts small blind $0.50
numapu_33: posts big blind $1
*** HOLE CARDS ***
kars0n: folds 
Weewillis101: folds 
fataleggs13: raises $1.50 to $2.50
Cougars001 joins the table at seat #2 
Cougars001 is disconnected 
BGS013: folds 
numapu_33: folds 
Uncalled bet ($1.50) returned to fataleggs13
fataleggs13 collected $2.50 from pot
fataleggs13: doesn't show hand 
*** SUMMARY ***
Total pot $2.50 | Rake $0 
Seat 1: fataleggs13 (button) collected ($2.50)
Seat 3: BGS013 (small blind) folded before Flop
Seat 4: numapu_33 (big blind) folded before Flop
Seat 5: kars0n folded before Flop (didn't bet)
Seat 6: Weewillis101 folded before Flop (didn't bet)



PokerStars Hand #254269363362:  Hold'em No Limit ($0.50/$1.00 USD) - 2025/01/08 21:57:45 WET [2025/01/08 16:57:45 ET]
Table 'Nuki II' 6-max Seat #3 is the button
Seat 2: Cougars001 ($74.99 in chips) is sitting out
Seat 1: fataleggs13 ($76.50 in chips) 
Seat 3: BGS013 ($197.50 in chips) 
Seat 4: numapu_33 ($100 in chips) 
Seat 5: kars0n ($101.50 in chips) 
Seat 6: Weewillis101 ($116.90 in chips) 
numapu_33: posts small blind $0.50
kars0n: posts big blind $1
Cougars001: sits out 
*** HOLE CARDS ***
Weewillis101: calls $1
fataleggs13: raises $1.20 to $2.20
BGS013: folds 
numapu_33: raises $8.80 to $11
kars0n: folds 
Weewillis101: folds 
fataleggs13: calls $8.80
*** FLOP *** [8c Ks 6d]
numapu_33: bets $8
fataleggs13: calls $8
*** TURN *** [8c Ks 6d] [9c]
numapu_33: bets $20.90
fataleggs13: folds 
Uncalled bet ($20.90) returned to numapu_33
numapu_33 collected $38 from pot
numapu_33: doesn't show hand 
*** SUMMARY ***
Total pot $40 | Rake $2 
Board [8c Ks 6d 9c]
Seat 2: Cougars001
Seat 1: fataleggs13 folded on the Turn
Seat 3: BGS013 (button) folded before Flop (didn't bet)
Seat 4: numapu_33 (small blind) collected ($38)
Seat 5: kars0n (big blind) folded before Flop
Seat 6: Weewillis101 folded before Flop



PokerStars Hand #254269510237:  Hold'em No Limit ($0.50/$1.00 USD) - 2025/01/08 22:06:12 WET [2025/01/08 17:06:12 ET]
Table 'Nuki II' 6-max Seat #6 is the button
Seat 1: fataleggs13 ($92.56 in chips) 
Seat 2: Cougars001 ($43.36 in chips) 
Seat 3: BGS013 ($196 in chips) 
Seat 4: numapu_33 ($116.14 in chips) 
Seat 5: kars0n ($100 in chips) 
Seat 6: Weewillis101 ($134.10 in chips) 
fataleggs13: posts small blind $0.50
Cougars001: posts big blind $1
*** HOLE CARDS ***
BGS013: raises $1 to $2
numapu_33: folds 
kars0n: folds 
Weewillis101: folds 
fataleggs13: folds 
Cougars001: calls $1
*** FLOP *** [Ad 3s Ks]
Cougars001: checks 
BGS013: bets $1.11
Cougars001: calls $1.11
*** TURN *** [Ad 3s Ks] [Td]
Cougars001: checks 
BGS013: checks 
*** RIVER *** [Ad 3s Ks Td] [6h]
Cougars001: bets $6.38
BGS013: folds 
Uncalled bet ($6.38) returned to Cougars001
Cougars001 collected $6.38 from pot
*** SUMMARY ***
Total pot $6.72 | Rake $0.34 
Board [Ad 3s Ks Td 6h]
Seat 1: fataleggs13 (small blind) folded before Flop
Seat 2: Cougars001 (big blind) collected ($6.38)
Seat 3: BGS013 folded on the River
Seat 4: numapu_33 folded before Flop (didn't bet)
Seat 5: kars0n folded before Flop (didn't bet)
Seat 6: Weewillis101 (button) folded before Flop (didn't bet)



PokerStars Hand #254269532166:  Hold'em No Limit ($0.50/$1.00 USD) - 2025/01/08 22:07:19 WET [2025/01/08 17:07:19 ET]
Table 'Nuki II' 6-max Seat #1 is the button
Seat 1: fataleggs13 ($92.06 in chips) 
Seat 2: Cougars001 ($46.63 in chips) 
Seat 3: BGS013 ($192.89 in chips) 
Seat 4: numapu_33 ($116.14 in chips) 
Seat 5: kars0n ($100 in chips) 
Seat 6: Weewillis101 ($134.10 in chips) 
Cougars001: posts small blind $0.50
BGS013: posts big blind $1
*** HOLE CARDS ***
numapu_33: folds 
kars0n: folds 
Weewillis101: folds 
fataleggs13: folds 
Cougars001: folds 
Uncalled bet ($0.50) returned to BGS013
BGS013 collected $1 from pot
BGS013: doesn't show hand 
*** SUMMARY ***
Total pot $1 | Rake $0 
Seat 1: fataleggs13 (button) folded before Flop (didn't bet)
Seat 2: Cougars001 (small blind) folded before Flop
Seat 3: BGS013 (big blind) collected ($1)
Seat 4: numapu_33 folded before Flop (didn't bet)
Seat 5: kars0n folded before Flop (didn't bet)
Seat 6: Weewillis101 folded before Flop (didn't bet)



PokerStars Hand #254269537577:  Hold'em No Limit ($0.50/$1.00 USD) - 2025/01/08 22:07:35 WET [2025/01/08 17:07:35 ET]
Table 'Nuki II' 6-max Seat #2 is the button
Seat 1: fataleggs13 ($92.06 in chips) 
Seat 2: Cougars001 ($46.13 in chips) 
Seat 3: BGS013 ($193.39 in chips) 
Seat 4: numapu_33 ($116.14 in chips) 
Seat 5: kars0n ($100 in chips) 
Seat 6: Weewillis101 ($134.10 in chips) 
BGS013: posts small blind $0.50
numapu_33: posts big blind $1
*** HOLE CARDS ***
kars0n: folds 
Weewillis101: raises $2 to $3
fataleggs13: folds 
Cougars001: calls $3
BGS013: raises $10 to $13
numapu_33: folds 
Weewillis101: calls $10
Cougars001: calls $10
*** FLOP *** [2d 8d 4s]
BGS013: checks 
Weewillis101: bets $19
Cougars001: folds 
BGS013: raises $161.39 to $180.39 and is all-in
Weewillis101: calls $102.10 and is all-in
Uncalled bet ($59.29) returned to BGS013
*** TURN *** [2d 8d 4s] [Ks]
*** RIVER *** [2d 8d 4s Ks] [8h]
*** SHOW DOWN ***
BGS013: shows [Js Jc] (two pair, Jacks and Eights)
Weewillis101: shows [9s 9h] (two pair, Nines and Eights)
BGS013 collected $279.70 from pot
*** SUMMARY ***
Total pot $282.20 | Rake $2.50 
Board [2d 8d 4s Ks 8h]
Seat 1: fataleggs13 folded before Flop (didn't bet)
Seat 2: Cougars001 (button) folded on the Flop
Seat 3: BGS013 (small blind) showed [Js Jc] and won ($279.70) with two pair, Jacks and Eights
Seat 4: numapu_33 (big blind) folded before Flop
Seat 5: kars0n folded before Flop (didn't bet)
Seat 6: Weewillis101 showed [9s 9h] and lost with two pair, Nines and Eights



PokerStars Hand #254269558540:  Hold'em No Limit ($0.50/$1.00 USD) - 2025/01/08 22:08:39 WET [2025/01/08 17:08:39 ET]
Table 'Nuki II' 6-max Seat #3 is the button
Seat 6: Weewillis101 ($0 in chips) is sitting out
Seat 1: fataleggs13 ($92.06 in chips) 
Seat 2: Cougars001 ($33.13 in chips) 
Seat 3: BGS013 ($338.99 in chips) 
Seat 4: numapu_33 ($115.14 in chips) 
Seat 5: kars0n ($100 in chips) 
numapu_33: posts small blind $0.50
kars0n: posts big blind $1
*** HOLE CARDS ***
fataleggs13: folds 
Cougars001: calls $1
BGS013: folds 
numapu_33: folds 
Weewillis101 leaves the table
kars0n: checks 
*** FLOP *** [7h 8c 9d]
kars0n: checks 
Cougars001: checks 
*** TURN *** [7h 8c 9d] [Qd]
kars0n: checks 
Cougars001: bets $2.38
kars0n: folds 
Uncalled bet ($2.38) returned to Cougars001
Cougars001 collected $2.38 from pot
*** SUMMARY ***
Total pot $2.50 | Rake $0.12 
Board [7h 8c 9d Qd]
Seat 6: Weewillis101
Seat 1: fataleggs13 folded before Flop (didn't bet)
Seat 2: Cougars001 collected ($2.38)
Seat 3: BGS013 (button) folded before Flop (didn't bet)
Seat 4: numapu_33 (small blind) folded before Flop
Seat 5: kars0n (big blind) folded on the Turn



PokerStars Hand #254269565299:  Hold'em No Limit ($0.50/$1.00 USD) - 2025/01/08 22:09:00 WET [2025/01/08 17:09:00 ET]
Table 'Nuki II' 6-max Seat #4 is the button
Seat 1: fataleggs13 ($92.06 in chips) 
Seat 2: Cougars001 ($34.51 in chips) 
Seat 3: BGS013 ($338.99 in chips) 
Seat 4: numapu_33 ($114.64 in chips) 
Seat 5: kars0n ($100 in chips) 
kars0n: posts small blind $0.50
fataleggs13: posts big blind $1
*** HOLE CARDS ***
Cougars001: folds 
BGS013: folds 
numapu_33: raises $1.50 to $2.50
kars0n: raises $10 to $12.50
PostoronnimV joins the table at seat #6 
fataleggs13: folds 
numapu_33: calls $10
*** FLOP *** [8d 8h 5d]
kars0n: bets $8.15
numapu_33: calls $8.15
*** TURN *** [8d 8h 5d] [Qd]
kars0n: checks 
numapu_33: checks 
*** RIVER *** [8d 8h 5d Qd] [7s]
kars0n: bets $30.14
numapu_33: folds 
Uncalled bet ($30.14) returned to kars0n
kars0n collected $40.18 from pot
kars0n: doesn't show hand 
*** SUMMARY ***
Total pot $42.30 | Rake $2.12 
Board [8d 8h 5d Qd 7s]
Seat 1: fataleggs13 (big blind) folded before Flop
Seat 2: Cougars001 folded before Flop (didn't bet)
Seat 3: BGS013 folded before Flop (didn't bet)
Seat 4: numapu_33 (button) folded on the River
Seat 5: kars0n (small blind) collected ($40.18)



PokerStars Hand #254269598387:  Hold'em No Limit ($0.50/$1.00 USD) - 2025/01/08 22:10:41 WET [2025/01/08 17:10:41 ET]
Table 'Nuki II' 6-max Seat #5 is the button
Seat 6: PostoronnimV ($100 in chips) is sitting out
Seat 1: fataleggs13 ($91.06 in chips) 
Seat 2: Cougars001 ($34.51 in chips) 
Seat 3: BGS013 ($338.99 in chips) 
Seat 4: numapu_33 ($100 in chips) 
Seat 5: kars0n ($119.53 in chips) 
fataleggs13: posts small blind $0.50
Cougars001: posts big blind $1
*** HOLE CARDS ***
BGS013: folds 
numapu_33: folds 
kars0n: raises $1.50 to $2.50
fataleggs13: folds 
Cougars001: folds 
Uncalled bet ($1.50) returned to kars0n
kars0n collected $2.50 from pot
kars0n: doesn't show hand 
*** SUMMARY ***
Total pot $2.50 | Rake $0 
Seat 6: PostoronnimV
Seat 1: fataleggs13 (small blind) folded before Flop
Seat 2: Cougars001 (big blind) folded before Flop
Seat 3: BGS013 folded before Flop (didn't bet)
Seat 4: numapu_33 folded before Flop (didn't bet)
Seat 5: kars0n (button) collected ($2.50)



PokerStars Hand #254269604348:  Hold'em No Limit ($0.50/$1.00 USD) - 2025/01/08 22:10:59 WET [2025/01/08 17:10:59 ET]
Table 'Nuki II' 6-max Seat #1 is the button
Seat 6: PostoronnimV ($100 in chips) is sitting out
Seat 1: fataleggs13 ($90.56 in chips) 
Seat 2: Cougars001 ($33.51 in chips) 
Seat 3: BGS013 ($338.99 in chips) 
Seat 4: numapu_33 ($100 in chips) 
Seat 5: kars0n ($121.03 in chips) 
Cougars001: posts small blind $0.50
BGS013: posts big blind $1
PostoronnimV: sits out 
*** HOLE CARDS ***
numapu_33: folds 
kars0n: folds 
fataleggs13: folds 
Cougars001: folds 
Uncalled bet ($0.50) returned to BGS013
BGS013 collected $1 from pot
BGS013: doesn't show hand 
*** SUMMARY ***
Total pot $1 | Rake $0 
Seat 6: PostoronnimV
Seat 1: fataleggs13 (button) folded before Flop (didn't bet)
Seat 2: Cougars001 (small blind) folded before Flop
Seat 3: BGS013 (big blind) collected ($1)
Seat 4: numapu_33 folded before Flop (didn't bet)
Seat 5: kars0n folded before Flop (didn't bet)



PokerStars Hand #254269609458:  Hold'em No Limit ($0.50/$1.00 USD) - 2025/01/08 22:11:15 WET [2025/01/08 17:11:15 ET]
Table 'Nuki II' 6-max Seat #2 is the button
Seat 6: PostoronnimV ($100 in chips) is sitting out
Seat 1: fataleggs13 ($90.56 in chips) 
Seat 2: Cougars001 ($33.01 in chips) 
Seat 3: BGS013 ($339.49 in chips) 
Seat 4: numapu_33 ($100 in chips) 
Seat 5: kars0n ($121.03 in chips) 
BGS013: posts small blind $0.50
numapu_33: posts big blind $1
PostoronnimV: sits out 
*** HOLE CARDS ***
kars0n: folds 
fataleggs13: raises $1.20 to $2.20
Cougars001: raises $30.81 to $33.01 and is all-in
BGS013: raises $306.48 to $339.49 and is all-in
numapu_33: folds 
fataleggs13: folds 
Uncalled bet ($306.48) returned to BGS013
*** FLOP *** [3h 7h 7d]
*** TURN *** [3h 7h 7d] [8d]
*** RIVER *** [3h 7h 7d 8d] [Kd]
*** SHOW DOWN ***
BGS013: shows [Js Jh] (two pair, Jacks and Sevens)
Cougars001: shows [Jd 4c] (a pair of Sevens)
BGS013 collected $66.72 from pot
*** SUMMARY ***
Total pot $69.22 | Rake $2.50 
Board [3h 7h 7d 8d Kd]
Seat 6: PostoronnimV
Seat 1: fataleggs13 folded before Flop
Seat 2: Cougars001 (button) showed [Jd 4c] and lost with a pair of Sevens
Seat 3: BGS013 (small blind) showed [Js Jh] and won ($66.72) with two pair, Jacks and Sevens
Seat 4: numapu_33 (big blind) folded before Flop
Seat 5: kars0n folded before Flop (didn't bet)



PokerStars Hand #254269619553:  Hold'em No Limit ($0.50/$1.00 USD) - 2025/01/08 22:11:46 WET [2025/01/08 17:11:46 ET]
Table 'Nuki II' 6-max Seat #3 is the button
Seat 2: Cougars001 ($0 in chips) is sitting out
Seat 6: PostoronnimV ($100 in chips) is sitting out
Seat 1: fataleggs13 ($88.36 in chips) 
Seat 3: BGS013 ($373.20 in chips) 
Seat 4: numapu_33 ($100 in chips) 
Seat 5: kars0n ($121.03 in chips) 
numapu_33: posts small blind $0.50
kars0n: posts big blind $1
PostoronnimV: sits out 
*** HOLE CARDS ***
fataleggs13: folds 
BGS013: folds 
numapu_33: folds 
Uncalled bet ($0.50) returned to kars0n
kars0n collected $1 from pot
kars0n: doesn't show hand 
*** SUMMARY ***
Total pot $1 | Rake $0 
Seat 2: Cougars001
Seat 6: PostoronnimV
Seat 1: fataleggs13 folded before Flop (didn't bet)
Seat 3: BGS013 (button) folded before Flop (didn't bet)
Seat 4: numapu_33 (small blind) folded before Flop
Seat 5: kars0n (big blind) collected ($1)



PokerStars Hand #254269621875:  Hold'em No Limit ($0.50/$1.00 USD) - 2025/01/08 22:11:53 WET [2025/01/08 17:11:53 ET]
Table 'Nuki II' 6-max Seat #4 is the button
Seat 2: Cougars001 ($0 in chips) is sitting out
Seat 1: fataleggs13 ($88.36 in chips) 
Seat 3: BGS013 ($373.20 in chips) 
Seat 4: numapu_33 ($100 in chips) 
Seat 5: kars0n ($121.53 in chips) 
Seat 6: PostoronnimV ($100 in chips) 
kars0n: posts small blind $0.50
PostoronnimV: posts big blind $1
*** HOLE CARDS ***
fataleggs13: folds 
BGS013: folds 
numapu_33: folds 
kars0n: folds 
Uncalled bet ($0.50) returned to PostoronnimV
PostoronnimV collected $1 from pot
PostoronnimV: doesn't show hand 
Cougars001 is disconnected 
*** SUMMARY ***
Total pot $1 | Rake $0 
Seat 2: Cougars001
Seat 1: fataleggs13 folded before Flop (didn't bet)
Seat 3: BGS013 folded before Flop (didn't bet)
Seat 4: numapu_33 (button) folded before Flop (didn't bet)
Seat 5: kars0n (small blind) folded before Flop
Seat 6: PostoronnimV (big blind) collected ($1)



PokerStars Hand #254269624519:  Hold'em No Limit ($0.50/$1.00 USD) - 2025/01/08 22:12:01 WET [2025/01/08 17:12:01 ET]
Table 'Nuki II' 6-max Seat #5 is the button
Seat 2: Cougars001 ($0 in chips) is sitting out
Seat 1: fataleggs13 ($88.36 in chips) 
Seat 3: BGS013 ($373.20 in chips) 
Seat 4: numapu_33 ($100 in chips) 
Seat 5: kars0n ($121.03 in chips) 
Seat 6: PostoronnimV ($100.50 in chips) 
PostoronnimV: posts small blind $0.50
fataleggs13: posts big blind $1
*** HOLE CARDS ***
BGS013: folds 
numapu_33: folds 
kars0n: raises $1.50 to $2.50
PostoronnimV: folds 
fataleggs13: folds 
Uncalled bet ($1.50) returned to kars0n
kars0n collected $2.50 from pot
kars0n: doesn't show hand 
*** SUMMARY ***
Total pot $2.50 | Rake $0 
Seat 2: Cougars001
Seat 1: fataleggs13 (big blind) folded before Flop
Seat 3: BGS013 folded before Flop (didn't bet)
Seat 4: numapu_33 folded before Flop (didn't bet)
Seat 5: kars0n (button) collected ($2.50)
Seat 6: PostoronnimV (small blind) folded before Flop



PokerStars Hand #254269631229:  Hold'em No Limit ($0.50/$1.00 USD) - 2025/01/08 22:12:22 WET [2025/01/08 17:12:22 ET]
Table 'Nuki II' 6-max Seat #6 is the button
Seat 2: Cougars001 ($0 in chips) is sitting out
Seat 1: fataleggs13 ($87.36 in chips) 
Seat 3: BGS013 ($373.20 in chips) 
Seat 4: numapu_33 ($100 in chips) 
Seat 5: kars0n ($122.53 in chips) 
Seat 6: PostoronnimV ($100 in chips) 
fataleggs13: posts small blind $0.50
BGS013: posts big blind $1
*** HOLE CARDS ***
numapu_33: raises $1.50 to $2.50
kars0n: raises $5 to $7.50
PostoronnimV: folds 
fataleggs13: folds 
BGS013: folds 
numapu_33: folds 
Uncalled bet ($5) returned to kars0n
kars0n collected $6.50 from pot
kars0n: doesn't show hand 
*** SUMMARY ***
Total pot $6.50 | Rake $0 
Seat 2: Cougars001
Seat 1: fataleggs13 (small blind) folded before Flop
Seat 3: BGS013 (big blind) folded before Flop
Seat 4: numapu_33 folded before Flop
Seat 5: kars0n collected ($6.50)
Seat 6: PostoronnimV (button) folded before Flop (didn't bet)



PokerStars Hand #254269637328:  Hold'em No Limit ($0.50/$1.00 USD) - 2025/01/08 22:12:41 WET [2025/01/08 17:12:41 ET]
Table 'Nuki II' 6-max Seat #1 is the button
Seat 2: Cougars001 ($0 in chips) is sitting out
Seat 1: fataleggs13 ($86.86 in chips) 
Seat 3: BGS013 ($372.20 in chips) 
Seat 4: numapu_33 ($100 in chips) 
Seat 5: kars0n ($126.53 in chips) 
Seat 6: PostoronnimV ($100 in chips) 
BGS013: posts small blind $0.50
numapu_33: posts big blind $1
*** HOLE CARDS ***
kars0n: folds 
PostoronnimV: raises $1.50 to $2.50
fataleggs13: folds 
BGS013: raises $8.50 to $11
numapu_33: folds 
PostoronnimV: folds 
Uncalled bet ($8.50) returned to BGS013
BGS013 collected $6 from pot
BGS013: doesn't show hand 
*** SUMMARY ***
Total pot $6 | Rake $0 
Seat 2: Cougars001
Seat 1: fataleggs13 (button) folded before Flop (didn't bet)
Seat 3: BGS013 (small blind) collected ($6)
Seat 4: numapu_33 (big blind) folded before Flop
Seat 5: kars0n folded before Flop (didn't bet)
Seat 6: PostoronnimV folded before Flop



PokerStars Hand #254269647121:  Hold'em No Limit ($0.50/$1.00 USD) - 2025/01/08 22:13:11 WET [2025/01/08 17:13:11 ET]
Table 'Nuki II' 6-max Seat #3 is the button
Seat 2: Cougars001 ($0 in chips) is sitting out
Seat 1: fataleggs13 ($86.86 in chips) 
Seat 3: BGS013 ($375.70 in chips) 
Seat 4: numapu_33 ($100 in chips) 
Seat 5: kars0n ($126.53 in chips) 
Seat 6: PostoronnimV ($100 in chips) 
numapu_33: posts small blind $0.50
kars0n: posts big blind $1
*** HOLE CARDS ***
PostoronnimV: raises $1.50 to $2.50
fataleggs13: raises $5 to $7.50
BGS013: folds 
numapu_33: folds 
kars0n: folds 
PostoronnimV: folds 
Uncalled bet ($5) returned to fataleggs13
kars0n leaves the table
fataleggs13 collected $6.50 from pot
fataleggs13: doesn't show hand 
*** SUMMARY ***
Total pot $6.50 | Rake $0 
Seat 2: Cougars001
Seat 1: fataleggs13 collected ($6.50)
Seat 3: BGS013 (button) folded before Flop (didn't bet)
Seat 4: numapu_33 (small blind) folded before Flop
Seat 5: kars0n (big blind) folded before Flop
Seat 6: PostoronnimV folded before Flop



PokerStars Hand #254269656204:  Hold'em No Limit ($0.50/$1.00 USD) - 2025/01/08 22:13:40 WET [2025/01/08 17:13:40 ET]
Table 'Nuki II' 6-max Seat #6 is the button
Seat 1: fataleggs13 ($90.86 in chips) is sitting out
Seat 2: Cougars001 ($0 in chips) is sitting out
Seat 3: BGS013 ($375.70 in chips) is sitting out
Seat 4: numapu_33 ($100 in chips) 
Seat 6: PostoronnimV ($100 in chips) 
PostoronnimV: posts small blind $0.50
fataleggs13: is sitting out 
BGS013: is sitting out 
numapu_33: posts big blind $1
*** HOLE CARDS ***
PostoronnimV: raises $1.50 to $2.50
numapu_33: calls $1.50
*** FLOP *** [6d 4c Th]
fataleggs13 leaves the table
BGS013 leaves the table
numapu_33: checks 
PostoronnimV: bets $3.33
numapu_33: raises $9.67 to $13
PostoronnimV: calls $9.67
*** TURN *** [6d 4c Th] [2c]
numapu_33: bets $22.50
PostoronnimV: calls $22.50
*** RIVER *** [6d 4c Th 2c] [8h]
numapu_33: bets $62 and is all-in
PostoronnimV: folds 
Uncalled bet ($62) returned to numapu_33
numapu_33 collected $75 from pot
numapu_33: doesn't show hand 
*** SUMMARY ***
Total pot $76 | Rake $1 
Board [6d 4c Th 2c 8h]
Seat 1: fataleggs13
Seat 2: Cougars001
Seat 3: BGS013
Seat 4: numapu_33 (big blind) collected ($75)
Seat 6: PostoronnimV (button) (small blind) folded on the River



