PokerStars Hand #254260674230:  Hold'em No Limit ($0.50/$1.00 USD) - 2025/01/08 13:07:45 WET [2025/01/08 8:07:45 ET]
Table 'Zech II' 6-max Seat #2 is the button
Seat 3: afentoukis97 ($0 in chips) is sitting out
Seat 6: b2k-Snick ($100 in chips) is sitting out
Seat 1: stephans888 ($46.79 in chips) 
Seat 2: Rdalonso ($113.51 in chips) 
Seat 4: Rysiff ($100 in chips) 
Seat 5: ddyyjj ($100 in chips) 
Rysiff: posts small blind $0.50
ddyyjj: posts big blind $1
b2k-Snick: sits out 
*** HOLE CARDS ***
stephans888: folds 
Rdalonso: folds 
Rysiff: folds 
Uncalled bet ($0.50) returned to ddyyjj
ddyyjj collected $1 from pot
ddyyjj: doesn't show hand 
*** SUMMARY ***
Total pot $1 | Rake $0 
Seat 3: afentoukis97
Seat 6: b2k-Snick
Seat 1: stephans888 folded before Flop (didn't bet)
Seat 2: Rdalonso (button) folded before Flop (didn't bet)
Seat 4: Rysiff (small blind) folded before Flop
Seat 5: ddyyjj (big blind) collected ($1)



PokerStars Hand #254260676253:  Hold'em No Limit ($0.50/$1.00 USD) - 2025/01/08 13:07:58 WET [2025/01/08 8:07:58 ET]
Table 'Zech II' 6-max Seat #4 is the button
Seat 1: stephans888 ($46.79 in chips) 
Seat 2: Rdalonso ($113.51 in chips) 
Seat 3: afentoukis97 ($36.47 in chips) 
Seat 4: Rysiff ($100 in chips) 
Seat 5: ddyyjj ($100.50 in chips) 
Seat 6: b2k-Snick ($100 in chips) 
ddyyjj: posts small blind $0.50
b2k-Snick: posts big blind $1
afentoukis97: posts small blind $0.50
*** HOLE CARDS ***
stephans888: folds 
Rdalonso: folds 
afentoukis97: calls $1
Rysiff: raises $3 to $4
ddyyjj: folds 
b2k-Snick: folds 
afentoukis97: calls $3
*** FLOP *** [Qd 6d 8h]
afentoukis97: checks 
Rysiff: bets $4.75
afentoukis97: folds 
Uncalled bet ($4.75) returned to Rysiff
Rysiff collected $9.50 from pot
Rysiff: doesn't show hand 
*** SUMMARY ***
Total pot $10 | Rake $0.50 
Board [Qd 6d 8h]
Seat 1: stephans888 folded before Flop (didn't bet)
Seat 2: Rdalonso folded before Flop (didn't bet)
Seat 3: afentoukis97 folded on the Flop
Seat 4: Rysiff (button) collected ($9.50)
Seat 5: ddyyjj (small blind) folded before Flop
Seat 6: b2k-Snick (big blind) folded before Flop



PokerStars Hand #254260684249:  Hold'em No Limit ($0.50/$1.00 USD) - 2025/01/08 13:08:48 WET [2025/01/08 8:08:48 ET]
Table 'Zech II' 6-max Seat #5 is the button
Seat 1: stephans888 ($46.79 in chips) 
Seat 2: Rdalonso ($113.51 in chips) 
Seat 3: afentoukis97 ($31.97 in chips) 
Seat 4: Rysiff ($105.50 in chips) 
Seat 5: ddyyjj ($100 in chips) 
Seat 6: b2k-Snick ($100 in chips) 
b2k-Snick: posts small blind $0.50
stephans888: posts big blind $1
*** HOLE CARDS ***
Rdalonso: folds 
afentoukis97: folds 
Rysiff: folds 
ddyyjj: raises $1.50 to $2.50
b2k-Snick: folds 
stephans888: folds 
Uncalled bet ($1.50) returned to ddyyjj
ddyyjj collected $2.50 from pot
ddyyjj: doesn't show hand 
*** SUMMARY ***
Total pot $2.50 | Rake $0 
Seat 1: stephans888 (big blind) folded before Flop
Seat 2: Rdalonso folded before Flop (didn't bet)
Seat 3: afentoukis97 folded before Flop (didn't bet)
Seat 4: Rysiff folded before Flop (didn't bet)
Seat 5: ddyyjj (button) collected ($2.50)
Seat 6: b2k-Snick (small blind) folded before Flop



PokerStars Hand #254260686945:  Hold'em No Limit ($0.50/$1.00 USD) - 2025/01/08 13:09:05 WET [2025/01/08 8:09:05 ET]
Table 'Zech II' 6-max Seat #6 is the button
Seat 1: stephans888 ($45.79 in chips) 
Seat 2: Rdalonso ($113.51 in chips) 
Seat 3: afentoukis97 ($31.97 in chips) 
Seat 4: Rysiff ($105.50 in chips) 
Seat 5: ddyyjj ($101.50 in chips) 
Seat 6: b2k-Snick ($100 in chips) 
stephans888: posts small blind $0.50
Rdalonso: posts big blind $1
*** HOLE CARDS ***
afentoukis97: folds 
Rysiff: raises $1.50 to $2.50
ddyyjj: folds 
b2k-Snick: folds 
stephans888: folds 
Rdalonso: calls $1.50
*** FLOP *** [3d 8h Ah]
Rdalonso: checks 
Rysiff: bets $1.72
Rdalonso: folds 
Uncalled bet ($1.72) returned to Rysiff
Rysiff collected $5.22 from pot
Rysiff: doesn't show hand 
*** SUMMARY ***
Total pot $5.50 | Rake $0.28 
Board [3d 8h Ah]
Seat 1: stephans888 (small blind) folded before Flop
Seat 2: Rdalonso (big blind) folded on the Flop
Seat 3: afentoukis97 folded before Flop (didn't bet)
Seat 4: Rysiff collected ($5.22)
Seat 5: ddyyjj folded before Flop (didn't bet)
Seat 6: b2k-Snick (button) folded before Flop (didn't bet)



PokerStars Hand #254260691863:  Hold'em No Limit ($0.50/$1.00 USD) - 2025/01/08 13:09:35 WET [2025/01/08 8:09:35 ET]
Table 'Zech II' 6-max Seat #1 is the button
Seat 1: stephans888 ($45.29 in chips) 
Seat 2: Rdalonso ($111.01 in chips) 
Seat 3: afentoukis97 ($31.97 in chips) 
Seat 4: Rysiff ($108.22 in chips) 
Seat 5: ddyyjj ($101.50 in chips) 
Seat 6: b2k-Snick ($100 in chips) 
Rdalonso: posts small blind $0.50
afentoukis97: posts big blind $1
*** HOLE CARDS ***
Rysiff: raises $1.50 to $2.50
ddyyjj: folds 
b2k-Snick: folds 
stephans888: calls $2.50
Rdalonso: folds 
afentoukis97: calls $1.50
*** FLOP *** [8d Th 6d]
afentoukis97: checks 
Rysiff: checks 
stephans888: checks 
*** TURN *** [8d Th 6d] [Td]
afentoukis97: checks 
Rysiff: checks 
stephans888: checks 
*** RIVER *** [8d Th 6d Td] [Js]
afentoukis97: checks 
Rysiff: checks 
stephans888: checks 
*** SHOW DOWN ***
afentoukis97: shows [6h 4c] (two pair, Tens and Sixes)
Rysiff: mucks hand 
stephans888: mucks hand 
afentoukis97 collected $7.60 from pot
*** SUMMARY ***
Total pot $8 | Rake $0.40 
Board [8d Th 6d Td Js]
Seat 1: stephans888 (button) mucked
Seat 2: Rdalonso (small blind) folded before Flop
Seat 3: afentoukis97 (big blind) showed [6h 4c] and won ($7.60) with two pair, Tens and Sixes
Seat 4: Rysiff mucked
Seat 5: ddyyjj folded before Flop (didn't bet)
Seat 6: b2k-Snick folded before Flop (didn't bet)



PokerStars Hand #254260699341:  Hold'em No Limit ($0.50/$1.00 USD) - 2025/01/08 13:10:22 WET [2025/01/08 8:10:22 ET]
Table 'Zech II' 6-max Seat #2 is the button
Seat 1: stephans888 ($42.79 in chips) 
Seat 2: Rdalonso ($110.51 in chips) 
Seat 3: afentoukis97 ($37.07 in chips) 
Seat 4: Rysiff ($105.72 in chips) 
Seat 5: ddyyjj ($101.50 in chips) 
Seat 6: b2k-Snick ($100 in chips) 
afentoukis97: posts small blind $0.50
Rysiff: posts big blind $1
*** HOLE CARDS ***
ddyyjj: folds 
b2k-Snick: folds 
stephans888: calls $1
Rdalonso: folds 
afentoukis97: calls $0.50
Rysiff: raises $4 to $5
stephans888: folds 
afentoukis97: folds 
Uncalled bet ($4) returned to Rysiff
Rysiff collected $3 from pot
Rysiff: doesn't show hand 
*** SUMMARY ***
Total pot $3 | Rake $0 
Seat 1: stephans888 folded before Flop
Seat 2: Rdalonso (button) folded before Flop (didn't bet)
Seat 3: afentoukis97 (small blind) folded before Flop
Seat 4: Rysiff (big blind) collected ($3)
Seat 5: ddyyjj folded before Flop (didn't bet)
Seat 6: b2k-Snick folded before Flop (didn't bet)



PokerStars Hand #254260702727:  Hold'em No Limit ($0.50/$1.00 USD) - 2025/01/08 13:10:43 WET [2025/01/08 8:10:43 ET]
Table 'Zech II' 6-max Seat #3 is the button
Seat 1: stephans888 ($41.79 in chips) 
Seat 2: Rdalonso ($110.51 in chips) 
Seat 3: afentoukis97 ($36.07 in chips) 
Seat 4: Rysiff ($107.72 in chips) 
Seat 5: ddyyjj ($101.50 in chips) 
Seat 6: b2k-Snick ($100 in chips) 
Rysiff: posts small blind $0.50
ddyyjj: posts big blind $1
*** HOLE CARDS ***
b2k-Snick: folds 
stephans888: folds 
Rdalonso: folds 
afentoukis97: folds 
Rysiff: folds 
Uncalled bet ($0.50) returned to ddyyjj
ddyyjj collected $1 from pot
ddyyjj: doesn't show hand 
*** SUMMARY ***
Total pot $1 | Rake $0 
Seat 1: stephans888 folded before Flop (didn't bet)
Seat 2: Rdalonso folded before Flop (didn't bet)
Seat 3: afentoukis97 (button) folded before Flop (didn't bet)
Seat 4: Rysiff (small blind) folded before Flop
Seat 5: ddyyjj (big blind) collected ($1)
Seat 6: b2k-Snick folded before Flop (didn't bet)



PokerStars Hand #254260704411:  Hold'em No Limit ($0.50/$1.00 USD) - 2025/01/08 13:10:53 WET [2025/01/08 8:10:53 ET]
Table 'Zech II' 6-max Seat #4 is the button
Seat 1: stephans888 ($41.79 in chips) 
Seat 2: Rdalonso ($110.51 in chips) 
Seat 3: afentoukis97 ($36.07 in chips) 
Seat 4: Rysiff ($107.22 in chips) 
Seat 5: ddyyjj ($102 in chips) 
Seat 6: b2k-Snick ($100 in chips) 
ddyyjj: posts small blind $0.50
b2k-Snick: posts big blind $1
*** HOLE CARDS ***
stephans888: folds 
Rdalonso: folds 
afentoukis97: folds 
Rysiff: folds 
ddyyjj: raises $2 to $3
b2k-Snick: folds 
Uncalled bet ($2) returned to ddyyjj
ddyyjj collected $2 from pot
ddyyjj: doesn't show hand 
*** SUMMARY ***
Total pot $2 | Rake $0 
Seat 1: stephans888 folded before Flop (didn't bet)
Seat 2: Rdalonso folded before Flop (didn't bet)
Seat 3: afentoukis97 folded before Flop (didn't bet)
Seat 4: Rysiff (button) folded before Flop (didn't bet)
Seat 5: ddyyjj (small blind) collected ($2)
Seat 6: b2k-Snick (big blind) folded before Flop



PokerStars Hand #254260708133:  Hold'em No Limit ($0.50/$1.00 USD) - 2025/01/08 13:11:16 WET [2025/01/08 8:11:16 ET]
Table 'Zech II' 6-max Seat #5 is the button
Seat 1: stephans888 ($41.79 in chips) 
Seat 2: Rdalonso ($110.51 in chips) 
Seat 3: afentoukis97 ($36.07 in chips) 
Seat 4: Rysiff ($107.22 in chips) 
Seat 5: ddyyjj ($103 in chips) 
Seat 6: b2k-Snick ($100 in chips) 
b2k-Snick: posts small blind $0.50
stephans888: posts big blind $1
*** HOLE CARDS ***
Rdalonso: raises $1.50 to $2.50
afentoukis97: calls $2.50
Rysiff: folds 
ddyyjj: folds 
b2k-Snick: folds 
stephans888: folds 
*** FLOP *** [5s Ts 6c]
Rdalonso: checks 
afentoukis97: checks 
*** TURN *** [5s Ts 6c] [Qh]
Rdalonso: checks 
afentoukis97: checks 
*** RIVER *** [5s Ts 6c Qh] [4c]
Rdalonso: checks 
afentoukis97: checks 
*** SHOW DOWN ***
Rdalonso: shows [2h 2d] (a pair of Deuces)
afentoukis97: mucks hand 
Rdalonso collected $6.18 from pot
*** SUMMARY ***
Total pot $6.50 | Rake $0.32 
Board [5s Ts 6c Qh 4c]
Seat 1: stephans888 (big blind) folded before Flop
Seat 2: Rdalonso showed [2h 2d] and won ($6.18) with a pair of Deuces
Seat 3: afentoukis97 mucked
Seat 4: Rysiff folded before Flop (didn't bet)
Seat 5: ddyyjj (button) folded before Flop (didn't bet)
Seat 6: b2k-Snick (small blind) folded before Flop



PokerStars Hand #254260714891:  Hold'em No Limit ($0.50/$1.00 USD) - 2025/01/08 13:11:58 WET [2025/01/08 8:11:58 ET]
Table 'Zech II' 6-max Seat #6 is the button
Seat 1: stephans888 ($40.79 in chips) 
Seat 2: Rdalonso ($114.19 in chips) 
Seat 3: afentoukis97 ($33.57 in chips) 
Seat 4: Rysiff ($107.22 in chips) 
Seat 5: ddyyjj ($103 in chips) 
Seat 6: b2k-Snick ($100 in chips) 
stephans888: posts small blind $0.50
Rdalonso: posts big blind $1
*** HOLE CARDS ***
afentoukis97: folds 
Rysiff: raises $1.50 to $2.50
ddyyjj: raises $5.50 to $8
b2k-Snick: folds 
stephans888: folds 
Rdalonso: folds 
Rysiff: folds 
Uncalled bet ($5.50) returned to ddyyjj
ddyyjj collected $6.50 from pot
ddyyjj: doesn't show hand 
*** SUMMARY ***
Total pot $6.50 | Rake $0 
Seat 1: stephans888 (small blind) folded before Flop
Seat 2: Rdalonso (big blind) folded before Flop
Seat 3: afentoukis97 folded before Flop (didn't bet)
Seat 4: Rysiff folded before Flop
Seat 5: ddyyjj collected ($6.50)
Seat 6: b2k-Snick (button) folded before Flop (didn't bet)



PokerStars Hand #254260720061:  Hold'em No Limit ($0.50/$1.00 USD) - 2025/01/08 13:12:30 WET [2025/01/08 8:12:30 ET]
Table 'Zech II' 6-max Seat #1 is the button
Seat 1: stephans888 ($40.29 in chips) 
Seat 2: Rdalonso ($113.19 in chips) 
Seat 3: afentoukis97 ($33.57 in chips) 
Seat 4: Rysiff ($104.72 in chips) 
Seat 5: ddyyjj ($107 in chips) 
Seat 6: b2k-Snick ($100 in chips) 
Rdalonso: posts small blind $0.50
afentoukis97: posts big blind $1
*** HOLE CARDS ***
Rysiff: raises $1.50 to $2.50
ddyyjj: raises $5.50 to $8
b2k-Snick: folds 
stephans888: folds 
Rdalonso: raises $14 to $22
afentoukis97: folds 
Rysiff: folds 
ddyyjj: calls $14
*** FLOP *** [4s Ad Kh]
Rdalonso: bets $14.89
ddyyjj: raises $22.47 to $37.36
Rdalonso: folds 
Uncalled bet ($22.47) returned to ddyyjj
ddyyjj collected $74.78 from pot
ddyyjj: doesn't show hand 
*** SUMMARY ***
Total pot $77.28 | Rake $2.50 
Board [4s Ad Kh]
Seat 1: stephans888 (button) folded before Flop (didn't bet)
Seat 2: Rdalonso (small blind) folded on the Flop
Seat 3: afentoukis97 (big blind) folded before Flop
Seat 4: Rysiff folded before Flop
Seat 5: ddyyjj collected ($74.78)
Seat 6: b2k-Snick folded before Flop (didn't bet)



PokerStars Hand #254260729621:  Hold'em No Limit ($0.50/$1.00 USD) - 2025/01/08 13:13:30 WET [2025/01/08 8:13:30 ET]
Table 'Zech II' 6-max Seat #2 is the button
Seat 1: stephans888 ($40.29 in chips) 
Seat 2: Rdalonso ($100 in chips) 
Seat 3: afentoukis97 ($32.57 in chips) 
Seat 4: Rysiff ($102.22 in chips) 
Seat 5: ddyyjj ($144.89 in chips) 
Seat 6: b2k-Snick ($100 in chips) 
afentoukis97: posts small blind $0.50
Rysiff: posts big blind $1
*** HOLE CARDS ***
ddyyjj: folds 
b2k-Snick: folds 
stephans888: folds 
Rdalonso: raises $1.50 to $2.50
afentoukis97: folds 
Rysiff: raises $9.50 to $12
Rdalonso: calls $9.50
*** FLOP *** [Td 3c Kd]
Rysiff: bets $7.68
Rdalonso: calls $7.68
*** TURN *** [Td 3c Kd] [2c]
Rysiff: bets $30.30
Rdalonso: folds 
Uncalled bet ($30.30) returned to Rysiff
Rysiff collected $37.87 from pot
Rysiff: doesn't show hand 
*** SUMMARY ***
Total pot $39.86 | Rake $1.99 
Board [Td 3c Kd 2c]
Seat 1: stephans888 folded before Flop (didn't bet)
Seat 2: Rdalonso (button) folded on the Turn
Seat 3: afentoukis97 (small blind) folded before Flop
Seat 4: Rysiff (big blind) collected ($37.87)
Seat 5: ddyyjj folded before Flop (didn't bet)
Seat 6: b2k-Snick folded before Flop (didn't bet)



PokerStars Hand #254260741369:  Hold'em No Limit ($0.50/$1.00 USD) - 2025/01/08 13:14:43 WET [2025/01/08 8:14:43 ET]
Table 'Zech II' 6-max Seat #3 is the button
Seat 1: stephans888 ($40.29 in chips) 
Seat 2: Rdalonso ($100 in chips) 
Seat 3: afentoukis97 ($32.07 in chips) 
Seat 4: Rysiff ($120.41 in chips) 
Seat 5: ddyyjj ($144.89 in chips) 
Seat 6: b2k-Snick ($100 in chips) 
Rysiff: posts small blind $0.50
ddyyjj: posts big blind $1
*** HOLE CARDS ***
b2k-Snick: folds 
stephans888: folds 
Rdalonso: folds 
afentoukis97: folds 
Rysiff: folds 
Uncalled bet ($0.50) returned to ddyyjj
ddyyjj collected $1 from pot
ddyyjj: doesn't show hand 
*** SUMMARY ***
Total pot $1 | Rake $0 
Seat 1: stephans888 folded before Flop (didn't bet)
Seat 2: Rdalonso folded before Flop (didn't bet)
Seat 3: afentoukis97 (button) folded before Flop (didn't bet)
Seat 4: Rysiff (small blind) folded before Flop
Seat 5: ddyyjj (big blind) collected ($1)
Seat 6: b2k-Snick folded before Flop (didn't bet)



PokerStars Hand #254260743152:  Hold'em No Limit ($0.50/$1.00 USD) - 2025/01/08 13:14:54 WET [2025/01/08 8:14:54 ET]
Table 'Zech II' 6-max Seat #4 is the button
Seat 1: stephans888 ($40.29 in chips) 
Seat 2: Rdalonso ($100 in chips) 
Seat 3: afentoukis97 ($32.07 in chips) 
Seat 4: Rysiff ($119.91 in chips) 
Seat 5: ddyyjj ($145.39 in chips) 
Seat 6: b2k-Snick ($100 in chips) 
ddyyjj: posts small blind $0.50
b2k-Snick: posts big blind $1
*** HOLE CARDS ***
stephans888: folds 
Rdalonso: folds 
afentoukis97: folds 
Rysiff: folds 
ddyyjj: folds 
Uncalled bet ($0.50) returned to b2k-Snick
b2k-Snick collected $1 from pot
b2k-Snick: doesn't show hand 
*** SUMMARY ***
Total pot $1 | Rake $0 
Seat 1: stephans888 folded before Flop (didn't bet)
Seat 2: Rdalonso folded before Flop (didn't bet)
Seat 3: afentoukis97 folded before Flop (didn't bet)
Seat 4: Rysiff (button) folded before Flop (didn't bet)
Seat 5: ddyyjj (small blind) folded before Flop
Seat 6: b2k-Snick (big blind) collected ($1)



PokerStars Hand #254260746082:  Hold'em No Limit ($0.50/$1.00 USD) - 2025/01/08 13:15:11 WET [2025/01/08 8:15:11 ET]
Table 'Zech II' 6-max Seat #5 is the button
Seat 1: stephans888 ($40.29 in chips) 
Seat 2: Rdalonso ($100 in chips) 
Seat 3: afentoukis97 ($32.07 in chips) 
Seat 4: Rysiff ($119.91 in chips) 
Seat 5: ddyyjj ($144.89 in chips) 
Seat 6: b2k-Snick ($100.50 in chips) 
b2k-Snick: posts small blind $0.50
stephans888: posts big blind $1
*** HOLE CARDS ***
Rdalonso: folds 
afentoukis97: calls $1
Rysiff: folds 
ddyyjj: raises $1.50 to $2.50
b2k-Snick: folds 
stephans888: folds 
afentoukis97: calls $1.50
*** FLOP *** [7h 3c 8d]
afentoukis97: checks 
ddyyjj: bets $4.02
afentoukis97: folds 
Uncalled bet ($4.02) returned to ddyyjj
ddyyjj collected $6.18 from pot
ddyyjj: doesn't show hand 
*** SUMMARY ***
Total pot $6.50 | Rake $0.32 
Board [7h 3c 8d]
Seat 1: stephans888 (big blind) folded before Flop
Seat 2: Rdalonso folded before Flop (didn't bet)
Seat 3: afentoukis97 folded on the Flop
Seat 4: Rysiff folded before Flop (didn't bet)
Seat 5: ddyyjj (button) collected ($6.18)
Seat 6: b2k-Snick (small blind) folded before Flop



PokerStars Hand #254260749721:  Hold'em No Limit ($0.50/$1.00 USD) - 2025/01/08 13:15:34 WET [2025/01/08 8:15:34 ET]
Table 'Zech II' 6-max Seat #6 is the button
Seat 1: stephans888 ($39.29 in chips) 
Seat 2: Rdalonso ($100 in chips) 
Seat 3: afentoukis97 ($29.57 in chips) 
Seat 4: Rysiff ($119.91 in chips) 
Seat 5: ddyyjj ($148.57 in chips) 
Seat 6: b2k-Snick ($100 in chips) 
stephans888: posts small blind $0.50
Rdalonso: posts big blind $1
*** HOLE CARDS ***
afentoukis97: folds 
Rysiff: folds 
ddyyjj: folds 
b2k-Snick: folds 
stephans888: folds 
Uncalled bet ($0.50) returned to Rdalonso
Rdalonso collected $1 from pot
Rdalonso: doesn't show hand 
*** SUMMARY ***
Total pot $1 | Rake $0 
Seat 1: stephans888 (small blind) folded before Flop
Seat 2: Rdalonso (big blind) collected ($1)
Seat 3: afentoukis97 folded before Flop (didn't bet)
Seat 4: Rysiff folded before Flop (didn't bet)
Seat 5: ddyyjj folded before Flop (didn't bet)
Seat 6: b2k-Snick (button) folded before Flop (didn't bet)



PokerStars Hand #254260751499:  Hold'em No Limit ($0.50/$1.00 USD) - 2025/01/08 13:15:44 WET [2025/01/08 8:15:44 ET]
Table 'Zech II' 6-max Seat #1 is the button
Seat 1: stephans888 ($38.79 in chips) 
Seat 2: Rdalonso ($100.50 in chips) 
Seat 3: afentoukis97 ($29.57 in chips) 
Seat 4: Rysiff ($119.91 in chips) 
Seat 5: ddyyjj ($148.57 in chips) 
Seat 6: b2k-Snick ($100 in chips) 
Rdalonso: posts small blind $0.50
afentoukis97: posts big blind $1
*** HOLE CARDS ***
Rysiff: folds 
ddyyjj: folds 
b2k-Snick: folds 
stephans888: folds 
Rdalonso: raises $2 to $3
afentoukis97: raises $26.57 to $29.57 and is all-in
Rdalonso: folds 
Uncalled bet ($26.57) returned to afentoukis97
afentoukis97 collected $6 from pot
*** SUMMARY ***
Total pot $6 | Rake $0 
Seat 1: stephans888 (button) folded before Flop (didn't bet)
Seat 2: Rdalonso (small blind) folded before Flop
Seat 3: afentoukis97 (big blind) collected ($6)
Seat 4: Rysiff folded before Flop (didn't bet)
Seat 5: ddyyjj folded before Flop (didn't bet)
Seat 6: b2k-Snick folded before Flop (didn't bet)



PokerStars Hand #254260754765:  Hold'em No Limit ($0.50/$1.00 USD) - 2025/01/08 13:16:04 WET [2025/01/08 8:16:04 ET]
Table 'Zech II' 6-max Seat #2 is the button
Seat 1: stephans888 ($38.79 in chips) 
Seat 2: Rdalonso ($100 in chips) 
Seat 3: afentoukis97 ($32.57 in chips) 
Seat 4: Rysiff ($119.91 in chips) 
Seat 5: ddyyjj ($148.57 in chips) 
Seat 6: b2k-Snick ($100 in chips) 
afentoukis97: posts small blind $0.50
Rysiff: posts big blind $1
*** HOLE CARDS ***
ddyyjj: folds 
b2k-Snick: folds 
stephans888: folds 
Rdalonso: raises $1.50 to $2.50
afentoukis97: calls $2
Rysiff: folds 
*** FLOP *** [5c Jh Js]
afentoukis97: checks 
Rdalonso: bets $1.88
afentoukis97: folds 
Uncalled bet ($1.88) returned to Rdalonso
Rdalonso collected $5.70 from pot
Rdalonso: doesn't show hand 
*** SUMMARY ***
Total pot $6 | Rake $0.30 
Board [5c Jh Js]
Seat 1: stephans888 folded before Flop (didn't bet)
Seat 2: Rdalonso (button) collected ($5.70)
Seat 3: afentoukis97 (small blind) folded on the Flop
Seat 4: Rysiff (big blind) folded before Flop
Seat 5: ddyyjj folded before Flop (didn't bet)
Seat 6: b2k-Snick folded before Flop (didn't bet)



PokerStars Hand #254260760084:  Hold'em No Limit ($0.50/$1.00 USD) - 2025/01/08 13:16:36 WET [2025/01/08 8:16:36 ET]
Table 'Zech II' 6-max Seat #3 is the button
Seat 1: stephans888 ($38.79 in chips) 
Seat 2: Rdalonso ($103.20 in chips) 
Seat 3: afentoukis97 ($30.07 in chips) 
Seat 4: Rysiff ($118.91 in chips) 
Seat 5: ddyyjj ($148.57 in chips) 
Seat 6: b2k-Snick ($100 in chips) 
Rysiff: posts small blind $0.50
ddyyjj: posts big blind $1
*** HOLE CARDS ***
b2k-Snick: folds 
stephans888: folds 
Rdalonso: folds 
afentoukis97: folds 
Rysiff: raises $2 to $3
ddyyjj: calls $2
*** FLOP *** [6c Qc 6h]
Rysiff: bets $1.88
ddyyjj: calls $1.88
*** TURN *** [6c Qc 6h] [5h]
Rysiff: bets $7.42
ddyyjj: folds 
Uncalled bet ($7.42) returned to Rysiff
Rysiff collected $9.27 from pot
Rysiff: doesn't show hand 
*** SUMMARY ***
Total pot $9.76 | Rake $0.49 
Board [6c Qc 6h 5h]
Seat 1: stephans888 folded before Flop (didn't bet)
Seat 2: Rdalonso folded before Flop (didn't bet)
Seat 3: afentoukis97 (button) folded before Flop (didn't bet)
Seat 4: Rysiff (small blind) collected ($9.27)
Seat 5: ddyyjj (big blind) folded on the Turn
Seat 6: b2k-Snick folded before Flop (didn't bet)



PokerStars Hand #254260769080:  Hold'em No Limit ($0.50/$1.00 USD) - 2025/01/08 13:17:30 WET [2025/01/08 8:17:30 ET]
Table 'Zech II' 6-max Seat #4 is the button
Seat 1: stephans888 ($38.79 in chips) 
Seat 2: Rdalonso ($103.20 in chips) 
Seat 3: afentoukis97 ($30.07 in chips) 
Seat 4: Rysiff ($123.30 in chips) 
Seat 5: ddyyjj ($143.69 in chips) 
Seat 6: b2k-Snick ($100 in chips) 
ddyyjj: posts small blind $0.50
b2k-Snick: posts big blind $1
*** HOLE CARDS ***
stephans888: folds 
Rdalonso: folds 
afentoukis97: folds 
Rysiff: folds 
ddyyjj: folds 
Uncalled bet ($0.50) returned to b2k-Snick
b2k-Snick collected $1 from pot
b2k-Snick: doesn't show hand 
*** SUMMARY ***
Total pot $1 | Rake $0 
Seat 1: stephans888 folded before Flop (didn't bet)
Seat 2: Rdalonso folded before Flop (didn't bet)
Seat 3: afentoukis97 folded before Flop (didn't bet)
Seat 4: Rysiff (button) folded before Flop (didn't bet)
Seat 5: ddyyjj (small blind) folded before Flop
Seat 6: b2k-Snick (big blind) collected ($1)



PokerStars Hand #254260771277:  Hold'em No Limit ($0.50/$1.00 USD) - 2025/01/08 13:17:43 WET [2025/01/08 8:17:43 ET]
Table 'Zech II' 6-max Seat #5 is the button
Seat 1: stephans888 ($38.79 in chips) 
Seat 2: Rdalonso ($103.20 in chips) 
Seat 3: afentoukis97 ($30.07 in chips) 
Seat 4: Rysiff ($123.30 in chips) 
Seat 5: ddyyjj ($143.19 in chips) 
Seat 6: b2k-Snick ($100.50 in chips) 
b2k-Snick: posts small blind $0.50
stephans888: posts big blind $1
*** HOLE CARDS ***
Rdalonso: folds 
afentoukis97: folds 
Rysiff: folds 
ddyyjj: folds 
b2k-Snick: folds 
Uncalled bet ($0.50) returned to stephans888
stephans888 collected $1 from pot
*** SUMMARY ***
Total pot $1 | Rake $0 
Seat 1: stephans888 (big blind) collected ($1)
Seat 2: Rdalonso folded before Flop (didn't bet)
Seat 3: afentoukis97 folded before Flop (didn't bet)
Seat 4: Rysiff folded before Flop (didn't bet)
Seat 5: ddyyjj (button) folded before Flop (didn't bet)
Seat 6: b2k-Snick (small blind) folded before Flop



PokerStars Hand #254260773284:  Hold'em No Limit ($0.50/$1.00 USD) - 2025/01/08 13:17:55 WET [2025/01/08 8:17:55 ET]
Table 'Zech II' 6-max Seat #6 is the button
Seat 1: stephans888 ($39.29 in chips) 
Seat 2: Rdalonso ($103.20 in chips) 
Seat 3: afentoukis97 ($30.07 in chips) 
Seat 4: Rysiff ($123.30 in chips) 
Seat 5: ddyyjj ($143.19 in chips) 
Seat 6: b2k-Snick ($100 in chips) 
stephans888: posts small blind $0.50
Rdalonso: posts big blind $1
*** HOLE CARDS ***
afentoukis97: folds 
Rysiff: folds 
ddyyjj: folds 
b2k-Snick: raises $1.50 to $2.50
stephans888: folds 
Rdalonso: folds 
Uncalled bet ($1.50) returned to b2k-Snick
b2k-Snick collected $2.50 from pot
b2k-Snick: doesn't show hand 
*** SUMMARY ***
Total pot $2.50 | Rake $0 
Seat 1: stephans888 (small blind) folded before Flop
Seat 2: Rdalonso (big blind) folded before Flop
Seat 3: afentoukis97 folded before Flop (didn't bet)
Seat 4: Rysiff folded before Flop (didn't bet)
Seat 5: ddyyjj folded before Flop (didn't bet)
Seat 6: b2k-Snick (button) collected ($2.50)



PokerStars Hand #254260776420:  Hold'em No Limit ($0.50/$1.00 USD) - 2025/01/08 13:18:14 WET [2025/01/08 8:18:14 ET]
Table 'Zech II' 6-max Seat #1 is the button
Seat 1: stephans888 ($38.79 in chips) 
Seat 2: Rdalonso ($102.20 in chips) 
Seat 3: afentoukis97 ($30.07 in chips) 
Seat 4: Rysiff ($123.30 in chips) 
Seat 5: ddyyjj ($143.19 in chips) 
Seat 6: b2k-Snick ($101.50 in chips) 
Rdalonso: posts small blind $0.50
afentoukis97: posts big blind $1
*** HOLE CARDS ***
Rysiff: folds 
ddyyjj: folds 
b2k-Snick: folds 
stephans888: folds 
Rdalonso: raises $1.50 to $2.50
afentoukis97: calls $1.50
*** FLOP *** [9h Jd 4h]
Rdalonso: bets $1.57
afentoukis97: calls $1.57
*** TURN *** [9h Jd 4h] [9s]
Rdalonso: bets $5.80
afentoukis97: folds 
Uncalled bet ($5.80) returned to Rdalonso
Rdalonso collected $7.73 from pot
Rdalonso: doesn't show hand 
*** SUMMARY ***
Total pot $8.14 | Rake $0.41 
Board [9h Jd 4h 9s]
Seat 1: stephans888 (button) folded before Flop (didn't bet)
Seat 2: Rdalonso (small blind) collected ($7.73)
Seat 3: afentoukis97 (big blind) folded on the Turn
Seat 4: Rysiff folded before Flop (didn't bet)
Seat 5: ddyyjj folded before Flop (didn't bet)
Seat 6: b2k-Snick folded before Flop (didn't bet)



PokerStars Hand #254260782515:  Hold'em No Limit ($0.50/$1.00 USD) - 2025/01/08 13:18:51 WET [2025/01/08 8:18:51 ET]
Table 'Zech II' 6-max Seat #2 is the button
Seat 1: stephans888 ($38.79 in chips) 
Seat 2: Rdalonso ($105.86 in chips) 
Seat 3: afentoukis97 ($26 in chips) 
Seat 4: Rysiff ($123.30 in chips) 
Seat 5: ddyyjj ($143.19 in chips) 
Seat 6: b2k-Snick ($101.50 in chips) 
afentoukis97: posts small blind $0.50
Rysiff: posts big blind $1
*** HOLE CARDS ***
ddyyjj: folds 
ddyyjj leaves the table
b2k-Snick: raises $1.10 to $2.10
stephans888: folds 
Rdalonso: folds 
G.HANSEN333 joins the table at seat #5 
afentoukis97: folds 
Rysiff: folds 
Uncalled bet ($1.10) returned to b2k-Snick
b2k-Snick collected $2.50 from pot
b2k-Snick: doesn't show hand 
*** SUMMARY ***
Total pot $2.50 | Rake $0 
Seat 1: stephans888 folded before Flop (didn't bet)
Seat 2: Rdalonso (button) folded before Flop (didn't bet)
Seat 3: afentoukis97 (small blind) folded before Flop
Seat 4: Rysiff (big blind) folded before Flop
Seat 5: ddyyjj folded before Flop (didn't bet)
Seat 6: b2k-Snick collected ($2.50)



PokerStars Hand #254260785389:  Hold'em No Limit ($0.50/$1.00 USD) - 2025/01/08 13:19:08 WET [2025/01/08 8:19:08 ET]
Table 'Zech II' 6-max Seat #3 is the button
Seat 1: stephans888 ($38.79 in chips) 
Seat 2: Rdalonso ($105.86 in chips) 
Seat 3: afentoukis97 ($25.50 in chips) 
Seat 4: Rysiff ($122.30 in chips) 
Seat 5: G.HANSEN333 ($100 in chips) 
Seat 6: b2k-Snick ($103 in chips) 
Rysiff: posts small blind $0.50
G.HANSEN333: posts big blind $1
*** HOLE CARDS ***
b2k-Snick: folds 
stephans888: folds 
Rdalonso: folds 
afentoukis97: calls $1
Rysiff: folds 
G.HANSEN333: checks 
*** FLOP *** [7h 3s Qc]
G.HANSEN333: checks 
afentoukis97: checks 
*** TURN *** [7h 3s Qc] [7d]
G.HANSEN333: bets $1.78
afentoukis97: calls $1.78
*** RIVER *** [7h 3s Qc 7d] [5s]
G.HANSEN333: bets $4.32
afentoukis97: folds 
Uncalled bet ($4.32) returned to G.HANSEN333
G.HANSEN333 collected $5.76 from pot
G.HANSEN333: doesn't show hand 
*** SUMMARY ***
Total pot $6.06 | Rake $0.30 
Board [7h 3s Qc 7d 5s]
Seat 1: stephans888 folded before Flop (didn't bet)
Seat 2: Rdalonso folded before Flop (didn't bet)
Seat 3: afentoukis97 (button) folded on the River
Seat 4: Rysiff (small blind) folded before Flop
Seat 5: G.HANSEN333 (big blind) collected ($5.76)
Seat 6: b2k-Snick folded before Flop (didn't bet)



PokerStars Hand #254260791014:  Hold'em No Limit ($0.50/$1.00 USD) - 2025/01/08 13:19:43 WET [2025/01/08 8:19:43 ET]
Table 'Zech II' 6-max Seat #4 is the button
Seat 1: stephans888 ($38.79 in chips) 
Seat 2: Rdalonso ($105.86 in chips) 
Seat 3: afentoukis97 ($22.72 in chips) 
Seat 4: Rysiff ($121.80 in chips) 
Seat 5: G.HANSEN333 ($102.98 in chips) 
Seat 6: b2k-Snick ($103 in chips) 
G.HANSEN333: posts small blind $0.50
b2k-Snick: posts big blind $1
*** HOLE CARDS ***
stephans888: folds 
Rdalonso: raises $1.50 to $2.50
afentoukis97: calls $2.50
Rysiff: folds 
G.HANSEN333: folds 
b2k-Snick: raises $10.50 to $13
Rdalonso: folds 
afentoukis97: raises $9.72 to $22.72 and is all-in
b2k-Snick: calls $9.72
*** FLOP *** [Ad Kc 7d]
*** TURN *** [Ad Kc 7d] [2s]
*** RIVER *** [Ad Kc 7d 2s] [9h]
*** SHOW DOWN ***
b2k-Snick: shows [Ac Qc] (a pair of Aces)
afentoukis97: shows [8c As] (a pair of Aces - lower kicker)
b2k-Snick collected $46.02 from pot
*** SUMMARY ***
Total pot $48.44 | Rake $2.42 
Board [Ad Kc 7d 2s 9h]
Seat 1: stephans888 folded before Flop (didn't bet)
Seat 2: Rdalonso folded before Flop
Seat 3: afentoukis97 showed [8c As] and lost with a pair of Aces
Seat 4: Rysiff (button) folded before Flop (didn't bet)
Seat 5: G.HANSEN333 (small blind) folded before Flop
Seat 6: b2k-Snick (big blind) showed [Ac Qc] and won ($46.02) with a pair of Aces



PokerStars Hand #254260798019:  Hold'em No Limit ($0.50/$1.00 USD) - 2025/01/08 13:20:25 WET [2025/01/08 8:20:25 ET]
Table 'Zech II' 6-max Seat #5 is the button
Seat 3: afentoukis97 ($0 in chips) is sitting out
Seat 1: stephans888 ($38.79 in chips) 
Seat 2: Rdalonso ($103.36 in chips) 
Seat 4: Rysiff ($121.80 in chips) 
Seat 5: G.HANSEN333 ($102.48 in chips) 
Seat 6: b2k-Snick ($126.30 in chips) 
b2k-Snick: posts small blind $0.50
stephans888: posts big blind $1
*** HOLE CARDS ***
Rdalonso: folds 
Rysiff: folds 
afentoukis97 leaves the table
G.HANSEN333: raises $1.50 to $2.50
b2k-Snick: raises $7.50 to $10
stephans888: folds 
G.HANSEN333: folds 
Uncalled bet ($7.50) returned to b2k-Snick
b2k-Snick collected $6 from pot
b2k-Snick: doesn't show hand 
*** SUMMARY ***
Total pot $6 | Rake $0 
Seat 3: afentoukis97
Seat 1: stephans888 (big blind) folded before Flop
Seat 2: Rdalonso folded before Flop (didn't bet)
Seat 4: Rysiff folded before Flop (didn't bet)
Seat 5: G.HANSEN333 (button) folded before Flop
Seat 6: b2k-Snick (small blind) collected ($6)



PokerStars Hand #254260801385:  Hold'em No Limit ($0.50/$1.00 USD) - 2025/01/08 13:20:46 WET [2025/01/08 8:20:46 ET]
Table 'Zech II' 6-max Seat #6 is the button
Seat 1: stephans888 ($37.79 in chips) 
Seat 2: Rdalonso ($103.36 in chips) 
Seat 4: Rysiff ($121.80 in chips) 
Seat 5: G.HANSEN333 ($100 in chips) 
Seat 6: b2k-Snick ($129.80 in chips) 
stephans888: posts small blind $0.50
Rdalonso: posts big blind $1
*** HOLE CARDS ***
Rysiff: folds 
G.HANSEN333: folds 
b2k-Snick: raises $1.50 to $2.50
stephans888: folds 
Rdalonso: calls $1.50
*** FLOP *** [Js Kd 2s]
Rdalonso: checks 
Dai5dop joins the table at seat #3 
b2k-Snick: bets $2.87
Rdalonso: raises $5.48 to $8.35
b2k-Snick: folds 
Uncalled bet ($5.48) returned to Rdalonso
Rdalonso collected $10.68 from pot
Rdalonso: doesn't show hand 
*** SUMMARY ***
Total pot $11.24 | Rake $0.56 
Board [Js Kd 2s]
Seat 1: stephans888 (small blind) folded before Flop
Seat 2: Rdalonso (big blind) collected ($10.68)
Seat 4: Rysiff folded before Flop (didn't bet)
Seat 5: G.HANSEN333 folded before Flop (didn't bet)
Seat 6: b2k-Snick (button) folded on the Flop



PokerStars Hand #254260808635:  Hold'em No Limit ($0.50/$1.00 USD) - 2025/01/08 13:21:30 WET [2025/01/08 8:21:30 ET]
Table 'Zech II' 6-max Seat #1 is the button
Seat 1: stephans888 ($37.29 in chips) 
Seat 2: Rdalonso ($108.67 in chips) 
Seat 3: Dai5dop ($100 in chips) 
Seat 4: Rysiff ($121.80 in chips) 
Seat 5: G.HANSEN333 ($100 in chips) 
Seat 6: b2k-Snick ($124.43 in chips) 
Rdalonso: posts small blind $0.50
Dai5dop: posts big blind $1
*** HOLE CARDS ***
Rysiff: folds 
G.HANSEN333: folds 
b2k-Snick: raises $1.50 to $2.50
stephans888: calls $2.50
Rdalonso: folds 
Dai5dop: folds 
*** FLOP *** [8c 7c 4h]
b2k-Snick: checks 
stephans888: checks 
*** TURN *** [8c 7c 4h] [Tc]
b2k-Snick: checks 
stephans888: checks 
*** RIVER *** [8c 7c 4h Tc] [9s]
b2k-Snick: bets $4.50
stephans888: folds 
Uncalled bet ($4.50) returned to b2k-Snick
b2k-Snick collected $6.18 from pot
b2k-Snick: doesn't show hand 
*** SUMMARY ***
Total pot $6.50 | Rake $0.32 
Board [8c 7c 4h Tc 9s]
Seat 1: stephans888 (button) folded on the River
Seat 2: Rdalonso (small blind) folded before Flop
Seat 3: Dai5dop (big blind) folded before Flop
Seat 4: Rysiff folded before Flop (didn't bet)
Seat 5: G.HANSEN333 folded before Flop (didn't bet)
Seat 6: b2k-Snick collected ($6.18)



PokerStars Hand #254260817011:  Hold'em No Limit ($0.50/$1.00 USD) - 2025/01/08 13:22:22 WET [2025/01/08 8:22:22 ET]
Table 'Zech II' 6-max Seat #2 is the button
Seat 1: stephans888 ($34.79 in chips) 
Seat 2: Rdalonso ($108.17 in chips) 
Seat 3: Dai5dop ($100 in chips) 
Seat 4: Rysiff ($121.80 in chips) 
Seat 5: G.HANSEN333 ($100 in chips) 
Seat 6: b2k-Snick ($128.11 in chips) 
Dai5dop: posts small blind $0.50
Rysiff: posts big blind $1
*** HOLE CARDS ***
G.HANSEN333: folds 
b2k-Snick: folds 
stephans888: folds 
Rdalonso: folds 
Dai5dop: folds 
Uncalled bet ($0.50) returned to Rysiff
Rysiff collected $1 from pot
Rysiff: doesn't show hand 
*** SUMMARY ***
Total pot $1 | Rake $0 
Seat 1: stephans888 folded before Flop (didn't bet)
Seat 2: Rdalonso (button) folded before Flop (didn't bet)
Seat 3: Dai5dop (small blind) folded before Flop
Seat 4: Rysiff (big blind) collected ($1)
Seat 5: G.HANSEN333 folded before Flop (didn't bet)
Seat 6: b2k-Snick folded before Flop (didn't bet)



PokerStars Hand #254260819871:  Hold'em No Limit ($0.50/$1.00 USD) - 2025/01/08 13:22:39 WET [2025/01/08 8:22:39 ET]
Table 'Zech II' 6-max Seat #3 is the button
Seat 1: stephans888 ($34.79 in chips) 
Seat 2: Rdalonso ($108.17 in chips) 
Seat 3: Dai5dop ($100 in chips) 
Seat 4: Rysiff ($122.30 in chips) 
Seat 5: G.HANSEN333 ($100 in chips) 
Seat 6: b2k-Snick ($128.11 in chips) 
Rysiff: posts small blind $0.50
G.HANSEN333: posts big blind $1
*** HOLE CARDS ***
b2k-Snick: folds 
stephans888: folds 
Rdalonso: folds 
Dai5dop: folds 
Rysiff: raises $2 to $3
G.HANSEN333: calls $2
*** FLOP *** [7s 9s 2d]
Rysiff: checks 
G.HANSEN333: checks 
*** TURN *** [7s 9s 2d] [Jc]
Rysiff: bets $4.56
G.HANSEN333: calls $4.56
*** RIVER *** [7s 9s 2d Jc] [3c]
Rysiff: bets $18
G.HANSEN333: folds 
Uncalled bet ($18) returned to Rysiff
Rysiff collected $14.36 from pot
Rysiff: doesn't show hand 
*** SUMMARY ***
Total pot $15.12 | Rake $0.76 
Board [7s 9s 2d Jc 3c]
Seat 1: stephans888 folded before Flop (didn't bet)
Seat 2: Rdalonso folded before Flop (didn't bet)
Seat 3: Dai5dop (button) folded before Flop (didn't bet)
Seat 4: Rysiff (small blind) collected ($14.36)
Seat 5: G.HANSEN333 (big blind) folded on the River
Seat 6: b2k-Snick folded before Flop (didn't bet)



PokerStars Hand #254260831458:  Hold'em No Limit ($0.50/$1.00 USD) - 2025/01/08 13:23:51 WET [2025/01/08 8:23:51 ET]
Table 'Zech II' 6-max Seat #4 is the button
Seat 1: stephans888 ($34.79 in chips) 
Seat 2: Rdalonso ($108.17 in chips) 
Seat 3: Dai5dop ($100 in chips) 
Seat 4: Rysiff ($129.10 in chips) 
Seat 5: G.HANSEN333 ($100 in chips) 
Seat 6: b2k-Snick ($128.11 in chips) 
G.HANSEN333: posts small blind $0.50
b2k-Snick: posts big blind $1
*** HOLE CARDS ***
stephans888: folds 
Rdalonso: folds 
Dai5dop: folds 
Rysiff: folds 
G.HANSEN333: folds 
Uncalled bet ($0.50) returned to b2k-Snick
b2k-Snick collected $1 from pot
b2k-Snick: doesn't show hand 
*** SUMMARY ***
Total pot $1 | Rake $0 
Seat 1: stephans888 folded before Flop (didn't bet)
Seat 2: Rdalonso folded before Flop (didn't bet)
Seat 3: Dai5dop folded before Flop (didn't bet)
Seat 4: Rysiff (button) folded before Flop (didn't bet)
Seat 5: G.HANSEN333 (small blind) folded before Flop
Seat 6: b2k-Snick (big blind) collected ($1)



PokerStars Hand #254260834197:  Hold'em No Limit ($0.50/$1.00 USD) - 2025/01/08 13:24:07 WET [2025/01/08 8:24:07 ET]
Table 'Zech II' 6-max Seat #5 is the button
Seat 1: stephans888 ($34.79 in chips) 
Seat 2: Rdalonso ($108.17 in chips) 
Seat 3: Dai5dop ($100 in chips) 
Seat 4: Rysiff ($129.10 in chips) 
Seat 5: G.HANSEN333 ($100 in chips) 
Seat 6: b2k-Snick ($128.61 in chips) 
b2k-Snick: posts small blind $0.50
stephans888: posts big blind $1
*** HOLE CARDS ***
Rdalonso: folds 
Dai5dop: folds 
Rysiff: folds 
G.HANSEN333: folds 
b2k-Snick: folds 
Uncalled bet ($0.50) returned to stephans888
stephans888 collected $1 from pot
*** SUMMARY ***
Total pot $1 | Rake $0 
Seat 1: stephans888 (big blind) collected ($1)
Seat 2: Rdalonso folded before Flop (didn't bet)
Seat 3: Dai5dop folded before Flop (didn't bet)
Seat 4: Rysiff folded before Flop (didn't bet)
Seat 5: G.HANSEN333 (button) folded before Flop (didn't bet)
Seat 6: b2k-Snick (small blind) folded before Flop



PokerStars Hand #254260836493:  Hold'em No Limit ($0.50/$1.00 USD) - 2025/01/08 13:24:21 WET [2025/01/08 8:24:21 ET]
Table 'Zech II' 6-max Seat #6 is the button
Seat 2: Rdalonso ($108.17 in chips) is sitting out
Seat 1: stephans888 ($35.29 in chips) 
Seat 3: Dai5dop ($100 in chips) 
Seat 4: Rysiff ($129.10 in chips) 
Seat 5: G.HANSEN333 ($100 in chips) 
Seat 6: b2k-Snick ($128.11 in chips) 
stephans888: posts small blind $0.50
Rdalonso: is sitting out 
Dai5dop: posts big blind $1
*** HOLE CARDS ***
Rysiff: raises $1.50 to $2.50
G.HANSEN333: folds 
Rdalonso leaves the table
b2k-Snick: folds 
stephans888: folds 
Dai5dop: folds 
Uncalled bet ($1.50) returned to Rysiff
Rysiff collected $2.50 from pot
Rysiff: doesn't show hand 
*** SUMMARY ***
Total pot $2.50 | Rake $0 
Seat 2: Rdalonso
Seat 1: stephans888 (small blind) folded before Flop
Seat 3: Dai5dop (big blind) folded before Flop
Seat 4: Rysiff collected ($2.50)
Seat 5: G.HANSEN333 folded before Flop (didn't bet)
Seat 6: b2k-Snick (button) folded before Flop (didn't bet)



PokerStars Hand #254260839878:  Hold'em No Limit ($0.50/$1.00 USD) - 2025/01/08 13:24:42 WET [2025/01/08 8:24:42 ET]
Table 'Zech II' 6-max Seat #1 is the button
Seat 1: stephans888 ($34.79 in chips) 
Seat 3: Dai5dop ($100 in chips) 
Seat 4: Rysiff ($130.60 in chips) 
Seat 5: G.HANSEN333 ($100 in chips) 
Seat 6: b2k-Snick ($128.11 in chips) 
Dai5dop: posts small blind $0.50
Rysiff: posts big blind $1
*** HOLE CARDS ***
G.HANSEN333: folds 
b2k-Snick: folds 
stephans888: calls $1
Dai5dop: folds 
Yoalfre joins the table at seat #2 
Rysiff: raises $4 to $5
stephans888: calls $4
*** FLOP *** [9h 8h 5h]
Rysiff: bets $7.98
stephans888: raises $21.81 to $29.79 and is all-in
Rysiff: calls $21.81
*** TURN *** [9h 8h 5h] [7s]
*** RIVER *** [9h 8h 5h 7s] [2d]
*** SHOW DOWN ***
Rysiff: shows [As Ac] (a pair of Aces)
stephans888: shows [2h 4h] (a flush, Nine high)
stephans888 collected $66.96 from pot
*** SUMMARY ***
Total pot $70.08 | Rake $3.12 
Board [9h 8h 5h 7s 2d]
Seat 1: stephans888 (button) showed [2h 4h] and won ($66.96) with a flush, Nine high
Seat 3: Dai5dop (small blind) folded before Flop
Seat 4: Rysiff (big blind) showed [As Ac] and lost with a pair of Aces
Seat 5: G.HANSEN333 folded before Flop (didn't bet)
Seat 6: b2k-Snick folded before Flop (didn't bet)



PokerStars Hand #254260846885:  Hold'em No Limit ($0.50/$1.00 USD) - 2025/01/08 13:25:24 WET [2025/01/08 8:25:24 ET]
Table 'Zech II' 6-max Seat #3 is the button
Seat 2: Yoalfre ($100 in chips) is sitting out
Seat 1: stephans888 ($66.96 in chips) 
Seat 3: Dai5dop ($100 in chips) 
Seat 4: Rysiff ($100 in chips) 
Seat 5: G.HANSEN333 ($100 in chips) 
Seat 6: b2k-Snick ($128.11 in chips) 
Rysiff: posts small blind $0.50
G.HANSEN333: posts big blind $1
Yoalfre: sits out 
*** HOLE CARDS ***
b2k-Snick: folds 
stephans888: folds 
Dai5dop: raises $1.50 to $2.50
Rysiff: folds 
G.HANSEN333: folds 
Uncalled bet ($1.50) returned to Dai5dop
Dai5dop collected $2.50 from pot
Dai5dop: doesn't show hand 
*** SUMMARY ***
Total pot $2.50 | Rake $0 
Seat 2: Yoalfre
Seat 1: stephans888 folded before Flop (didn't bet)
Seat 3: Dai5dop (button) collected ($2.50)
Seat 4: Rysiff (small blind) folded before Flop
Seat 5: G.HANSEN333 (big blind) folded before Flop
Seat 6: b2k-Snick folded before Flop (didn't bet)



PokerStars Hand #254260849121:  Hold'em No Limit ($0.50/$1.00 USD) - 2025/01/08 13:25:38 WET [2025/01/08 8:25:38 ET]
Table 'Zech II' 6-max Seat #4 is the button
Seat 2: Yoalfre ($100 in chips) is sitting out
Seat 1: stephans888 ($66.96 in chips) 
Seat 3: Dai5dop ($101.50 in chips) 
Seat 4: Rysiff ($100 in chips) 
Seat 5: G.HANSEN333 ($100 in chips) 
Seat 6: b2k-Snick ($128.11 in chips) 
G.HANSEN333: posts small blind $0.50
b2k-Snick: posts big blind $1
Yoalfre: sits out 
*** HOLE CARDS ***
stephans888: folds 
Dai5dop: folds 
Rysiff: folds 
G.HANSEN333: raises $2 to $3
b2k-Snick: calls $2
*** FLOP *** [Kh 7c 6d]
G.HANSEN333: checks 
b2k-Snick: bets $1.88
G.HANSEN333: calls $1.88
*** TURN *** [Kh 7c 6d] [5h]
G.HANSEN333: checks 
b2k-Snick: checks 
*** RIVER *** [Kh 7c 6d 5h] [Ac]
G.HANSEN333: bets $6.95
b2k-Snick: folds 
Uncalled bet ($6.95) returned to G.HANSEN333
G.HANSEN333 collected $9.27 from pot
G.HANSEN333: doesn't show hand 
*** SUMMARY ***
Total pot $9.76 | Rake $0.49 
Board [Kh 7c 6d 5h Ac]
Seat 2: Yoalfre
Seat 1: stephans888 folded before Flop (didn't bet)
Seat 3: Dai5dop folded before Flop (didn't bet)
Seat 4: Rysiff (button) folded before Flop (didn't bet)
Seat 5: G.HANSEN333 (small blind) collected ($9.27)
Seat 6: b2k-Snick (big blind) folded on the River



PokerStars Hand #254260862380:  Hold'em No Limit ($0.50/$1.00 USD) - 2025/01/08 13:26:59 WET [2025/01/08 8:26:59 ET]
Table 'Zech II' 6-max Seat #5 is the button
Seat 2: Yoalfre ($100 in chips) is sitting out
Seat 1: stephans888 ($66.96 in chips) 
Seat 3: Dai5dop ($101.50 in chips) 
Seat 4: Rysiff ($100 in chips) 
Seat 5: G.HANSEN333 ($104.39 in chips) 
Seat 6: b2k-Snick ($123.23 in chips) 
b2k-Snick: posts small blind $0.50
stephans888: posts big blind $1
Yoalfre: sits out 
*** HOLE CARDS ***
Dai5dop: folds 
Rysiff: raises $1.50 to $2.50
G.HANSEN333: folds 
b2k-Snick: folds 
stephans888: folds 
Uncalled bet ($1.50) returned to Rysiff
Rysiff collected $2.50 from pot
Rysiff: doesn't show hand 
*** SUMMARY ***
Total pot $2.50 | Rake $0 
Seat 2: Yoalfre
Seat 1: stephans888 (big blind) folded before Flop
Seat 3: Dai5dop folded before Flop (didn't bet)
Seat 4: Rysiff collected ($2.50)
Seat 5: G.HANSEN333 (button) folded before Flop (didn't bet)
Seat 6: b2k-Snick (small blind) folded before Flop



PokerStars Hand #254260865289:  Hold'em No Limit ($0.50/$1.00 USD) - 2025/01/08 13:27:17 WET [2025/01/08 8:27:17 ET]
Table 'Zech II' 6-max Seat #6 is the button
Seat 1: stephans888 ($65.96 in chips) 
Seat 2: Yoalfre ($100 in chips) 
Seat 3: Dai5dop ($101.50 in chips) 
Seat 4: Rysiff ($101.50 in chips) 
Seat 5: G.HANSEN333 ($104.39 in chips) 
Seat 6: b2k-Snick ($122.73 in chips) 
stephans888: posts small blind $0.50
Yoalfre: posts big blind $1
*** HOLE CARDS ***
Dai5dop: raises $1.20 to $2.20
Rysiff: folds 
G.HANSEN333: folds 
b2k-Snick: folds 
stephans888: folds 
Yoalfre: folds 
Uncalled bet ($1.20) returned to Dai5dop
Dai5dop collected $2.50 from pot
Dai5dop: doesn't show hand 
*** SUMMARY ***
Total pot $2.50 | Rake $0 
Seat 1: stephans888 (small blind) folded before Flop
Seat 2: Yoalfre (big blind) folded before Flop
Seat 3: Dai5dop collected ($2.50)
Seat 4: Rysiff folded before Flop (didn't bet)
Seat 5: G.HANSEN333 folded before Flop (didn't bet)
Seat 6: b2k-Snick (button) folded before Flop (didn't bet)



PokerStars Hand #254260868468:  Hold'em No Limit ($0.50/$1.00 USD) - 2025/01/08 13:27:37 WET [2025/01/08 8:27:37 ET]
Table 'Zech II' 6-max Seat #1 is the button
Seat 1: stephans888 ($65.46 in chips) 
Seat 2: Yoalfre ($100 in chips) 
Seat 3: Dai5dop ($103 in chips) 
Seat 4: Rysiff ($101.50 in chips) 
Seat 5: G.HANSEN333 ($104.39 in chips) 
Seat 6: b2k-Snick ($122.73 in chips) 
Yoalfre: posts small blind $0.50
Dai5dop: posts big blind $1
*** HOLE CARDS ***
Rysiff: folds 
G.HANSEN333: raises $1.50 to $2.50
b2k-Snick: folds 
stephans888: folds 
Yoalfre: folds 
Dai5dop: folds 
Uncalled bet ($1.50) returned to G.HANSEN333
G.HANSEN333 collected $2.50 from pot
G.HANSEN333: doesn't show hand 
*** SUMMARY ***
Total pot $2.50 | Rake $0 
Seat 1: stephans888 (button) folded before Flop (didn't bet)
Seat 2: Yoalfre (small blind) folded before Flop
Seat 3: Dai5dop (big blind) folded before Flop
Seat 4: Rysiff folded before Flop (didn't bet)
Seat 5: G.HANSEN333 collected ($2.50)
Seat 6: b2k-Snick folded before Flop (didn't bet)



PokerStars Hand #254260871965:  Hold'em No Limit ($0.50/$1.00 USD) - 2025/01/08 13:27:58 WET [2025/01/08 8:27:58 ET]
Table 'Zech II' 6-max Seat #2 is the button
Seat 1: stephans888 ($65.46 in chips) 
Seat 2: Yoalfre ($100 in chips) 
Seat 3: Dai5dop ($102 in chips) 
Seat 4: Rysiff ($101.50 in chips) 
Seat 5: G.HANSEN333 ($105.89 in chips) 
Seat 6: b2k-Snick ($122.73 in chips) 
Dai5dop: posts small blind $0.50
Rysiff: posts big blind $1
*** HOLE CARDS ***
G.HANSEN333: folds 
b2k-Snick: folds 
stephans888: folds 
Yoalfre: raises $1.50 to $2.50
Dai5dop: raises $8 to $10.50
Rysiff: folds 
Yoalfre: folds 
Uncalled bet ($8) returned to Dai5dop
Dai5dop collected $6 from pot
Dai5dop: doesn't show hand 
*** SUMMARY ***
Total pot $6 | Rake $0 
Seat 1: stephans888 folded before Flop (didn't bet)
Seat 2: Yoalfre (button) folded before Flop
Seat 3: Dai5dop (small blind) collected ($6)
Seat 4: Rysiff (big blind) folded before Flop
Seat 5: G.HANSEN333 folded before Flop (didn't bet)
Seat 6: b2k-Snick folded before Flop (didn't bet)



PokerStars Hand #254260874511:  Hold'em No Limit ($0.50/$1.00 USD) - 2025/01/08 13:28:13 WET [2025/01/08 8:28:13 ET]
Table 'Zech II' 6-max Seat #3 is the button
Seat 1: stephans888 ($65.46 in chips) 
Seat 2: Yoalfre ($100 in chips) 
Seat 3: Dai5dop ($105.50 in chips) 
Seat 4: Rysiff ($100.50 in chips) 
Seat 5: G.HANSEN333 ($105.89 in chips) 
Seat 6: b2k-Snick ($122.73 in chips) 
Rysiff: posts small blind $0.50
G.HANSEN333: posts big blind $1
*** HOLE CARDS ***
b2k-Snick: raises $1.10 to $2.10
stephans888: folds 
Yoalfre: folds 
Dai5dop: folds 
Rysiff: folds 
G.HANSEN333: raises $7.90 to $10
b2k-Snick: raises $10 to $20
G.HANSEN333: raises $85.89 to $105.89 and is all-in
b2k-Snick: calls $85.89
*** FLOP *** [2s 6h 3d]
*** TURN *** [2s 6h 3d] [8s]
*** RIVER *** [2s 6h 3d 8s] [Jc]
*** SHOW DOWN ***
G.HANSEN333: shows [Ac Kd] (high card Ace)
b2k-Snick: shows [Kh Ad] (high card Ace)
G.HANSEN333 collected $104.89 from pot
b2k-Snick collected $104.89 from pot
*** SUMMARY ***
Total pot $212.28 | Rake $2.50 
Board [2s 6h 3d 8s Jc]
Seat 1: stephans888 folded before Flop (didn't bet)
Seat 2: Yoalfre folded before Flop (didn't bet)
Seat 3: Dai5dop (button) folded before Flop (didn't bet)
Seat 4: Rysiff (small blind) folded before Flop
Seat 5: G.HANSEN333 (big blind) showed [Ac Kd] and won ($104.89) with high card Ace
Seat 6: b2k-Snick showed [Kh Ad] and won ($104.89) with high card Ace



PokerStars Hand #254260882173:  Hold'em No Limit ($0.50/$1.00 USD) - 2025/01/08 13:29:00 WET [2025/01/08 8:29:00 ET]
Table 'Zech II' 6-max Seat #4 is the button
Seat 1: stephans888 ($65.46 in chips) 
Seat 2: Yoalfre ($100 in chips) 
Seat 3: Dai5dop ($105.50 in chips) 
Seat 4: Rysiff ($100 in chips) 
Seat 5: G.HANSEN333 ($104.89 in chips) 
Seat 6: b2k-Snick ($121.73 in chips) 
G.HANSEN333: posts small blind $0.50
b2k-Snick: posts big blind $1
*** HOLE CARDS ***
stephans888: folds 
Yoalfre: folds 
Dai5dop: folds 
Rysiff: folds 
G.HANSEN333: folds 
Uncalled bet ($0.50) returned to b2k-Snick
b2k-Snick collected $1 from pot
b2k-Snick: doesn't show hand 
*** SUMMARY ***
Total pot $1 | Rake $0 
Seat 1: stephans888 folded before Flop (didn't bet)
Seat 2: Yoalfre folded before Flop (didn't bet)
Seat 3: Dai5dop folded before Flop (didn't bet)
Seat 4: Rysiff (button) folded before Flop (didn't bet)
Seat 5: G.HANSEN333 (small blind) folded before Flop
Seat 6: b2k-Snick (big blind) collected ($1)



PokerStars Hand #254260884488:  Hold'em No Limit ($0.50/$1.00 USD) - 2025/01/08 13:29:14 WET [2025/01/08 8:29:14 ET]
Table 'Zech II' 6-max Seat #5 is the button
Seat 1: stephans888 ($65.46 in chips) 
Seat 2: Yoalfre ($100 in chips) 
Seat 3: Dai5dop ($105.50 in chips) 
Seat 4: Rysiff ($100 in chips) 
Seat 5: G.HANSEN333 ($104.39 in chips) 
Seat 6: b2k-Snick ($122.23 in chips) 
b2k-Snick: posts small blind $0.50
stephans888: posts big blind $1
*** HOLE CARDS ***
Yoalfre: folds 
Dai5dop: folds 
Rysiff: raises $1.50 to $2.50
G.HANSEN333: folds 
b2k-Snick: folds 
stephans888: folds 
Uncalled bet ($1.50) returned to Rysiff
Rysiff collected $2.50 from pot
Rysiff: doesn't show hand 
*** SUMMARY ***
Total pot $2.50 | Rake $0 
Seat 1: stephans888 (big blind) folded before Flop
Seat 2: Yoalfre folded before Flop (didn't bet)
Seat 3: Dai5dop folded before Flop (didn't bet)
Seat 4: Rysiff collected ($2.50)
Seat 5: G.HANSEN333 (button) folded before Flop (didn't bet)
Seat 6: b2k-Snick (small blind) folded before Flop



PokerStars Hand #254260886585:  Hold'em No Limit ($0.50/$1.00 USD) - 2025/01/08 13:29:27 WET [2025/01/08 8:29:27 ET]
Table 'Zech II' 6-max Seat #6 is the button
Seat 1: stephans888 ($64.46 in chips) 
Seat 2: Yoalfre ($100 in chips) 
Seat 3: Dai5dop ($105.50 in chips) 
Seat 4: Rysiff ($101.50 in chips) 
Seat 5: G.HANSEN333 ($104.39 in chips) 
Seat 6: b2k-Snick ($121.73 in chips) 
stephans888: posts small blind $0.50
Yoalfre: posts big blind $1
*** HOLE CARDS ***
Dai5dop: folds 
Rysiff: folds 
G.HANSEN333: folds 
b2k-Snick: raises $1.50 to $2.50
stephans888: folds 
Yoalfre: folds 
Uncalled bet ($1.50) returned to b2k-Snick
b2k-Snick collected $2.50 from pot
b2k-Snick: doesn't show hand 
*** SUMMARY ***
Total pot $2.50 | Rake $0 
Seat 1: stephans888 (small blind) folded before Flop
Seat 2: Yoalfre (big blind) folded before Flop
Seat 3: Dai5dop folded before Flop (didn't bet)
Seat 4: Rysiff folded before Flop (didn't bet)
Seat 5: G.HANSEN333 folded before Flop (didn't bet)
Seat 6: b2k-Snick (button) collected ($2.50)



PokerStars Hand #254260889365:  Hold'em No Limit ($0.50/$1.00 USD) - 2025/01/08 13:29:44 WET [2025/01/08 8:29:44 ET]
Table 'Zech II' 6-max Seat #1 is the button
Seat 1: stephans888 ($63.96 in chips) 
Seat 2: Yoalfre ($100 in chips) 
Seat 3: Dai5dop ($105.50 in chips) 
Seat 4: Rysiff ($101.50 in chips) 
Seat 5: G.HANSEN333 ($104.39 in chips) 
Seat 6: b2k-Snick ($123.23 in chips) 
Yoalfre: posts small blind $0.50
Dai5dop: posts big blind $1
*** HOLE CARDS ***
Rysiff: folds 
G.HANSEN333: folds 
b2k-Snick: raises $1.50 to $2.50
stephans888: folds 
Yoalfre: folds 
Dai5dop: folds 
Uncalled bet ($1.50) returned to b2k-Snick
b2k-Snick collected $2.50 from pot
b2k-Snick: doesn't show hand 
*** SUMMARY ***
Total pot $2.50 | Rake $0 
Seat 1: stephans888 (button) folded before Flop (didn't bet)
Seat 2: Yoalfre (small blind) folded before Flop
Seat 3: Dai5dop (big blind) folded before Flop
Seat 4: Rysiff folded before Flop (didn't bet)
Seat 5: G.HANSEN333 folded before Flop (didn't bet)
Seat 6: b2k-Snick collected ($2.50)



PokerStars Hand #254260892580:  Hold'em No Limit ($0.50/$1.00 USD) - 2025/01/08 13:30:03 WET [2025/01/08 8:30:03 ET]
Table 'Zech II' 6-max Seat #2 is the button
Seat 1: stephans888 ($63.96 in chips) 
Seat 2: Yoalfre ($100 in chips) 
Seat 3: Dai5dop ($104.50 in chips) 
Seat 4: Rysiff ($101.50 in chips) 
Seat 5: G.HANSEN333 ($104.39 in chips) 
Seat 6: b2k-Snick ($124.73 in chips) 
Dai5dop: posts small blind $0.50
Rysiff: posts big blind $1
*** HOLE CARDS ***
G.HANSEN333: folds 
b2k-Snick: folds 
stephans888: calls $1
Yoalfre: folds 
Dai5dop: raises $3.50 to $4.50
Rysiff: folds 
stephans888: calls $3.50
*** FLOP *** [5s Qh Kc]
Dai5dop: checks 
stephans888: checks 
*** TURN *** [5s Qh Kc] [5d]
Dai5dop: checks 
stephans888: checks 
*** RIVER *** [5s Qh Kc 5d] [3s]
Dai5dop: bets $2.85
stephans888: calls $2.85
*** SHOW DOWN ***
Dai5dop: shows [Qc Th] (two pair, Queens and Fives)
stephans888: shows [Kh Ts] (two pair, Kings and Fives)
stephans888 collected $14.72 from pot
*** SUMMARY ***
Total pot $15.70 | Rake $0.98 
Board [5s Qh Kc 5d 3s]
Seat 1: stephans888 showed [Kh Ts] and won ($14.72) with two pair, Kings and Fives
Seat 2: Yoalfre (button) folded before Flop (didn't bet)
Seat 3: Dai5dop (small blind) showed [Qc Th] and lost with two pair, Queens and Fives
Seat 4: Rysiff (big blind) folded before Flop
Seat 5: G.HANSEN333 folded before Flop (didn't bet)
Seat 6: b2k-Snick folded before Flop (didn't bet)



PokerStars Hand #254260899833:  Hold'em No Limit ($0.50/$1.00 USD) - 2025/01/08 13:30:46 WET [2025/01/08 8:30:46 ET]
Table 'Zech II' 6-max Seat #3 is the button
Seat 1: stephans888 ($71.33 in chips) 
Seat 2: Yoalfre ($100 in chips) 
Seat 3: Dai5dop ($100 in chips) 
Seat 4: Rysiff ($100.50 in chips) 
Seat 5: G.HANSEN333 ($104.39 in chips) 
Seat 6: b2k-Snick ($124.73 in chips) 
Rysiff: posts small blind $0.50
G.HANSEN333: posts big blind $1
*** HOLE CARDS ***
b2k-Snick: folds 
stephans888: folds 
Yoalfre: raises $1.50 to $2.50
Dai5dop: folds 
Rysiff: folds 
G.HANSEN333: folds 
Uncalled bet ($1.50) returned to Yoalfre
Yoalfre collected $2.50 from pot
Yoalfre: doesn't show hand 
*** SUMMARY ***
Total pot $2.50 | Rake $0 
Seat 1: stephans888 folded before Flop (didn't bet)
Seat 2: Yoalfre collected ($2.50)
Seat 3: Dai5dop (button) folded before Flop (didn't bet)
Seat 4: Rysiff (small blind) folded before Flop
Seat 5: G.HANSEN333 (big blind) folded before Flop
Seat 6: b2k-Snick folded before Flop (didn't bet)



PokerStars Hand #254260902041:  Hold'em No Limit ($0.50/$1.00 USD) - 2025/01/08 13:30:59 WET [2025/01/08 8:30:59 ET]
Table 'Zech II' 6-max Seat #4 is the button
Seat 1: stephans888 ($71.33 in chips) 
Seat 2: Yoalfre ($101.50 in chips) 
Seat 3: Dai5dop ($100 in chips) 
Seat 4: Rysiff ($100 in chips) 
Seat 5: G.HANSEN333 ($103.39 in chips) 
Seat 6: b2k-Snick ($124.73 in chips) 
G.HANSEN333: posts small blind $0.50
b2k-Snick: posts big blind $1
*** HOLE CARDS ***
stephans888: folds 
Yoalfre: folds 
Dai5dop: folds 
Rysiff: folds 
G.HANSEN333: folds 
Uncalled bet ($0.50) returned to b2k-Snick
b2k-Snick collected $1 from pot
b2k-Snick: doesn't show hand 
*** SUMMARY ***
Total pot $1 | Rake $0 
Seat 1: stephans888 folded before Flop (didn't bet)
Seat 2: Yoalfre folded before Flop (didn't bet)
Seat 3: Dai5dop folded before Flop (didn't bet)
Seat 4: Rysiff (button) folded before Flop (didn't bet)
Seat 5: G.HANSEN333 (small blind) folded before Flop
Seat 6: b2k-Snick (big blind) collected ($1)



PokerStars Hand #254260906207:  Hold'em No Limit ($0.50/$1.00 USD) - 2025/01/08 13:31:24 WET [2025/01/08 8:31:24 ET]
Table 'Zech II' 6-max Seat #5 is the button
Seat 1: stephans888 ($71.33 in chips) 
Seat 2: Yoalfre ($101.50 in chips) 
Seat 3: Dai5dop ($100 in chips) 
Seat 4: Rysiff ($100 in chips) 
Seat 5: G.HANSEN333 ($102.89 in chips) 
Seat 6: b2k-Snick ($125.23 in chips) 
b2k-Snick: posts small blind $0.50
stephans888: posts big blind $1
*** HOLE CARDS ***
Yoalfre: folds 
Dai5dop: folds 
Rysiff: raises $1.50 to $2.50
G.HANSEN333: folds 
b2k-Snick: folds 
stephans888: calls $1.50
*** FLOP *** [2c Ks 8s]
stephans888: checks 
Rysiff: bets $1.72
stephans888: folds 
Uncalled bet ($1.72) returned to Rysiff
Rysiff collected $5.22 from pot
Rysiff: doesn't show hand 
*** SUMMARY ***
Total pot $5.50 | Rake $0.28 
Board [2c Ks 8s]
Seat 1: stephans888 (big blind) folded on the Flop
Seat 2: Yoalfre folded before Flop (didn't bet)
Seat 3: Dai5dop folded before Flop (didn't bet)
Seat 4: Rysiff collected ($5.22)
Seat 5: G.HANSEN333 (button) folded before Flop (didn't bet)
Seat 6: b2k-Snick (small blind) folded before Flop



PokerStars Hand #254260915812:  Hold'em No Limit ($0.50/$1.00 USD) - 2025/01/08 13:32:20 WET [2025/01/08 8:32:20 ET]
Table 'Zech II' 6-max Seat #6 is the button
Seat 1: stephans888 ($68.83 in chips) 
Seat 2: Yoalfre ($101.50 in chips) 
Seat 3: Dai5dop ($100 in chips) 
Seat 4: Rysiff ($102.72 in chips) 
Seat 5: G.HANSEN333 ($102.89 in chips) 
Seat 6: b2k-Snick ($124.73 in chips) 
stephans888: posts small blind $0.50
Yoalfre: posts big blind $1
*** HOLE CARDS ***
Dai5dop: raises $1.20 to $2.20
Rysiff: folds 
G.HANSEN333: folds 
b2k-Snick: folds 
stephans888: folds 
Yoalfre: folds 
Uncalled bet ($1.20) returned to Dai5dop
Dai5dop collected $2.50 from pot
Dai5dop: doesn't show hand 
*** SUMMARY ***
Total pot $2.50 | Rake $0 
Seat 1: stephans888 (small blind) folded before Flop
Seat 2: Yoalfre (big blind) folded before Flop
Seat 3: Dai5dop collected ($2.50)
Seat 4: Rysiff folded before Flop (didn't bet)
Seat 5: G.HANSEN333 folded before Flop (didn't bet)
Seat 6: b2k-Snick (button) folded before Flop (didn't bet)



PokerStars Hand #254260917862:  Hold'em No Limit ($0.50/$1.00 USD) - 2025/01/08 13:32:32 WET [2025/01/08 8:32:32 ET]
Table 'Zech II' 6-max Seat #1 is the button
Seat 1: stephans888 ($68.33 in chips) 
Seat 2: Yoalfre ($100.50 in chips) 
Seat 3: Dai5dop ($101.50 in chips) 
Seat 4: Rysiff ($102.72 in chips) 
Seat 5: G.HANSEN333 ($102.89 in chips) 
Seat 6: b2k-Snick ($124.73 in chips) 
Yoalfre: posts small blind $0.50
Dai5dop: posts big blind $1
*** HOLE CARDS ***
Rysiff: raises $1.50 to $2.50
G.HANSEN333: folds 
b2k-Snick: folds 
stephans888: folds 
Yoalfre: folds 
Dai5dop: folds 
Uncalled bet ($1.50) returned to Rysiff
Rysiff collected $2.50 from pot
Rysiff: doesn't show hand 
*** SUMMARY ***
Total pot $2.50 | Rake $0 
Seat 1: stephans888 (button) folded before Flop (didn't bet)
Seat 2: Yoalfre (small blind) folded before Flop
Seat 3: Dai5dop (big blind) folded before Flop
Seat 4: Rysiff collected ($2.50)
Seat 5: G.HANSEN333 folded before Flop (didn't bet)
Seat 6: b2k-Snick folded before Flop (didn't bet)



PokerStars Hand #254260921007:  Hold'em No Limit ($0.50/$1.00 USD) - 2025/01/08 13:32:51 WET [2025/01/08 8:32:51 ET]
Table 'Zech II' 6-max Seat #2 is the button
Seat 1: stephans888 ($68.33 in chips) 
Seat 2: Yoalfre ($100 in chips) 
Seat 3: Dai5dop ($100.50 in chips) 
Seat 4: Rysiff ($104.22 in chips) 
Seat 5: G.HANSEN333 ($102.89 in chips) 
Seat 6: b2k-Snick ($124.73 in chips) 
Dai5dop: posts small blind $0.50
Rysiff: posts big blind $1
*** HOLE CARDS ***
G.HANSEN333: folds 
b2k-Snick: folds 
stephans888: folds 
Yoalfre: folds 
Dai5dop: folds 
Uncalled bet ($0.50) returned to Rysiff
Rysiff collected $1 from pot
Rysiff: doesn't show hand 
*** SUMMARY ***
Total pot $1 | Rake $0 
Seat 1: stephans888 folded before Flop (didn't bet)
Seat 2: Yoalfre (button) folded before Flop (didn't bet)
Seat 3: Dai5dop (small blind) folded before Flop
Seat 4: Rysiff (big blind) collected ($1)
Seat 5: G.HANSEN333 folded before Flop (didn't bet)
Seat 6: b2k-Snick folded before Flop (didn't bet)



PokerStars Hand #254260922926:  Hold'em No Limit ($0.50/$1.00 USD) - 2025/01/08 13:33:03 WET [2025/01/08 8:33:03 ET]
Table 'Zech II' 6-max Seat #3 is the button
Seat 1: stephans888 ($68.33 in chips) 
Seat 2: Yoalfre ($100 in chips) 
Seat 3: Dai5dop ($100 in chips) 
Seat 4: Rysiff ($104.72 in chips) 
Seat 5: G.HANSEN333 ($102.89 in chips) 
Seat 6: b2k-Snick ($124.73 in chips) 
Rysiff: posts small blind $0.50
G.HANSEN333: posts big blind $1
*** HOLE CARDS ***
b2k-Snick: folds 
stephans888: calls $1
Yoalfre: folds 
Dai5dop: raises $3 to $4
Rysiff: folds 
G.HANSEN333: folds 
stephans888: calls $3
*** FLOP *** [3c 6s 5s]
stephans888: checks 
Dai5dop: bets $2.71
stephans888: calls $2.71
*** TURN *** [3c 6s 5s] [9h]
stephans888: checks 
Dai5dop: bets $10.63
stephans888: calls $10.63
*** RIVER *** [3c 6s 5s 9h] [Ad]
stephans888: checks 
Dai5dop: checks 
*** SHOW DOWN ***
stephans888: shows [Kh Kc] (a pair of Kings)
Dai5dop: shows [Ah 7s] (a pair of Aces)
Dai5dop collected $34.37 from pot
*** SUMMARY ***
Total pot $36.18 | Rake $1.81 
Board [3c 6s 5s 9h Ad]
Seat 1: stephans888 showed [Kh Kc] and lost with a pair of Kings
Seat 2: Yoalfre folded before Flop (didn't bet)
Seat 3: Dai5dop (button) showed [Ah 7s] and won ($34.37) with a pair of Aces
Seat 4: Rysiff (small blind) folded before Flop
Seat 5: G.HANSEN333 (big blind) folded before Flop
Seat 6: b2k-Snick folded before Flop (didn't bet)



PokerStars Hand #254260929286:  Hold'em No Limit ($0.50/$1.00 USD) - 2025/01/08 13:33:40 WET [2025/01/08 8:33:40 ET]
Table 'Zech II' 6-max Seat #4 is the button
Seat 1: stephans888 ($50.99 in chips) 
Seat 2: Yoalfre ($100 in chips) 
Seat 3: Dai5dop ($117.03 in chips) 
Seat 4: Rysiff ($104.22 in chips) 
Seat 5: G.HANSEN333 ($101.89 in chips) 
Seat 6: b2k-Snick ($124.73 in chips) 
G.HANSEN333: posts small blind $0.50
b2k-Snick: posts big blind $1
*** HOLE CARDS ***
stephans888: calls $1
Yoalfre: raises $3.50 to $4.50
Dai5dop: folds 
Rysiff: folds 
G.HANSEN333: folds 
b2k-Snick: folds 
stephans888: folds 
Uncalled bet ($3.50) returned to Yoalfre
Yoalfre collected $3.50 from pot
Yoalfre: doesn't show hand 
*** SUMMARY ***
Total pot $3.50 | Rake $0 
Seat 1: stephans888 folded before Flop
Seat 2: Yoalfre collected ($3.50)
Seat 3: Dai5dop folded before Flop (didn't bet)
Seat 4: Rysiff (button) folded before Flop (didn't bet)
Seat 5: G.HANSEN333 (small blind) folded before Flop
Seat 6: b2k-Snick (big blind) folded before Flop



PokerStars Hand #254260933262:  Hold'em No Limit ($0.50/$1.00 USD) - 2025/01/08 13:34:03 WET [2025/01/08 8:34:03 ET]
Table 'Zech II' 6-max Seat #5 is the button
Seat 1: stephans888 ($49.99 in chips) 
Seat 2: Yoalfre ($102.50 in chips) 
Seat 3: Dai5dop ($117.03 in chips) 
Seat 4: Rysiff ($104.22 in chips) 
Seat 5: G.HANSEN333 ($101.39 in chips) 
Seat 6: b2k-Snick ($123.73 in chips) 
b2k-Snick: posts small blind $0.50
stephans888: posts big blind $1
*** HOLE CARDS ***
Yoalfre: folds 
Dai5dop: folds 
Rysiff: folds 
G.HANSEN333: raises $1.50 to $2.50
b2k-Snick: folds 
stephans888: folds 
Uncalled bet ($1.50) returned to G.HANSEN333
G.HANSEN333 collected $2.50 from pot
G.HANSEN333: doesn't show hand 
*** SUMMARY ***
Total pot $2.50 | Rake $0 
Seat 1: stephans888 (big blind) folded before Flop
Seat 2: Yoalfre folded before Flop (didn't bet)
Seat 3: Dai5dop folded before Flop (didn't bet)
Seat 4: Rysiff folded before Flop (didn't bet)
Seat 5: G.HANSEN333 (button) collected ($2.50)
Seat 6: b2k-Snick (small blind) folded before Flop



PokerStars Hand #254260936968:  Hold'em No Limit ($0.50/$1.00 USD) - 2025/01/08 13:34:24 WET [2025/01/08 8:34:24 ET]
Table 'Zech II' 6-max Seat #6 is the button
Seat 1: stephans888 ($48.99 in chips) 
Seat 2: Yoalfre ($102.50 in chips) 
Seat 3: Dai5dop ($117.03 in chips) 
Seat 4: Rysiff ($104.22 in chips) 
Seat 5: G.HANSEN333 ($102.89 in chips) 
Seat 6: b2k-Snick ($123.23 in chips) 
stephans888: posts small blind $0.50
Yoalfre: posts big blind $1
*** HOLE CARDS ***
Dai5dop: raises $1.20 to $2.20
Rysiff: folds 
G.HANSEN333: folds 
b2k-Snick: folds 
stephans888: folds 
Yoalfre: folds 
Uncalled bet ($1.20) returned to Dai5dop
Dai5dop collected $2.50 from pot
Dai5dop: doesn't show hand 
*** SUMMARY ***
Total pot $2.50 | Rake $0 
Seat 1: stephans888 (small blind) folded before Flop
Seat 2: Yoalfre (big blind) folded before Flop
Seat 3: Dai5dop collected ($2.50)
Seat 4: Rysiff folded before Flop (didn't bet)
Seat 5: G.HANSEN333 folded before Flop (didn't bet)
Seat 6: b2k-Snick (button) folded before Flop (didn't bet)



PokerStars Hand #254260940123:  Hold'em No Limit ($0.50/$1.00 USD) - 2025/01/08 13:34:42 WET [2025/01/08 8:34:42 ET]
Table 'Zech II' 6-max Seat #1 is the button
Seat 1: stephans888 ($48.49 in chips) 
Seat 2: Yoalfre ($101.50 in chips) 
Seat 3: Dai5dop ($118.53 in chips) 
Seat 4: Rysiff ($104.22 in chips) 
Seat 5: G.HANSEN333 ($102.89 in chips) 
Seat 6: b2k-Snick ($123.23 in chips) 
Yoalfre: posts small blind $0.50
Dai5dop: posts big blind $1
*** HOLE CARDS ***
Rysiff: folds 
G.HANSEN333: folds 
b2k-Snick: folds 
stephans888: calls $1
Yoalfre: raises $4 to $5
Dai5dop: folds 
stephans888: calls $4
*** FLOP *** [Qs 4d 6d]
Yoalfre: bets $4.23
stephans888: calls $4.23
*** TURN *** [Qs 4d 6d] [2c]
Yoalfre: bets $13.87
stephans888: raises $25.39 to $39.26 and is all-in
Yoalfre: calls $25.39
*** RIVER *** [Qs 4d 6d 2c] [5s]
*** SHOW DOWN ***
Yoalfre: shows [Qh Kd] (a pair of Queens)
stephans888: shows [Tc Ah] (high card Ace)
Yoalfre collected $95.48 from pot
*** SUMMARY ***
Total pot $97.98 | Rake $2.50 
Board [Qs 4d 6d 2c 5s]
Seat 1: stephans888 (button) showed [Tc Ah] and lost with high card Ace
Seat 2: Yoalfre (small blind) showed [Qh Kd] and won ($95.48) with a pair of Queens
Seat 3: Dai5dop (big blind) folded before Flop
Seat 4: Rysiff folded before Flop (didn't bet)
Seat 5: G.HANSEN333 folded before Flop (didn't bet)
Seat 6: b2k-Snick folded before Flop (didn't bet)



PokerStars Hand #254260952134:  Hold'em No Limit ($0.50/$1.00 USD) - 2025/01/08 13:35:52 WET [2025/01/08 8:35:52 ET]
Table 'Zech II' 6-max Seat #2 is the button
Seat 1: stephans888 ($0 in chips) is sitting out
Seat 2: Yoalfre ($148.49 in chips) 
Seat 3: Dai5dop ($117.53 in chips) 
Seat 4: Rysiff ($104.22 in chips) 
Seat 5: G.HANSEN333 ($102.89 in chips) 
Seat 6: b2k-Snick ($123.23 in chips) 
Dai5dop: posts small blind $0.50
Rysiff: posts big blind $1
*** HOLE CARDS ***
G.HANSEN333: raises $1.50 to $2.50
b2k-Snick: folds 
stephans888 leaves the table
Yoalfre: folds 
Dai5dop: folds 
Rysiff: folds 
Uncalled bet ($1.50) returned to G.HANSEN333
G.HANSEN333 collected $2.50 from pot
G.HANSEN333: doesn't show hand 
*** SUMMARY ***
Total pot $2.50 | Rake $0 
Seat 1: stephans888
Seat 2: Yoalfre (button) folded before Flop (didn't bet)
Seat 3: Dai5dop (small blind) folded before Flop
Seat 4: Rysiff (big blind) folded before Flop
Seat 5: G.HANSEN333 collected ($2.50)
Seat 6: b2k-Snick folded before Flop (didn't bet)



PokerStars Hand #254260955218:  Hold'em No Limit ($0.50/$1.00 USD) - 2025/01/08 13:36:10 WET [2025/01/08 8:36:10 ET]
Table 'Zech II' 6-max Seat #3 is the button
Seat 2: Yoalfre ($148.49 in chips) 
Seat 3: Dai5dop ($117.03 in chips) 
Seat 4: Rysiff ($103.22 in chips) 
Seat 5: G.HANSEN333 ($104.39 in chips) 
Seat 6: b2k-Snick ($123.23 in chips) 
Rysiff: posts small blind $0.50
G.HANSEN333: posts big blind $1
*** HOLE CARDS ***
b2k-Snick: folds 
Yoalfre: folds 
Dai5dop: folds 
b2k-Snick leaves the table
Rysiff: raises $2 to $3
G.HANSEN333: folds 
Uncalled bet ($2) returned to Rysiff
Rysiff collected $2 from pot
Rysiff: doesn't show hand 
*** SUMMARY ***
Total pot $2 | Rake $0 
Seat 2: Yoalfre folded before Flop (didn't bet)
Seat 3: Dai5dop (button) folded before Flop (didn't bet)
Seat 4: Rysiff (small blind) collected ($2)
Seat 5: G.HANSEN333 (big blind) folded before Flop
Seat 6: b2k-Snick folded before Flop (didn't bet)



PokerStars Hand #254260957638:  Hold'em No Limit ($0.50/$1.00 USD) - 2025/01/08 13:36:23 WET [2025/01/08 8:36:23 ET]
Table 'Zech II' 6-max Seat #4 is the button
Seat 2: Yoalfre ($148.49 in chips) 
Seat 3: Dai5dop ($117.03 in chips) 
Seat 4: Rysiff ($104.22 in chips) 
Seat 5: G.HANSEN333 ($103.39 in chips) 
G.HANSEN333: posts small blind $0.50
Yoalfre: posts big blind $1
*** HOLE CARDS ***
erpaye joins the table at seat #6 
nastja336 joins the table at seat #1 
Dai5dop: folds 
Rysiff: raises $1.50 to $2.50
G.HANSEN333: folds 
Yoalfre: folds 
Uncalled bet ($1.50) returned to Rysiff
Rysiff collected $2.50 from pot
Rysiff: doesn't show hand 
*** SUMMARY ***
Total pot $2.50 | Rake $0 
Seat 2: Yoalfre (big blind) folded before Flop
Seat 3: Dai5dop folded before Flop (didn't bet)
Seat 4: Rysiff (button) collected ($2.50)
Seat 5: G.HANSEN333 (small blind) folded before Flop



PokerStars Hand #254260960541:  Hold'em No Limit ($0.50/$1.00 USD) - 2025/01/08 13:36:41 WET [2025/01/08 8:36:41 ET]
Table 'Zech II' 6-max Seat #2 is the button
Seat 1: nastja336 ($100 in chips) is sitting out
Seat 3: Dai5dop ($117.03 in chips) is sitting out
Seat 4: Rysiff ($105.72 in chips) is sitting out
Seat 6: erpaye ($100 in chips) is sitting out
Seat 2: Yoalfre ($147.49 in chips) 
Seat 5: G.HANSEN333 ($102.89 in chips) 
Yoalfre: posts small blind $0.50
Dai5dop: is sitting out 
Rysiff: is sitting out 
G.HANSEN333: posts big blind $1
*** HOLE CARDS ***
Dai5dop leaves the table
Rysiff leaves the table
Yoalfre: folds 
Uncalled bet ($0.50) returned to G.HANSEN333
G.HANSEN333 collected $1 from pot
G.HANSEN333: doesn't show hand 
*** SUMMARY ***
Total pot $1 | Rake $0 
Seat 1: nastja336
Seat 3: Dai5dop
Seat 4: Rysiff
Seat 6: erpaye
Seat 2: Yoalfre (button) (small blind) folded before Flop
Seat 5: G.HANSEN333 (big blind) collected ($1)



PokerStars Hand #254260962309:  Hold'em No Limit ($0.50/$1.00 USD) - 2025/01/08 13:36:50 WET [2025/01/08 8:36:50 ET]
Table 'Zech II' 6-max Seat #2 is the button
Seat 2: Yoalfre ($146.99 in chips) 
Seat 5: G.HANSEN333 ($103.39 in chips) 
Seat 6: erpaye ($100 in chips) 
G.HANSEN333: posts small blind $0.50
nastja336 leaves the table
erpaye: posts big blind $1
*** HOLE CARDS ***
Yoalfre: folds 
G.HANSEN333: folds 
Uncalled bet ($0.50) returned to erpaye
erpaye collected $1 from pot
erpaye: doesn't show hand 
*** SUMMARY ***
Total pot $1 | Rake $0 
Seat 2: Yoalfre (button) folded before Flop (didn't bet)
Seat 5: G.HANSEN333 (small blind) folded before Flop
Seat 6: erpaye (big blind) collected ($1)



PokerStars Hand #254260963686:  Hold'em No Limit ($0.50/$1.00 USD) - 2025/01/08 13:36:59 WET [2025/01/08 8:36:59 ET]
Table 'Zech II' 6-max Seat #6 is the button
Seat 2: Yoalfre ($146.99 in chips) is sitting out
Seat 5: G.HANSEN333 ($102.89 in chips) 
Seat 6: erpaye ($100.50 in chips) 
erpaye: posts small blind $0.50
Yoalfre: is sitting out 
G.HANSEN333: posts big blind $1
*** HOLE CARDS ***
erpaye: raises $1.30 to $2.30
G.HANSEN333: folds 
Uncalled bet ($1.30) returned to erpaye
erpaye collected $2 from pot
erpaye: doesn't show hand 
*** SUMMARY ***
Total pot $2 | Rake $0 
Seat 2: Yoalfre
Seat 5: G.HANSEN333 (big blind) folded before Flop
Seat 6: erpaye (button) (small blind) collected ($2)



PokerStars Hand #254260965277:  Hold'em No Limit ($0.50/$1.00 USD) - 2025/01/08 13:37:08 WET [2025/01/08 8:37:08 ET]
Table 'Zech II' 6-max Seat #5 is the button
Seat 2: Yoalfre ($146.99 in chips) is sitting out
Seat 5: G.HANSEN333 ($101.89 in chips) 
Seat 6: erpaye ($101.50 in chips) 
G.HANSEN333: posts small blind $0.50
erpaye: posts big blind $1
*** HOLE CARDS ***
G.HANSEN333: raises $2 to $3
Yoalfre leaves the table
erpaye: folds 
Uncalled bet ($2) returned to G.HANSEN333
G.HANSEN333 collected $2 from pot
G.HANSEN333: doesn't show hand 
*** SUMMARY ***
Total pot $2 | Rake $0 
Seat 2: Yoalfre
Seat 5: G.HANSEN333 (button) (small blind) collected ($2)
Seat 6: erpaye (big blind) folded before Flop



PokerStars Hand #254260967945:  Hold'em No Limit ($0.50/$1.00 USD) - 2025/01/08 13:37:23 WET [2025/01/08 8:37:23 ET]
Table 'Zech II' 6-max Seat #6 is the button
Seat 5: G.HANSEN333 ($102.89 in chips) 
Seat 6: erpaye ($100.50 in chips) 
erpaye: posts small blind $0.50
G.HANSEN333: posts big blind $1
*** HOLE CARDS ***
erpaye: raises $1.20 to $2.20
G.HANSEN333: folds 
Uncalled bet ($1.20) returned to erpaye
erpaye collected $2 from pot
erpaye: doesn't show hand 
*** SUMMARY ***
Total pot $2 | Rake $0 
Seat 5: G.HANSEN333 (big blind) folded before Flop
Seat 6: erpaye (button) (small blind) collected ($2)



PokerStars Hand #254260971777:  Hold'em No Limit ($0.50/$1.00 USD) - 2025/01/08 13:37:45 WET [2025/01/08 8:37:45 ET]
Table 'Zech II' 6-max Seat #5 is the button
Seat 5: G.HANSEN333 ($101.89 in chips) 
Seat 6: erpaye ($101.50 in chips) 
G.HANSEN333: posts small blind $0.50
erpaye: posts big blind $1
*** HOLE CARDS ***
G.HANSEN333: raises $2 to $3
erpaye: raises $8 to $11
G.HANSEN333: folds 
Uncalled bet ($8) returned to erpaye
erpaye collected $6 from pot
erpaye: doesn't show hand 
*** SUMMARY ***
Total pot $6 | Rake $0 
Seat 5: G.HANSEN333 (button) (small blind) folded before Flop
Seat 6: erpaye (big blind) collected ($6)



PokerStars Hand #254260975579:  Hold'em No Limit ($0.50/$1.00 USD) - 2025/01/08 13:38:07 WET [2025/01/08 8:38:07 ET]
Table 'Zech II' 6-max Seat #6 is the button
Seat 5: G.HANSEN333 ($100 in chips) 
Seat 6: erpaye ($104.50 in chips) 
erpaye: posts small blind $0.50
G.HANSEN333: posts big blind $1
*** HOLE CARDS ***
erpaye: raises $1.20 to $2.20
G.HANSEN333: folds 
Uncalled bet ($1.20) returned to erpaye
erpaye collected $2 from pot
erpaye: doesn't show hand 
*** SUMMARY ***
Total pot $2 | Rake $0 
Seat 5: G.HANSEN333 (big blind) folded before Flop
Seat 6: erpaye (button) (small blind) collected ($2)



PokerStars Hand #254260977014:  Hold'em No Limit ($0.50/$1.00 USD) - 2025/01/08 13:38:15 WET [2025/01/08 8:38:15 ET]
Table 'Zech II' 6-max Seat #5 is the button
Seat 5: G.HANSEN333 ($100 in chips) 
Seat 6: erpaye ($105.50 in chips) 
G.HANSEN333: posts small blind $0.50
erpaye: posts big blind $1
*** HOLE CARDS ***
G.HANSEN333: raises $2 to $3
erpaye: folds 
Uncalled bet ($2) returned to G.HANSEN333
G.HANSEN333 collected $2 from pot
G.HANSEN333: doesn't show hand 
*** SUMMARY ***
Total pot $2 | Rake $0 
Seat 5: G.HANSEN333 (button) (small blind) collected ($2)
Seat 6: erpaye (big blind) folded before Flop



PokerStars Hand #254260980456:  Hold'em No Limit ($0.50/$1.00 USD) - 2025/01/08 13:38:35 WET [2025/01/08 8:38:35 ET]
Table 'Zech II' 6-max Seat #6 is the button
Seat 5: G.HANSEN333 ($101 in chips) 
Seat 6: erpaye ($104.50 in chips) 
erpaye: posts small blind $0.50
G.HANSEN333: posts big blind $1
*** HOLE CARDS ***
erpaye: raises $1.20 to $2.20
G.HANSEN333: folds 
Uncalled bet ($1.20) returned to erpaye
erpaye collected $2 from pot
erpaye: doesn't show hand 
*** SUMMARY ***
Total pot $2 | Rake $0 
Seat 5: G.HANSEN333 (big blind) folded before Flop
Seat 6: erpaye (button) (small blind) collected ($2)



PokerStars Hand #254260981622:  Hold'em No Limit ($0.50/$1.00 USD) - 2025/01/08 13:38:42 WET [2025/01/08 8:38:42 ET]
Table 'Zech II' 6-max Seat #5 is the button
Seat 5: G.HANSEN333 ($100 in chips) 
Seat 6: erpaye ($105.50 in chips) 
G.HANSEN333: posts small blind $0.50
erpaye: posts big blind $1
*** HOLE CARDS ***
G.HANSEN333: folds 
Uncalled bet ($0.50) returned to erpaye
erpaye collected $1 from pot
erpaye: doesn't show hand 
*** SUMMARY ***
Total pot $1 | Rake $0 
Seat 5: G.HANSEN333 (button) (small blind) folded before Flop
Seat 6: erpaye (big blind) collected ($1)



PokerStars Hand #254260982539:  Hold'em No Limit ($0.50/$1.00 USD) - 2025/01/08 13:38:47 WET [2025/01/08 8:38:47 ET]
Table 'Zech II' 6-max Seat #6 is the button
Seat 5: G.HANSEN333 ($100 in chips) 
Seat 6: erpaye ($106 in chips) 
erpaye: posts small blind $0.50
G.HANSEN333: posts big blind $1
*** HOLE CARDS ***
erpaye: raises $1.20 to $2.20
G.HANSEN333: folds 
Uncalled bet ($1.20) returned to erpaye
erpaye collected $2 from pot
erpaye: doesn't show hand 
*** SUMMARY ***
Total pot $2 | Rake $0 
Seat 5: G.HANSEN333 (big blind) folded before Flop
Seat 6: erpaye (button) (small blind) collected ($2)



PokerStars Hand #254260985000:  Hold'em No Limit ($0.50/$1.00 USD) - 2025/01/08 13:39:02 WET [2025/01/08 8:39:02 ET]
Table 'Zech II' 6-max Seat #5 is the button
Seat 5: G.HANSEN333 ($100 in chips) 
Seat 6: erpaye ($107 in chips) 
G.HANSEN333: posts small blind $0.50
erpaye: posts big blind $1
*** HOLE CARDS ***
G.HANSEN333: raises $2 to $3
erpaye: folds 
Uncalled bet ($2) returned to G.HANSEN333
G.HANSEN333 collected $2 from pot
G.HANSEN333: doesn't show hand 
*** SUMMARY ***
Total pot $2 | Rake $0 
Seat 5: G.HANSEN333 (button) (small blind) collected ($2)
Seat 6: erpaye (big blind) folded before Flop



PokerStars Hand #254260988184:  Hold'em No Limit ($0.50/$1.00 USD) - 2025/01/08 13:39:20 WET [2025/01/08 8:39:20 ET]
Table 'Zech II' 6-max Seat #6 is the button
Seat 5: G.HANSEN333 ($101 in chips) 
Seat 6: erpaye ($106 in chips) 
erpaye: posts small blind $0.50
G.HANSEN333: posts big blind $1
*** HOLE CARDS ***
erpaye: raises $1.20 to $2.20
G.HANSEN333: raises $7.80 to $10
erpaye: calls $7.80
*** FLOP *** [Qc Jd 8c]
G.HANSEN333: bets $7.50
erpaye: calls $7.50
*** TURN *** [Qc Jd 8c] [Ts]
G.HANSEN333: checks 
erpaye: checks 
*** RIVER *** [Qc Jd 8c Ts] [Td]
G.HANSEN333: checks 
erpaye: bets $29.44
G.HANSEN333: folds 
Uncalled bet ($29.44) returned to erpaye
erpaye collected $34 from pot
erpaye: doesn't show hand 
*** SUMMARY ***
Total pot $35 | Rake $1 
Board [Qc Jd 8c Ts Td]
Seat 5: G.HANSEN333 (big blind) folded on the River
Seat 6: erpaye (button) (small blind) collected ($34)



PokerStars Hand #254261006037:  Hold'em No Limit ($0.50/$1.00 USD) - 2025/01/08 13:41:02 WET [2025/01/08 8:41:02 ET]
Table 'Zech II' 6-max Seat #5 is the button
Seat 5: G.HANSEN333 ($100 in chips) 
Seat 6: erpaye ($122.50 in chips) 
G.HANSEN333: posts small blind $0.50
erpaye: posts big blind $1
*** HOLE CARDS ***
G.HANSEN333: raises $2 to $3
erpaye: folds 
Uncalled bet ($2) returned to G.HANSEN333
G.HANSEN333 collected $2 from pot
G.HANSEN333: doesn't show hand 
*** SUMMARY ***
Total pot $2 | Rake $0 
Seat 5: G.HANSEN333 (button) (small blind) collected ($2)
Seat 6: erpaye (big blind) folded before Flop



PokerStars Hand #254261007763:  Hold'em No Limit ($0.50/$1.00 USD) - 2025/01/08 13:41:13 WET [2025/01/08 8:41:13 ET]
Table 'Zech II' 6-max Seat #6 is the button
Seat 5: G.HANSEN333 ($101 in chips) 
Seat 6: erpaye ($121.50 in chips) 
erpaye: posts small blind $0.50
G.HANSEN333: posts big blind $1
*** HOLE CARDS ***
erpaye: raises $1.20 to $2.20
G.HANSEN333: folds 
Uncalled bet ($1.20) returned to erpaye
erpaye collected $2 from pot
erpaye: doesn't show hand 
*** SUMMARY ***
Total pot $2 | Rake $0 
Seat 5: G.HANSEN333 (big blind) folded before Flop
Seat 6: erpaye (button) (small blind) collected ($2)



PokerStars Hand #254261010451:  Hold'em No Limit ($0.50/$1.00 USD) - 2025/01/08 13:41:27 WET [2025/01/08 8:41:27 ET]
Table 'Zech II' 6-max Seat #5 is the button
Seat 5: G.HANSEN333 ($100 in chips) 
Seat 6: erpaye ($122.50 in chips) 
G.HANSEN333: posts small blind $0.50
erpaye: posts big blind $1
*** HOLE CARDS ***
G.HANSEN333: folds 
Uncalled bet ($0.50) returned to erpaye
erpaye collected $1 from pot
erpaye: doesn't show hand 
*** SUMMARY ***
Total pot $1 | Rake $0 
Seat 5: G.HANSEN333 (button) (small blind) folded before Flop
Seat 6: erpaye (big blind) collected ($1)



PokerStars Hand #254261011518:  Hold'em No Limit ($0.50/$1.00 USD) - 2025/01/08 13:41:34 WET [2025/01/08 8:41:34 ET]
Table 'Zech II' 6-max Seat #6 is the button
Seat 5: G.HANSEN333 ($100 in chips) 
Seat 6: erpaye ($123 in chips) 
erpaye: posts small blind $0.50
G.HANSEN333: posts big blind $1
*** HOLE CARDS ***
erpaye: raises $1.20 to $2.20
G.HANSEN333: folds 
Uncalled bet ($1.20) returned to erpaye
erpaye collected $2 from pot
erpaye: doesn't show hand 
*** SUMMARY ***
Total pot $2 | Rake $0 
Seat 5: G.HANSEN333 (big blind) folded before Flop
Seat 6: erpaye (button) (small blind) collected ($2)



PokerStars Hand #254261012973:  Hold'em No Limit ($0.50/$1.00 USD) - 2025/01/08 13:41:42 WET [2025/01/08 8:41:42 ET]
Table 'Zech II' 6-max Seat #5 is the button
Seat 5: G.HANSEN333 ($100 in chips) 
Seat 6: erpaye ($124 in chips) 
G.HANSEN333: posts small blind $0.50
erpaye: posts big blind $1
*** HOLE CARDS ***
G.HANSEN333: folds 
Uncalled bet ($0.50) returned to erpaye
erpaye collected $1 from pot
erpaye: doesn't show hand 
*** SUMMARY ***
Total pot $1 | Rake $0 
Seat 5: G.HANSEN333 (button) (small blind) folded before Flop
Seat 6: erpaye (big blind) collected ($1)



PokerStars Hand #254261013866:  Hold'em No Limit ($0.50/$1.00 USD) - 2025/01/08 13:41:47 WET [2025/01/08 8:41:47 ET]
Table 'Zech II' 6-max Seat #6 is the button
Seat 5: G.HANSEN333 ($100 in chips) 
Seat 6: erpaye ($124.50 in chips) 
erpaye: posts small blind $0.50
G.HANSEN333: posts big blind $1
*** HOLE CARDS ***
erpaye: raises $1.20 to $2.20
G.HANSEN333: folds 
Uncalled bet ($1.20) returned to erpaye
erpaye collected $2 from pot
erpaye: doesn't show hand 
*** SUMMARY ***
Total pot $2 | Rake $0 
Seat 5: G.HANSEN333 (big blind) folded before Flop
Seat 6: erpaye (button) (small blind) collected ($2)



PokerStars Hand #254261017032:  Hold'em No Limit ($0.50/$1.00 USD) - 2025/01/08 13:42:05 WET [2025/01/08 8:42:05 ET]
Table 'Zech II' 6-max Seat #5 is the button
Seat 5: G.HANSEN333 ($100 in chips) 
Seat 6: erpaye ($125.50 in chips) 
G.HANSEN333: posts small blind $0.50
erpaye: posts big blind $1
*** HOLE CARDS ***
G.HANSEN333: folds 
Uncalled bet ($0.50) returned to erpaye
erpaye collected $1 from pot
erpaye: doesn't show hand 
*** SUMMARY ***
Total pot $1 | Rake $0 
Seat 5: G.HANSEN333 (button) (small blind) folded before Flop
Seat 6: erpaye (big blind) collected ($1)



PokerStars Hand #254261018774:  Hold'em No Limit ($0.50/$1.00 USD) - 2025/01/08 13:42:15 WET [2025/01/08 8:42:15 ET]
Table 'Zech II' 6-max Seat #6 is the button
Seat 5: G.HANSEN333 ($100 in chips) 
Seat 6: erpaye ($126 in chips) 
erpaye: posts small blind $0.50
G.HANSEN333: posts big blind $1
*** HOLE CARDS ***
erpaye: raises $1.20 to $2.20
G.HANSEN333: folds 
Uncalled bet ($1.20) returned to erpaye
erpaye collected $2 from pot
erpaye: doesn't show hand 
*** SUMMARY ***
Total pot $2 | Rake $0 
Seat 5: G.HANSEN333 (big blind) folded before Flop
Seat 6: erpaye (button) (small blind) collected ($2)



PokerStars Hand #254261020321:  Hold'em No Limit ($0.50/$1.00 USD) - 2025/01/08 13:42:24 WET [2025/01/08 8:42:24 ET]
Table 'Zech II' 6-max Seat #5 is the button
Seat 5: G.HANSEN333 ($100 in chips) 
Seat 6: erpaye ($127 in chips) 
G.HANSEN333: posts small blind $0.50
erpaye: posts big blind $1
*** HOLE CARDS ***
G.HANSEN333: raises $2 to $3
barkozi joins the table at seat #1 
erpaye: calls $2
*** FLOP *** [Ad Ac Qd]
erpaye: checks 
G.HANSEN333: checks 
*** TURN *** [Ad Ac Qd] [Qc]
erpaye: checks 
G.HANSEN333: checks 
*** RIVER *** [Ad Ac Qd Qc] [Ts]
erpaye: checks 
G.HANSEN333: checks 
*** SHOW DOWN ***
erpaye: shows [5c 6s] (two pair, Aces and Queens)
G.HANSEN333: shows [Ks Jh] (a straight, Ten to Ace)
G.HANSEN333 collected $5.70 from pot
*** SUMMARY ***
Total pot $6 | Rake $0.30 
Board [Ad Ac Qd Qc Ts]
Seat 5: G.HANSEN333 (button) (small blind) showed [Ks Jh] and won ($5.70) with a straight, Ten to Ace
Seat 6: erpaye (big blind) showed [5c 6s] and lost with two pair, Aces and Queens



PokerStars Hand #254261029903:  Hold'em No Limit ($0.50/$1.00 USD) - 2025/01/08 13:43:18 WET [2025/01/08 8:43:18 ET]
Table 'Zech II' 6-max Seat #5 is the button
Seat 1: barkozi ($10 in chips) 
Seat 5: G.HANSEN333 ($102.70 in chips) 
Seat 6: erpaye ($124 in chips) 
erpaye: posts small blind $0.50
barkozi: posts big blind $1
*** HOLE CARDS ***
G.HANSEN333: folds 
erpaye: raises $123 to $124 and is all-in
barkozi: folds 
Uncalled bet ($123) returned to erpaye
erpaye collected $2 from pot
erpaye: doesn't show hand 
*** SUMMARY ***
Total pot $2 | Rake $0 
Seat 1: barkozi (big blind) folded before Flop
Seat 5: G.HANSEN333 (button) folded before Flop (didn't bet)
Seat 6: erpaye (small blind) collected ($2)



PokerStars Hand #254261034591:  Hold'em No Limit ($0.50/$1.00 USD) - 2025/01/08 13:43:44 WET [2025/01/08 8:43:44 ET]
Table 'Zech II' 6-max Seat #6 is the button
Seat 1: barkozi ($9 in chips) 
Seat 5: G.HANSEN333 ($102.70 in chips) 
Seat 6: erpaye ($125 in chips) 
barkozi: posts small blind $0.50
G.HANSEN333: posts big blind $1
*** HOLE CARDS ***
erpaye: folds 
barkozi: raises $1.30 to $2.30
G.HANSEN333: calls $1.30
*** FLOP *** [Qh 9c 2c]
barkozi: bets $6.70 and is all-in
G.HANSEN333: calls $6.70
*** TURN *** [Qh 9c 2c] [Qd]
*** RIVER *** [Qh 9c 2c Qd] [2h]
*** SHOW DOWN ***
barkozi: shows [Ts Kd] (two pair, Queens and Deuces)
G.HANSEN333: shows [9h 5h] (two pair, Queens and Nines)
G.HANSEN333 collected $17.10 from pot
*** SUMMARY ***
Total pot $18 | Rake $0.90 
Board [Qh 9c 2c Qd 2h]
Seat 1: barkozi (small blind) showed [Ts Kd] and lost with two pair, Queens and Deuces
Seat 5: G.HANSEN333 (big blind) showed [9h 5h] and won ($17.10) with two pair, Queens and Nines
Seat 6: erpaye (button) folded before Flop (didn't bet)



PokerStars Hand #254261039298:  Hold'em No Limit ($0.50/$1.00 USD) - 2025/01/08 13:44:11 WET [2025/01/08 8:44:11 ET]
Table 'Zech II' 6-max Seat #5 is the button
Seat 1: barkozi ($0 in chips) is sitting out
Seat 5: G.HANSEN333 ($110.80 in chips) 
Seat 6: erpaye ($125 in chips) 
G.HANSEN333: posts small blind $0.50
erpaye: posts big blind $1
*** HOLE CARDS ***
G.HANSEN333: raises $2 to $3
erpaye: folds 
Uncalled bet ($2) returned to G.HANSEN333
G.HANSEN333 collected $2 from pot
G.HANSEN333: doesn't show hand 
barkozi leaves the table
*** SUMMARY ***
Total pot $2 | Rake $0 
Seat 1: barkozi
Seat 5: G.HANSEN333 (button) (small blind) collected ($2)
Seat 6: erpaye (big blind) folded before Flop



PokerStars Hand #254261040798:  Hold'em No Limit ($0.50/$1.00 USD) - 2025/01/08 13:44:19 WET [2025/01/08 8:44:19 ET]
Table 'Zech II' 6-max Seat #6 is the button
Seat 5: G.HANSEN333 ($111.80 in chips) 
Seat 6: erpaye ($124 in chips) 
erpaye: posts small blind $0.50
G.HANSEN333: posts big blind $1
*** HOLE CARDS ***
erpaye: raises $1.20 to $2.20
G.HANSEN333: raises $8.80 to $11
erpaye: folds 
Uncalled bet ($8.80) returned to G.HANSEN333
G.HANSEN333 collected $4.40 from pot
G.HANSEN333: doesn't show hand 
*** SUMMARY ***
Total pot $4.40 | Rake $0 
Seat 5: G.HANSEN333 (big blind) collected ($4.40)
Seat 6: erpaye (button) (small blind) folded before Flop



PokerStars Hand #254261043981:  Hold'em No Limit ($0.50/$1.00 USD) - 2025/01/08 13:44:37 WET [2025/01/08 8:44:37 ET]
Table 'Zech II' 6-max Seat #5 is the button
Seat 5: G.HANSEN333 ($114 in chips) 
Seat 6: erpaye ($121.80 in chips) 
G.HANSEN333: posts small blind $0.50
erpaye: posts big blind $1
*** HOLE CARDS ***
G.HANSEN333: raises $2 to $3
erpaye: folds 
Uncalled bet ($2) returned to G.HANSEN333
G.HANSEN333 collected $2 from pot
G.HANSEN333: doesn't show hand 
*** SUMMARY ***
Total pot $2 | Rake $0 
Seat 5: G.HANSEN333 (button) (small blind) collected ($2)
Seat 6: erpaye (big blind) folded before Flop



PokerStars Hand #254261046654:  Hold'em No Limit ($0.50/$1.00 USD) - 2025/01/08 13:44:52 WET [2025/01/08 8:44:52 ET]
Table 'Zech II' 6-max Seat #6 is the button
Seat 5: G.HANSEN333 ($115 in chips) 
Seat 6: erpaye ($120.80 in chips) 
erpaye: posts small blind $0.50
G.HANSEN333: posts big blind $1
*** HOLE CARDS ***
erpaye: raises $1.20 to $2.20
G.HANSEN333: folds 
Uncalled bet ($1.20) returned to erpaye
erpaye collected $2 from pot
erpaye: doesn't show hand 
*** SUMMARY ***
Total pot $2 | Rake $0 
Seat 5: G.HANSEN333 (big blind) folded before Flop
Seat 6: erpaye (button) (small blind) collected ($2)



PokerStars Hand #254261048362:  Hold'em No Limit ($0.50/$1.00 USD) - 2025/01/08 13:45:02 WET [2025/01/08 8:45:02 ET]
Table 'Zech II' 6-max Seat #5 is the button
Seat 5: G.HANSEN333 ($114 in chips) 
Seat 6: erpaye ($121.80 in chips) 
G.HANSEN333: posts small blind $0.50
erpaye: posts big blind $1
*** HOLE CARDS ***
G.HANSEN333: folds 
Uncalled bet ($0.50) returned to erpaye
erpaye collected $1 from pot
erpaye: doesn't show hand 
*** SUMMARY ***
Total pot $1 | Rake $0 
Seat 5: G.HANSEN333 (button) (small blind) folded before Flop
Seat 6: erpaye (big blind) collected ($1)



PokerStars Hand #254261049478:  Hold'em No Limit ($0.50/$1.00 USD) - 2025/01/08 13:45:08 WET [2025/01/08 8:45:08 ET]
Table 'Zech II' 6-max Seat #6 is the button
Seat 5: G.HANSEN333 ($113.50 in chips) 
Seat 6: erpaye ($122.30 in chips) 
erpaye: posts small blind $0.50
G.HANSEN333: posts big blind $1
*** HOLE CARDS ***
erpaye: raises $1.20 to $2.20
G.HANSEN333: folds 
Uncalled bet ($1.20) returned to erpaye
erpaye collected $2 from pot
erpaye: doesn't show hand 
*** SUMMARY ***
Total pot $2 | Rake $0 
Seat 5: G.HANSEN333 (big blind) folded before Flop
Seat 6: erpaye (button) (small blind) collected ($2)



PokerStars Hand #254261053409:  Hold'em No Limit ($0.50/$1.00 USD) - 2025/01/08 13:45:31 WET [2025/01/08 8:45:31 ET]
Table 'Zech II' 6-max Seat #5 is the button
Seat 5: G.HANSEN333 ($112.50 in chips) 
Seat 6: erpaye ($123.30 in chips) 
G.HANSEN333: posts small blind $0.50
erpaye: posts big blind $1
*** HOLE CARDS ***
G.HANSEN333: raises $2 to $3
erpaye: calls $2
*** FLOP *** [Jd 6d 9d]
erpaye: checks 
G.HANSEN333: bets $3.71
erpaye: calls $3.71
*** TURN *** [Jd 6d 9d] [8d]
erpaye: checks 
G.HANSEN333: bets $9.56
erpaye: calls $9.56
*** RIVER *** [Jd 6d 9d 8d] [Qs]
erpaye: checks 
G.HANSEN333: bets $23.66
erpaye: calls $23.66
*** SHOW DOWN ***
G.HANSEN333: shows [6h Ad] (a flush, Ace high)
erpaye: mucks hand 
G.HANSEN333 collected $78.86 from pot
*** SUMMARY ***
Total pot $79.86 | Rake $1 
Board [Jd 6d 9d 8d Qs]
Seat 5: G.HANSEN333 (button) (small blind) showed [6h Ad] and won ($78.86) with a flush, Ace high
Seat 6: erpaye (big blind) mucked



PokerStars Hand #254261071995:  Hold'em No Limit ($0.50/$1.00 USD) - 2025/01/08 13:47:16 WET [2025/01/08 8:47:16 ET]
Table 'Zech II' 6-max Seat #6 is the button
Seat 5: G.HANSEN333 ($151.43 in chips) 
Seat 6: erpaye ($100 in chips) 
erpaye: posts small blind $0.50
G.HANSEN333: posts big blind $1
*** HOLE CARDS ***
erpaye: raises $1.20 to $2.20
G.HANSEN333: raises $8.80 to $11
erpaye: folds 
Uncalled bet ($8.80) returned to G.HANSEN333
G.HANSEN333 collected $4.40 from pot
G.HANSEN333: doesn't show hand 
*** SUMMARY ***
Total pot $4.40 | Rake $0 
Seat 5: G.HANSEN333 (big blind) collected ($4.40)
Seat 6: erpaye (button) (small blind) folded before Flop



PokerStars Hand #254261075749:  Hold'em No Limit ($0.50/$1.00 USD) - 2025/01/08 13:47:37 WET [2025/01/08 8:47:37 ET]
Table 'Zech II' 6-max Seat #5 is the button
Seat 5: G.HANSEN333 ($153.63 in chips) 
Seat 6: erpaye ($100 in chips) 
G.HANSEN333: posts small blind $0.50
erpaye: posts big blind $1
*** HOLE CARDS ***
G.HANSEN333: raises $2 to $3
erpaye: raises $7.80 to $10.80
G.HANSEN333: calls $7.80
*** FLOP *** [Jd 9h Jh]
erpaye: checks 
G.HANSEN333: bets $6.80
erpaye: raises $11 to $17.80
G.HANSEN333: raises $125.03 to $142.83 and is all-in
erpaye: calls $71.40 and is all-in
Uncalled bet ($53.63) returned to G.HANSEN333
*** TURN *** [Jd 9h Jh] [7h]
*** RIVER *** [Jd 9h Jh 7h] [3d]
*** SHOW DOWN ***
erpaye: shows [Ah Qh] (a flush, Ace high)
G.HANSEN333: shows [Kh Th] (a flush, King high)
erpaye collected $199 from pot
*** SUMMARY ***
Total pot $200 | Rake $1 
Board [Jd 9h Jh 7h 3d]
Seat 5: G.HANSEN333 (button) (small blind) showed [Kh Th] and lost with a flush, King high
Seat 6: erpaye (big blind) showed [Ah Qh] and won ($199) with a flush, Ace high



