PokerStars Hand #254262920679:  Hold'em No Limit ($0.50/$1.00 USD) - 2025/01/08 16:23:10 WET [2025/01/08 11:23:10 ET]
Table 'Agamemnon III' 6-max Seat #5 is the button
Seat 1: blistein ($100 in chips) 
Seat 2: EvilReality ($100 in chips) 
Seat 3: rao999 ($100 in chips) 
Seat 5: fedor0f ($100 in chips) 
Seat 6: zirco6 ($40.47 in chips) 
zirco6: posts small blind $0.50
blistein: posts big blind $1
*** HOLE CARDS ***
EvilReality: folds 
Gfoer joins the table at seat #4 
rao999: folds 
fedor0f: folds 
zirco6: raises $3 to $4
blistein: folds 
Uncalled bet ($3) returned to zirco6
zirco6 collected $2 from pot
*** SUMMARY ***
Total pot $2 | Rake $0 
Seat 1: blistein (big blind) folded before Flop
Seat 2: EvilReality folded before Flop (didn't bet)
Seat 3: rao999 folded before Flop (didn't bet)
Seat 5: fedor0f (button) folded before Flop (didn't bet)
Seat 6: zirco6 (small blind) collected ($2)



PokerStars Hand #254262925427:  Hold'em No Limit ($0.50/$1.00 USD) - 2025/01/08 16:23:30 WET [2025/01/08 11:23:30 ET]
Table 'Agamemnon III' 6-max Seat #6 is the button
Seat 4: Gfoer ($100 in chips) is sitting out
Seat 1: blistein ($100 in chips) 
Seat 2: EvilReality ($100 in chips) 
Seat 3: rao999 ($100 in chips) 
Seat 5: fedor0f ($100 in chips) 
Seat 6: zirco6 ($41.47 in chips) 
blistein: posts small blind $0.50
EvilReality: posts big blind $1
Gfoer: sits out 
*** HOLE CARDS ***
rao999: folds 
fedor0f: folds 
zirco6: calls $1
blistein: raises $3 to $4
EvilReality: folds 
zirco6: calls $3
*** FLOP *** [Jh Ts 5h]
blistein: checks 
zirco6: bets $7
blistein: folds 
Uncalled bet ($7) returned to zirco6
zirco6 collected $8.55 from pot
*** SUMMARY ***
Total pot $9 | Rake $0.45 
Board [Jh Ts 5h]
Seat 4: Gfoer
Seat 1: blistein (small blind) folded on the Flop
Seat 2: EvilReality (big blind) folded before Flop
Seat 3: rao999 folded before Flop (didn't bet)
Seat 5: fedor0f folded before Flop (didn't bet)
Seat 6: zirco6 (button) collected ($8.55)



PokerStars Hand #254262936697:  Hold'em No Limit ($0.50/$1.00 USD) - 2025/01/08 16:24:18 WET [2025/01/08 11:24:18 ET]
Table 'Agamemnon III' 6-max Seat #1 is the button
Seat 4: Gfoer ($100 in chips) is sitting out
Seat 1: blistein ($100 in chips) 
Seat 2: EvilReality ($100 in chips) 
Seat 3: rao999 ($100 in chips) 
Seat 5: fedor0f ($100 in chips) 
Seat 6: zirco6 ($46.02 in chips) 
EvilReality: posts small blind $0.50
rao999: posts big blind $1
Gfoer: sits out 
*** HOLE CARDS ***
fedor0f: folds 
zirco6: folds 
blistein: folds 
EvilReality: folds 
Uncalled bet ($0.50) returned to rao999
rao999 collected $1 from pot
rao999: doesn't show hand 
*** SUMMARY ***
Total pot $1 | Rake $0 
Seat 4: Gfoer
Seat 1: blistein (button) folded before Flop (didn't bet)
Seat 2: EvilReality (small blind) folded before Flop
Seat 3: rao999 (big blind) collected ($1)
Seat 5: fedor0f folded before Flop (didn't bet)
Seat 6: zirco6 folded before Flop (didn't bet)



PokerStars Hand #254262940154:  Hold'em No Limit ($0.50/$1.00 USD) - 2025/01/08 16:24:32 WET [2025/01/08 11:24:32 ET]
Table 'Agamemnon III' 6-max Seat #2 is the button
Seat 1: blistein ($100 in chips) 
Seat 2: EvilReality ($100 in chips) 
Seat 3: rao999 ($100.50 in chips) 
Seat 4: Gfoer ($100 in chips) 
Seat 5: fedor0f ($100 in chips) 
Seat 6: zirco6 ($46.02 in chips) 
rao999: posts small blind $0.50
Gfoer: posts big blind $1
*** HOLE CARDS ***
fedor0f: folds 
zirco6: raises $2 to $3
blistein: folds 
EvilReality: folds 
rao999: folds 
Gfoer: folds 
Uncalled bet ($2) returned to zirco6
zirco6 collected $2.50 from pot
*** SUMMARY ***
Total pot $2.50 | Rake $0 
Seat 1: blistein folded before Flop (didn't bet)
Seat 2: EvilReality (button) folded before Flop (didn't bet)
Seat 3: rao999 (small blind) folded before Flop
Seat 4: Gfoer (big blind) folded before Flop
Seat 5: fedor0f folded before Flop (didn't bet)
Seat 6: zirco6 collected ($2.50)



PokerStars Hand #254262944577:  Hold'em No Limit ($0.50/$1.00 USD) - 2025/01/08 16:24:51 WET [2025/01/08 11:24:51 ET]
Table 'Agamemnon III' 6-max Seat #3 is the button
Seat 1: blistein ($100 in chips) 
Seat 2: EvilReality ($100 in chips) 
Seat 3: rao999 ($100 in chips) 
Seat 4: Gfoer ($100 in chips) 
Seat 5: fedor0f ($100 in chips) 
Seat 6: zirco6 ($47.52 in chips) 
Gfoer: posts small blind $0.50
fedor0f: posts big blind $1
*** HOLE CARDS ***
zirco6: calls $1
blistein: raises $2.50 to $3.50
EvilReality: folds 
rao999: raises $7 to $10.50
Gfoer: folds 
fedor0f: folds 
zirco6: folds 
blistein: raises $89.50 to $100 and is all-in
rao999: calls $89.50 and is all-in
*** FLOP *** [5d 3c Qs]
*** TURN *** [5d 3c Qs] [5s]
*** RIVER *** [5d 3c Qs 5s] [3h]
*** SHOW DOWN ***
blistein: shows [Kc Ac] (two pair, Fives and Threes)
rao999: shows [Jc Jd] (two pair, Jacks and Fives)
rao999 cashed out the hand for $106.24 | Cash Out Fee $2.17
*** SUMMARY ***
Total pot $202.50 | Rake $2.50 
Board [5d 3c Qs 5s 3h]
Seat 1: blistein showed [Kc Ac] and lost with two pair, Fives and Threes
Seat 2: EvilReality folded before Flop (didn't bet)
Seat 3: rao999 (button) showed [Jc Jd] and won ($200) with two pair, Jacks and Fives (pot not awarded as player cashed out)
Seat 4: Gfoer (small blind) folded before Flop
Seat 5: fedor0f (big blind) folded before Flop
Seat 6: zirco6 folded before Flop



PokerStars Hand #254262956782:  Hold'em No Limit ($0.50/$1.00 USD) - 2025/01/08 16:25:42 WET [2025/01/08 11:25:42 ET]
Table 'Agamemnon III' 6-max Seat #4 is the button
Seat 1: blistein ($100 in chips) 
Seat 2: EvilReality ($100 in chips) 
Seat 3: rao999 ($106.24 in chips) 
Seat 4: Gfoer ($100 in chips) 
Seat 5: fedor0f ($100 in chips) 
Seat 6: zirco6 ($46.52 in chips) 
fedor0f: posts small blind $0.50
zirco6: posts big blind $1
*** HOLE CARDS ***
blistein: folds 
EvilReality: raises $1.50 to $2.50
rao999: folds 
Gfoer: folds 
fedor0f: folds 
zirco6: folds 
Uncalled bet ($1.50) returned to EvilReality
EvilReality collected $2.50 from pot
EvilReality: doesn't show hand 
*** SUMMARY ***
Total pot $2.50 | Rake $0 
Seat 1: blistein folded before Flop (didn't bet)
Seat 2: EvilReality collected ($2.50)
Seat 3: rao999 folded before Flop (didn't bet)
Seat 4: Gfoer (button) folded before Flop (didn't bet)
Seat 5: fedor0f (small blind) folded before Flop
Seat 6: zirco6 (big blind) folded before Flop



PokerStars Hand #254262959989:  Hold'em No Limit ($0.50/$1.00 USD) - 2025/01/08 16:25:56 WET [2025/01/08 11:25:56 ET]
Table 'Agamemnon III' 6-max Seat #5 is the button
Seat 1: blistein ($100 in chips) 
Seat 2: EvilReality ($101.50 in chips) 
Seat 3: rao999 ($106.24 in chips) 
Seat 4: Gfoer ($100 in chips) 
Seat 5: fedor0f ($100 in chips) 
Seat 6: zirco6 ($45.52 in chips) 
zirco6: posts small blind $0.50
blistein: posts big blind $1
*** HOLE CARDS ***
EvilReality: folds 
rao999: folds 
Gfoer: raises $1.20 to $2.20
fedor0f: folds 
zirco6: calls $1.70
blistein: folds 
*** FLOP *** [3h 5s 7c]
zirco6: checks 
Gfoer: checks 
*** TURN *** [3h 5s 7c] [8s]
zirco6: bets $3
Gfoer: folds 
Uncalled bet ($3) returned to zirco6
zirco6 collected $5.13 from pot
*** SUMMARY ***
Total pot $5.40 | Rake $0.27 
Board [3h 5s 7c 8s]
Seat 1: blistein (big blind) folded before Flop
Seat 2: EvilReality folded before Flop (didn't bet)
Seat 3: rao999 folded before Flop (didn't bet)
Seat 4: Gfoer folded on the Turn
Seat 5: fedor0f (button) folded before Flop (didn't bet)
Seat 6: zirco6 (small blind) collected ($5.13)



PokerStars Hand #254262972249:  Hold'em No Limit ($0.50/$1.00 USD) - 2025/01/08 16:26:47 WET [2025/01/08 11:26:47 ET]
Table 'Agamemnon III' 6-max Seat #6 is the button
Seat 1: blistein ($100 in chips) 
Seat 2: EvilReality ($101.50 in chips) 
Seat 3: rao999 ($106.24 in chips) 
Seat 4: Gfoer ($100 in chips) 
Seat 5: fedor0f ($100 in chips) 
Seat 6: zirco6 ($48.45 in chips) 
blistein: posts small blind $0.50
EvilReality: posts big blind $1
*** HOLE CARDS ***
rao999: folds 
Gfoer: raises $1.20 to $2.20
fedor0f: folds 
zirco6: folds 
blistein: folds 
EvilReality: raises $8.80 to $11
Gfoer: folds 
Uncalled bet ($8.80) returned to EvilReality
EvilReality collected $4.90 from pot
EvilReality: doesn't show hand 
*** SUMMARY ***
Total pot $4.90 | Rake $0 
Seat 1: blistein (small blind) folded before Flop
Seat 2: EvilReality (big blind) collected ($4.90)
Seat 3: rao999 folded before Flop (didn't bet)
Seat 4: Gfoer folded before Flop
Seat 5: fedor0f folded before Flop (didn't bet)
Seat 6: zirco6 (button) folded before Flop (didn't bet)



PokerStars Hand #254262986262:  Hold'em No Limit ($0.50/$1.00 USD) - 2025/01/08 16:27:46 WET [2025/01/08 11:27:46 ET]
Table 'Agamemnon III' 6-max Seat #1 is the button
Seat 1: blistein ($100 in chips) 
Seat 2: EvilReality ($104.20 in chips) 
Seat 3: rao999 ($106.24 in chips) 
Seat 4: Gfoer ($100 in chips) 
Seat 5: fedor0f ($100 in chips) 
Seat 6: zirco6 ($48.45 in chips) 
EvilReality: posts small blind $0.50
rao999: posts big blind $1
*** HOLE CARDS ***
Gfoer: folds 
fedor0f: folds 
zirco6: folds 
blistein: folds 
EvilReality: raises $2 to $3
rao999: folds 
Uncalled bet ($2) returned to EvilReality
EvilReality collected $2 from pot
EvilReality: doesn't show hand 
*** SUMMARY ***
Total pot $2 | Rake $0 
Seat 1: blistein (button) folded before Flop (didn't bet)
Seat 2: EvilReality (small blind) collected ($2)
Seat 3: rao999 (big blind) folded before Flop
Seat 4: Gfoer folded before Flop (didn't bet)
Seat 5: fedor0f folded before Flop (didn't bet)
Seat 6: zirco6 folded before Flop (didn't bet)



PokerStars Hand #254262995995:  Hold'em No Limit ($0.50/$1.00 USD) - 2025/01/08 16:28:26 WET [2025/01/08 11:28:26 ET]
Table 'Agamemnon III' 6-max Seat #2 is the button
Seat 1: blistein ($100 in chips) 
Seat 2: EvilReality ($105.20 in chips) 
Seat 3: rao999 ($105.24 in chips) 
Seat 4: Gfoer ($100 in chips) 
Seat 5: fedor0f ($100 in chips) 
Seat 6: zirco6 ($48.45 in chips) 
rao999: posts small blind $0.50
Gfoer: posts big blind $1
*** HOLE CARDS ***
fedor0f: folds 
zirco6: folds 
blistein: raises $1.30 to $2.30
EvilReality: folds 
rao999: folds 
Gfoer: calls $1.30
*** FLOP *** [Qh Jh 8d]
Gfoer: checks 
blistein: bets $2.42
Gfoer: calls $2.42
*** TURN *** [Qh Jh 8d] [Js]
Gfoer: checks 
blistein: bets $6.32
Gfoer: calls $6.32
*** RIVER *** [Qh Jh 8d Js] [Ac]
Gfoer: checks 
blistein: bets $16.95
Gfoer: folds 
Uncalled bet ($16.95) returned to blistein
blistein collected $21.45 from pot
blistein: doesn't show hand 
*** SUMMARY ***
Total pot $22.58 | Rake $1.13 
Board [Qh Jh 8d Js Ac]
Seat 1: blistein collected ($21.45)
Seat 2: EvilReality (button) folded before Flop (didn't bet)
Seat 3: rao999 (small blind) folded before Flop
Seat 4: Gfoer (big blind) folded on the River
Seat 5: fedor0f folded before Flop (didn't bet)
Seat 6: zirco6 folded before Flop (didn't bet)



PokerStars Hand #254263021724:  Hold'em No Limit ($0.50/$1.00 USD) - 2025/01/08 16:30:12 WET [2025/01/08 11:30:12 ET]
Table 'Agamemnon III' 6-max Seat #3 is the button
Seat 1: blistein ($110.41 in chips) 
Seat 2: EvilReality ($105.20 in chips) 
Seat 3: rao999 ($104.74 in chips) 
Seat 4: Gfoer ($100 in chips) 
Seat 5: fedor0f ($100 in chips) 
Seat 6: zirco6 ($48.45 in chips) 
Gfoer: posts small blind $0.50
fedor0f: posts big blind $1
*** HOLE CARDS ***
zirco6: calls $1
blistein: folds 
EvilReality: raises $3 to $4
rao999: folds 
Gfoer: folds 
fedor0f: folds 
zirco6: calls $3
*** FLOP *** [Th Kc 3s]
zirco6: bets $4
EvilReality: calls $4
*** TURN *** [Th Kc 3s] [Ks]
zirco6: bets $10
EvilReality: calls $10
*** RIVER *** [Th Kc 3s Ks] [Js]
zirco6: bets $30.45 and is all-in
EvilReality: folds 
Uncalled bet ($30.45) returned to zirco6
zirco6 collected $35.62 from pot
*** SUMMARY ***
Total pot $37.50 | Rake $1.88 
Board [Th Kc 3s Ks Js]
Seat 1: blistein folded before Flop (didn't bet)
Seat 2: EvilReality folded on the River
Seat 3: rao999 (button) folded before Flop (didn't bet)
Seat 4: Gfoer (small blind) folded before Flop
Seat 5: fedor0f (big blind) folded before Flop
Seat 6: zirco6 collected ($35.62)



PokerStars Hand #254263038320:  Hold'em No Limit ($0.50/$1.00 USD) - 2025/01/08 16:31:20 WET [2025/01/08 11:31:20 ET]
Table 'Agamemnon III' 6-max Seat #4 is the button
Seat 1: blistein ($110.41 in chips) 
Seat 2: EvilReality ($100 in chips) 
Seat 3: rao999 ($104.74 in chips) 
Seat 4: Gfoer ($100 in chips) 
Seat 5: fedor0f ($100 in chips) 
Seat 6: zirco6 ($66.07 in chips) 
fedor0f: posts small blind $0.50
zirco6: posts big blind $1
*** HOLE CARDS ***
blistein: folds 
EvilReality: folds 
rao999: raises $1.50 to $2.50
Gfoer: folds 
fedor0f: folds 
zirco6: calls $1.50
*** FLOP *** [7c 2s 8c]
zirco6: checks 
rao999: bets $1.31
zirco6: calls $1.31
*** TURN *** [7c 2s 8c] [8s]
zirco6: bets $6.71
rao999: folds 
Uncalled bet ($6.71) returned to zirco6
zirco6 collected $7.71 from pot
*** SUMMARY ***
Total pot $8.12 | Rake $0.41 
Board [7c 2s 8c 8s]
Seat 1: blistein folded before Flop (didn't bet)
Seat 2: EvilReality folded before Flop (didn't bet)
Seat 3: rao999 folded on the Turn
Seat 4: Gfoer (button) folded before Flop (didn't bet)
Seat 5: fedor0f (small blind) folded before Flop
Seat 6: zirco6 (big blind) collected ($7.71)



PokerStars Hand #254263062362:  Hold'em No Limit ($0.50/$1.00 USD) - 2025/01/08 16:32:58 WET [2025/01/08 11:32:58 ET]
Table 'Agamemnon III' 6-max Seat #5 is the button
Seat 1: blistein ($110.41 in chips) 
Seat 2: EvilReality ($100 in chips) 
Seat 3: rao999 ($100.93 in chips) 
Seat 4: Gfoer ($100 in chips) 
Seat 5: fedor0f ($100 in chips) 
Seat 6: zirco6 ($69.97 in chips) 
zirco6: posts small blind $0.50
blistein: posts big blind $1
*** HOLE CARDS ***
EvilReality: folds 
rao999: raises $1.50 to $2.50
Gfoer: folds 
fedor0f: folds 
zirco6: folds 
blistein: folds 
Uncalled bet ($1.50) returned to rao999
rao999 collected $2.50 from pot
rao999: doesn't show hand 
*** SUMMARY ***
Total pot $2.50 | Rake $0 
Seat 1: blistein (big blind) folded before Flop
Seat 2: EvilReality folded before Flop (didn't bet)
Seat 3: rao999 collected ($2.50)
Seat 4: Gfoer folded before Flop (didn't bet)
Seat 5: fedor0f (button) folded before Flop (didn't bet)
Seat 6: zirco6 (small blind) folded before Flop



PokerStars Hand #254263065477:  Hold'em No Limit ($0.50/$1.00 USD) - 2025/01/08 16:33:10 WET [2025/01/08 11:33:10 ET]
Table 'Agamemnon III' 6-max Seat #6 is the button
Seat 1: blistein ($109.41 in chips) 
Seat 2: EvilReality ($100 in chips) 
Seat 3: rao999 ($102.43 in chips) 
Seat 4: Gfoer ($100 in chips) 
Seat 5: fedor0f ($100 in chips) 
Seat 6: zirco6 ($69.47 in chips) 
blistein: posts small blind $0.50
EvilReality: posts big blind $1
*** HOLE CARDS ***
rao999: folds 
Gfoer: folds 
fedor0f: raises $1.20 to $2.20
zirco6: calls $2.20
blistein: folds 
EvilReality: folds 
*** FLOP *** [8s 7c 9h]
fedor0f: checks 
zirco6: bets $4
fedor0f: calls $4
*** TURN *** [8s 7c 9h] [6c]
fedor0f: bets $9.50
zirco6: folds 
Uncalled bet ($9.50) returned to fedor0f
fedor0f collected $13.20 from pot
fedor0f: doesn't show hand 
*** SUMMARY ***
Total pot $13.90 | Rake $0.70 
Board [8s 7c 9h 6c]
Seat 1: blistein (small blind) folded before Flop
Seat 2: EvilReality (big blind) folded before Flop
Seat 3: rao999 folded before Flop (didn't bet)
Seat 4: Gfoer folded before Flop (didn't bet)
Seat 5: fedor0f collected ($13.20)
Seat 6: zirco6 (button) folded on the Turn



PokerStars Hand #254263079897:  Hold'em No Limit ($0.50/$1.00 USD) - 2025/01/08 16:34:10 WET [2025/01/08 11:34:10 ET]
Table 'Agamemnon III' 6-max Seat #1 is the button
Seat 1: blistein ($108.91 in chips) 
Seat 2: EvilReality ($100 in chips) 
Seat 3: rao999 ($102.43 in chips) 
Seat 4: Gfoer ($100 in chips) 
Seat 5: fedor0f ($107 in chips) 
Seat 6: zirco6 ($63.27 in chips) 
EvilReality: posts small blind $0.50
rao999: posts big blind $1
*** HOLE CARDS ***
Gfoer: raises $1.20 to $2.20
fedor0f: folds 
zirco6: folds 
blistein: folds 
EvilReality: folds 
rao999: calls $1.20
*** FLOP *** [Qd 8s 5d]
rao999: checks 
Gfoer: bets $1.55
rao999: folds 
Uncalled bet ($1.55) returned to Gfoer
Gfoer collected $4.66 from pot
Gfoer: doesn't show hand 
*** SUMMARY ***
Total pot $4.90 | Rake $0.24 
Board [Qd 8s 5d]
Seat 1: blistein (button) folded before Flop (didn't bet)
Seat 2: EvilReality (small blind) folded before Flop
Seat 3: rao999 (big blind) folded on the Flop
Seat 4: Gfoer collected ($4.66)
Seat 5: fedor0f folded before Flop (didn't bet)
Seat 6: zirco6 folded before Flop (didn't bet)



PokerStars Hand #254263085328:  Hold'em No Limit ($0.50/$1.00 USD) - 2025/01/08 16:34:32 WET [2025/01/08 11:34:32 ET]
Table 'Agamemnon III' 6-max Seat #2 is the button
Seat 1: blistein ($108.91 in chips) 
Seat 2: EvilReality ($100 in chips) 
Seat 3: rao999 ($100.23 in chips) 
Seat 4: Gfoer ($102.46 in chips) 
Seat 5: fedor0f ($107 in chips) 
Seat 6: zirco6 ($63.27 in chips) 
rao999: posts small blind $0.50
Gfoer: posts big blind $1
*** HOLE CARDS ***
fedor0f: folds 
zirco6: calls $1
blistein: raises $2.50 to $3.50
EvilReality: folds 
rao999: folds 
Gfoer: folds 
zirco6: calls $2.50
*** FLOP *** [Jd Th 4c]
zirco6: checks 
blistein: bets $3
zirco6: calls $3
*** TURN *** [Jd Th 4c] [Ad]
zirco6: checks 
blistein: checks 
*** RIVER *** [Jd Th 4c Ad] [Td]
zirco6: bets $6
blistein: folds 
Uncalled bet ($6) returned to zirco6
zirco6 collected $13.78 from pot
*** SUMMARY ***
Total pot $14.50 | Rake $0.72 
Board [Jd Th 4c Ad Td]
Seat 1: blistein folded on the River
Seat 2: EvilReality (button) folded before Flop (didn't bet)
Seat 3: rao999 (small blind) folded before Flop
Seat 4: Gfoer (big blind) folded before Flop
Seat 5: fedor0f folded before Flop (didn't bet)
Seat 6: zirco6 collected ($13.78)



PokerStars Hand #254263104902:  Hold'em No Limit ($0.50/$1.00 USD) - 2025/01/08 16:35:51 WET [2025/01/08 11:35:51 ET]
Table 'Agamemnon III' 6-max Seat #3 is the button
Seat 1: blistein ($102.41 in chips) 
Seat 2: EvilReality ($100 in chips) 
Seat 3: rao999 ($100 in chips) 
Seat 4: Gfoer ($101.46 in chips) 
Seat 5: fedor0f ($107 in chips) 
Seat 6: zirco6 ($70.55 in chips) 
Gfoer: posts small blind $0.50
fedor0f: posts big blind $1
*** HOLE CARDS ***
zirco6: calls $1
blistein: folds 
EvilReality: raises $3 to $4
rao999: folds 
Gfoer: folds 
fedor0f: calls $3
zirco6: calls $3
*** FLOP *** [Qc 2d 5c]
fedor0f: checks 
zirco6: checks 
EvilReality: bets $6.42
fedor0f: raises $12.36 to $18.78
zirco6: folds 
EvilReality: folds 
Uncalled bet ($12.36) returned to fedor0f
fedor0f collected $24.07 from pot
fedor0f: doesn't show hand 
*** SUMMARY ***
Total pot $25.34 | Rake $1.27 
Board [Qc 2d 5c]
Seat 1: blistein folded before Flop (didn't bet)
Seat 2: EvilReality folded on the Flop
Seat 3: rao999 (button) folded before Flop (didn't bet)
Seat 4: Gfoer (small blind) folded before Flop
Seat 5: fedor0f (big blind) collected ($24.07)
Seat 6: zirco6 folded on the Flop



PokerStars Hand #254263129377:  Hold'em No Limit ($0.50/$1.00 USD) - 2025/01/08 16:37:29 WET [2025/01/08 11:37:29 ET]
Table 'Agamemnon III' 6-max Seat #4 is the button
Seat 1: blistein ($102.41 in chips) 
Seat 2: EvilReality ($100 in chips) 
Seat 3: rao999 ($100 in chips) 
Seat 4: Gfoer ($100.96 in chips) 
Seat 5: fedor0f ($120.65 in chips) 
Seat 6: zirco6 ($66.55 in chips) 
fedor0f: posts small blind $0.50
zirco6: posts big blind $1
*** HOLE CARDS ***
blistein: folds 
EvilReality: raises $1.50 to $2.50
rao999: folds 
Gfoer: folds 
fedor0f: calls $2
zirco6: calls $1.50
*** FLOP *** [Kd 2d 9s]
fedor0f: checks 
zirco6: bets $4
EvilReality: calls $4
fedor0f: raises $13.38 to $17.38
zirco6: calls $13.38
EvilReality: folds 
*** TURN *** [Kd 2d 9s] [8c]
fedor0f: bets $100.77 and is all-in
zirco6: folds 
Uncalled bet ($100.77) returned to fedor0f
fedor0f collected $43.95 from pot
fedor0f: doesn't show hand 
*** SUMMARY ***
Total pot $46.26 | Rake $2.31 
Board [Kd 2d 9s 8c]
Seat 1: blistein folded before Flop (didn't bet)
Seat 2: EvilReality folded on the Flop
Seat 3: rao999 folded before Flop (didn't bet)
Seat 4: Gfoer (button) folded before Flop (didn't bet)
Seat 5: fedor0f (small blind) collected ($43.95)
Seat 6: zirco6 (big blind) folded on the Turn



PokerStars Hand #254263146671:  Hold'em No Limit ($0.50/$1.00 USD) - 2025/01/08 16:38:39 WET [2025/01/08 11:38:39 ET]
Table 'Agamemnon III' 6-max Seat #5 is the button
Seat 1: blistein ($102.41 in chips) 
Seat 2: EvilReality ($100 in chips) 
Seat 3: rao999 ($100 in chips) 
Seat 4: Gfoer ($100.96 in chips) 
Seat 5: fedor0f ($144.72 in chips) 
Seat 6: zirco6 ($46.67 in chips) 
zirco6: posts small blind $0.50
blistein: posts big blind $1
*** HOLE CARDS ***
EvilReality: folds 
rao999: raises $1.50 to $2.50
Gfoer: folds 
fedor0f: folds 
zirco6: calls $2
blistein: folds 
*** FLOP *** [Qd Qs 9d]
zirco6: checks 
rao999: bets $1.88
zirco6: folds 
Uncalled bet ($1.88) returned to rao999
rao999 collected $5.70 from pot
rao999: doesn't show hand 
*** SUMMARY ***
Total pot $6 | Rake $0.30 
Board [Qd Qs 9d]
Seat 1: blistein (big blind) folded before Flop
Seat 2: EvilReality folded before Flop (didn't bet)
Seat 3: rao999 collected ($5.70)
Seat 4: Gfoer folded before Flop (didn't bet)
Seat 5: fedor0f (button) folded before Flop (didn't bet)
Seat 6: zirco6 (small blind) folded on the Flop



PokerStars Hand #254263160904:  Hold'em No Limit ($0.50/$1.00 USD) - 2025/01/08 16:39:35 WET [2025/01/08 11:39:35 ET]
Table 'Agamemnon III' 6-max Seat #6 is the button
Seat 1: blistein ($101.41 in chips) 
Seat 2: EvilReality ($100 in chips) 
Seat 3: rao999 ($103.20 in chips) 
Seat 4: Gfoer ($100.96 in chips) 
Seat 5: fedor0f ($144.72 in chips) 
Seat 6: zirco6 ($44.17 in chips) 
blistein: posts small blind $0.50
EvilReality: posts big blind $1
*** HOLE CARDS ***
rao999: folds 
Gfoer: folds 
fedor0f: folds 
zirco6: folds 
blistein: raises $2 to $3
EvilReality: calls $2
*** FLOP *** [Qh Ac 2d]
blistein: bets $1.94
EvilReality: folds 
Uncalled bet ($1.94) returned to blistein
blistein collected $5.70 from pot
blistein: doesn't show hand 
*** SUMMARY ***
Total pot $6 | Rake $0.30 
Board [Qh Ac 2d]
Seat 1: blistein (small blind) collected ($5.70)
Seat 2: EvilReality (big blind) folded on the Flop
Seat 3: rao999 folded before Flop (didn't bet)
Seat 4: Gfoer folded before Flop (didn't bet)
Seat 5: fedor0f folded before Flop (didn't bet)
Seat 6: zirco6 (button) folded before Flop (didn't bet)



PokerStars Hand #254263173648:  Hold'em No Limit ($0.50/$1.00 USD) - 2025/01/08 16:40:27 WET [2025/01/08 11:40:27 ET]
Table 'Agamemnon III' 6-max Seat #1 is the button
Seat 1: blistein ($104.11 in chips) 
Seat 2: EvilReality ($100 in chips) 
Seat 3: rao999 ($103.20 in chips) 
Seat 4: Gfoer ($100.96 in chips) 
Seat 5: fedor0f ($144.72 in chips) 
Seat 6: zirco6 ($44.17 in chips) 
EvilReality: posts small blind $0.50
rao999: posts big blind $1
*** HOLE CARDS ***
Gfoer: raises $1.20 to $2.20
fedor0f: raises $4.40 to $6.60
zirco6: folds 
blistein: folds 
EvilReality: folds 
rao999: folds 
Gfoer: raises $14.40 to $21
fedor0f: folds 
Uncalled bet ($14.40) returned to Gfoer
Gfoer collected $14.70 from pot
Gfoer: doesn't show hand 
*** SUMMARY ***
Total pot $14.70 | Rake $0 
Seat 1: blistein (button) folded before Flop (didn't bet)
Seat 2: EvilReality (small blind) folded before Flop
Seat 3: rao999 (big blind) folded before Flop
Seat 4: Gfoer collected ($14.70)
Seat 5: fedor0f folded before Flop
Seat 6: zirco6 folded before Flop (didn't bet)



PokerStars Hand #254263184574:  Hold'em No Limit ($0.50/$1.00 USD) - 2025/01/08 16:41:10 WET [2025/01/08 11:41:10 ET]
Table 'Agamemnon III' 6-max Seat #2 is the button
Seat 1: blistein ($104.11 in chips) 
Seat 2: EvilReality ($100 in chips) 
Seat 3: rao999 ($102.20 in chips) 
Seat 4: Gfoer ($109.06 in chips) 
Seat 5: fedor0f ($138.12 in chips) 
Seat 6: zirco6 ($44.17 in chips) 
rao999: posts small blind $0.50
Gfoer: posts big blind $1
*** HOLE CARDS ***
fedor0f: folds 
zirco6: calls $1
blistein: raises $2.50 to $3.50
EvilReality: calls $3.50
rao999: folds 
Gfoer: folds 
zirco6: calls $2.50
*** FLOP *** [Ah Jd 4d]
zirco6: checks 
blistein: checks 
EvilReality: checks 
*** TURN *** [Ah Jd 4d] [Qs]
zirco6: checks 
blistein: checks 
EvilReality: checks 
*** RIVER *** [Ah Jd 4d Qs] [9d]
zirco6: bets $10
blistein: folds 
EvilReality: folds 
Uncalled bet ($10) returned to zirco6
zirco6 collected $11.40 from pot
*** SUMMARY ***
Total pot $12 | Rake $0.60 
Board [Ah Jd 4d Qs 9d]
Seat 1: blistein folded on the River
Seat 2: EvilReality (button) folded on the River
Seat 3: rao999 (small blind) folded before Flop
Seat 4: Gfoer (big blind) folded before Flop
Seat 5: fedor0f folded before Flop (didn't bet)
Seat 6: zirco6 collected ($11.40)



PokerStars Hand #254263199906:  Hold'em No Limit ($0.50/$1.00 USD) - 2025/01/08 16:42:11 WET [2025/01/08 11:42:11 ET]
Table 'Agamemnon III' 6-max Seat #3 is the button
Seat 5: fedor0f ($138.12 in chips) is sitting out
Seat 1: blistein ($100.61 in chips) 
Seat 2: EvilReality ($100 in chips) 
Seat 3: rao999 ($101.70 in chips) 
Seat 4: Gfoer ($108.06 in chips) 
Seat 6: zirco6 ($52.07 in chips) 
Gfoer: posts small blind $0.50
fedor0f: is sitting out 
zirco6: posts big blind $1
*** HOLE CARDS ***
fedor0f leaves the table
blistein: folds 
EvilReality: raises $1.50 to $2.50
rao999: folds 
Gfoer: folds 
zirco6: folds 
Uncalled bet ($1.50) returned to EvilReality
EvilReality collected $2.50 from pot
EvilReality: doesn't show hand 
*** SUMMARY ***
Total pot $2.50 | Rake $0 
Seat 5: fedor0f
Seat 1: blistein folded before Flop (didn't bet)
Seat 2: EvilReality collected ($2.50)
Seat 3: rao999 (button) folded before Flop (didn't bet)
Seat 4: Gfoer (small blind) folded before Flop
Seat 6: zirco6 (big blind) folded before Flop



PokerStars Hand #254263202904:  Hold'em No Limit ($0.50/$1.00 USD) - 2025/01/08 16:42:23 WET [2025/01/08 11:42:23 ET]
Table 'Agamemnon III' 6-max Seat #4 is the button
Seat 1: blistein ($100.61 in chips) 
Seat 2: EvilReality ($101.50 in chips) 
Seat 3: rao999 ($101.70 in chips) 
Seat 4: Gfoer ($107.56 in chips) 
Seat 6: zirco6 ($51.07 in chips) 
zirco6: posts small blind $0.50
blistein: posts big blind $1
*** HOLE CARDS ***
EvilReality: folds 
rao999: folds 
Gfoer: folds 
zirco6 has timed out
zirco6: folds 
Uncalled bet ($0.50) returned to blistein
blistein collected $1 from pot
blistein: doesn't show hand 
*** SUMMARY ***
Total pot $1 | Rake $0 
Seat 1: blistein (big blind) collected ($1)
Seat 2: EvilReality folded before Flop (didn't bet)
Seat 3: rao999 folded before Flop (didn't bet)
Seat 4: Gfoer (button) folded before Flop (didn't bet)
Seat 6: zirco6 (small blind) folded before Flop



PokerStars Hand #254263208788:  Hold'em No Limit ($0.50/$1.00 USD) - 2025/01/08 16:42:46 WET [2025/01/08 11:42:46 ET]
Table 'Agamemnon III' 6-max Seat #6 is the button
Seat 1: blistein ($101.11 in chips) 
Seat 2: EvilReality ($101.50 in chips) 
Seat 3: rao999 ($101.70 in chips) 
Seat 4: Gfoer ($107.56 in chips) 
Seat 6: zirco6 ($50.57 in chips) 
blistein: posts small blind $0.50
EvilReality: posts big blind $1
*** HOLE CARDS ***
rao999: folds 
Gfoer: folds 
coeeeelho joins the table at seat #5 
zirco6: raises $5 to $6
blistein: folds 
EvilReality: folds 
Uncalled bet ($5) returned to zirco6
zirco6 collected $2.50 from pot
*** SUMMARY ***
Total pot $2.50 | Rake $0 
Seat 1: blistein (small blind) folded before Flop
Seat 2: EvilReality (big blind) folded before Flop
Seat 3: rao999 folded before Flop (didn't bet)
Seat 4: Gfoer folded before Flop (didn't bet)
Seat 6: zirco6 (button) collected ($2.50)



PokerStars Hand #254263214002:  Hold'em No Limit ($0.50/$1.00 USD) - 2025/01/08 16:43:07 WET [2025/01/08 11:43:07 ET]
Table 'Agamemnon III' 6-max Seat #1 is the button
Seat 5: coeeeelho ($100 in chips) is sitting out
Seat 1: blistein ($100.61 in chips) 
Seat 2: EvilReality ($100.50 in chips) 
Seat 3: rao999 ($101.70 in chips) 
Seat 4: Gfoer ($107.56 in chips) 
Seat 6: zirco6 ($52.07 in chips) 
EvilReality: posts small blind $0.50
rao999: posts big blind $1
coeeeelho: sits out 
*** HOLE CARDS ***
Gfoer: folds 
zirco6: folds 
blistein: folds 
EvilReality: raises $2 to $3
rao999: calls $2
*** FLOP *** [As Kc Ah]
EvilReality: bets $1.88
rao999: calls $1.88
*** TURN *** [As Kc Ah] [4s]
EvilReality: bets $5.01
rao999 has timed out
rao999: folds 
Uncalled bet ($5.01) returned to EvilReality
EvilReality collected $9.27 from pot
EvilReality: doesn't show hand 
*** SUMMARY ***
Total pot $9.76 | Rake $0.49 
Board [As Kc Ah 4s]
Seat 5: coeeeelho
Seat 1: blistein (button) folded before Flop (didn't bet)
Seat 2: EvilReality (small blind) collected ($9.27)
Seat 3: rao999 (big blind) folded on the Turn
Seat 4: Gfoer folded before Flop (didn't bet)
Seat 6: zirco6 folded before Flop (didn't bet)



PokerStars Hand #254263230035:  Hold'em No Limit ($0.50/$1.00 USD) - 2025/01/08 16:44:11 WET [2025/01/08 11:44:11 ET]
Table 'Agamemnon III' 6-max Seat #2 is the button
Seat 5: coeeeelho ($100 in chips) is sitting out
Seat 1: blistein ($100.61 in chips) 
Seat 2: EvilReality ($104.89 in chips) 
Seat 3: rao999 ($100 in chips) 
Seat 4: Gfoer ($107.56 in chips) 
Seat 6: zirco6 ($52.07 in chips) 
rao999: posts small blind $0.50
Gfoer: posts big blind $1
coeeeelho: sits out 
*** HOLE CARDS ***
zirco6: calls $1
blistein: folds 
EvilReality: folds 
rao999: calls $0.50
Gfoer: checks 
*** FLOP *** [Td Ac 2c]
rao999: checks 
Gfoer: checks 
zirco6: bets $3
rao999: calls $3
Gfoer: folds 
*** TURN *** [Td Ac 2c] [Jh]
rao999: checks 
zirco6: bets $8
rao999: folds 
Uncalled bet ($8) returned to zirco6
zirco6 collected $8.55 from pot
*** SUMMARY ***
Total pot $9 | Rake $0.45 
Board [Td Ac 2c Jh]
Seat 5: coeeeelho
Seat 1: blistein folded before Flop (didn't bet)
Seat 2: EvilReality (button) folded before Flop (didn't bet)
Seat 3: rao999 (small blind) folded on the Turn
Seat 4: Gfoer (big blind) folded on the Flop
Seat 6: zirco6 collected ($8.55)



PokerStars Hand #254263243955:  Hold'em No Limit ($0.50/$1.00 USD) - 2025/01/08 16:45:06 WET [2025/01/08 11:45:06 ET]
Table 'Agamemnon III' 6-max Seat #3 is the button
Seat 1: blistein ($100.61 in chips) 
Seat 2: EvilReality ($104.89 in chips) 
Seat 3: rao999 ($100 in chips) 
Seat 4: Gfoer ($106.56 in chips) 
Seat 5: coeeeelho ($100 in chips) 
Seat 6: zirco6 ($56.62 in chips) 
Gfoer: posts small blind $0.50
coeeeelho: posts big blind $1
*** HOLE CARDS ***
zirco6: folds 
blistein: folds 
EvilReality: folds 
rao999: folds 
Gfoer: folds 
Uncalled bet ($0.50) returned to coeeeelho
coeeeelho collected $1 from pot
*** SUMMARY ***
Total pot $1 | Rake $0 
Seat 1: blistein folded before Flop (didn't bet)
Seat 2: EvilReality folded before Flop (didn't bet)
Seat 3: rao999 (button) folded before Flop (didn't bet)
Seat 4: Gfoer (small blind) folded before Flop
Seat 5: coeeeelho (big blind) collected ($1)
Seat 6: zirco6 folded before Flop (didn't bet)



PokerStars Hand #254263246918:  Hold'em No Limit ($0.50/$1.00 USD) - 2025/01/08 16:45:18 WET [2025/01/08 11:45:18 ET]
Table 'Agamemnon III' 6-max Seat #4 is the button
Seat 1: blistein ($100.61 in chips) 
Seat 2: EvilReality ($104.89 in chips) 
Seat 3: rao999 ($100 in chips) 
Seat 4: Gfoer ($106.06 in chips) 
Seat 5: coeeeelho ($100.50 in chips) 
Seat 6: zirco6 ($56.62 in chips) 
coeeeelho: posts small blind $0.50
zirco6: posts big blind $1
*** HOLE CARDS ***
blistein: folds 
EvilReality: folds 
rao999: folds 
Gfoer: raises $1 to $2
coeeeelho: folds 
zirco6 has timed out
zirco6: folds 
Uncalled bet ($1) returned to Gfoer
Gfoer collected $2.50 from pot
Gfoer: doesn't show hand 
*** SUMMARY ***
Total pot $2.50 | Rake $0 
Seat 1: blistein folded before Flop (didn't bet)
Seat 2: EvilReality folded before Flop (didn't bet)
Seat 3: rao999 folded before Flop (didn't bet)
Seat 4: Gfoer (button) collected ($2.50)
Seat 5: coeeeelho (small blind) folded before Flop
Seat 6: zirco6 (big blind) folded before Flop



PokerStars Hand #254263256618:  Hold'em No Limit ($0.50/$1.00 USD) - 2025/01/08 16:45:57 WET [2025/01/08 11:45:57 ET]
Table 'Agamemnon III' 6-max Seat #5 is the button
Seat 6: zirco6 ($55.62 in chips) is sitting out
Seat 1: blistein ($100.61 in chips) 
Seat 2: EvilReality ($104.89 in chips) 
Seat 3: rao999 ($100 in chips) 
Seat 4: Gfoer ($107.56 in chips) 
Seat 5: coeeeelho ($100 in chips) 
blistein: posts small blind $0.50
EvilReality: posts big blind $1
*** HOLE CARDS ***
rao999: folds 
Gfoer: raises $1.20 to $2.20
coeeeelho: folds 
blistein: folds 
EvilReality: folds 
Uncalled bet ($1.20) returned to Gfoer
Gfoer collected $2.50 from pot
Gfoer: doesn't show hand 
*** SUMMARY ***
Total pot $2.50 | Rake $0 
Seat 6: zirco6
Seat 1: blistein (small blind) folded before Flop
Seat 2: EvilReality (big blind) folded before Flop
Seat 3: rao999 folded before Flop (didn't bet)
Seat 4: Gfoer collected ($2.50)
Seat 5: coeeeelho (button) folded before Flop (didn't bet)



PokerStars Hand #254263260300:  Hold'em No Limit ($0.50/$1.00 USD) - 2025/01/08 16:46:11 WET [2025/01/08 11:46:11 ET]
Table 'Agamemnon III' 6-max Seat #1 is the button
Seat 6: zirco6 ($55.62 in chips) is sitting out
Seat 1: blistein ($100.11 in chips) 
Seat 2: EvilReality ($103.89 in chips) 
Seat 3: rao999 ($100 in chips) 
Seat 4: Gfoer ($109.06 in chips) 
Seat 5: coeeeelho ($100 in chips) 
EvilReality: posts small blind $0.50
rao999: posts big blind $1
zirco6: sits out 
*** HOLE CARDS ***
Gfoer: folds 
coeeeelho: folds 
blistein: folds 
EvilReality: folds 
Uncalled bet ($0.50) returned to rao999
rao999 collected $1 from pot
rao999: doesn't show hand 
*** SUMMARY ***
Total pot $1 | Rake $0 
Seat 6: zirco6
Seat 1: blistein (button) folded before Flop (didn't bet)
Seat 2: EvilReality (small blind) folded before Flop
Seat 3: rao999 (big blind) collected ($1)
Seat 4: Gfoer folded before Flop (didn't bet)
Seat 5: coeeeelho folded before Flop (didn't bet)



PokerStars Hand #254263261892:  Hold'em No Limit ($0.50/$1.00 USD) - 2025/01/08 16:46:18 WET [2025/01/08 11:46:18 ET]
Table 'Agamemnon III' 6-max Seat #2 is the button
Seat 1: blistein ($100.11 in chips) 
Seat 2: EvilReality ($103.39 in chips) 
Seat 3: rao999 ($100.50 in chips) 
Seat 4: Gfoer ($109.06 in chips) 
Seat 5: coeeeelho ($100 in chips) 
Seat 6: zirco6 ($55.62 in chips) 
rao999: posts small blind $0.50
Gfoer: posts big blind $1
zirco6: posts small blind $0.50
*** HOLE CARDS ***
coeeeelho: folds 
zirco6 has timed out
zirco6: folds 
blistein: folds 
EvilReality: folds 
rao999: raises $2 to $3
zirco6 is disconnected 
Gfoer: calls $2
*** FLOP *** [6c Ad 7s]
rao999: bets $2.04
Gfoer: folds 
Uncalled bet ($2.04) returned to rao999
rao999 collected $6.18 from pot
rao999: doesn't show hand 
*** SUMMARY ***
Total pot $6.50 | Rake $0.32 
Board [6c Ad 7s]
Seat 1: blistein folded before Flop (didn't bet)
Seat 2: EvilReality (button) folded before Flop (didn't bet)
Seat 3: rao999 (small blind) collected ($6.18)
Seat 4: Gfoer (big blind) folded on the Flop
Seat 5: coeeeelho folded before Flop (didn't bet)
Seat 6: zirco6 folded before Flop (didn't bet)



PokerStars Hand #254263282287:  Hold'em No Limit ($0.50/$1.00 USD) - 2025/01/08 16:47:39 WET [2025/01/08 11:47:39 ET]
Table 'Agamemnon III' 6-max Seat #3 is the button
Seat 1: blistein ($100.11 in chips) 
Seat 2: EvilReality ($103.39 in chips) 
Seat 3: rao999 ($103.68 in chips) 
Seat 4: Gfoer ($106.06 in chips) 
Seat 5: coeeeelho ($100 in chips) 
Seat 6: zirco6 ($55.12 in chips) 
Gfoer: posts small blind $0.50
coeeeelho: posts big blind $1
*** HOLE CARDS ***
zirco6: folds 
blistein: raises $1.20 to $2.20
EvilReality: folds 
rao999: folds 
Gfoer: folds 
coeeeelho: calls $1.20
*** FLOP *** [9d Ah 6s]
coeeeelho: checks 
blistein: bets $1.58
coeeeelho: folds 
Uncalled bet ($1.58) returned to blistein
blistein collected $4.66 from pot
blistein: doesn't show hand 
*** SUMMARY ***
Total pot $4.90 | Rake $0.24 
Board [9d Ah 6s]
Seat 1: blistein collected ($4.66)
Seat 2: EvilReality folded before Flop (didn't bet)
Seat 3: rao999 (button) folded before Flop (didn't bet)
Seat 4: Gfoer (small blind) folded before Flop
Seat 5: coeeeelho (big blind) folded on the Flop
Seat 6: zirco6 folded before Flop (didn't bet)



PokerStars Hand #254263298751:  Hold'em No Limit ($0.50/$1.00 USD) - 2025/01/08 16:48:44 WET [2025/01/08 11:48:44 ET]
Table 'Agamemnon III' 6-max Seat #4 is the button
Seat 1: blistein ($102.57 in chips) 
Seat 2: EvilReality ($103.39 in chips) 
Seat 3: rao999 ($103.68 in chips) 
Seat 4: Gfoer ($105.56 in chips) 
Seat 5: coeeeelho ($100 in chips) 
Seat 6: zirco6 ($55.12 in chips) 
coeeeelho: posts small blind $0.50
zirco6: posts big blind $1
*** HOLE CARDS ***
blistein: folds 
EvilReality: folds 
rao999: raises $1 to $2
Gfoer: folds 
coeeeelho: folds 
zirco6: folds 
Uncalled bet ($1) returned to rao999
rao999 collected $2.50 from pot
rao999: doesn't show hand 
*** SUMMARY ***
Total pot $2.50 | Rake $0 
Seat 1: blistein folded before Flop (didn't bet)
Seat 2: EvilReality folded before Flop (didn't bet)
Seat 3: rao999 collected ($2.50)
Seat 4: Gfoer (button) folded before Flop (didn't bet)
Seat 5: coeeeelho (small blind) folded before Flop
Seat 6: zirco6 (big blind) folded before Flop



PokerStars Hand #254263302743:  Hold'em No Limit ($0.50/$1.00 USD) - 2025/01/08 16:49:00 WET [2025/01/08 11:49:00 ET]
Table 'Agamemnon III' 6-max Seat #5 is the button
Seat 1: blistein ($102.57 in chips) 
Seat 2: EvilReality ($103.39 in chips) 
Seat 3: rao999 ($105.18 in chips) 
Seat 4: Gfoer ($105.56 in chips) 
Seat 5: coeeeelho ($100 in chips) 
Seat 6: zirco6 ($54.12 in chips) 
zirco6: posts small blind $0.50
blistein: posts big blind $1
*** HOLE CARDS ***
EvilReality: folds 
rao999: folds 
EvilReality leaves the table
Gfoer: raises $1.20 to $2.20
coeeeelho: folds 
zirco6: folds 
blistein: folds 
Uncalled bet ($1.20) returned to Gfoer
Gfoer collected $2.50 from pot
Gfoer: doesn't show hand 
*** SUMMARY ***
Total pot $2.50 | Rake $0 
Seat 1: blistein (big blind) folded before Flop
Seat 2: EvilReality folded before Flop (didn't bet)
Seat 3: rao999 folded before Flop (didn't bet)
Seat 4: Gfoer collected ($2.50)
Seat 5: coeeeelho (button) folded before Flop (didn't bet)
Seat 6: zirco6 (small blind) folded before Flop



PokerStars Hand #254263306248:  Hold'em No Limit ($0.50/$1.00 USD) - 2025/01/08 16:49:14 WET [2025/01/08 11:49:14 ET]
Table 'Agamemnon III' 6-max Seat #6 is the button
Seat 1: blistein ($101.57 in chips) 
Seat 3: rao999 ($105.18 in chips) 
Seat 4: Gfoer ($107.06 in chips) 
Seat 5: coeeeelho ($100 in chips) 
Seat 6: zirco6 ($53.62 in chips) 
blistein: posts small blind $0.50
rao999: posts big blind $1
*** HOLE CARDS ***
xxxZeka joins the table at seat #2 
Gfoer: raises $1.20 to $2.20
coeeeelho: folds 
zirco6: calls $2.20
blistein: folds 
rao999: raises $11.80 to $14
Gfoer: raises $14 to $28
zirco6: folds 
rao999: raises $77.18 to $105.18 and is all-in
Gfoer: calls $77.18
*** FLOP *** [Kc Ad 4d]
*** TURN *** [Kc Ad 4d] [Tc]
*** RIVER *** [Kc Ad 4d Tc] [Jd]
*** SHOW DOWN ***
rao999: shows [Qc Qs] (a straight, Ten to Ace)
Gfoer: shows [Ks Ah] (two pair, Aces and Kings)
rao999 cashed out the hand for $117.12 | Cash Out Fee $2.39
*** SUMMARY ***
Total pot $213.06 | Rake $2.50 
Board [Kc Ad 4d Tc Jd]
Seat 1: blistein (small blind) folded before Flop
Seat 3: rao999 (big blind) showed [Qc Qs] and won ($210.56) with a straight, Ten to Ace (pot not awarded as player cashed out)
Seat 4: Gfoer showed [Ks Ah] and lost with two pair, Aces and Kings
Seat 5: coeeeelho folded before Flop (didn't bet)
Seat 6: zirco6 (button) folded before Flop



PokerStars Hand #254263321129:  Hold'em No Limit ($0.50/$1.00 USD) - 2025/01/08 16:50:13 WET [2025/01/08 11:50:13 ET]
Table 'Agamemnon III' 6-max Seat #1 is the button
Seat 2: xxxZeka ($100 in chips) is sitting out
Seat 4: Gfoer ($100 in chips) is sitting out
Seat 1: blistein ($101.07 in chips) 
Seat 3: rao999 ($117.12 in chips) 
Seat 5: coeeeelho ($100 in chips) 
Seat 6: zirco6 ($51.42 in chips) 
rao999: posts small blind $0.50
Gfoer: is sitting out 
coeeeelho: posts big blind $1
*** HOLE CARDS ***
Gfoer leaves the table
zirco6: folds 
blistein: folds 
rao999: folds 
Uncalled bet ($0.50) returned to coeeeelho
coeeeelho collected $1 from pot
*** SUMMARY ***
Total pot $1 | Rake $0 
Seat 2: xxxZeka
Seat 4: Gfoer
Seat 1: blistein (button) folded before Flop (didn't bet)
Seat 3: rao999 (small blind) folded before Flop
Seat 5: coeeeelho (big blind) collected ($1)
Seat 6: zirco6 folded before Flop (didn't bet)



PokerStars Hand #254263323823:  Hold'em No Limit ($0.50/$1.00 USD) - 2025/01/08 16:50:24 WET [2025/01/08 11:50:24 ET]
Table 'Agamemnon III' 6-max Seat #3 is the button
Seat 2: xxxZeka ($100 in chips) is sitting out
Seat 1: blistein ($101.07 in chips) 
Seat 3: rao999 ($116.62 in chips) 
Seat 5: coeeeelho ($100.50 in chips) 
Seat 6: zirco6 ($51.42 in chips) 
coeeeelho: posts small blind $0.50
zirco6: posts big blind $1
xxxZeka: sits out 
*** HOLE CARDS ***
blistein: folds 
rao999: folds 
coeeeelho: folds 
Uncalled bet ($0.50) returned to zirco6
zirco6 collected $1 from pot
Xenicide joins the table at seat #4 
*** SUMMARY ***
Total pot $1 | Rake $0 
Seat 2: xxxZeka
Seat 1: blistein folded before Flop (didn't bet)
Seat 3: rao999 (button) folded before Flop (didn't bet)
Seat 5: coeeeelho (small blind) folded before Flop
Seat 6: zirco6 (big blind) collected ($1)



PokerStars Hand #254263326012:  Hold'em No Limit ($0.50/$1.00 USD) - 2025/01/08 16:50:32 WET [2025/01/08 11:50:32 ET]
Table 'Agamemnon III' 6-max Seat #5 is the button
Seat 2: xxxZeka ($100 in chips) is sitting out
Seat 4: Xenicide ($100 in chips) is sitting out
Seat 1: blistein ($101.07 in chips) 
Seat 3: rao999 ($116.62 in chips) 
Seat 5: coeeeelho ($100 in chips) 
Seat 6: zirco6 ($51.92 in chips) 
zirco6: posts small blind $0.50
blistein: posts big blind $1
xxxZeka: sits out 
Xenicide: sits out 
*** HOLE CARDS ***
rao999: folds 
coeeeelho: folds 
zirco6: calls $0.50
blistein: checks 
*** FLOP *** [Kh Td 7d]
zirco6: checks 
blistein: checks 
*** TURN *** [Kh Td 7d] [6h]
zirco6: checks 
blistein: checks 
*** RIVER *** [Kh Td 7d 6h] [2d]
zirco6: checks 
blistein: checks 
*** SHOW DOWN ***
zirco6: shows [2c 4c] (a pair of Deuces)
blistein: shows [6d 8c] (a pair of Sixes)
blistein collected $1.90 from pot
*** SUMMARY ***
Total pot $2 | Rake $0.10 
Board [Kh Td 7d 6h 2d]
Seat 2: xxxZeka
Seat 4: Xenicide
Seat 1: blistein (big blind) showed [6d 8c] and won ($1.90) with a pair of Sixes
Seat 3: rao999 folded before Flop (didn't bet)
Seat 5: coeeeelho (button) folded before Flop (didn't bet)
Seat 6: zirco6 (small blind) showed [2c 4c] and lost with a pair of Deuces



PokerStars Hand #254263337258:  Hold'em No Limit ($0.50/$1.00 USD) - 2025/01/08 16:51:17 WET [2025/01/08 11:51:17 ET]
Table 'Agamemnon III' 6-max Seat #6 is the button
Seat 4: Xenicide ($100 in chips) is sitting out
Seat 1: blistein ($101.97 in chips) 
Seat 2: xxxZeka ($100 in chips) 
Seat 3: rao999 ($116.62 in chips) 
Seat 5: coeeeelho ($100 in chips) 
Seat 6: zirco6 ($50.92 in chips) 
blistein: posts small blind $0.50
xxxZeka: posts big blind $1
Xenicide: sits out 
*** HOLE CARDS ***
rao999: folds 
coeeeelho: folds 
zirco6: folds 
blistein: folds 
Uncalled bet ($0.50) returned to xxxZeka
xxxZeka collected $1 from pot
xxxZeka: doesn't show hand 
*** SUMMARY ***
Total pot $1 | Rake $0 
Seat 4: Xenicide
Seat 1: blistein (small blind) folded before Flop
Seat 2: xxxZeka (big blind) collected ($1)
Seat 3: rao999 folded before Flop (didn't bet)
Seat 5: coeeeelho folded before Flop (didn't bet)
Seat 6: zirco6 (button) folded before Flop (didn't bet)



PokerStars Hand #254263342648:  Hold'em No Limit ($0.50/$1.00 USD) - 2025/01/08 16:51:38 WET [2025/01/08 11:51:38 ET]
Table 'Agamemnon III' 6-max Seat #1 is the button
Seat 4: Xenicide ($100 in chips) is sitting out
Seat 1: blistein ($101.47 in chips) 
Seat 2: xxxZeka ($100.50 in chips) 
Seat 3: rao999 ($116.62 in chips) 
Seat 5: coeeeelho ($100 in chips) 
Seat 6: zirco6 ($50.92 in chips) 
xxxZeka: posts small blind $0.50
rao999: posts big blind $1
Xenicide: sits out 
*** HOLE CARDS ***
coeeeelho: folds 
zirco6: calls $1
blistein: folds 
xxxZeka: calls $0.50
rao999: checks 
*** FLOP *** [6d 8s 4d]
xxxZeka: bets $1
rao999: folds 
zirco6: raises $2 to $3
xxxZeka: calls $2
*** TURN *** [6d 8s 4d] [8h]
xxxZeka: checks 
zirco6: bets $6
xxxZeka: folds 
Uncalled bet ($6) returned to zirco6
zirco6 collected $8.55 from pot
*** SUMMARY ***
Total pot $9 | Rake $0.45 
Board [6d 8s 4d 8h]
Seat 4: Xenicide
Seat 1: blistein (button) folded before Flop (didn't bet)
Seat 2: xxxZeka (small blind) folded on the Turn
Seat 3: rao999 (big blind) folded on the Flop
Seat 5: coeeeelho folded before Flop (didn't bet)
Seat 6: zirco6 collected ($8.55)



PokerStars Hand #254263363752:  Hold'em No Limit ($0.50/$1.00 USD) - 2025/01/08 16:53:01 WET [2025/01/08 11:53:01 ET]
Table 'Agamemnon III' 6-max Seat #2 is the button
Seat 1: blistein ($101.47 in chips) 
Seat 2: xxxZeka ($100 in chips) 
Seat 3: rao999 ($115.62 in chips) 
Seat 4: Xenicide ($100 in chips) 
Seat 5: coeeeelho ($100 in chips) 
Seat 6: zirco6 ($55.47 in chips) 
rao999: posts small blind $0.50
Xenicide: posts big blind $1
*** HOLE CARDS ***
coeeeelho: folds 
zirco6: calls $1
blistein: raises $2.50 to $3.50
xxxZeka: folds 
rao999: folds 
Xenicide: folds 
zirco6: calls $2.50
*** FLOP *** [Ah Qh Kh]
zirco6: checks 
blistein: checks 
*** TURN *** [Ah Qh Kh] [9c]
zirco6: bets $2
blistein: folds 
Uncalled bet ($2) returned to zirco6
zirco6 collected $8.08 from pot
*** SUMMARY ***
Total pot $8.50 | Rake $0.42 
Board [Ah Qh Kh 9c]
Seat 1: blistein folded on the Turn
Seat 2: xxxZeka (button) folded before Flop (didn't bet)
Seat 3: rao999 (small blind) folded before Flop
Seat 4: Xenicide (big blind) folded before Flop
Seat 5: coeeeelho folded before Flop (didn't bet)
Seat 6: zirco6 collected ($8.08)



PokerStars Hand #254263372524:  Hold'em No Limit ($0.50/$1.00 USD) - 2025/01/08 16:53:36 WET [2025/01/08 11:53:36 ET]
Table 'Agamemnon III' 6-max Seat #3 is the button
Seat 1: blistein ($100 in chips) 
Seat 2: xxxZeka ($100 in chips) 
Seat 3: rao999 ($115.12 in chips) 
Seat 4: Xenicide ($100 in chips) 
Seat 5: coeeeelho ($100 in chips) 
Seat 6: zirco6 ($60.05 in chips) 
Xenicide: posts small blind $0.50
coeeeelho: posts big blind $1
*** HOLE CARDS ***
zirco6: raises $4 to $5
blistein: folds 
xxxZeka: folds 
rao999: calls $5
Xenicide: folds 
coeeeelho: folds 
*** FLOP *** [6h Kc As]
zirco6: checks 
rao999: checks 
*** TURN *** [6h Kc As] [Th]
zirco6: checks 
rao999: checks 
*** RIVER *** [6h Kc As Th] [4h]
zirco6: bets $15
rao999: folds 
Uncalled bet ($15) returned to zirco6
zirco6 collected $10.92 from pot
*** SUMMARY ***
Total pot $11.50 | Rake $0.58 
Board [6h Kc As Th 4h]
Seat 1: blistein folded before Flop (didn't bet)
Seat 2: xxxZeka folded before Flop (didn't bet)
Seat 3: rao999 (button) folded on the River
Seat 4: Xenicide (small blind) folded before Flop
Seat 5: coeeeelho (big blind) folded before Flop
Seat 6: zirco6 collected ($10.92)



PokerStars Hand #254263386409:  Hold'em No Limit ($0.50/$1.00 USD) - 2025/01/08 16:54:32 WET [2025/01/08 11:54:32 ET]
Table 'Agamemnon III' 6-max Seat #4 is the button
Seat 1: blistein ($100 in chips) 
Seat 2: xxxZeka ($100 in chips) 
Seat 3: rao999 ($110.12 in chips) 
Seat 4: Xenicide ($100 in chips) 
Seat 5: coeeeelho ($100 in chips) 
Seat 6: zirco6 ($65.97 in chips) 
coeeeelho: posts small blind $0.50
zirco6: posts big blind $1
*** HOLE CARDS ***
blistein: folds 
xxxZeka: folds 
rao999: folds 
Xenicide: folds 
coeeeelho: folds 
Uncalled bet ($0.50) returned to zirco6
zirco6 collected $1 from pot
*** SUMMARY ***
Total pot $1 | Rake $0 
Seat 1: blistein folded before Flop (didn't bet)
Seat 2: xxxZeka folded before Flop (didn't bet)
Seat 3: rao999 folded before Flop (didn't bet)
Seat 4: Xenicide (button) folded before Flop (didn't bet)
Seat 5: coeeeelho (small blind) folded before Flop
Seat 6: zirco6 (big blind) collected ($1)



PokerStars Hand #254263392157:  Hold'em No Limit ($0.50/$1.00 USD) - 2025/01/08 16:54:54 WET [2025/01/08 11:54:54 ET]
Table 'Agamemnon III' 6-max Seat #5 is the button
Seat 1: blistein ($100 in chips) 
Seat 2: xxxZeka ($100 in chips) 
Seat 3: rao999 ($110.12 in chips) 
Seat 4: Xenicide ($100 in chips) 
Seat 5: coeeeelho ($100 in chips) 
Seat 6: zirco6 ($66.47 in chips) 
zirco6: posts small blind $0.50
blistein: posts big blind $1
*** HOLE CARDS ***
xxxZeka: folds 
rao999: raises $1.50 to $2.50
Xenicide: folds 
coeeeelho: folds 
zirco6: folds 
blistein: folds 
Uncalled bet ($1.50) returned to rao999
rao999 collected $2.50 from pot
rao999: doesn't show hand 
*** SUMMARY ***
Total pot $2.50 | Rake $0 
Seat 1: blistein (big blind) folded before Flop
Seat 2: xxxZeka folded before Flop (didn't bet)
Seat 3: rao999 collected ($2.50)
Seat 4: Xenicide folded before Flop (didn't bet)
Seat 5: coeeeelho (button) folded before Flop (didn't bet)
Seat 6: zirco6 (small blind) folded before Flop



PokerStars Hand #254263396511:  Hold'em No Limit ($0.50/$1.00 USD) - 2025/01/08 16:55:13 WET [2025/01/08 11:55:13 ET]
Table 'Agamemnon III' 6-max Seat #6 is the button
Seat 1: blistein ($100 in chips) 
Seat 2: xxxZeka ($100 in chips) 
Seat 3: rao999 ($111.62 in chips) 
Seat 4: Xenicide ($100 in chips) 
Seat 5: coeeeelho ($100 in chips) 
Seat 6: zirco6 ($65.97 in chips) 
blistein: posts small blind $0.50
xxxZeka: posts big blind $1
*** HOLE CARDS ***
rao999: folds 
Xenicide: folds 
coeeeelho: folds 
zirco6 has timed out
zirco6: folds 
blistein: raises $2 to $3
xxxZeka: folds 
Uncalled bet ($2) returned to blistein
blistein collected $2 from pot
blistein: doesn't show hand 
*** SUMMARY ***
Total pot $2 | Rake $0 
Seat 1: blistein (small blind) collected ($2)
Seat 2: xxxZeka (big blind) folded before Flop
Seat 3: rao999 folded before Flop (didn't bet)
Seat 4: Xenicide folded before Flop (didn't bet)
Seat 5: coeeeelho folded before Flop (didn't bet)
Seat 6: zirco6 (button) folded before Flop (didn't bet)



PokerStars Hand #254263404634:  Hold'em No Limit ($0.50/$1.00 USD) - 2025/01/08 16:55:56 WET [2025/01/08 11:55:56 ET]
Table 'Agamemnon III' 6-max Seat #1 is the button
Seat 1: blistein ($101 in chips) 
Seat 2: xxxZeka ($100 in chips) 
Seat 3: rao999 ($111.62 in chips) 
Seat 4: Xenicide ($100 in chips) 
Seat 5: coeeeelho ($100 in chips) 
Seat 6: zirco6 ($65.97 in chips) 
xxxZeka: posts small blind $0.50
rao999: posts big blind $1
*** HOLE CARDS ***
Xenicide: folds 
coeeeelho: raises $1.20 to $2.20
zirco6 has timed out
zirco6: folds 
blistein: folds 
xxxZeka: folds 
rao999: folds 
Uncalled bet ($1.20) returned to coeeeelho
coeeeelho collected $2.50 from pot
*** SUMMARY ***
Total pot $2.50 | Rake $0 
Seat 1: blistein (button) folded before Flop (didn't bet)
Seat 2: xxxZeka (small blind) folded before Flop
Seat 3: rao999 (big blind) folded before Flop
Seat 4: Xenicide folded before Flop (didn't bet)
Seat 5: coeeeelho collected ($2.50)
Seat 6: zirco6 folded before Flop (didn't bet)



PokerStars Hand #254263410416:  Hold'em No Limit ($0.50/$1.00 USD) - 2025/01/08 16:56:26 WET [2025/01/08 11:56:26 ET]
Table 'Agamemnon III' 6-max Seat #2 is the button
Seat 1: blistein ($101 in chips) 
Seat 2: xxxZeka ($100 in chips) 
Seat 3: rao999 ($110.62 in chips) 
Seat 4: Xenicide ($100 in chips) 
Seat 5: coeeeelho ($101.50 in chips) 
Seat 6: zirco6 ($65.97 in chips) 
rao999: posts small blind $0.50
Xenicide: posts big blind $1
*** HOLE CARDS ***
coeeeelho: raises $1.20 to $2.20
zirco6: folds 
blistein: folds 
xxxZeka: folds 
rao999: folds 
Xenicide: folds 
Uncalled bet ($1.20) returned to coeeeelho
coeeeelho collected $2.50 from pot
*** SUMMARY ***
Total pot $2.50 | Rake $0 
Seat 1: blistein folded before Flop (didn't bet)
Seat 2: xxxZeka (button) folded before Flop (didn't bet)
Seat 3: rao999 (small blind) folded before Flop
Seat 4: Xenicide (big blind) folded before Flop
Seat 5: coeeeelho collected ($2.50)
Seat 6: zirco6 folded before Flop (didn't bet)



PokerStars Hand #254263414620:  Hold'em No Limit ($0.50/$1.00 USD) - 2025/01/08 16:56:49 WET [2025/01/08 11:56:49 ET]
Table 'Agamemnon III' 6-max Seat #3 is the button
Seat 1: blistein ($101 in chips) 
Seat 2: xxxZeka ($100 in chips) 
Seat 3: rao999 ($110.12 in chips) 
Seat 4: Xenicide ($100 in chips) 
Seat 5: coeeeelho ($103 in chips) 
Seat 6: zirco6 ($65.97 in chips) 
Xenicide: posts small blind $0.50
coeeeelho: posts big blind $1
*** HOLE CARDS ***
zirco6: folds 
blistein: folds 
xxxZeka: folds 
rao999: folds 
Xenicide: raises $2.50 to $3.50
coeeeelho: folds 
Uncalled bet ($2.50) returned to Xenicide
Xenicide collected $2 from pot
*** SUMMARY ***
Total pot $2 | Rake $0 
Seat 1: blistein folded before Flop (didn't bet)
Seat 2: xxxZeka folded before Flop (didn't bet)
Seat 3: rao999 (button) folded before Flop (didn't bet)
Seat 4: Xenicide (small blind) collected ($2)
Seat 5: coeeeelho (big blind) folded before Flop
Seat 6: zirco6 folded before Flop (didn't bet)



PokerStars Hand #254263420484:  Hold'em No Limit ($0.50/$1.00 USD) - 2025/01/08 16:57:19 WET [2025/01/08 11:57:19 ET]
Table 'Agamemnon III' 6-max Seat #4 is the button
Seat 1: blistein ($101 in chips) 
Seat 2: xxxZeka ($100 in chips) 
Seat 3: rao999 ($110.12 in chips) 
Seat 4: Xenicide ($101 in chips) 
Seat 5: coeeeelho ($102 in chips) 
Seat 6: zirco6 ($65.97 in chips) 
coeeeelho: posts small blind $0.50
zirco6: posts big blind $1
*** HOLE CARDS ***
blistein: folds 
xxxZeka: folds 
rao999: raises $1.50 to $2.50
Xenicide: folds 
coeeeelho: folds 
zirco6: folds 
Uncalled bet ($1.50) returned to rao999
rao999 collected $2.50 from pot
rao999: doesn't show hand 
*** SUMMARY ***
Total pot $2.50 | Rake $0 
Seat 1: blistein folded before Flop (didn't bet)
Seat 2: xxxZeka folded before Flop (didn't bet)
Seat 3: rao999 collected ($2.50)
Seat 4: Xenicide (button) folded before Flop (didn't bet)
Seat 5: coeeeelho (small blind) folded before Flop
Seat 6: zirco6 (big blind) folded before Flop



PokerStars Hand #254263422959:  Hold'em No Limit ($0.50/$1.00 USD) - 2025/01/08 16:57:33 WET [2025/01/08 11:57:33 ET]
Table 'Agamemnon III' 6-max Seat #5 is the button
Seat 1: blistein ($101 in chips) 
Seat 2: xxxZeka ($100 in chips) 
Seat 3: rao999 ($111.62 in chips) 
Seat 4: Xenicide ($101 in chips) 
Seat 5: coeeeelho ($101.50 in chips) 
Seat 6: zirco6 ($64.97 in chips) 
zirco6: posts small blind $0.50
blistein: posts big blind $1
*** HOLE CARDS ***
xxxZeka: folds 
rao999: folds 
Xenicide: raises $1 to $2
coeeeelho: folds 
zirco6: raises $2 to $4
blistein: folds 
Xenicide: calls $2
*** FLOP *** [Tc Th Qc]
zirco6: bets $10
Xenicide: folds 
Uncalled bet ($10) returned to zirco6
zirco6 collected $8.55 from pot
*** SUMMARY ***
Total pot $9 | Rake $0.45 
Board [Tc Th Qc]
Seat 1: blistein (big blind) folded before Flop
Seat 2: xxxZeka folded before Flop (didn't bet)
Seat 3: rao999 folded before Flop (didn't bet)
Seat 4: Xenicide folded on the Flop
Seat 5: coeeeelho (button) folded before Flop (didn't bet)
Seat 6: zirco6 (small blind) collected ($8.55)



PokerStars Hand #254263433863:  Hold'em No Limit ($0.50/$1.00 USD) - 2025/01/08 16:58:29 WET [2025/01/08 11:58:29 ET]
Table 'Agamemnon III' 6-max Seat #6 is the button
Seat 1: blistein ($100 in chips) 
Seat 2: xxxZeka ($100 in chips) 
Seat 3: rao999 ($111.62 in chips) 
Seat 4: Xenicide ($100 in chips) 
Seat 5: coeeeelho ($101.50 in chips) 
Seat 6: zirco6 ($69.52 in chips) 
blistein: posts small blind $0.50
xxxZeka: posts big blind $1
*** HOLE CARDS ***
rao999: folds 
Xenicide: raises $1 to $2
coeeeelho: raises $4 to $6
zirco6: raises $6 to $12
blistein: folds 
xxxZeka: folds 
Xenicide: folds 
coeeeelho: calls $6
*** FLOP *** [Ac 9h 8h]
coeeeelho: checks 
zirco6: checks 
*** TURN *** [Ac 9h 8h] [Jh]
coeeeelho: bets $19
zirco6: calls $19
*** RIVER *** [Ac 9h 8h Jh] [Qd]
coeeeelho: bets $47.25
zirco6: calls $38.52 and is all-in
Uncalled bet ($8.73) returned to coeeeelho
*** SHOW DOWN ***
coeeeelho: shows [8d 9d] (two pair, Nines and Eights)
zirco6: shows [Qh Ah] (a flush, Ace high)
zirco6 collected $140.04 from pot
*** SUMMARY ***
Total pot $142.54 | Rake $2.50 
Board [Ac 9h 8h Jh Qd]
Seat 1: blistein (small blind) folded before Flop
Seat 2: xxxZeka (big blind) folded before Flop
Seat 3: rao999 folded before Flop (didn't bet)
Seat 4: Xenicide folded before Flop
Seat 5: coeeeelho showed [8d 9d] and lost with two pair, Nines and Eights
Seat 6: zirco6 (button) showed [Qh Ah] and won ($140.04) with a flush, Ace high



PokerStars Hand #254263444660:  Hold'em No Limit ($0.50/$1.00 USD) - 2025/01/08 16:59:25 WET [2025/01/08 11:59:25 ET]
Table 'Agamemnon III' 6-max Seat #1 is the button
Seat 1: blistein ($100 in chips) 
Seat 2: xxxZeka ($100 in chips) 
Seat 3: rao999 ($111.62 in chips) 
Seat 4: Xenicide ($100 in chips) 
Seat 5: coeeeelho ($100 in chips) 
Seat 6: zirco6 ($140.04 in chips) 
xxxZeka: posts small blind $0.50
rao999: posts big blind $1
*** HOLE CARDS ***
Xenicide: raises $1 to $2
coeeeelho: folds 
zirco6: calls $2
blistein: folds 
xxxZeka: folds 
rao999: folds 
*** FLOP *** [Td 7c 6h]
Xenicide: checks 
zirco6: checks 
*** TURN *** [Td 7c 6h] [Qd]
Xenicide: bets $6.52
zirco6: folds 
Uncalled bet ($6.52) returned to Xenicide
Xenicide collected $5.22 from pot
*** SUMMARY ***
Total pot $5.50 | Rake $0.28 
Board [Td 7c 6h Qd]
Seat 1: blistein (button) folded before Flop (didn't bet)
Seat 2: xxxZeka (small blind) folded before Flop
Seat 3: rao999 (big blind) folded before Flop
Seat 4: Xenicide collected ($5.22)
Seat 5: coeeeelho folded before Flop (didn't bet)
Seat 6: zirco6 folded on the Turn



PokerStars Hand #254263454717:  Hold'em No Limit ($0.50/$1.00 USD) - 2025/01/08 17:00:16 WET [2025/01/08 12:00:16 ET]
Table 'Agamemnon III' 6-max Seat #2 is the button
Seat 1: blistein ($100 in chips) 
Seat 2: xxxZeka ($100 in chips) 
Seat 3: rao999 ($110.62 in chips) 
Seat 4: Xenicide ($103.22 in chips) 
Seat 5: coeeeelho ($100 in chips) 
Seat 6: zirco6 ($138.04 in chips) 
rao999: posts small blind $0.50
Xenicide: posts big blind $1
*** HOLE CARDS ***
coeeeelho: folds 
zirco6: raises $4 to $5
blistein: folds 
xxxZeka: folds 
rao999: folds 
Xenicide: folds 
Uncalled bet ($4) returned to zirco6
zirco6 collected $2.50 from pot
*** SUMMARY ***
Total pot $2.50 | Rake $0 
Seat 1: blistein folded before Flop (didn't bet)
Seat 2: xxxZeka (button) folded before Flop (didn't bet)
Seat 3: rao999 (small blind) folded before Flop
Seat 4: Xenicide (big blind) folded before Flop
Seat 5: coeeeelho folded before Flop (didn't bet)
Seat 6: zirco6 collected ($2.50)



PokerStars Hand #254263460341:  Hold'em No Limit ($0.50/$1.00 USD) - 2025/01/08 17:00:44 WET [2025/01/08 12:00:44 ET]
Table 'Agamemnon III' 6-max Seat #3 is the button
Seat 1: blistein ($100 in chips) 
Seat 2: xxxZeka ($100 in chips) 
Seat 3: rao999 ($110.12 in chips) 
Seat 4: Xenicide ($102.22 in chips) 
Seat 5: coeeeelho ($100 in chips) 
Seat 6: zirco6 ($139.54 in chips) 
Xenicide: posts small blind $0.50
coeeeelho: posts big blind $1
*** HOLE CARDS ***
zirco6: calls $1
blistein: folds 
xxxZeka: folds 
rao999: folds 
Xenicide: raises $4.50 to $5.50
coeeeelho: folds 
zirco6: calls $4.50
*** FLOP *** [Ks 4h Kd]
Xenicide: bets $3.53
zirco6: raises $10.46 to $13.99
Xenicide: folds 
Uncalled bet ($10.46) returned to zirco6
zirco6 collected $18.11 from pot
*** SUMMARY ***
Total pot $19.06 | Rake $0.95 
Board [Ks 4h Kd]
Seat 1: blistein folded before Flop (didn't bet)
Seat 2: xxxZeka folded before Flop (didn't bet)
Seat 3: rao999 (button) folded before Flop (didn't bet)
Seat 4: Xenicide (small blind) folded on the Flop
Seat 5: coeeeelho (big blind) folded before Flop
Seat 6: zirco6 collected ($18.11)



PokerStars Hand #254263472357:  Hold'em No Limit ($0.50/$1.00 USD) - 2025/01/08 17:01:39 WET [2025/01/08 12:01:39 ET]
Table 'Agamemnon III' 6-max Seat #4 is the button
Seat 1: blistein ($100 in chips) 
Seat 2: xxxZeka ($100 in chips) 
Seat 3: rao999 ($110.12 in chips) 
Seat 4: Xenicide ($100 in chips) 
Seat 5: coeeeelho ($100 in chips) 
Seat 6: zirco6 ($148.62 in chips) 
coeeeelho: posts small blind $0.50
zirco6: posts big blind $1
*** HOLE CARDS ***
blistein: folds 
xxxZeka: folds 
rao999: folds 
Xenicide: folds 
coeeeelho: folds 
Uncalled bet ($0.50) returned to zirco6
zirco6 collected $1 from pot
*** SUMMARY ***
Total pot $1 | Rake $0 
Seat 1: blistein folded before Flop (didn't bet)
Seat 2: xxxZeka folded before Flop (didn't bet)
Seat 3: rao999 folded before Flop (didn't bet)
Seat 4: Xenicide (button) folded before Flop (didn't bet)
Seat 5: coeeeelho (small blind) folded before Flop
Seat 6: zirco6 (big blind) collected ($1)



PokerStars Hand #254263476081:  Hold'em No Limit ($0.50/$1.00 USD) - 2025/01/08 17:01:54 WET [2025/01/08 12:01:54 ET]
Table 'Agamemnon III' 6-max Seat #5 is the button
Seat 1: blistein ($100 in chips) 
Seat 2: xxxZeka ($100 in chips) 
Seat 3: rao999 ($110.12 in chips) 
Seat 4: Xenicide ($100 in chips) 
Seat 5: coeeeelho ($100 in chips) 
Seat 6: zirco6 ($149.12 in chips) 
zirco6: posts small blind $0.50
blistein: posts big blind $1
*** HOLE CARDS ***
xxxZeka: folds 
rao999: folds 
Xenicide: folds 
coeeeelho: folds 
zirco6: folds 
Uncalled bet ($0.50) returned to blistein
blistein collected $1 from pot
blistein: doesn't show hand 
*** SUMMARY ***
Total pot $1 | Rake $0 
Seat 1: blistein (big blind) collected ($1)
Seat 2: xxxZeka folded before Flop (didn't bet)
Seat 3: rao999 folded before Flop (didn't bet)
Seat 4: Xenicide folded before Flop (didn't bet)
Seat 5: coeeeelho (button) folded before Flop (didn't bet)
Seat 6: zirco6 (small blind) folded before Flop



PokerStars Hand #254263478287:  Hold'em No Limit ($0.50/$1.00 USD) - 2025/01/08 17:02:04 WET [2025/01/08 12:02:04 ET]
Table 'Agamemnon III' 6-max Seat #6 is the button
Seat 1: blistein ($100.50 in chips) 
Seat 2: xxxZeka ($100 in chips) 
Seat 3: rao999 ($110.12 in chips) 
Seat 4: Xenicide ($100 in chips) 
Seat 5: coeeeelho ($100 in chips) 
Seat 6: zirco6 ($148.62 in chips) 
blistein: posts small blind $0.50
xxxZeka: posts big blind $1
*** HOLE CARDS ***
rao999: folds 
Xenicide: folds 
coeeeelho has timed out
coeeeelho: folds 
zirco6: raises $4 to $5
blistein: folds 
xxxZeka: folds 
Uncalled bet ($4) returned to zirco6
zirco6 collected $2.50 from pot
*** SUMMARY ***
Total pot $2.50 | Rake $0 
Seat 1: blistein (small blind) folded before Flop
Seat 2: xxxZeka (big blind) folded before Flop
Seat 3: rao999 folded before Flop (didn't bet)
Seat 4: Xenicide folded before Flop (didn't bet)
Seat 5: coeeeelho folded before Flop (didn't bet)
Seat 6: zirco6 (button) collected ($2.50)



PokerStars Hand #254263493316:  Hold'em No Limit ($0.50/$1.00 USD) - 2025/01/08 17:03:04 WET [2025/01/08 12:03:04 ET]
Table 'Agamemnon III' 6-max Seat #1 is the button
Seat 5: coeeeelho ($100 in chips) is sitting out
Seat 1: blistein ($100 in chips) 
Seat 2: xxxZeka ($100 in chips) 
Seat 3: rao999 ($110.12 in chips) 
Seat 4: Xenicide ($100 in chips) 
Seat 6: zirco6 ($150.12 in chips) 
xxxZeka: posts small blind $0.50
rao999: posts big blind $1
*** HOLE CARDS ***
Xenicide: folds 
zirco6: calls $1
blistein: folds 
xxxZeka: folds 
rao999: checks 
*** FLOP *** [6s 4d Kd]
rao999: checks 
zirco6: bets $3
rao999: calls $3
*** TURN *** [6s 4d Kd] [8h]
rao999: checks 
zirco6: bets $6
rao999: calls $6
*** RIVER *** [6s 4d Kd 8h] [Ad]
rao999: checks 
zirco6: bets $20.48
rao999: folds 
Uncalled bet ($20.48) returned to zirco6
zirco6 collected $19.48 from pot
*** SUMMARY ***
Total pot $20.50 | Rake $1.02 
Board [6s 4d Kd 8h Ad]
Seat 5: coeeeelho
Seat 1: blistein (button) folded before Flop (didn't bet)
Seat 2: xxxZeka (small blind) folded before Flop
Seat 3: rao999 (big blind) folded on the River
Seat 4: Xenicide folded before Flop (didn't bet)
Seat 6: zirco6 collected ($19.48)



PokerStars Hand #254263512035:  Hold'em No Limit ($0.50/$1.00 USD) - 2025/01/08 17:04:18 WET [2025/01/08 12:04:18 ET]
Table 'Agamemnon III' 6-max Seat #2 is the button
Seat 1: blistein ($100 in chips) 
Seat 2: xxxZeka ($100 in chips) 
Seat 3: rao999 ($100.12 in chips) 
Seat 4: Xenicide ($100 in chips) 
Seat 5: coeeeelho ($100 in chips) 
Seat 6: zirco6 ($159.60 in chips) 
rao999: posts small blind $0.50
Xenicide: posts big blind $1
*** HOLE CARDS ***
coeeeelho: folds 
zirco6: folds 
blistein: raises $1.30 to $2.30
xxxZeka: folds 
rao999: folds 
Xenicide: folds 
Uncalled bet ($1.30) returned to blistein
blistein collected $2.50 from pot
blistein: doesn't show hand 
*** SUMMARY ***
Total pot $2.50 | Rake $0 
Seat 1: blistein collected ($2.50)
Seat 2: xxxZeka (button) folded before Flop (didn't bet)
Seat 3: rao999 (small blind) folded before Flop
Seat 4: Xenicide (big blind) folded before Flop
Seat 5: coeeeelho folded before Flop (didn't bet)
Seat 6: zirco6 folded before Flop (didn't bet)



PokerStars Hand #254263519860:  Hold'em No Limit ($0.50/$1.00 USD) - 2025/01/08 17:04:49 WET [2025/01/08 12:04:49 ET]
Table 'Agamemnon III' 6-max Seat #3 is the button
Seat 1: blistein ($101.50 in chips) 
Seat 2: xxxZeka ($100 in chips) 
Seat 3: rao999 ($100 in chips) 
Seat 4: Xenicide ($100 in chips) 
Seat 5: coeeeelho ($100 in chips) 
Seat 6: zirco6 ($159.60 in chips) 
Xenicide: posts small blind $0.50
coeeeelho: posts big blind $1
*** HOLE CARDS ***
zirco6 has timed out
zirco6: folds 
blistein: raises $1.20 to $2.20
xxxZeka: folds 
rao999: raises $5.30 to $7.50
Xenicide: folds 
coeeeelho: folds 
blistein: folds 
Uncalled bet ($5.30) returned to rao999
rao999 collected $5.90 from pot
rao999: doesn't show hand 
*** SUMMARY ***
Total pot $5.90 | Rake $0 
Seat 1: blistein folded before Flop
Seat 2: xxxZeka folded before Flop (didn't bet)
Seat 3: rao999 (button) collected ($5.90)
Seat 4: Xenicide (small blind) folded before Flop
Seat 5: coeeeelho (big blind) folded before Flop
Seat 6: zirco6 folded before Flop (didn't bet)



PokerStars Hand #254263527454:  Hold'em No Limit ($0.50/$1.00 USD) - 2025/01/08 17:05:18 WET [2025/01/08 12:05:18 ET]
Table 'Agamemnon III' 6-max Seat #4 is the button
Seat 1: blistein ($100 in chips) 
Seat 2: xxxZeka ($100 in chips) 
Seat 3: rao999 ($103.70 in chips) 
Seat 4: Xenicide ($100 in chips) 
Seat 5: coeeeelho ($100 in chips) 
Seat 6: zirco6 ($159.60 in chips) 
coeeeelho: posts small blind $0.50
zirco6: posts big blind $1
*** HOLE CARDS ***
blistein: folds 
xxxZeka: folds 
rao999: raises $1.50 to $2.50
Xenicide: folds 
coeeeelho: folds 
zirco6: folds 
Uncalled bet ($1.50) returned to rao999
rao999 collected $2.50 from pot
rao999: doesn't show hand 
*** SUMMARY ***
Total pot $2.50 | Rake $0 
Seat 1: blistein folded before Flop (didn't bet)
Seat 2: xxxZeka folded before Flop (didn't bet)
Seat 3: rao999 collected ($2.50)
Seat 4: Xenicide (button) folded before Flop (didn't bet)
Seat 5: coeeeelho (small blind) folded before Flop
Seat 6: zirco6 (big blind) folded before Flop



PokerStars Hand #254263535037:  Hold'em No Limit ($0.50/$1.00 USD) - 2025/01/08 17:05:48 WET [2025/01/08 12:05:48 ET]
Table 'Agamemnon III' 6-max Seat #5 is the button
Seat 1: blistein ($100 in chips) 
Seat 2: xxxZeka ($100 in chips) 
Seat 3: rao999 ($105.20 in chips) 
Seat 4: Xenicide ($100 in chips) 
Seat 5: coeeeelho ($100 in chips) 
Seat 6: zirco6 ($158.60 in chips) 
zirco6: posts small blind $0.50
blistein: posts big blind $1
*** HOLE CARDS ***
xxxZeka: raises $1.50 to $2.50
rao999: folds 
Xenicide: folds 
coeeeelho: folds 
zirco6: calls $2
blistein: folds 
*** FLOP *** [Kc 6s 8h]
zirco6: checks 
xxxZeka: bets $1.88
zirco6: folds 
Uncalled bet ($1.88) returned to xxxZeka
xxxZeka collected $5.70 from pot
xxxZeka: doesn't show hand 
*** SUMMARY ***
Total pot $6 | Rake $0.30 
Board [Kc 6s 8h]
Seat 1: blistein (big blind) folded before Flop
Seat 2: xxxZeka collected ($5.70)
Seat 3: rao999 folded before Flop (didn't bet)
Seat 4: Xenicide folded before Flop (didn't bet)
Seat 5: coeeeelho (button) folded before Flop (didn't bet)
Seat 6: zirco6 (small blind) folded on the Flop



PokerStars Hand #254263546765:  Hold'em No Limit ($0.50/$1.00 USD) - 2025/01/08 17:06:34 WET [2025/01/08 12:06:34 ET]
Table 'Agamemnon III' 6-max Seat #6 is the button
Seat 1: blistein ($100 in chips) 
Seat 2: xxxZeka ($103.20 in chips) 
Seat 3: rao999 ($105.20 in chips) 
Seat 4: Xenicide ($100 in chips) 
Seat 5: coeeeelho ($100 in chips) 
Seat 6: zirco6 ($156.10 in chips) 
blistein: posts small blind $0.50
xxxZeka: posts big blind $1
*** HOLE CARDS ***
rao999: folds 
Xenicide: folds 
coeeeelho: raises $1.20 to $2.20
zirco6: calls $2.20
blistein: calls $1.70
xxxZeka: folds 
*** FLOP *** [4c 5s 7h]
blistein: checks 
coeeeelho: checks 
zirco6: bets $5
blistein: calls $5
coeeeelho: folds 
*** TURN *** [4c 5s 7h] [Tc]
blistein: checks 
zirco6: bets $5
blistein: calls $5
*** RIVER *** [4c 5s 7h Tc] [9c]
blistein: bets $9.91
zirco6: calls $9.91
*** SHOW DOWN ***
blistein: shows [6c 6d] (a pair of Sixes)
zirco6: shows [4h 5c] (two pair, Fives and Fours)
zirco6 collected $45.05 from pot
*** SUMMARY ***
Total pot $47.42 | Rake $2.37 
Board [4c 5s 7h Tc 9c]
Seat 1: blistein (small blind) showed [6c 6d] and lost with a pair of Sixes
Seat 2: xxxZeka (big blind) folded before Flop
Seat 3: rao999 folded before Flop (didn't bet)
Seat 4: Xenicide folded before Flop (didn't bet)
Seat 5: coeeeelho folded on the Flop
Seat 6: zirco6 (button) showed [4h 5c] and won ($45.05) with two pair, Fives and Fours



PokerStars Hand #254263581993:  Hold'em No Limit ($0.50/$1.00 USD) - 2025/01/08 17:08:53 WET [2025/01/08 12:08:53 ET]
Table 'Agamemnon III' 6-max Seat #1 is the button
Seat 1: blistein ($100 in chips) 
Seat 2: xxxZeka ($102.20 in chips) 
Seat 3: rao999 ($105.20 in chips) 
Seat 4: Xenicide ($100 in chips) 
Seat 5: coeeeelho ($100 in chips) 
Seat 6: zirco6 ($179.04 in chips) 
xxxZeka: posts small blind $0.50
rao999: posts big blind $1
*** HOLE CARDS ***
Xenicide: folds 
coeeeelho: raises $1.20 to $2.20
zirco6: folds 
blistein: folds 
xxxZeka: folds 
rao999: calls $1.20
*** FLOP *** [Jc Tc 3h]
rao999: checks 
coeeeelho: checks 
*** TURN *** [Jc Tc 3h] [8s]
rao999: bets $3.50
coeeeelho: calls $3.50
*** RIVER *** [Jc Tc 3h 8s] [Jh]
rao999: bets $8.48
coeeeelho: calls $8.48
*** SHOW DOWN ***
rao999: shows [9c 6c] (a pair of Jacks)
coeeeelho: shows [Ts Kh] (two pair, Jacks and Tens)
coeeeelho collected $27.42 from pot
*** SUMMARY ***
Total pot $28.86 | Rake $1.44 
Board [Jc Tc 3h 8s Jh]
Seat 1: blistein (button) folded before Flop (didn't bet)
Seat 2: xxxZeka (small blind) folded before Flop
Seat 3: rao999 (big blind) showed [9c 6c] and lost with a pair of Jacks
Seat 4: Xenicide folded before Flop (didn't bet)
Seat 5: coeeeelho showed [Ts Kh] and won ($27.42) with two pair, Jacks and Tens
Seat 6: zirco6 folded before Flop (didn't bet)



PokerStars Hand #254263598203:  Hold'em No Limit ($0.50/$1.00 USD) - 2025/01/08 17:09:56 WET [2025/01/08 12:09:56 ET]
Table 'Agamemnon III' 6-max Seat #2 is the button
Seat 1: blistein ($100 in chips) 
Seat 2: xxxZeka ($101.70 in chips) 
Seat 3: rao999 ($100 in chips) 
Seat 4: Xenicide ($100 in chips) 
Seat 5: coeeeelho ($113.24 in chips) 
Seat 6: zirco6 ($179.04 in chips) 
rao999: posts small blind $0.50
Xenicide: posts big blind $1
*** HOLE CARDS ***
coeeeelho: folds 
zirco6: raises $2 to $3
blistein: folds 
xxxZeka: folds 
rao999: folds 
Xenicide: folds 
Uncalled bet ($2) returned to zirco6
zirco6 collected $2.50 from pot
*** SUMMARY ***
Total pot $2.50 | Rake $0 
Seat 1: blistein folded before Flop (didn't bet)
Seat 2: xxxZeka (button) folded before Flop (didn't bet)
Seat 3: rao999 (small blind) folded before Flop
Seat 4: Xenicide (big blind) folded before Flop
Seat 5: coeeeelho folded before Flop (didn't bet)
Seat 6: zirco6 collected ($2.50)



PokerStars Hand #254263608896:  Hold'em No Limit ($0.50/$1.00 USD) - 2025/01/08 17:10:37 WET [2025/01/08 12:10:37 ET]
Table 'Agamemnon III' 6-max Seat #3 is the button
Seat 1: blistein ($100 in chips) 
Seat 2: xxxZeka ($101.70 in chips) 
Seat 3: rao999 ($100 in chips) 
Seat 4: Xenicide ($100 in chips) 
Seat 5: coeeeelho ($113.24 in chips) 
Seat 6: zirco6 ($180.54 in chips) 
Xenicide: posts small blind $0.50
coeeeelho: posts big blind $1
*** HOLE CARDS ***
zirco6: folds 
blistein: folds 
xxxZeka: raises $1.50 to $2.50
rao999: folds 
Xenicide: folds 
coeeeelho: calls $1.50
*** FLOP *** [2d Jd 3s]
coeeeelho: checks 
xxxZeka: bets $1.72
coeeeelho: raises $4.30 to $6.02
xxxZeka has timed out
xxxZeka: folds 
Uncalled bet ($4.30) returned to coeeeelho
coeeeelho collected $8.49 from pot
*** SUMMARY ***
Total pot $8.94 | Rake $0.45 
Board [2d Jd 3s]
Seat 1: blistein folded before Flop (didn't bet)
Seat 2: xxxZeka folded on the Flop
Seat 3: rao999 (button) folded before Flop (didn't bet)
Seat 4: Xenicide (small blind) folded before Flop
Seat 5: coeeeelho (big blind) collected ($8.49)
Seat 6: zirco6 folded before Flop (didn't bet)



PokerStars Hand #254263626949:  Hold'em No Limit ($0.50/$1.00 USD) - 2025/01/08 17:11:45 WET [2025/01/08 12:11:45 ET]
Table 'Agamemnon III' 6-max Seat #4 is the button
Seat 1: blistein ($100 in chips) 
Seat 2: xxxZeka ($100 in chips) 
Seat 3: rao999 ($100 in chips) 
Seat 4: Xenicide ($100 in chips) 
Seat 5: coeeeelho ($117.51 in chips) 
Seat 6: zirco6 ($180.54 in chips) 
coeeeelho: posts small blind $0.50
zirco6: posts big blind $1
*** HOLE CARDS ***
blistein: folds 
xxxZeka: folds 
rao999: raises $1.50 to $2.50
Xenicide: folds 
coeeeelho: folds 
zirco6: calls $1.50
*** FLOP *** [Ad 8d 2d]
zirco6: checks 
rao999: bets $1.72
zirco6: folds 
Uncalled bet ($1.72) returned to rao999
rao999 collected $5.22 from pot
rao999: doesn't show hand 
*** SUMMARY ***
Total pot $5.50 | Rake $0.28 
Board [Ad 8d 2d]
Seat 1: blistein folded before Flop (didn't bet)
Seat 2: xxxZeka folded before Flop (didn't bet)
Seat 3: rao999 collected ($5.22)
Seat 4: Xenicide (button) folded before Flop (didn't bet)
Seat 5: coeeeelho (small blind) folded before Flop
Seat 6: zirco6 (big blind) folded on the Flop



PokerStars Hand #254263641378:  Hold'em No Limit ($0.50/$1.00 USD) - 2025/01/08 17:12:39 WET [2025/01/08 12:12:39 ET]
Table 'Agamemnon III' 6-max Seat #5 is the button
Seat 1: blistein ($100 in chips) 
Seat 2: xxxZeka ($100 in chips) 
Seat 3: rao999 ($102.72 in chips) 
Seat 4: Xenicide ($100 in chips) 
Seat 5: coeeeelho ($117.01 in chips) 
Seat 6: zirco6 ($178.04 in chips) 
zirco6: posts small blind $0.50
blistein: posts big blind $1
*** HOLE CARDS ***
xxxZeka: folds 
rao999: folds 
Xenicide: raises $1 to $2
coeeeelho: raises $5.50 to $7.50
zirco6: folds 
blistein: folds 
Xenicide: raises $11.50 to $19
coeeeelho: raises $98.01 to $117.01 and is all-in
Xenicide: calls $81 and is all-in
Uncalled bet ($17.01) returned to coeeeelho
*** FLOP *** [2h 4h 3d]
*** TURN *** [2h 4h 3d] [6s]
*** RIVER *** [2h 4h 3d 6s] [4d]
*** SHOW DOWN ***
Xenicide: shows [Td Ts] (two pair, Tens and Fours)
coeeeelho: shows [Kc Ah] (a pair of Fours)
Xenicide collected $199 from pot
*** SUMMARY ***
Total pot $201.50 | Rake $2.50 
Board [2h 4h 3d 6s 4d]
Seat 1: blistein (big blind) folded before Flop
Seat 2: xxxZeka folded before Flop (didn't bet)
Seat 3: rao999 folded before Flop (didn't bet)
Seat 4: Xenicide showed [Td Ts] and won ($199) with two pair, Tens and Fours
Seat 5: coeeeelho (button) showed [Kc Ah] and lost with a pair of Fours
Seat 6: zirco6 (small blind) folded before Flop



PokerStars Hand #254263655405:  Hold'em No Limit ($0.50/$1.00 USD) - 2025/01/08 17:13:31 WET [2025/01/08 12:13:31 ET]
Table 'Agamemnon III' 6-max Seat #6 is the button
Seat 1: blistein ($100 in chips) 
Seat 2: xxxZeka ($100 in chips) 
Seat 3: rao999 ($102.72 in chips) 
Seat 4: Xenicide ($199 in chips) 
Seat 5: coeeeelho ($100 in chips) 
Seat 6: zirco6 ($177.54 in chips) 
blistein: posts small blind $0.50
xxxZeka: posts big blind $1
*** HOLE CARDS ***
rao999: raises $1.50 to $2.50
Xenicide: folds 
coeeeelho: folds 
zirco6: calls $2.50
blistein: folds 
xxxZeka: folds 
*** FLOP *** [7d 5c Ks]
rao999: bets $1.55
zirco6: folds 
Uncalled bet ($1.55) returned to rao999
rao999 collected $6.18 from pot
rao999: doesn't show hand 
*** SUMMARY ***
Total pot $6.50 | Rake $0.32 
Board [7d 5c Ks]
Seat 1: blistein (small blind) folded before Flop
Seat 2: xxxZeka (big blind) folded before Flop
Seat 3: rao999 collected ($6.18)
Seat 4: Xenicide folded before Flop (didn't bet)
Seat 5: coeeeelho folded before Flop (didn't bet)
Seat 6: zirco6 (button) folded on the Flop



PokerStars Hand #254263663502:  Hold'em No Limit ($0.50/$1.00 USD) - 2025/01/08 17:14:01 WET [2025/01/08 12:14:01 ET]
Table 'Agamemnon III' 6-max Seat #1 is the button
Seat 1: blistein ($100 in chips) 
Seat 2: xxxZeka ($100 in chips) 
Seat 3: rao999 ($106.40 in chips) 
Seat 4: Xenicide ($199 in chips) 
Seat 5: coeeeelho ($100 in chips) 
Seat 6: zirco6 ($175.04 in chips) 
xxxZeka: posts small blind $0.50
rao999: posts big blind $1
*** HOLE CARDS ***
Xenicide: folds 
coeeeelho: folds 
zirco6: raises $4 to $5
blistein: folds 
xxxZeka: folds 
rao999: folds 
Uncalled bet ($4) returned to zirco6
zirco6 collected $2.50 from pot
*** SUMMARY ***
Total pot $2.50 | Rake $0 
Seat 1: blistein (button) folded before Flop (didn't bet)
Seat 2: xxxZeka (small blind) folded before Flop
Seat 3: rao999 (big blind) folded before Flop
Seat 4: Xenicide folded before Flop (didn't bet)
Seat 5: coeeeelho folded before Flop (didn't bet)
Seat 6: zirco6 collected ($2.50)



PokerStars Hand #254263671665:  Hold'em No Limit ($0.50/$1.00 USD) - 2025/01/08 17:14:32 WET [2025/01/08 12:14:32 ET]
Table 'Agamemnon III' 6-max Seat #2 is the button
Seat 1: blistein ($100 in chips) 
Seat 2: xxxZeka ($100 in chips) 
Seat 3: rao999 ($105.40 in chips) 
Seat 4: Xenicide ($199 in chips) 
Seat 5: coeeeelho ($100 in chips) 
Seat 6: zirco6 ($176.54 in chips) 
rao999: posts small blind $0.50
Xenicide: posts big blind $1
*** HOLE CARDS ***
coeeeelho: folds 
zirco6: calls $1
blistein: folds 
xxxZeka: folds 
rao999: calls $0.50
Xenicide: raises $9 to $10
zirco6: calls $9
rao999: folds 
*** FLOP *** [5c 7s 8d]
Xenicide: checks 
zirco6: bets $12
Xenicide: folds 
Uncalled bet ($12) returned to zirco6
zirco6 collected $19.95 from pot
*** SUMMARY ***
Total pot $21 | Rake $1.05 
Board [5c 7s 8d]
Seat 1: blistein folded before Flop (didn't bet)
Seat 2: xxxZeka (button) folded before Flop (didn't bet)
Seat 3: rao999 (small blind) folded before Flop
Seat 4: Xenicide (big blind) folded on the Flop
Seat 5: coeeeelho folded before Flop (didn't bet)
Seat 6: zirco6 collected ($19.95)



PokerStars Hand #254263686893:  Hold'em No Limit ($0.50/$1.00 USD) - 2025/01/08 17:15:27 WET [2025/01/08 12:15:27 ET]
Table 'Agamemnon III' 6-max Seat #3 is the button
Seat 1: blistein ($100 in chips) 
Seat 2: xxxZeka ($100 in chips) 
Seat 3: rao999 ($104.40 in chips) 
Seat 4: Xenicide ($189 in chips) 
Seat 5: coeeeelho ($100 in chips) 
Seat 6: zirco6 ($186.49 in chips) 
Xenicide: posts small blind $0.50
coeeeelho: posts big blind $1
*** HOLE CARDS ***
zirco6: folds 
blistein: raises $1.20 to $2.20
xxxZeka: folds 
rao999: folds 
Xenicide: folds 
coeeeelho: folds 
Uncalled bet ($1.20) returned to blistein
blistein collected $2.50 from pot
blistein: doesn't show hand 
*** SUMMARY ***
Total pot $2.50 | Rake $0 
Seat 1: blistein collected ($2.50)
Seat 2: xxxZeka folded before Flop (didn't bet)
Seat 3: rao999 (button) folded before Flop (didn't bet)
Seat 4: Xenicide (small blind) folded before Flop
Seat 5: coeeeelho (big blind) folded before Flop
Seat 6: zirco6 folded before Flop (didn't bet)



PokerStars Hand #254263696772:  Hold'em No Limit ($0.50/$1.00 USD) - 2025/01/08 17:16:04 WET [2025/01/08 12:16:04 ET]
Table 'Agamemnon III' 6-max Seat #4 is the button
Seat 1: blistein ($101.50 in chips) 
Seat 2: xxxZeka ($100 in chips) 
Seat 3: rao999 ($104.40 in chips) 
Seat 4: Xenicide ($188.50 in chips) 
Seat 5: coeeeelho ($100 in chips) 
Seat 6: zirco6 ($186.49 in chips) 
coeeeelho: posts small blind $0.50
zirco6: posts big blind $1
*** HOLE CARDS ***
blistein: folds 
xxxZeka: folds 
rao999: raises $1 to $2
Xenicide: folds 
coeeeelho: folds 
zirco6: folds 
Uncalled bet ($1) returned to rao999
rao999 collected $2.50 from pot
rao999: doesn't show hand 
*** SUMMARY ***
Total pot $2.50 | Rake $0 
Seat 1: blistein folded before Flop (didn't bet)
Seat 2: xxxZeka folded before Flop (didn't bet)
Seat 3: rao999 collected ($2.50)
Seat 4: Xenicide (button) folded before Flop (didn't bet)
Seat 5: coeeeelho (small blind) folded before Flop
Seat 6: zirco6 (big blind) folded before Flop



PokerStars Hand #254263700218:  Hold'em No Limit ($0.50/$1.00 USD) - 2025/01/08 17:16:16 WET [2025/01/08 12:16:16 ET]
Table 'Agamemnon III' 6-max Seat #5 is the button
Seat 1: blistein ($101.50 in chips) 
Seat 2: xxxZeka ($100 in chips) 
Seat 3: rao999 ($105.90 in chips) 
Seat 4: Xenicide ($188.50 in chips) 
Seat 5: coeeeelho ($100 in chips) 
Seat 6: zirco6 ($185.49 in chips) 
zirco6: posts small blind $0.50
blistein: posts big blind $1
*** HOLE CARDS ***
xxxZeka: folds 
rao999: raises $1.50 to $2.50
Xenicide: folds 
coeeeelho: folds 
zirco6: folds 
blistein: folds 
Uncalled bet ($1.50) returned to rao999
rao999 collected $2.50 from pot
rao999: doesn't show hand 
*** SUMMARY ***
Total pot $2.50 | Rake $0 
Seat 1: blistein (big blind) folded before Flop
Seat 2: xxxZeka folded before Flop (didn't bet)
Seat 3: rao999 collected ($2.50)
Seat 4: Xenicide folded before Flop (didn't bet)
Seat 5: coeeeelho (button) folded before Flop (didn't bet)
Seat 6: zirco6 (small blind) folded before Flop



PokerStars Hand #254263707526:  Hold'em No Limit ($0.50/$1.00 USD) - 2025/01/08 17:16:43 WET [2025/01/08 12:16:43 ET]
Table 'Agamemnon III' 6-max Seat #6 is the button
Seat 1: blistein ($100.50 in chips) 
Seat 2: xxxZeka ($100 in chips) 
Seat 3: rao999 ($107.40 in chips) 
Seat 4: Xenicide ($188.50 in chips) 
Seat 5: coeeeelho ($100 in chips) 
Seat 6: zirco6 ($184.99 in chips) 
blistein: posts small blind $0.50
xxxZeka: posts big blind $1
*** HOLE CARDS ***
rao999: folds 
Xenicide: folds 
coeeeelho: folds 
zirco6: folds 
blistein: raises $2 to $3
xxxZeka: raises $6 to $9
blistein: folds 
Uncalled bet ($6) returned to xxxZeka
xxxZeka collected $6 from pot
xxxZeka: doesn't show hand 
*** SUMMARY ***
Total pot $6 | Rake $0 
Seat 1: blistein (small blind) folded before Flop
Seat 2: xxxZeka (big blind) collected ($6)
Seat 3: rao999 folded before Flop (didn't bet)
Seat 4: Xenicide folded before Flop (didn't bet)
Seat 5: coeeeelho folded before Flop (didn't bet)
Seat 6: zirco6 (button) folded before Flop (didn't bet)



PokerStars Hand #254263712956:  Hold'em No Limit ($0.50/$1.00 USD) - 2025/01/08 17:17:03 WET [2025/01/08 12:17:03 ET]
Table 'Agamemnon III' 6-max Seat #1 is the button
Seat 1: blistein ($100 in chips) 
Seat 2: xxxZeka ($103 in chips) 
Seat 3: rao999 ($107.40 in chips) 
Seat 4: Xenicide ($188.50 in chips) 
Seat 5: coeeeelho ($100 in chips) 
Seat 6: zirco6 ($184.99 in chips) 
xxxZeka: posts small blind $0.50
rao999: posts big blind $1
*** HOLE CARDS ***
Xenicide: folds 
coeeeelho: folds 
zirco6: folds 
blistein: folds 
xxxZeka: raises $2 to $3
rao999: calls $2
*** FLOP *** [Kc 8c Qh]
xxxZeka: bets $2
rao999: raises $7 to $9
xxxZeka: raises $21 to $30
rao999: raises $74.40 to $104.40 and is all-in
xxxZeka: calls $70 and is all-in
Uncalled bet ($4.40) returned to rao999
*** TURN *** [Kc 8c Qh] [Ad]
*** RIVER *** [Kc 8c Qh Ad] [2c]
*** SHOW DOWN ***
xxxZeka: shows [8h 8s] (three of a kind, Eights)
rao999: shows [Qc Ks] (two pair, Kings and Queens)
xxxZeka collected $203.50 from pot
rao999 cashed out the hand for $42.50 | Cash Out Fee $0.87
*** SUMMARY ***
Total pot $206 | Rake $2.50 
Board [Kc 8c Qh Ad 2c]
Seat 1: blistein (button) folded before Flop (didn't bet)
Seat 2: xxxZeka (small blind) showed [8h 8s] and won ($203.50) with three of a kind, Eights
Seat 3: rao999 (big blind) showed [Qc Ks] and lost with two pair, Kings and Queens (cashed out).
Seat 4: Xenicide folded before Flop (didn't bet)
Seat 5: coeeeelho folded before Flop (didn't bet)
Seat 6: zirco6 folded before Flop (didn't bet)



PokerStars Hand #254263739263:  Hold'em No Limit ($0.50/$1.00 USD) - 2025/01/08 17:18:38 WET [2025/01/08 12:18:38 ET]
Table 'Agamemnon III' 6-max Seat #2 is the button
Seat 1: blistein ($100 in chips) 
Seat 2: xxxZeka ($203.50 in chips) 
Seat 3: rao999 ($100 in chips) 
Seat 4: Xenicide ($188.50 in chips) 
Seat 5: coeeeelho ($100 in chips) 
Seat 6: zirco6 ($184.99 in chips) 
rao999: posts small blind $0.50
Xenicide: posts big blind $1
*** HOLE CARDS ***
coeeeelho: folds 
zirco6: folds 
blistein: folds 
xxxZeka: folds 
rao999: raises $2 to $3
Xenicide: folds 
Uncalled bet ($2) returned to rao999
rao999 collected $2 from pot
rao999: doesn't show hand 
*** SUMMARY ***
Total pot $2 | Rake $0 
Seat 1: blistein folded before Flop (didn't bet)
Seat 2: xxxZeka (button) folded before Flop (didn't bet)
Seat 3: rao999 (small blind) collected ($2)
Seat 4: Xenicide (big blind) folded before Flop
Seat 5: coeeeelho folded before Flop (didn't bet)
Seat 6: zirco6 folded before Flop (didn't bet)



PokerStars Hand #254263743228:  Hold'em No Limit ($0.50/$1.00 USD) - 2025/01/08 17:18:52 WET [2025/01/08 12:18:52 ET]
Table 'Agamemnon III' 6-max Seat #3 is the button
Seat 1: blistein ($100 in chips) 
Seat 2: xxxZeka ($203.50 in chips) 
Seat 3: rao999 ($101 in chips) 
Seat 4: Xenicide ($187.50 in chips) 
Seat 5: coeeeelho ($100 in chips) 
Seat 6: zirco6 ($184.99 in chips) 
Xenicide: posts small blind $0.50
coeeeelho: posts big blind $1
*** HOLE CARDS ***
zirco6 has timed out
zirco6: folds 
blistein: folds 
xxxZeka: raises $1.50 to $2.50
rao999: folds 
Xenicide: folds 
coeeeelho: folds 
Uncalled bet ($1.50) returned to xxxZeka
xxxZeka collected $2.50 from pot
xxxZeka: doesn't show hand 
*** SUMMARY ***
Total pot $2.50 | Rake $0 
Seat 1: blistein folded before Flop (didn't bet)
Seat 2: xxxZeka collected ($2.50)
Seat 3: rao999 (button) folded before Flop (didn't bet)
Seat 4: Xenicide (small blind) folded before Flop
Seat 5: coeeeelho (big blind) folded before Flop
Seat 6: zirco6 folded before Flop (didn't bet)



PokerStars Hand #254263751212:  Hold'em No Limit ($0.50/$1.00 USD) - 2025/01/08 17:19:21 WET [2025/01/08 12:19:21 ET]
Table 'Agamemnon III' 6-max Seat #4 is the button
Seat 6: zirco6 ($184.99 in chips) is sitting out
Seat 1: blistein ($100 in chips) 
Seat 2: xxxZeka ($205 in chips) 
Seat 3: rao999 ($101 in chips) 
Seat 4: Xenicide ($187 in chips) 
Seat 5: coeeeelho ($100 in chips) 
coeeeelho: posts small blind $0.50
blistein: posts big blind $1
*** HOLE CARDS ***
xxxZeka: folds 
rao999: folds 
Xenicide: raises $1.25 to $2.25
coeeeelho: raises $8.97 to $11.22
blistein: folds 
Xenicide: folds 
Uncalled bet ($8.97) returned to coeeeelho
coeeeelho collected $5.50 from pot
*** SUMMARY ***
Total pot $5.50 | Rake $0 
Seat 6: zirco6
Seat 1: blistein (big blind) folded before Flop
Seat 2: xxxZeka folded before Flop (didn't bet)
Seat 3: rao999 folded before Flop (didn't bet)
Seat 4: Xenicide (button) folded before Flop
Seat 5: coeeeelho (small blind) collected ($5.50)



PokerStars Hand #254263760831:  Hold'em No Limit ($0.50/$1.00 USD) - 2025/01/08 17:19:55 WET [2025/01/08 12:19:55 ET]
Table 'Agamemnon III' 6-max Seat #5 is the button
Seat 6: zirco6 ($184.99 in chips) is sitting out
Seat 1: blistein ($100 in chips) 
Seat 2: xxxZeka ($205 in chips) 
Seat 3: rao999 ($101 in chips) 
Seat 4: Xenicide ($184.75 in chips) 
Seat 5: coeeeelho ($103.25 in chips) 
blistein: posts small blind $0.50
xxxZeka: posts big blind $1
*** HOLE CARDS ***
rao999: folds 
Xenicide: folds 
coeeeelho: folds 
blistein: folds 
Uncalled bet ($0.50) returned to xxxZeka
xxxZeka collected $1 from pot
xxxZeka: doesn't show hand 
*** SUMMARY ***
Total pot $1 | Rake $0 
Seat 6: zirco6
Seat 1: blistein (small blind) folded before Flop
Seat 2: xxxZeka (big blind) collected ($1)
Seat 3: rao999 folded before Flop (didn't bet)
Seat 4: Xenicide folded before Flop (didn't bet)
Seat 5: coeeeelho (button) folded before Flop (didn't bet)



PokerStars Hand #254263767217:  Hold'em No Limit ($0.50/$1.00 USD) - 2025/01/08 17:20:19 WET [2025/01/08 12:20:19 ET]
Table 'Agamemnon III' 6-max Seat #1 is the button
Seat 1: blistein ($100 in chips) 
Seat 2: xxxZeka ($205.50 in chips) 
Seat 3: rao999 ($101 in chips) 
Seat 4: Xenicide ($184.75 in chips) 
Seat 5: coeeeelho ($103.25 in chips) 
Seat 6: zirco6 ($184.99 in chips) 
xxxZeka: posts small blind $0.50
rao999: posts big blind $1
zirco6: posts small & big blinds $1.50
*** HOLE CARDS ***
Xenicide: raises $2.50 to $3.50
coeeeelho: folds 
zirco6: calls $2.50
blistein: folds 
xxxZeka: folds 
rao999: calls $2.50
*** FLOP *** [4s Ac 3c]
rao999: checks 
Xenicide: bets $5.46
zirco6: folds 
rao999: folds 
Uncalled bet ($5.46) returned to Xenicide
Xenicide collected $10.92 from pot
*** SUMMARY ***
Total pot $11.50 | Rake $0.58 
Board [4s Ac 3c]
Seat 1: blistein (button) folded before Flop (didn't bet)
Seat 2: xxxZeka (small blind) folded before Flop
Seat 3: rao999 (big blind) folded on the Flop
Seat 4: Xenicide collected ($10.92)
Seat 5: coeeeelho folded before Flop (didn't bet)
Seat 6: zirco6 folded on the Flop



PokerStars Hand #254263776005:  Hold'em No Limit ($0.50/$1.00 USD) - 2025/01/08 17:20:50 WET [2025/01/08 12:20:50 ET]
Table 'Agamemnon III' 6-max Seat #2 is the button
Seat 1: blistein ($100 in chips) 
Seat 2: xxxZeka ($205 in chips) 
Seat 3: rao999 ($100 in chips) 
Seat 4: Xenicide ($192.17 in chips) 
Seat 5: coeeeelho ($103.25 in chips) 
Seat 6: zirco6 ($180.99 in chips) 
rao999: posts small blind $0.50
Xenicide: posts big blind $1
*** HOLE CARDS ***
coeeeelho: folds 
zirco6: calls $1
blistein: folds 
xxxZeka: folds 
rao999: raises $4 to $5
Xenicide: folds 
zirco6: folds 
Uncalled bet ($4) returned to rao999
rao999 collected $3 from pot
rao999: doesn't show hand 
*** SUMMARY ***
Total pot $3 | Rake $0 
Seat 1: blistein folded before Flop (didn't bet)
Seat 2: xxxZeka (button) folded before Flop (didn't bet)
Seat 3: rao999 (small blind) collected ($3)
Seat 4: Xenicide (big blind) folded before Flop
Seat 5: coeeeelho folded before Flop (didn't bet)
Seat 6: zirco6 folded before Flop



PokerStars Hand #254263785687:  Hold'em No Limit ($0.50/$1.00 USD) - 2025/01/08 17:21:25 WET [2025/01/08 12:21:25 ET]
Table 'Agamemnon III' 6-max Seat #3 is the button
Seat 1: blistein ($100 in chips) 
Seat 2: xxxZeka ($205 in chips) 
Seat 3: rao999 ($102 in chips) 
Seat 4: Xenicide ($191.17 in chips) 
Seat 5: coeeeelho ($103.25 in chips) 
Seat 6: zirco6 ($179.99 in chips) 
Xenicide: posts small blind $0.50
coeeeelho: posts big blind $1
*** HOLE CARDS ***
zirco6: folds 
blistein: folds 
xxxZeka: folds 
rao999: folds 
Xenicide: folds 
Uncalled bet ($0.50) returned to coeeeelho
coeeeelho collected $1 from pot
*** SUMMARY ***
Total pot $1 | Rake $0 
Seat 1: blistein folded before Flop (didn't bet)
Seat 2: xxxZeka folded before Flop (didn't bet)
Seat 3: rao999 (button) folded before Flop (didn't bet)
Seat 4: Xenicide (small blind) folded before Flop
Seat 5: coeeeelho (big blind) collected ($1)
Seat 6: zirco6 folded before Flop (didn't bet)



PokerStars Hand #254263791104:  Hold'em No Limit ($0.50/$1.00 USD) - 2025/01/08 17:21:45 WET [2025/01/08 12:21:45 ET]
Table 'Agamemnon III' 6-max Seat #4 is the button
Seat 1: blistein ($100 in chips) 
Seat 2: xxxZeka ($205 in chips) 
Seat 3: rao999 ($102 in chips) 
Seat 4: Xenicide ($190.67 in chips) 
Seat 5: coeeeelho ($103.75 in chips) 
Seat 6: zirco6 ($179.99 in chips) 
coeeeelho: posts small blind $0.50
zirco6: posts big blind $1
*** HOLE CARDS ***
blistein: folds 
xxxZeka: raises $1.50 to $2.50
rao999: folds 
Xenicide: folds 
coeeeelho: raises $8.72 to $11.22
zirco6: folds 
xxxZeka: folds 
Uncalled bet ($8.72) returned to coeeeelho
coeeeelho collected $6 from pot
*** SUMMARY ***
Total pot $6 | Rake $0 
Seat 1: blistein folded before Flop (didn't bet)
Seat 2: xxxZeka folded before Flop
Seat 3: rao999 folded before Flop (didn't bet)
Seat 4: Xenicide (button) folded before Flop (didn't bet)
Seat 5: coeeeelho (small blind) collected ($6)
Seat 6: zirco6 (big blind) folded before Flop



PokerStars Hand #254263800440:  Hold'em No Limit ($0.50/$1.00 USD) - 2025/01/08 17:22:19 WET [2025/01/08 12:22:19 ET]
Table 'Agamemnon III' 6-max Seat #5 is the button
Seat 1: blistein ($100 in chips) 
Seat 2: xxxZeka ($202.50 in chips) 
Seat 3: rao999 ($102 in chips) 
Seat 4: Xenicide ($190.67 in chips) 
Seat 5: coeeeelho ($107.25 in chips) 
Seat 6: zirco6 ($178.99 in chips) 
zirco6: posts small blind $0.50
blistein: posts big blind $1
*** HOLE CARDS ***
xxxZeka: folds 
rao999: folds 
Xenicide: folds 
coeeeelho: raises $1.20 to $2.20
zirco6: folds 
blistein: calls $1.20
*** FLOP *** [7s Jh 9h]
blistein: checks 
coeeeelho: checks 
*** TURN *** [7s Jh 9h] [3c]
zirco6 is disconnected 
blistein: checks 
coeeeelho: checks 
*** RIVER *** [7s Jh 9h 3c] [Qs]
blistein: bets $6.50
coeeeelho: folds 
Uncalled bet ($6.50) returned to blistein
blistein collected $4.66 from pot
blistein: doesn't show hand 
*** SUMMARY ***
Total pot $4.90 | Rake $0.24 
Board [7s Jh 9h 3c Qs]
Seat 1: blistein (big blind) collected ($4.66)
Seat 2: xxxZeka folded before Flop (didn't bet)
Seat 3: rao999 folded before Flop (didn't bet)
Seat 4: Xenicide folded before Flop (didn't bet)
Seat 5: coeeeelho (button) folded on the River
Seat 6: zirco6 (small blind) folded before Flop



PokerStars Hand #254263818751:  Hold'em No Limit ($0.50/$1.00 USD) - 2025/01/08 17:23:26 WET [2025/01/08 12:23:26 ET]
Table 'Agamemnon III' 6-max Seat #6 is the button
Seat 1: blistein ($102.46 in chips) 
Seat 2: xxxZeka ($202.50 in chips) 
Seat 3: rao999 ($102 in chips) 
Seat 4: Xenicide ($190.67 in chips) 
Seat 5: coeeeelho ($105.05 in chips) 
Seat 6: zirco6 ($178.49 in chips) 
blistein: posts small blind $0.50
xxxZeka: posts big blind $1
*** HOLE CARDS ***
rao999: folds 
Xenicide: folds 
coeeeelho: folds 
zirco6: folds 
blistein: folds 
Uncalled bet ($0.50) returned to xxxZeka
xxxZeka collected $1 from pot
xxxZeka: doesn't show hand 
*** SUMMARY ***
Total pot $1 | Rake $0 
Seat 1: blistein (small blind) folded before Flop
Seat 2: xxxZeka (big blind) collected ($1)
Seat 3: rao999 folded before Flop (didn't bet)
Seat 4: Xenicide folded before Flop (didn't bet)
Seat 5: coeeeelho folded before Flop (didn't bet)
Seat 6: zirco6 (button) folded before Flop (didn't bet)



PokerStars Hand #254263823860:  Hold'em No Limit ($0.50/$1.00 USD) - 2025/01/08 17:23:45 WET [2025/01/08 12:23:45 ET]
Table 'Agamemnon III' 6-max Seat #1 is the button
Seat 1: blistein ($101.96 in chips) 
Seat 2: xxxZeka ($203 in chips) 
Seat 3: rao999 ($102 in chips) 
Seat 4: Xenicide ($190.67 in chips) 
Seat 5: coeeeelho ($105.05 in chips) 
Seat 6: zirco6 ($178.49 in chips) 
xxxZeka: posts small blind $0.50
rao999: posts big blind $1
*** HOLE CARDS ***
Xenicide: folds 
coeeeelho: raises $1.20 to $2.20
zirco6: calls $2.20
blistein: calls $2.20
xxxZeka: folds 
rao999: calls $1.20
*** FLOP *** [4h Ad 7c]
rao999: checks 
coeeeelho: checks 
zirco6: checks 
blistein: bets $4.42
rao999: folds 
coeeeelho: folds 
zirco6: folds 
Uncalled bet ($4.42) returned to blistein
blistein collected $8.84 from pot
blistein: doesn't show hand 
*** SUMMARY ***
Total pot $9.30 | Rake $0.46 
Board [4h Ad 7c]
Seat 1: blistein (button) collected ($8.84)
Seat 2: xxxZeka (small blind) folded before Flop
Seat 3: rao999 (big blind) folded on the Flop
Seat 4: Xenicide folded before Flop (didn't bet)
Seat 5: coeeeelho folded on the Flop
Seat 6: zirco6 folded on the Flop



PokerStars Hand #254263839599:  Hold'em No Limit ($0.50/$1.00 USD) - 2025/01/08 17:24:43 WET [2025/01/08 12:24:43 ET]
Table 'Agamemnon III' 6-max Seat #2 is the button
Seat 1: blistein ($108.60 in chips) 
Seat 2: xxxZeka ($202.50 in chips) 
Seat 3: rao999 ($100 in chips) 
Seat 4: Xenicide ($190.67 in chips) 
Seat 5: coeeeelho ($102.85 in chips) 
Seat 6: zirco6 ($176.29 in chips) 
rao999: posts small blind $0.50
Xenicide: posts big blind $1
*** HOLE CARDS ***
coeeeelho: folds 
zirco6: folds 
blistein: folds 
xxxZeka: raises $1.50 to $2.50
rao999: folds 
Xenicide: folds 
Uncalled bet ($1.50) returned to xxxZeka
xxxZeka collected $2.50 from pot
xxxZeka: doesn't show hand 
*** SUMMARY ***
Total pot $2.50 | Rake $0 
Seat 1: blistein folded before Flop (didn't bet)
Seat 2: xxxZeka (button) collected ($2.50)
Seat 3: rao999 (small blind) folded before Flop
Seat 4: Xenicide (big blind) folded before Flop
Seat 5: coeeeelho folded before Flop (didn't bet)
Seat 6: zirco6 folded before Flop (didn't bet)



PokerStars Hand #254263844356:  Hold'em No Limit ($0.50/$1.00 USD) - 2025/01/08 17:25:00 WET [2025/01/08 12:25:00 ET]
Table 'Agamemnon III' 6-max Seat #3 is the button
Seat 1: blistein ($108.60 in chips) 
Seat 2: xxxZeka ($204 in chips) 
Seat 3: rao999 ($100 in chips) 
Seat 4: Xenicide ($189.67 in chips) 
Seat 5: coeeeelho ($102.85 in chips) 
Seat 6: zirco6 ($176.29 in chips) 
Xenicide: posts small blind $0.50
coeeeelho: posts big blind $1
*** HOLE CARDS ***
zirco6: calls $1
blistein: folds 
xxxZeka: folds 
rao999: raises $2 to $3
Xenicide: folds 
coeeeelho: folds 
zirco6: calls $2
*** FLOP *** [5d Ac 6c]
zirco6: checks 
rao999: checks 
*** TURN *** [5d Ac 6c] [9h]
zirco6: bets $2
rao999: calls $2
*** RIVER *** [5d Ac 6c 9h] [7d]
zirco6: bets $11
rao999: calls $11
*** SHOW DOWN ***
zirco6: shows [8c 7s] (a straight, Five to Nine)
rao999: mucks hand 
zirco6 collected $31.82 from pot
*** SUMMARY ***
Total pot $33.50 | Rake $1.68 
Board [5d Ac 6c 9h 7d]
Seat 1: blistein folded before Flop (didn't bet)
Seat 2: xxxZeka folded before Flop (didn't bet)
Seat 3: rao999 (button) mucked
Seat 4: Xenicide (small blind) folded before Flop
Seat 5: coeeeelho (big blind) folded before Flop
Seat 6: zirco6 showed [8c 7s] and won ($31.82) with a straight, Five to Nine



PokerStars Hand #254263860360:  Hold'em No Limit ($0.50/$1.00 USD) - 2025/01/08 17:25:58 WET [2025/01/08 12:25:58 ET]
Table 'Agamemnon III' 6-max Seat #4 is the button
Seat 1: blistein ($108.60 in chips) 
Seat 2: xxxZeka ($204 in chips) 
Seat 3: rao999 ($100 in chips) 
Seat 4: Xenicide ($189.17 in chips) 
Seat 5: coeeeelho ($101.85 in chips) 
Seat 6: zirco6 ($192.11 in chips) 
coeeeelho: posts small blind $0.50
zirco6: posts big blind $1
*** HOLE CARDS ***
blistein: folds 
xxxZeka: folds 
rao999: folds 
Xenicide: folds 
coeeeelho: raises $2 to $3
zirco6: calls $2
*** FLOP *** [2c 7d Qh]
coeeeelho: bets $1.43
zirco6: folds 
Uncalled bet ($1.43) returned to coeeeelho
coeeeelho collected $5.70 from pot
*** SUMMARY ***
Total pot $6 | Rake $0.30 
Board [2c 7d Qh]
Seat 1: blistein folded before Flop (didn't bet)
Seat 2: xxxZeka folded before Flop (didn't bet)
Seat 3: rao999 folded before Flop (didn't bet)
Seat 4: Xenicide (button) folded before Flop (didn't bet)
Seat 5: coeeeelho (small blind) collected ($5.70)
Seat 6: zirco6 (big blind) folded on the Flop



PokerStars Hand #254263868731:  Hold'em No Limit ($0.50/$1.00 USD) - 2025/01/08 17:26:29 WET [2025/01/08 12:26:29 ET]
Table 'Agamemnon III' 6-max Seat #5 is the button
Seat 1: blistein ($108.60 in chips) 
Seat 2: xxxZeka ($204 in chips) 
Seat 3: rao999 ($100 in chips) 
Seat 4: Xenicide ($189.17 in chips) 
Seat 5: coeeeelho ($104.55 in chips) 
Seat 6: zirco6 ($189.11 in chips) 
zirco6: posts small blind $0.50
blistein: posts big blind $1
*** HOLE CARDS ***
xxxZeka: folds 
rao999: raises $1.50 to $2.50
Xenicide: raises $4.50 to $7
coeeeelho: folds 
zirco6: folds 
blistein: folds 
rao999: calls $4.50
*** FLOP *** [Th Kc 6c]
rao999: checks 
Xenicide: bets $4.56
rao999: calls $4.56
*** TURN *** [Th Kc 6c] [As]
rao999: checks 
Xenicide: checks 
*** RIVER *** [Th Kc 6c As] [9c]
rao999: bets $17.54
Xenicide: folds 
Uncalled bet ($17.54) returned to rao999
rao999 collected $23.39 from pot
rao999: doesn't show hand 
*** SUMMARY ***
Total pot $24.62 | Rake $1.23 
Board [Th Kc 6c As 9c]
Seat 1: blistein (big blind) folded before Flop
Seat 2: xxxZeka folded before Flop (didn't bet)
Seat 3: rao999 collected ($23.39)
Seat 4: Xenicide folded on the River
Seat 5: coeeeelho (button) folded before Flop (didn't bet)
Seat 6: zirco6 (small blind) folded before Flop



