PokerStars Hand #254256840852:  Hold'em No Limit ($0.50/$1.00 USD) - 2025/01/08 3:40:59 WET [2025/01/07 22:40:59 ET]
Table 'Selinur II' 6-max Seat #5 is the button
Seat 1: avlee1 ($104.60 in chips) 
Seat 2: tukeiron ($114.96 in chips) 
Seat 3: Rysiff ($103.62 in chips) 
Seat 4: Manifestorr ($197.97 in chips) 
Seat 5: MauriFierro27 ($112.79 in chips) 
Seat 6: rizinhooo ($79.52 in chips) 
rizinhooo: posts small blind $0.50
avlee1: posts big blind $1
*** HOLE CARDS ***
tukeiron: raises $1.50 to $2.50
Rysiff: folds 
Manifestorr: folds 
MauriFierro27: folds 
rizinhooo: calls $2
avlee1: raises $9.50 to $12
tukeiron: raises $14 to $26
rizinhooo: folds 
avlee1: folds 
Uncalled bet ($14) returned to tukeiron
tukeiron collected $26.50 from pot
tukeiron: doesn't show hand 
*** SUMMARY ***
Total pot $26.50 | Rake $0 
Seat 1: avlee1 (big blind) folded before Flop
Seat 2: tukeiron collected ($26.50)
Seat 3: Rysiff folded before Flop (didn't bet)
Seat 4: Manifestorr folded before Flop (didn't bet)
Seat 5: MauriFierro27 (button) folded before Flop (didn't bet)
Seat 6: rizinhooo (small blind) folded before Flop



PokerStars Hand #254256845973:  Hold'em No Limit ($0.50/$1.00 USD) - 2025/01/08 3:41:40 WET [2025/01/07 22:41:40 ET]
Table 'Selinur II' 6-max Seat #6 is the button
Seat 1: avlee1 ($100 in chips) 
Seat 2: tukeiron ($129.46 in chips) 
Seat 3: Rysiff ($103.62 in chips) 
Seat 4: Manifestorr ($197.97 in chips) 
Seat 5: MauriFierro27 ($112.79 in chips) 
Seat 6: rizinhooo ($77.02 in chips) 
avlee1: posts small blind $0.50
tukeiron: posts big blind $1
*** HOLE CARDS ***
Rysiff: folds 
Manifestorr: raises $1.20 to $2.20
MauriFierro27: folds 
rizinhooo: calls $2.20
avlee1: folds 
tukeiron: folds 
*** FLOP *** [5c Jc 9s]
Manifestorr: bets $2.80
rizinhooo: calls $2.80
*** TURN *** [5c Jc 9s] [4c]
Manifestorr: bets $8.50
rizinhooo: raises $63.52 to $72.02 and is all-in
Manifestorr: calls $63.52
*** RIVER *** [5c Jc 9s 4c] [4s]
*** SHOW DOWN ***
Manifestorr: shows [6c Kc] (a flush, King high)
rizinhooo: shows [4d 9d] (a full house, Fours full of Nines)
rizinhooo collected $153.04 from pot
*** SUMMARY ***
Total pot $155.54 | Rake $2.50 
Board [5c Jc 9s 4c 4s]
Seat 1: avlee1 (small blind) folded before Flop
Seat 2: tukeiron (big blind) folded before Flop
Seat 3: Rysiff folded before Flop (didn't bet)
Seat 4: Manifestorr showed [6c Kc] and lost with a flush, King high
Seat 5: MauriFierro27 folded before Flop (didn't bet)
Seat 6: rizinhooo (button) showed [4d 9d] and won ($153.04) with a full house, Fours full of Nines



PokerStars Hand #254256851122:  Hold'em No Limit ($0.50/$1.00 USD) - 2025/01/08 3:42:22 WET [2025/01/07 22:42:22 ET]
Table 'Selinur II' 6-max Seat #1 is the button
Seat 1: avlee1 ($100 in chips) 
Seat 2: tukeiron ($128.46 in chips) 
Seat 3: Rysiff ($103.62 in chips) 
Seat 4: Manifestorr ($120.95 in chips) 
Seat 5: MauriFierro27 ($112.79 in chips) 
Seat 6: rizinhooo ($153.04 in chips) 
tukeiron: posts small blind $0.50
Rysiff: posts big blind $1
*** HOLE CARDS ***
Manifestorr: raises $1.20 to $2.20
MauriFierro27: folds 
rizinhooo: folds 
avlee1: folds 
tukeiron: folds 
rizinhooo leaves the table
G.HANSEN333 joins the table at seat #6 
Rysiff: calls $1.20
*** FLOP *** [4s Ah 5h]
Rysiff: checks 
Manifestorr: checks 
*** TURN *** [4s Ah 5h] [Qd]
Rysiff: bets $4
Manifestorr: calls $4
*** RIVER *** [4s Ah 5h Qd] [6h]
Rysiff: bets $9.81
Manifestorr: calls $9.81
*** SHOW DOWN ***
Rysiff: shows [Jc Ad] (a pair of Aces)
Manifestorr: shows [Ac Jh] (a pair of Aces)
Rysiff collected $15.45 from pot
Manifestorr collected $15.44 from pot
*** SUMMARY ***
Total pot $32.52 | Rake $1.63 
Board [4s Ah 5h Qd 6h]
Seat 1: avlee1 (button) folded before Flop (didn't bet)
Seat 2: tukeiron (small blind) folded before Flop
Seat 3: Rysiff (big blind) showed [Jc Ad] and won ($15.45) with a pair of Aces
Seat 4: Manifestorr showed [Ac Jh] and won ($15.44) with a pair of Aces
Seat 5: MauriFierro27 folded before Flop (didn't bet)
Seat 6: rizinhooo folded before Flop (didn't bet)



PokerStars Hand #254256858755:  Hold'em No Limit ($0.50/$1.00 USD) - 2025/01/08 3:43:24 WET [2025/01/07 22:43:24 ET]
Table 'Selinur II' 6-max Seat #2 is the button
Seat 4: Manifestorr ($120.38 in chips) is sitting out
Seat 5: MauriFierro27 ($112.79 in chips) is sitting out
Seat 1: avlee1 ($100 in chips) 
Seat 2: tukeiron ($127.96 in chips) 
Seat 3: Rysiff ($103.06 in chips) 
Seat 6: G.HANSEN333 ($100 in chips) 
Rysiff: posts small blind $0.50
Manifestorr: is sitting out 
MauriFierro27: is sitting out 
G.HANSEN333: posts big blind $1
*** HOLE CARDS ***
avlee1: folds 
MauriFierro27 leaves the table
Manifestorr leaves the table
tukeiron: folds 
Rysiff: folds 
Uncalled bet ($0.50) returned to G.HANSEN333
G.HANSEN333 collected $1 from pot
G.HANSEN333: doesn't show hand 
*** SUMMARY ***
Total pot $1 | Rake $0 
Seat 4: Manifestorr
Seat 5: MauriFierro27
Seat 1: avlee1 folded before Flop (didn't bet)
Seat 2: tukeiron (button) folded before Flop (didn't bet)
Seat 3: Rysiff (small blind) folded before Flop
Seat 6: G.HANSEN333 (big blind) collected ($1)



PokerStars Hand #254256860332:  Hold'em No Limit ($0.50/$1.00 USD) - 2025/01/08 3:43:37 WET [2025/01/07 22:43:37 ET]
Table 'Selinur II' 6-max Seat #3 is the button
Seat 1: avlee1 ($100 in chips) 
Seat 2: tukeiron ($127.96 in chips) 
Seat 3: Rysiff ($102.56 in chips) 
Seat 6: G.HANSEN333 ($100.50 in chips) 
G.HANSEN333: posts small blind $0.50
avlee1: posts big blind $1
*** HOLE CARDS ***
tukeiron: folds 
joaquin612 joins the table at seat #5 
Rysiff: raises $1.50 to $2.50
G.HANSEN333: folds 
avlee1: folds 
Uncalled bet ($1.50) returned to Rysiff
Rysiff collected $2.50 from pot
Rysiff: doesn't show hand 
*** SUMMARY ***
Total pot $2.50 | Rake $0 
Seat 1: avlee1 (big blind) folded before Flop
Seat 2: tukeiron folded before Flop (didn't bet)
Seat 3: Rysiff (button) collected ($2.50)
Seat 6: G.HANSEN333 (small blind) folded before Flop



PokerStars Hand #254256863621:  Hold'em No Limit ($0.50/$1.00 USD) - 2025/01/08 3:44:05 WET [2025/01/07 22:44:05 ET]
Table 'Selinur II' 6-max Seat #6 is the button
Seat 5: joaquin612 ($100 in chips) is sitting out
Seat 1: avlee1 ($100 in chips) 
Seat 2: tukeiron ($127.96 in chips) 
Seat 3: Rysiff ($104.06 in chips) 
Seat 6: G.HANSEN333 ($100 in chips) 
avlee1: posts small blind $0.50
tukeiron: posts big blind $1
joaquin612: sits out 
*** HOLE CARDS ***
Rysiff: folds 
G.HANSEN333: raises $1.50 to $2.50
Rysiff leaves the table
avlee1: folds 
tukeiron: raises $10.50 to $13
G.HANSEN333: calls $10.50
*** FLOP *** [8h 4h 9c]
tukeiron: checks 
G.HANSEN333: checks 
*** TURN *** [8h 4h 9c] [6s]
tukeiron: checks 
G.HANSEN333: bets $15.50
tukeiron: folds 
Uncalled bet ($15.50) returned to G.HANSEN333
G.HANSEN333 collected $25.50 from pot
G.HANSEN333: doesn't show hand 
Gmspades7 joins the table at seat #3 
*** SUMMARY ***
Total pot $26.50 | Rake $1 
Board [8h 4h 9c 6s]
Seat 5: joaquin612
Seat 1: avlee1 (small blind) folded before Flop
Seat 2: tukeiron (big blind) folded on the Turn
Seat 3: Rysiff folded before Flop (didn't bet)
Seat 6: G.HANSEN333 (button) collected ($25.50)



PokerStars Hand #254256873854:  Hold'em No Limit ($0.50/$1.00 USD) - 2025/01/08 3:45:42 WET [2025/01/07 22:45:42 ET]
Table 'Selinur II' 6-max Seat #1 is the button
Seat 5: joaquin612 ($100 in chips) is sitting out
Seat 1: avlee1 ($100 in chips) 
Seat 2: tukeiron ($114.96 in chips) 
Seat 3: Gmspades7 ($100 in chips) 
Seat 6: G.HANSEN333 ($112.50 in chips) 
tukeiron: posts small blind $0.50
Gmspades7 is connected 
Gmspades7: posts big blind $1
joaquin612: sits out 
*** HOLE CARDS ***
G.HANSEN333: folds 
avlee1: folds 
tukeiron: raises $2 to $3
Gmspades7: folds 
Uncalled bet ($2) returned to tukeiron
tukeiron collected $2 from pot
*** SUMMARY ***
Total pot $2 | Rake $0 
Seat 5: joaquin612
Seat 1: avlee1 (button) folded before Flop (didn't bet)
Seat 2: tukeiron (small blind) collected ($2)
Seat 3: Gmspades7 (big blind) folded before Flop
Seat 6: G.HANSEN333 folded before Flop (didn't bet)



PokerStars Hand #254256876131:  Hold'em No Limit ($0.50/$1.00 USD) - 2025/01/08 3:46:00 WET [2025/01/07 22:46:00 ET]
Table 'Selinur II' 6-max Seat #2 is the button
Seat 1: avlee1 ($100 in chips) 
Seat 2: tukeiron ($115.96 in chips) 
Seat 3: Gmspades7 ($100 in chips) 
Seat 5: joaquin612 ($100 in chips) 
Seat 6: G.HANSEN333 ($112.50 in chips) 
Gmspades7: posts small blind $0.50
joaquin612: posts big blind $1
*** HOLE CARDS ***
G.HANSEN333: folds 
avlee1: folds 
tukeiron: raises $1.50 to $2.50
Gmspades7: folds 
joaquin612: folds 
Uncalled bet ($1.50) returned to tukeiron
tukeiron collected $2.50 from pot
*** SUMMARY ***
Total pot $2.50 | Rake $0 
Seat 1: avlee1 folded before Flop (didn't bet)
Seat 2: tukeiron (button) collected ($2.50)
Seat 3: Gmspades7 (small blind) folded before Flop
Seat 5: joaquin612 (big blind) folded before Flop
Seat 6: G.HANSEN333 folded before Flop (didn't bet)



PokerStars Hand #254256878115:  Hold'em No Limit ($0.50/$1.00 USD) - 2025/01/08 3:46:16 WET [2025/01/07 22:46:16 ET]
Table 'Selinur II' 6-max Seat #3 is the button
Seat 1: avlee1 ($100 in chips) 
Seat 2: tukeiron ($117.46 in chips) 
Seat 3: Gmspades7 ($100 in chips) 
Seat 5: joaquin612 ($100 in chips) 
Seat 6: G.HANSEN333 ($112.50 in chips) 
joaquin612: posts small blind $0.50
G.HANSEN333: posts big blind $1
*** HOLE CARDS ***
avlee1: folds 
tukeiron: raises $1.50 to $2.50
Gmspades7: folds 
MaRKiToScoK joins the table at seat #4 
joaquin612: folds 
G.HANSEN333: folds 
Uncalled bet ($1.50) returned to tukeiron
tukeiron collected $2.50 from pot
*** SUMMARY ***
Total pot $2.50 | Rake $0 
Seat 1: avlee1 folded before Flop (didn't bet)
Seat 2: tukeiron collected ($2.50)
Seat 3: Gmspades7 (button) folded before Flop (didn't bet)
Seat 5: joaquin612 (small blind) folded before Flop
Seat 6: G.HANSEN333 (big blind) folded before Flop



PokerStars Hand #254256880296:  Hold'em No Limit ($0.50/$1.00 USD) - 2025/01/08 3:46:34 WET [2025/01/07 22:46:34 ET]
Table 'Selinur II' 6-max Seat #5 is the button
Seat 1: avlee1 ($100 in chips) is sitting out
Seat 4: MaRKiToScoK ($100 in chips) is sitting out
Seat 2: tukeiron ($118.96 in chips) 
Seat 3: Gmspades7 ($100 in chips) 
Seat 5: joaquin612 ($100 in chips) 
Seat 6: G.HANSEN333 ($111.50 in chips) 
G.HANSEN333: posts small blind $0.50
avlee1: is sitting out 
tukeiron: posts big blind $1
MaRKiToScoK: sits out 
*** HOLE CARDS ***
Gmspades7: raises $1.50 to $2.50
joaquin612: folds 
G.HANSEN333: folds 
avlee1 leaves the table
tukeiron: folds 
Uncalled bet ($1.50) returned to Gmspades7
MaRKiToScoK leaves the table
Gmspades7 collected $2.50 from pot
Gmspades7: doesn't show hand 
*** SUMMARY ***
Total pot $2.50 | Rake $0 
Seat 1: avlee1
Seat 4: MaRKiToScoK
Seat 2: tukeiron (big blind) folded before Flop
Seat 3: Gmspades7 collected ($2.50)
Seat 5: joaquin612 (button) folded before Flop (didn't bet)
Seat 6: G.HANSEN333 (small blind) folded before Flop



PokerStars Hand #254256882705:  Hold'em No Limit ($0.50/$1.00 USD) - 2025/01/08 3:46:55 WET [2025/01/07 22:46:55 ET]
Table 'Selinur II' 6-max Seat #6 is the button
Seat 2: tukeiron ($117.96 in chips) 
Seat 3: Gmspades7 ($101.50 in chips) 
Seat 5: joaquin612 ($100 in chips) 
Seat 6: G.HANSEN333 ($111 in chips) 
tukeiron: posts small blind $0.50
Gmspades7: posts big blind $1
*** HOLE CARDS ***
joaquin612: folds 
G.HANSEN333: folds 
tukeiron: raises $2 to $3
Gmspades7: calls $2
*** FLOP *** [Jh Jd 3c]
tukeiron: bets $1.88
Gmspades7: raises $4.12 to $6
tukeiron: calls $4.12
*** TURN *** [Jh Jd 3c] [3s]
tukeiron: checks 
joaquin612 leaves the table
Gmspades7: checks 
*** RIVER *** [Jh Jd 3c 3s] [5c]
tukeiron: bets $5.64
Gmspades7: folds 
Uncalled bet ($5.64) returned to tukeiron
tukeiron collected $17.10 from pot
*** SUMMARY ***
Total pot $18 | Rake $0.90 
Board [Jh Jd 3c 3s 5c]
Seat 2: tukeiron (small blind) collected ($17.10)
Seat 3: Gmspades7 (big blind) folded on the River
Seat 5: joaquin612 folded before Flop (didn't bet)
Seat 6: G.HANSEN333 (button) folded before Flop (didn't bet)



PokerStars Hand #254256891273:  Hold'em No Limit ($0.50/$1.00 USD) - 2025/01/08 3:48:06 WET [2025/01/07 22:48:06 ET]
Table 'Selinur II' 6-max Seat #2 is the button
Seat 2: tukeiron ($126.06 in chips) 
Seat 3: Gmspades7 ($100 in chips) 
Seat 6: G.HANSEN333 ($111 in chips) 
Gmspades7: posts small blind $0.50
G.HANSEN333: posts big blind $1
*** HOLE CARDS ***
tukeiron: raises $1.50 to $2.50
Gmspades7: folds 
G.HANSEN333: folds 
Uncalled bet ($1.50) returned to tukeiron
tukeiron collected $2.50 from pot
*** SUMMARY ***
Total pot $2.50 | Rake $0 
Seat 2: tukeiron (button) collected ($2.50)
Seat 3: Gmspades7 (small blind) folded before Flop
Seat 6: G.HANSEN333 (big blind) folded before Flop



PokerStars Hand #254256892693:  Hold'em No Limit ($0.50/$1.00 USD) - 2025/01/08 3:48:18 WET [2025/01/07 22:48:18 ET]
Table 'Selinur II' 6-max Seat #3 is the button
Seat 2: tukeiron ($127.56 in chips) 
Seat 3: Gmspades7 ($100 in chips) 
Seat 6: G.HANSEN333 ($110 in chips) 
G.HANSEN333: posts small blind $0.50
tukeiron: posts big blind $1
*** HOLE CARDS ***
Gmspades7: folds 
G.HANSEN333: folds 
Uncalled bet ($0.50) returned to tukeiron
tukeiron collected $1 from pot
*** SUMMARY ***
Total pot $1 | Rake $0 
Seat 2: tukeiron (big blind) collected ($1)
Seat 3: Gmspades7 (button) folded before Flop (didn't bet)
Seat 6: G.HANSEN333 (small blind) folded before Flop



PokerStars Hand #254256893730:  Hold'em No Limit ($0.50/$1.00 USD) - 2025/01/08 3:48:27 WET [2025/01/07 22:48:27 ET]
Table 'Selinur II' 6-max Seat #2 is the button
Seat 3: Gmspades7 ($100 in chips) is sitting out
Seat 2: tukeiron ($128.06 in chips) 
Seat 6: G.HANSEN333 ($109.50 in chips) 
tukeiron: posts small blind $0.50
Gmspades7: is sitting out 
G.HANSEN333: posts big blind $1
*** HOLE CARDS ***
tukeiron: folds 
Uncalled bet ($0.50) returned to G.HANSEN333
G.HANSEN333 collected $1 from pot
G.HANSEN333: doesn't show hand 
Gmspades7 leaves the table
*** SUMMARY ***
Total pot $1 | Rake $0 
Seat 3: Gmspades7
Seat 2: tukeiron (button) (small blind) folded before Flop
Seat 6: G.HANSEN333 (big blind) collected ($1)



PokerStars Hand #254256894517:  Hold'em No Limit ($0.50/$1.00 USD) - 2025/01/08 3:48:33 WET [2025/01/07 22:48:33 ET]
Table 'Selinur II' 6-max Seat #6 is the button
Seat 2: tukeiron ($127.56 in chips) 
Seat 6: G.HANSEN333 ($110 in chips) 
G.HANSEN333: posts small blind $0.50
tukeiron: posts big blind $1
*** HOLE CARDS ***
G.HANSEN333: raises $2 to $3
tukeiron: calls $2
*** FLOP *** [5h Qh 6d]
tukeiron: checks 
G.HANSEN333: bets $3.71
tukeiron: calls $3.71
*** TURN *** [5h Qh 6d] [8c]
tukeiron: checks 
G.HANSEN333: bets $19.13
tukeiron: folds 
Uncalled bet ($19.13) returned to G.HANSEN333
G.HANSEN333 collected $12.75 from pot
G.HANSEN333: doesn't show hand 
tukeiron leaves the table
*** SUMMARY ***
Total pot $13.42 | Rake $0.67 
Board [5h Qh 6d 8c]
Seat 2: tukeiron (big blind) folded on the Turn
Seat 6: G.HANSEN333 (button) (small blind) collected ($12.75)



