PokerStars Hand #254264997658:  Hold'em No Limit ($0.50/$1.00 USD) - 2025/01/08 18:33:22 WET [2025/01/08 13:33:22 ET]
Table 'Valeska III' 6-max Seat #1 is the button
Seat 1: ImaPeppaPig ($100 in chips) 
Seat 3: MAO_DZEDYN_S ($100 in chips) 
Seat 5: 1.0OO.0OO$ ($100 in chips) 
MAO_DZEDYN_S: posts small blind $0.50
1.0OO.0OO$: posts big blind $1
*** HOLE CARDS ***
ImaPeppaPig: folds 
MAO_DZEDYN_S: folds 
Uncalled bet ($0.50) returned to 1.0OO.0OO$
1.0OO.0OO$ collected $1 from pot
1.0OO.0OO$: doesn't show hand 
*** SUMMARY ***
Total pot $1 | Rake $0 
Seat 1: ImaPeppaPig (button) folded before Flop (didn't bet)
Seat 3: MAO_DZEDYN_S (small blind) folded before Flop
Seat 5: 1.0OO.0OO$ (big blind) collected ($1)



PokerStars Hand #254264999492:  Hold'em No Limit ($0.50/$1.00 USD) - 2025/01/08 18:33:29 WET [2025/01/08 13:33:29 ET]
Table 'Valeska III' 6-max Seat #3 is the button
Seat 1: ImaPeppaPig ($100 in chips) 
Seat 3: MAO_DZEDYN_S ($100 in chips) 
Seat 5: 1.0OO.0OO$ ($100.50 in chips) 
1.0OO.0OO$: posts small blind $0.50
ImaPeppaPig: posts big blind $1
*** HOLE CARDS ***
MAO_DZEDYN_S: raises $1.50 to $2.50
1.0OO.0OO$: folds 
ImaPeppaPig: raises $10.50 to $13
MAO_DZEDYN_S: folds 
Uncalled bet ($10.50) returned to ImaPeppaPig
ImaPeppaPig collected $5.50 from pot
ImaPeppaPig: doesn't show hand 
*** SUMMARY ***
Total pot $5.50 | Rake $0 
Seat 1: ImaPeppaPig (big blind) collected ($5.50)
Seat 3: MAO_DZEDYN_S (button) folded before Flop
Seat 5: 1.0OO.0OO$ (small blind) folded before Flop



PokerStars Hand #254265007129:  Hold'em No Limit ($0.50/$1.00 USD) - 2025/01/08 18:33:53 WET [2025/01/08 13:33:53 ET]
Table 'Valeska III' 6-max Seat #5 is the button
Seat 1: ImaPeppaPig ($103 in chips) 
Seat 3: MAO_DZEDYN_S ($100 in chips) 
Seat 5: 1.0OO.0OO$ ($100 in chips) 
ImaPeppaPig: posts small blind $0.50
MAO_DZEDYN_S: posts big blind $1
*** HOLE CARDS ***
1.0OO.0OO$: raises $1.50 to $2.50
ImaPeppaPig: folds 
MAO_DZEDYN_S: folds 
Uncalled bet ($1.50) returned to 1.0OO.0OO$
1.0OO.0OO$ collected $2.50 from pot
1.0OO.0OO$: doesn't show hand 
*** SUMMARY ***
Total pot $2.50 | Rake $0 
Seat 1: ImaPeppaPig (small blind) folded before Flop
Seat 3: MAO_DZEDYN_S (big blind) folded before Flop
Seat 5: 1.0OO.0OO$ (button) collected ($2.50)



PokerStars Hand #254265010373:  Hold'em No Limit ($0.50/$1.00 USD) - 2025/01/08 18:34:04 WET [2025/01/08 13:34:04 ET]
Table 'Valeska III' 6-max Seat #1 is the button
Seat 1: ImaPeppaPig ($102.50 in chips) 
Seat 3: MAO_DZEDYN_S ($100 in chips) 
Seat 5: 1.0OO.0OO$ ($101.50 in chips) 
MAO_DZEDYN_S: posts small blind $0.50
1.0OO.0OO$: posts big blind $1
*** HOLE CARDS ***
ImaPeppaPig: raises $1 to $2
MAO_DZEDYN_S: folds 
1.0OO.0OO$: folds 
Uncalled bet ($1) returned to ImaPeppaPig
ImaPeppaPig collected $2.50 from pot
ImaPeppaPig: doesn't show hand 
*** SUMMARY ***
Total pot $2.50 | Rake $0 
Seat 1: ImaPeppaPig (button) collected ($2.50)
Seat 3: MAO_DZEDYN_S (small blind) folded before Flop
Seat 5: 1.0OO.0OO$ (big blind) folded before Flop



PokerStars Hand #254265017009:  Hold'em No Limit ($0.50/$1.00 USD) - 2025/01/08 18:34:25 WET [2025/01/08 13:34:25 ET]
Table 'Valeska III' 6-max Seat #3 is the button
Seat 1: ImaPeppaPig ($104 in chips) 
Seat 3: MAO_DZEDYN_S ($100 in chips) 
Seat 5: 1.0OO.0OO$ ($100.50 in chips) 
1.0OO.0OO$: posts small blind $0.50
ImaPeppaPig: posts big blind $1
*** HOLE CARDS ***
MAO_DZEDYN_S: folds 
1.0OO.0OO$: folds 
Uncalled bet ($0.50) returned to ImaPeppaPig
ImaPeppaPig collected $1 from pot
ImaPeppaPig: doesn't show hand 
*** SUMMARY ***
Total pot $1 | Rake $0 
Seat 1: ImaPeppaPig (big blind) collected ($1)
Seat 3: MAO_DZEDYN_S (button) folded before Flop (didn't bet)
Seat 5: 1.0OO.0OO$ (small blind) folded before Flop



PokerStars Hand #254265022384:  Hold'em No Limit ($0.50/$1.00 USD) - 2025/01/08 18:34:42 WET [2025/01/08 13:34:42 ET]
Table 'Valeska III' 6-max Seat #5 is the button
Seat 1: ImaPeppaPig ($104.50 in chips) 
Seat 3: MAO_DZEDYN_S ($100 in chips) 
Seat 5: 1.0OO.0OO$ ($100 in chips) 
ImaPeppaPig: posts small blind $0.50
MAO_DZEDYN_S: posts big blind $1
*** HOLE CARDS ***
1.0OO.0OO$: folds 
ImaPeppaPig: folds 
Uncalled bet ($0.50) returned to MAO_DZEDYN_S
MAO_DZEDYN_S collected $1 from pot
MAO_DZEDYN_S: doesn't show hand 
*** SUMMARY ***
Total pot $1 | Rake $0 
Seat 1: ImaPeppaPig (small blind) folded before Flop
Seat 3: MAO_DZEDYN_S (big blind) collected ($1)
Seat 5: 1.0OO.0OO$ (button) folded before Flop (didn't bet)



PokerStars Hand #254265024758:  Hold'em No Limit ($0.50/$1.00 USD) - 2025/01/08 18:34:50 WET [2025/01/08 13:34:50 ET]
Table 'Valeska III' 6-max Seat #1 is the button
Seat 1: ImaPeppaPig ($104 in chips) 
Seat 3: MAO_DZEDYN_S ($100.50 in chips) 
Seat 5: 1.0OO.0OO$ ($100 in chips) 
MAO_DZEDYN_S: posts small blind $0.50
1.0OO.0OO$: posts big blind $1
*** HOLE CARDS ***
ImaPeppaPig: raises $1.50 to $2.50
MAO_DZEDYN_S: folds 
1.0OO.0OO$: folds 
Uncalled bet ($1.50) returned to ImaPeppaPig
ImaPeppaPig collected $2.50 from pot
ImaPeppaPig: doesn't show hand 
*** SUMMARY ***
Total pot $2.50 | Rake $0 
Seat 1: ImaPeppaPig (button) collected ($2.50)
Seat 3: MAO_DZEDYN_S (small blind) folded before Flop
Seat 5: 1.0OO.0OO$ (big blind) folded before Flop



PokerStars Hand #254265030976:  Hold'em No Limit ($0.50/$1.00 USD) - 2025/01/08 18:35:10 WET [2025/01/08 13:35:10 ET]
Table 'Valeska III' 6-max Seat #3 is the button
Seat 1: ImaPeppaPig ($105.50 in chips) 
Seat 3: MAO_DZEDYN_S ($100 in chips) 
Seat 5: 1.0OO.0OO$ ($100 in chips) 
1.0OO.0OO$: posts small blind $0.50
ImaPeppaPig: posts big blind $1
*** HOLE CARDS ***
MAO_DZEDYN_S has timed out
MAO_DZEDYN_S: folds 
MAO_DZEDYN_S leaves the table
1.0OO.0OO$: folds 
Uncalled bet ($0.50) returned to ImaPeppaPig
joner74 joins the table at seat #3 
ImaPeppaPig collected $1 from pot
*** SUMMARY ***
Total pot $1 | Rake $0 
Seat 1: ImaPeppaPig (big blind) collected ($1)
Seat 3: MAO_DZEDYN_S (button) folded before Flop (didn't bet)
Seat 5: 1.0OO.0OO$ (small blind) folded before Flop



PokerStars Hand #254265048510:  Hold'em No Limit ($0.50/$1.00 USD) - 2025/01/08 18:36:06 WET [2025/01/08 13:36:06 ET]
Table 'Valeska III' 6-max Seat #5 is the button
Seat 1: ImaPeppaPig ($106 in chips) 
Seat 3: joner74 ($100 in chips) 
Seat 5: 1.0OO.0OO$ ($100 in chips) 
ImaPeppaPig: posts small blind $0.50
joner74: posts big blind $1
*** HOLE CARDS ***
PhoenixAssassin joins the table at seat #4 
1.0OO.0OO$ has timed out
1.0OO.0OO$: folds 
ImaPeppaPig: raises $2 to $3
joner74: calls $2
*** FLOP *** [Tc Kc 8s]
ImaPeppaPig: checks 
joner74: bets $2.85
ImaPeppaPig: folds 
Uncalled bet ($2.85) returned to joner74
joner74 collected $5.70 from pot
joner74: doesn't show hand 
*** SUMMARY ***
Total pot $6 | Rake $0.30 
Board [Tc Kc 8s]
Seat 1: ImaPeppaPig (small blind) folded on the Flop
Seat 3: joner74 (big blind) collected ($5.70)
Seat 5: 1.0OO.0OO$ (button) folded before Flop (didn't bet)



PokerStars Hand #254265059828:  Hold'em No Limit ($0.50/$1.00 USD) - 2025/01/08 18:36:43 WET [2025/01/08 13:36:43 ET]
Table 'Valeska III' 6-max Seat #1 is the button
Seat 1: ImaPeppaPig ($103 in chips) 
Seat 3: joner74 ($102.70 in chips) 
Seat 4: PhoenixAssassin ($100 in chips) 
Seat 5: 1.0OO.0OO$ ($100 in chips) 
joner74: posts small blind $0.50
PhoenixAssassin: posts big blind $1
*** HOLE CARDS ***
1.0OO.0OO$: folds 
ImaPeppaPig: raises $1.50 to $2.50
joner74: calls $2
PhoenixAssassin: folds 
*** FLOP *** [4d 9c Ks]
joner74: checks 
ImaPeppaPig: bets $1.77
joner74: calls $1.77
*** TURN *** [4d 9c Ks] [2s]
joner74: checks 
ImaPeppaPig: checks 
*** RIVER *** [4d 9c Ks 2s] [Ts]
joner74: checks 
ImaPeppaPig: checks 
*** SHOW DOWN ***
joner74: shows [5h 5s] (a pair of Fives)
ImaPeppaPig: shows [Qc Qs] (a pair of Queens)
ImaPeppaPig collected $9.06 from pot
*** SUMMARY ***
Total pot $9.54 | Rake $0.48 
Board [4d 9c Ks 2s Ts]
Seat 1: ImaPeppaPig (button) showed [Qc Qs] and won ($9.06) with a pair of Queens
Seat 3: joner74 (small blind) showed [5h 5s] and lost with a pair of Fives
Seat 4: PhoenixAssassin (big blind) folded before Flop
Seat 5: 1.0OO.0OO$ folded before Flop (didn't bet)



PokerStars Hand #254265071203:  Hold'em No Limit ($0.50/$1.00 USD) - 2025/01/08 18:37:19 WET [2025/01/08 13:37:19 ET]
Table 'Valeska III' 6-max Seat #3 is the button
Seat 5: 1.0OO.0OO$ ($100 in chips) is sitting out
Seat 1: ImaPeppaPig ($107.79 in chips) 
Seat 3: joner74 ($100 in chips) 
Seat 4: PhoenixAssassin ($100 in chips) 
PhoenixAssassin: posts small blind $0.50
1.0OO.0OO$: is sitting out 
ImaPeppaPig: posts big blind $1
*** HOLE CARDS ***
joner74: folds 
PhoenixAssassin: raises $2 to $3
1.0OO.0OO$ leaves the table
ImaPeppaPig: folds 
Uncalled bet ($2) returned to PhoenixAssassin
PhoenixAssassin collected $2 from pot
PhoenixAssassin: doesn't show hand 
*** SUMMARY ***
Total pot $2 | Rake $0 
Seat 5: 1.0OO.0OO$
Seat 1: ImaPeppaPig (big blind) folded before Flop
Seat 3: joner74 (button) folded before Flop (didn't bet)
Seat 4: PhoenixAssassin (small blind) collected ($2)



PokerStars Hand #254265075310:  Hold'em No Limit ($0.50/$1.00 USD) - 2025/01/08 18:37:33 WET [2025/01/08 13:37:33 ET]
Table 'Valeska III' 6-max Seat #4 is the button
Seat 1: ImaPeppaPig ($106.79 in chips) 
Seat 3: joner74 ($100 in chips) 
Seat 4: PhoenixAssassin ($101 in chips) 
ImaPeppaPig: posts small blind $0.50
joner74: posts big blind $1
*** HOLE CARDS ***
PhoenixAssassin: folds 
ImaPeppaPig: folds 
Uncalled bet ($0.50) returned to joner74
joner74 collected $1 from pot
joner74: doesn't show hand 
*** SUMMARY ***
Total pot $1 | Rake $0 
Seat 1: ImaPeppaPig (small blind) folded before Flop
Seat 3: joner74 (big blind) collected ($1)
Seat 4: PhoenixAssassin (button) folded before Flop (didn't bet)



PokerStars Hand #254265077878:  Hold'em No Limit ($0.50/$1.00 USD) - 2025/01/08 18:37:41 WET [2025/01/08 13:37:41 ET]
Table 'Valeska III' 6-max Seat #1 is the button
Seat 1: ImaPeppaPig ($106.29 in chips) 
Seat 3: joner74 ($100.50 in chips) 
Seat 4: PhoenixAssassin ($101 in chips) 
joner74: posts small blind $0.50
PhoenixAssassin: posts big blind $1
*** HOLE CARDS ***
ImaPeppaPig: folds 
joner74: folds 
Uncalled bet ($0.50) returned to PhoenixAssassin
PhoenixAssassin collected $1 from pot
PhoenixAssassin: doesn't show hand 
*** SUMMARY ***
Total pot $1 | Rake $0 
Seat 1: ImaPeppaPig (button) folded before Flop (didn't bet)
Seat 3: joner74 (small blind) folded before Flop
Seat 4: PhoenixAssassin (big blind) collected ($1)



PokerStars Hand #254265079865:  Hold'em No Limit ($0.50/$1.00 USD) - 2025/01/08 18:37:47 WET [2025/01/08 13:37:47 ET]
Table 'Valeska III' 6-max Seat #3 is the button
Seat 1: ImaPeppaPig ($106.29 in chips) 
Seat 3: joner74 ($100 in chips) 
Seat 4: PhoenixAssassin ($101.50 in chips) 
PhoenixAssassin: posts small blind $0.50
ImaPeppaPig: posts big blind $1
*** HOLE CARDS ***
joner74: raises $1.33 to $2.33
PhoenixAssassin: folds 
ImaPeppaPig: folds 
Uncalled bet ($1.33) returned to joner74
joner74 collected $2.50 from pot
joner74: doesn't show hand 
*** SUMMARY ***
Total pot $2.50 | Rake $0 
Seat 1: ImaPeppaPig (big blind) folded before Flop
Seat 3: joner74 (button) collected ($2.50)
Seat 4: PhoenixAssassin (small blind) folded before Flop



PokerStars Hand #254265083276:  Hold'em No Limit ($0.50/$1.00 USD) - 2025/01/08 18:37:58 WET [2025/01/08 13:37:58 ET]
Table 'Valeska III' 6-max Seat #4 is the button
Seat 1: ImaPeppaPig ($105.29 in chips) 
Seat 3: joner74 ($101.50 in chips) 
Seat 4: PhoenixAssassin ($101 in chips) 
ImaPeppaPig: posts small blind $0.50
joner74: posts big blind $1
*** HOLE CARDS ***
PhoenixAssassin: raises $1.50 to $2.50
ImaPeppaPig: folds 
joner74: raises $6.50 to $9
PhoenixAssassin: folds 
Uncalled bet ($6.50) returned to joner74
joner74 collected $5.50 from pot
joner74: doesn't show hand 
*** SUMMARY ***
Total pot $5.50 | Rake $0 
Seat 1: ImaPeppaPig (small blind) folded before Flop
Seat 3: joner74 (big blind) collected ($5.50)
Seat 4: PhoenixAssassin (button) folded before Flop



PokerStars Hand #254265088073:  Hold'em No Limit ($0.50/$1.00 USD) - 2025/01/08 18:38:13 WET [2025/01/08 13:38:13 ET]
Table 'Valeska III' 6-max Seat #1 is the button
Seat 1: ImaPeppaPig ($104.79 in chips) 
Seat 3: joner74 ($104.50 in chips) 
Seat 4: PhoenixAssassin ($100 in chips) 
joner74: posts small blind $0.50
PhoenixAssassin: posts big blind $1
*** HOLE CARDS ***
ImaPeppaPig: folds 
joner74: raises $1.50 to $2.50
PhoenixAssassin: calls $1.50
*** FLOP *** [3c Kc 5c]
joner74: bets $1.44
PhoenixAssassin: calls $1.44
*** TURN *** [3c Kc 5c] [7d]
joner74: bets $4.55
PhoenixAssassin: folds 
Uncalled bet ($4.55) returned to joner74
joner74 collected $7.49 from pot
joner74: doesn't show hand 
*** SUMMARY ***
Total pot $7.88 | Rake $0.39 
Board [3c Kc 5c 7d]
Seat 1: ImaPeppaPig (button) folded before Flop (didn't bet)
Seat 3: joner74 (small blind) collected ($7.49)
Seat 4: PhoenixAssassin (big blind) folded on the Turn



PokerStars Hand #254265098267:  Hold'em No Limit ($0.50/$1.00 USD) - 2025/01/08 18:38:46 WET [2025/01/08 13:38:46 ET]
Table 'Valeska III' 6-max Seat #3 is the button
Seat 1: ImaPeppaPig ($104.79 in chips) 
Seat 3: joner74 ($108.05 in chips) 
Seat 4: PhoenixAssassin ($100 in chips) 
PhoenixAssassin: posts small blind $0.50
ImaPeppaPig: posts big blind $1
*** HOLE CARDS ***
joner74: folds 
PhoenixAssassin: folds 
Uncalled bet ($0.50) returned to ImaPeppaPig
ImaPeppaPig collected $1 from pot
ImaPeppaPig: doesn't show hand 
*** SUMMARY ***
Total pot $1 | Rake $0 
Seat 1: ImaPeppaPig (big blind) collected ($1)
Seat 3: joner74 (button) folded before Flop (didn't bet)
Seat 4: PhoenixAssassin (small blind) folded before Flop



PokerStars Hand #254265100391:  Hold'em No Limit ($0.50/$1.00 USD) - 2025/01/08 18:38:53 WET [2025/01/08 13:38:53 ET]
Table 'Valeska III' 6-max Seat #4 is the button
Seat 1: ImaPeppaPig ($105.29 in chips) 
Seat 3: joner74 ($108.05 in chips) 
Seat 4: PhoenixAssassin ($100 in chips) 
ImaPeppaPig: posts small blind $0.50
joner74: posts big blind $1
*** HOLE CARDS ***
PhoenixAssassin: folds 
ImaPeppaPig: folds 
Uncalled bet ($0.50) returned to joner74
joner74 collected $1 from pot
joner74: doesn't show hand 
*** SUMMARY ***
Total pot $1 | Rake $0 
Seat 1: ImaPeppaPig (small blind) folded before Flop
Seat 3: joner74 (big blind) collected ($1)
Seat 4: PhoenixAssassin (button) folded before Flop (didn't bet)



PokerStars Hand #254265103109:  Hold'em No Limit ($0.50/$1.00 USD) - 2025/01/08 18:39:01 WET [2025/01/08 13:39:01 ET]
Table 'Valeska III' 6-max Seat #1 is the button
Seat 1: ImaPeppaPig ($104.79 in chips) 
Seat 3: joner74 ($108.55 in chips) 
Seat 4: PhoenixAssassin ($100 in chips) 
joner74: posts small blind $0.50
PhoenixAssassin: posts big blind $1
*** HOLE CARDS ***
ImaPeppaPig: raises $1.50 to $2.50
joner74: folds 
PhoenixAssassin: folds 
Uncalled bet ($1.50) returned to ImaPeppaPig
ImaPeppaPig collected $2.50 from pot
ImaPeppaPig: doesn't show hand 
*** SUMMARY ***
Total pot $2.50 | Rake $0 
Seat 1: ImaPeppaPig (button) collected ($2.50)
Seat 3: joner74 (small blind) folded before Flop
Seat 4: PhoenixAssassin (big blind) folded before Flop



PokerStars Hand #254265105805:  Hold'em No Limit ($0.50/$1.00 USD) - 2025/01/08 18:39:10 WET [2025/01/08 13:39:10 ET]
Table 'Valeska III' 6-max Seat #3 is the button
Seat 1: ImaPeppaPig ($106.29 in chips) 
Seat 3: joner74 ($108.05 in chips) 
Seat 4: PhoenixAssassin ($100 in chips) 
PhoenixAssassin: posts small blind $0.50
ImaPeppaPig: posts big blind $1
*** HOLE CARDS ***
1.0OO.0OO$ joins the table at seat #6 
joner74: raises $1.50 to $2.50
PhoenixAssassin: folds 
ImaPeppaPig: folds 
Uncalled bet ($1.50) returned to joner74
joner74 collected $2.50 from pot
joner74: doesn't show hand 
*** SUMMARY ***
Total pot $2.50 | Rake $0 
Seat 1: ImaPeppaPig (big blind) folded before Flop
Seat 3: joner74 (button) collected ($2.50)
Seat 4: PhoenixAssassin (small blind) folded before Flop



PokerStars Hand #254265113049:  Hold'em No Limit ($0.50/$1.00 USD) - 2025/01/08 18:39:33 WET [2025/01/08 13:39:33 ET]
Table 'Valeska III' 6-max Seat #4 is the button
Seat 6: 1.0OO.0OO$ ($100 in chips) is sitting out
Seat 1: ImaPeppaPig ($105.29 in chips) 
Seat 3: joner74 ($109.55 in chips) 
Seat 4: PhoenixAssassin ($100 in chips) 
ImaPeppaPig: posts small blind $0.50
joner74: posts big blind $1
*** HOLE CARDS ***
PhoenixAssassin: raises $1.50 to $2.50
ImaPeppaPig: folds 
joner74: folds 
Uncalled bet ($1.50) returned to PhoenixAssassin
PhoenixAssassin collected $2.50 from pot
PhoenixAssassin: doesn't show hand 
*** SUMMARY ***
Total pot $2.50 | Rake $0 
Seat 6: 1.0OO.0OO$
Seat 1: ImaPeppaPig (small blind) folded before Flop
Seat 3: joner74 (big blind) folded before Flop
Seat 4: PhoenixAssassin (button) collected ($2.50)



PokerStars Hand #254265116877:  Hold'em No Limit ($0.50/$1.00 USD) - 2025/01/08 18:39:45 WET [2025/01/08 13:39:45 ET]
Table 'Valeska III' 6-max Seat #1 is the button
Seat 6: 1.0OO.0OO$ ($100 in chips) is sitting out
Seat 1: ImaPeppaPig ($104.79 in chips) 
Seat 3: joner74 ($108.55 in chips) 
Seat 4: PhoenixAssassin ($101.50 in chips) 
joner74: posts small blind $0.50
PhoenixAssassin: posts big blind $1
1.0OO.0OO$: sits out 
*** HOLE CARDS ***
ImaPeppaPig: folds 
joner74: raises $1.50 to $2.50
PhoenixAssassin: calls $1.50
*** FLOP *** [Kc 4c Kd]
joner74: bets $2.88
PhoenixAssassin: folds 
Uncalled bet ($2.88) returned to joner74
joner74 collected $4.75 from pot
joner74: doesn't show hand 
*** SUMMARY ***
Total pot $5 | Rake $0.25 
Board [Kc 4c Kd]
Seat 6: 1.0OO.0OO$
Seat 1: ImaPeppaPig (button) folded before Flop (didn't bet)
Seat 3: joner74 (small blind) collected ($4.75)
Seat 4: PhoenixAssassin (big blind) folded on the Flop



PokerStars Hand #254265123117:  Hold'em No Limit ($0.50/$1.00 USD) - 2025/01/08 18:40:05 WET [2025/01/08 13:40:05 ET]
Table 'Valeska III' 6-max Seat #3 is the button
Seat 1: ImaPeppaPig ($104.79 in chips) 
Seat 3: joner74 ($110.80 in chips) 
Seat 4: PhoenixAssassin ($100 in chips) 
Seat 6: 1.0OO.0OO$ ($100 in chips) 
PhoenixAssassin: posts small blind $0.50
1.0OO.0OO$: posts big blind $1
*** HOLE CARDS ***
Alpha$tunZ joins the table at seat #5 
EvilReality joins the table at seat #2 
ImaPeppaPig: folds 
joner74: folds 
PhoenixAssassin: raises $2 to $3
1.0OO.0OO$: folds 
Uncalled bet ($2) returned to PhoenixAssassin
PhoenixAssassin collected $2 from pot
PhoenixAssassin: doesn't show hand 
*** SUMMARY ***
Total pot $2 | Rake $0 
Seat 1: ImaPeppaPig folded before Flop (didn't bet)
Seat 3: joner74 (button) folded before Flop (didn't bet)
Seat 4: PhoenixAssassin (small blind) collected ($2)
Seat 6: 1.0OO.0OO$ (big blind) folded before Flop



PokerStars Hand #254265129123:  Hold'em No Limit ($0.50/$1.00 USD) - 2025/01/08 18:40:24 WET [2025/01/08 13:40:24 ET]
Table 'Valeska III' 6-max Seat #4 is the button
Seat 2: EvilReality ($100 in chips) is sitting out
Seat 5: Alpha$tunZ ($100 in chips) is sitting out
Seat 1: ImaPeppaPig ($104.79 in chips) 
Seat 3: joner74 ($110.80 in chips) 
Seat 4: PhoenixAssassin ($101 in chips) 
Seat 6: 1.0OO.0OO$ ($100 in chips) 
1.0OO.0OO$: posts small blind $0.50
ImaPeppaPig: posts big blind $1
EvilReality: sits out 
*** HOLE CARDS ***
joner74: folds 
PhoenixAssassin: raises $1.50 to $2.50
1.0OO.0OO$: folds 
ImaPeppaPig: folds 
Uncalled bet ($1.50) returned to PhoenixAssassin
PhoenixAssassin collected $2.50 from pot
PhoenixAssassin: doesn't show hand 
*** SUMMARY ***
Total pot $2.50 | Rake $0 
Seat 2: EvilReality
Seat 5: Alpha$tunZ
Seat 1: ImaPeppaPig (big blind) folded before Flop
Seat 3: joner74 folded before Flop (didn't bet)
Seat 4: PhoenixAssassin (button) collected ($2.50)
Seat 6: 1.0OO.0OO$ (small blind) folded before Flop



PokerStars Hand #254265136511:  Hold'em No Limit ($0.50/$1.00 USD) - 2025/01/08 18:40:48 WET [2025/01/08 13:40:48 ET]
Table 'Valeska III' 6-max Seat #6 is the button
Seat 5: Alpha$tunZ ($100 in chips) is sitting out
Seat 1: ImaPeppaPig ($103.79 in chips) 
Seat 2: EvilReality ($100 in chips) 
Seat 3: joner74 ($110.80 in chips) 
Seat 4: PhoenixAssassin ($102.50 in chips) 
Seat 6: 1.0OO.0OO$ ($100 in chips) 
ImaPeppaPig: posts small blind $0.50
EvilReality: posts big blind $1
Alpha$tunZ: sits out 
*** HOLE CARDS ***
joner74: raises $1.55 to $2.55
PhoenixAssassin: folds 
1.0OO.0OO$: folds 
ImaPeppaPig: folds 
EvilReality: calls $1.55
*** FLOP *** [8s Jh Kd]
EvilReality: checks 
joner74: bets $2.55
EvilReality: calls $2.55
*** TURN *** [8s Jh Kd] [7c]
EvilReality: checks 
joner74: checks 
*** RIVER *** [8s Jh Kd 7c] [7h]
EvilReality: bets $3.35
joner74: calls $3.35
*** SHOW DOWN ***
EvilReality: shows [Ah Jc] (two pair, Jacks and Sevens)
joner74: mucks hand 
EvilReality collected $16.53 from pot
*** SUMMARY ***
Total pot $17.40 | Rake $0.87 
Board [8s Jh Kd 7c 7h]
Seat 5: Alpha$tunZ
Seat 1: ImaPeppaPig (small blind) folded before Flop
Seat 2: EvilReality (big blind) showed [Ah Jc] and won ($16.53) with two pair, Jacks and Sevens
Seat 3: joner74 mucked
Seat 4: PhoenixAssassin folded before Flop (didn't bet)
Seat 6: 1.0OO.0OO$ (button) folded before Flop (didn't bet)



PokerStars Hand #254265151106:  Hold'em No Limit ($0.50/$1.00 USD) - 2025/01/08 18:41:35 WET [2025/01/08 13:41:35 ET]
Table 'Valeska III' 6-max Seat #1 is the button
Seat 5: Alpha$tunZ ($100 in chips) is sitting out
Seat 1: ImaPeppaPig ($103.29 in chips) 
Seat 2: EvilReality ($108.08 in chips) 
Seat 3: joner74 ($102.35 in chips) 
Seat 4: PhoenixAssassin ($102.50 in chips) 
Seat 6: 1.0OO.0OO$ ($100 in chips) 
EvilReality: posts small blind $0.50
joner74: posts big blind $1
Alpha$tunZ: sits out 
*** HOLE CARDS ***
PhoenixAssassin: folds 
1.0OO.0OO$: raises $1.50 to $2.50
ImaPeppaPig: folds 
EvilReality: raises $7.50 to $10
joner74: folds 
1.0OO.0OO$: folds 
Uncalled bet ($7.50) returned to EvilReality
EvilReality collected $6 from pot
EvilReality: doesn't show hand 
*** SUMMARY ***
Total pot $6 | Rake $0 
Seat 5: Alpha$tunZ
Seat 1: ImaPeppaPig (button) folded before Flop (didn't bet)
Seat 2: EvilReality (small blind) collected ($6)
Seat 3: joner74 (big blind) folded before Flop
Seat 4: PhoenixAssassin folded before Flop (didn't bet)
Seat 6: 1.0OO.0OO$ folded before Flop



PokerStars Hand #254265164381:  Hold'em No Limit ($0.50/$1.00 USD) - 2025/01/08 18:42:18 WET [2025/01/08 13:42:18 ET]
Table 'Valeska III' 6-max Seat #2 is the button
Seat 5: Alpha$tunZ ($100 in chips) is sitting out
Seat 1: ImaPeppaPig ($103.29 in chips) 
Seat 2: EvilReality ($111.58 in chips) 
Seat 3: joner74 ($101.35 in chips) 
Seat 4: PhoenixAssassin ($102.50 in chips) 
Seat 6: 1.0OO.0OO$ ($100 in chips) 
joner74: posts small blind $0.50
PhoenixAssassin: posts big blind $1
Alpha$tunZ: sits out 
*** HOLE CARDS ***
1.0OO.0OO$: folds 
ImaPeppaPig: raises $1.50 to $2.50
EvilReality: folds 
joner74: folds 
PhoenixAssassin: calls $1.50
*** FLOP *** [6d 9s 9c]
PhoenixAssassin: checks 
ImaPeppaPig: checks 
*** TURN *** [6d 9s 9c] [Qc]
PhoenixAssassin: checks 
ImaPeppaPig: bets $2
PhoenixAssassin: folds 
Uncalled bet ($2) returned to ImaPeppaPig
ImaPeppaPig collected $5.22 from pot
ImaPeppaPig: doesn't show hand 
*** SUMMARY ***
Total pot $5.50 | Rake $0.28 
Board [6d 9s 9c Qc]
Seat 5: Alpha$tunZ
Seat 1: ImaPeppaPig collected ($5.22)
Seat 2: EvilReality (button) folded before Flop (didn't bet)
Seat 3: joner74 (small blind) folded before Flop
Seat 4: PhoenixAssassin (big blind) folded on the Turn
Seat 6: 1.0OO.0OO$ folded before Flop (didn't bet)



PokerStars Hand #254265176409:  Hold'em No Limit ($0.50/$1.00 USD) - 2025/01/08 18:42:57 WET [2025/01/08 13:42:57 ET]
Table 'Valeska III' 6-max Seat #3 is the button
Seat 1: ImaPeppaPig ($106.01 in chips) 
Seat 2: EvilReality ($111.58 in chips) 
Seat 3: joner74 ($100.85 in chips) 
Seat 4: PhoenixAssassin ($100 in chips) 
Seat 5: Alpha$tunZ ($100 in chips) 
Seat 6: 1.0OO.0OO$ ($100 in chips) 
PhoenixAssassin: posts small blind $0.50
Alpha$tunZ: posts big blind $1
*** HOLE CARDS ***
1.0OO.0OO$: folds 
ImaPeppaPig: folds 
EvilReality: folds 
joner74: folds 
PhoenixAssassin: folds 
Uncalled bet ($0.50) returned to Alpha$tunZ
Alpha$tunZ collected $1 from pot
Alpha$tunZ: doesn't show hand 
*** SUMMARY ***
Total pot $1 | Rake $0 
Seat 1: ImaPeppaPig folded before Flop (didn't bet)
Seat 2: EvilReality folded before Flop (didn't bet)
Seat 3: joner74 (button) folded before Flop (didn't bet)
Seat 4: PhoenixAssassin (small blind) folded before Flop
Seat 5: Alpha$tunZ (big blind) collected ($1)
Seat 6: 1.0OO.0OO$ folded before Flop (didn't bet)



PokerStars Hand #254265183096:  Hold'em No Limit ($0.50/$1.00 USD) - 2025/01/08 18:43:19 WET [2025/01/08 13:43:19 ET]
Table 'Valeska III' 6-max Seat #4 is the button
Seat 6: 1.0OO.0OO$ ($100 in chips) is sitting out
Seat 1: ImaPeppaPig ($106.01 in chips) 
Seat 2: EvilReality ($111.58 in chips) 
Seat 3: joner74 ($100.85 in chips) 
Seat 4: PhoenixAssassin ($100 in chips) 
Seat 5: Alpha$tunZ ($100.50 in chips) 
Alpha$tunZ: posts small blind $0.50
1.0OO.0OO$: is sitting out 
ImaPeppaPig: posts big blind $1
*** HOLE CARDS ***
EvilReality: folds 
1.0OO.0OO$ leaves the table
joner74: raises $1.50 to $2.50
PhoenixAssassin: folds 
Alpha$tunZ: raises $9 to $11.50
ImaPeppaPig: folds 
joner74: calls $9
*** FLOP *** [As 8h 6d]
Alpha$tunZ: bets $6.84
joner74: calls $6.84
*** TURN *** [As 8h 6d] [2h]
Alpha$tunZ: checks 
joner74: checks 
*** RIVER *** [As 8h 6d 2h] [5h]
Alpha$tunZ: bets $17.90
joner74: folds 
Uncalled bet ($17.90) returned to Alpha$tunZ
Alpha$tunZ collected $35.80 from pot
Alpha$tunZ: doesn't show hand 
*** SUMMARY ***
Total pot $37.68 | Rake $1.88 
Board [As 8h 6d 2h 5h]
Seat 6: 1.0OO.0OO$
Seat 1: ImaPeppaPig (big blind) folded before Flop
Seat 2: EvilReality folded before Flop (didn't bet)
Seat 3: joner74 folded on the River
Seat 4: PhoenixAssassin (button) folded before Flop (didn't bet)
Seat 5: Alpha$tunZ (small blind) collected ($35.80)



PokerStars Hand #254265203807:  Hold'em No Limit ($0.50/$1.00 USD) - 2025/01/08 18:44:26 WET [2025/01/08 13:44:26 ET]
Table 'Valeska III' 6-max Seat #5 is the button
Seat 1: ImaPeppaPig ($105.01 in chips) 
Seat 2: EvilReality ($111.58 in chips) 
Seat 3: joner74 ($100 in chips) 
Seat 4: PhoenixAssassin ($100 in chips) 
Seat 5: Alpha$tunZ ($117.96 in chips) 
ImaPeppaPig: posts small blind $0.50
EvilReality: posts big blind $1
*** HOLE CARDS ***
joner74: raises $1.50 to $2.50
PhoenixAssassin: folds 
Alpha$tunZ: calls $2.50
ImaPeppaPig: folds 
EvilReality: folds 
*** FLOP *** [Jc 8h 6c]
joner74: bets $2.33
Alpha$tunZ: calls $2.33
*** TURN *** [Jc 8h 6c] [8c]
joner74: checks 
Alpha$tunZ: checks 
*** RIVER *** [Jc 8h 6c 8c] [Qh]
joner74: checks 
Alpha$tunZ: bets $3.18
joner74: calls $3.18
*** SHOW DOWN ***
Alpha$tunZ: shows [Js Kh] (two pair, Jacks and Eights)
joner74: mucks hand 
Alpha$tunZ collected $16.64 from pot
*** SUMMARY ***
Total pot $17.52 | Rake $0.88 
Board [Jc 8h 6c 8c Qh]
Seat 1: ImaPeppaPig (small blind) folded before Flop
Seat 2: EvilReality (big blind) folded before Flop
Seat 3: joner74 mucked
Seat 4: PhoenixAssassin folded before Flop (didn't bet)
Seat 5: Alpha$tunZ (button) showed [Js Kh] and won ($16.64) with two pair, Jacks and Eights



PokerStars Hand #254265231091:  Hold'em No Limit ($0.50/$1.00 USD) - 2025/01/08 18:45:56 WET [2025/01/08 13:45:56 ET]
Table 'Valeska III' 6-max Seat #1 is the button
Seat 1: ImaPeppaPig ($104.51 in chips) 
Seat 2: EvilReality ($110.58 in chips) 
Seat 3: joner74 ($92.82 in chips) 
Seat 4: PhoenixAssassin ($100 in chips) 
Seat 5: Alpha$tunZ ($126.59 in chips) 
EvilReality: posts small blind $0.50
joner74: posts big blind $1
*** HOLE CARDS ***
PhoenixAssassin: folds 
Alpha$tunZ: folds 
ImaPeppaPig: folds 
EvilReality: raises $2 to $3
joner74: raises $7 to $10
EvilReality: calls $7
*** FLOP *** [Td 7c 7s]
EvilReality: checks 
joner74: bets $5.55
EvilReality: calls $5.55
*** TURN *** [Td 7c 7s] [9h]
EvilReality: checks 
joner74: bets $19
EvilReality: folds 
Uncalled bet ($19) returned to joner74
joner74 collected $29.54 from pot
joner74: doesn't show hand 
*** SUMMARY ***
Total pot $31.10 | Rake $1.56 
Board [Td 7c 7s 9h]
Seat 1: ImaPeppaPig (button) folded before Flop (didn't bet)
Seat 2: EvilReality (small blind) folded on the Turn
Seat 3: joner74 (big blind) collected ($29.54)
Seat 4: PhoenixAssassin folded before Flop (didn't bet)
Seat 5: Alpha$tunZ folded before Flop (didn't bet)



PokerStars Hand #254265256373:  Hold'em No Limit ($0.50/$1.00 USD) - 2025/01/08 18:47:18 WET [2025/01/08 13:47:18 ET]
Table 'Valeska III' 6-max Seat #2 is the button
Seat 1: ImaPeppaPig ($104.51 in chips) 
Seat 2: EvilReality ($100 in chips) 
Seat 3: joner74 ($106.81 in chips) 
Seat 4: PhoenixAssassin ($100 in chips) 
Seat 5: Alpha$tunZ ($126.59 in chips) 
joner74: posts small blind $0.50
PhoenixAssassin: posts big blind $1
*** HOLE CARDS ***
Alpha$tunZ: folds 
ImaPeppaPig: raises $1.50 to $2.50
EvilReality: folds 
joner74: folds 
PhoenixAssassin: folds 
Uncalled bet ($1.50) returned to ImaPeppaPig
ImaPeppaPig collected $2.50 from pot
ImaPeppaPig: doesn't show hand 
*** SUMMARY ***
Total pot $2.50 | Rake $0 
Seat 1: ImaPeppaPig collected ($2.50)
Seat 2: EvilReality (button) folded before Flop (didn't bet)
Seat 3: joner74 (small blind) folded before Flop
Seat 4: PhoenixAssassin (big blind) folded before Flop
Seat 5: Alpha$tunZ folded before Flop (didn't bet)



PokerStars Hand #254265260108:  Hold'em No Limit ($0.50/$1.00 USD) - 2025/01/08 18:47:31 WET [2025/01/08 13:47:31 ET]
Table 'Valeska III' 6-max Seat #3 is the button
Seat 1: ImaPeppaPig ($106.01 in chips) 
Seat 2: EvilReality ($100 in chips) 
Seat 3: joner74 ($106.31 in chips) 
Seat 4: PhoenixAssassin ($100 in chips) 
Seat 5: Alpha$tunZ ($126.59 in chips) 
PhoenixAssassin: posts small blind $0.50
Alpha$tunZ: posts big blind $1
*** HOLE CARDS ***
ImaPeppaPig: folds 
EvilReality: folds 
joner74: raises $1.50 to $2.50
PhoenixAssassin: folds 
Alpha$tunZ: raises $10 to $12.50
joner74: folds 
Uncalled bet ($10) returned to Alpha$tunZ
Alpha$tunZ collected $5.50 from pot
Alpha$tunZ: doesn't show hand 
*** SUMMARY ***
Total pot $5.50 | Rake $0 
Seat 1: ImaPeppaPig folded before Flop (didn't bet)
Seat 2: EvilReality folded before Flop (didn't bet)
Seat 3: joner74 (button) folded before Flop
Seat 4: PhoenixAssassin (small blind) folded before Flop
Seat 5: Alpha$tunZ (big blind) collected ($5.50)



PokerStars Hand #254265264954:  Hold'em No Limit ($0.50/$1.00 USD) - 2025/01/08 18:47:46 WET [2025/01/08 13:47:46 ET]
Table 'Valeska III' 6-max Seat #4 is the button
Seat 1: ImaPeppaPig ($106.01 in chips) 
Seat 2: EvilReality ($100 in chips) 
Seat 3: joner74 ($103.81 in chips) 
Seat 4: PhoenixAssassin ($100 in chips) 
Seat 5: Alpha$tunZ ($129.59 in chips) 
Alpha$tunZ: posts small blind $0.50
ImaPeppaPig: posts big blind $1
*** HOLE CARDS ***
EvilReality: raises $1.50 to $2.50
joner74: folds 
PhoenixAssassin: raises $5.50 to $8
Alpha$tunZ: folds 
ImaPeppaPig: folds 
EvilReality: folds 
Uncalled bet ($5.50) returned to PhoenixAssassin
PhoenixAssassin collected $6.50 from pot
PhoenixAssassin: doesn't show hand 
*** SUMMARY ***
Total pot $6.50 | Rake $0 
Seat 1: ImaPeppaPig (big blind) folded before Flop
Seat 2: EvilReality folded before Flop
Seat 3: joner74 folded before Flop (didn't bet)
Seat 4: PhoenixAssassin (button) collected ($6.50)
Seat 5: Alpha$tunZ (small blind) folded before Flop



PokerStars Hand #254265269089:  Hold'em No Limit ($0.50/$1.00 USD) - 2025/01/08 18:48:00 WET [2025/01/08 13:48:00 ET]
Table 'Valeska III' 6-max Seat #5 is the button
Seat 2: EvilReality ($100 in chips) is sitting out
Seat 1: ImaPeppaPig ($105.01 in chips) 
Seat 3: joner74 ($103.81 in chips) 
Seat 4: PhoenixAssassin ($104 in chips) 
Seat 5: Alpha$tunZ ($129.09 in chips) 
ImaPeppaPig: posts small blind $0.50
EvilReality: is sitting out 
joner74: posts big blind $1
*** HOLE CARDS ***
PhoenixAssassin: raises $1.50 to $2.50
EvilReality leaves the table
Alpha$tunZ: raises $5.50 to $8
ImaPeppaPig: folds 
joner74: folds 
PhoenixAssassin: folds 
Uncalled bet ($5.50) returned to Alpha$tunZ
Alpha$tunZ collected $6.50 from pot
Alpha$tunZ: doesn't show hand 
*** SUMMARY ***
Total pot $6.50 | Rake $0 
Seat 2: EvilReality
Seat 1: ImaPeppaPig (small blind) folded before Flop
Seat 3: joner74 (big blind) folded before Flop
Seat 4: PhoenixAssassin folded before Flop
Seat 5: Alpha$tunZ (button) collected ($6.50)



PokerStars Hand #254265272973:  Hold'em No Limit ($0.50/$1.00 USD) - 2025/01/08 18:48:13 WET [2025/01/08 13:48:13 ET]
Table 'Valeska III' 6-max Seat #1 is the button
Seat 1: ImaPeppaPig ($104.51 in chips) 
Seat 3: joner74 ($102.81 in chips) 
Seat 4: PhoenixAssassin ($101.50 in chips) 
Seat 5: Alpha$tunZ ($133.09 in chips) 
joner74: posts small blind $0.50
PhoenixAssassin: posts big blind $1
*** HOLE CARDS ***
Alpha$tunZ: folds 
ImaPeppaPig: raises $1.50 to $2.50
joner74: calls $2
PhoenixAssassin: folds 
*** FLOP *** [Ac Jd Kc]
joner74: checks 
ImaPeppaPig: bets $1.77
joner74: calls $1.77
*** TURN *** [Ac Jd Kc] [9h]
joner74: checks 
ImaPeppaPig: checks 
*** RIVER *** [Ac Jd Kc 9h] [3c]
joner74: bets $4.53
ImaPeppaPig: folds 
Uncalled bet ($4.53) returned to joner74
joner74 collected $9.06 from pot
joner74: doesn't show hand 
*** SUMMARY ***
Total pot $9.54 | Rake $0.48 
Board [Ac Jd Kc 9h 3c]
Seat 1: ImaPeppaPig (button) folded on the River
Seat 3: joner74 (small blind) collected ($9.06)
Seat 4: PhoenixAssassin (big blind) folded before Flop
Seat 5: Alpha$tunZ folded before Flop (didn't bet)



PokerStars Hand #254265285129:  Hold'em No Limit ($0.50/$1.00 USD) - 2025/01/08 18:48:53 WET [2025/01/08 13:48:53 ET]
Table 'Valeska III' 6-max Seat #3 is the button
Seat 1: ImaPeppaPig ($100.24 in chips) 
Seat 3: joner74 ($107.60 in chips) 
Seat 4: PhoenixAssassin ($100.50 in chips) 
Seat 5: Alpha$tunZ ($133.09 in chips) 
PhoenixAssassin: posts small blind $0.50
Alpha$tunZ: posts big blind $1
*** HOLE CARDS ***
ImaPeppaPig: folds 
joner74: raises $1.33 to $2.33
PhoenixAssassin: folds 
Alpha$tunZ: calls $1.33
*** FLOP *** [Jh Qh Th]
Alpha$tunZ: checks 
joner74: checks 
*** TURN *** [Jh Qh Th] [Kc]
Alpha$tunZ: checks 
joner74: checks 
*** RIVER *** [Jh Qh Th Kc] [Jc]
Alpha$tunZ: bets $1.47
joner74: calls $1.47
*** SHOW DOWN ***
Alpha$tunZ: shows [4s 6s] (a pair of Jacks)
joner74: shows [3c Qc] (two pair, Queens and Jacks)
joner74 collected $7.70 from pot
*** SUMMARY ***
Total pot $8.10 | Rake $0.40 
Board [Jh Qh Th Kc Jc]
Seat 1: ImaPeppaPig folded before Flop (didn't bet)
Seat 3: joner74 (button) showed [3c Qc] and won ($7.70) with two pair, Queens and Jacks
Seat 4: PhoenixAssassin (small blind) folded before Flop
Seat 5: Alpha$tunZ (big blind) showed [4s 6s] and lost with a pair of Jacks



PokerStars Hand #254265299480:  Hold'em No Limit ($0.50/$1.00 USD) - 2025/01/08 18:49:39 WET [2025/01/08 13:49:39 ET]
Table 'Valeska III' 6-max Seat #4 is the button
Seat 1: ImaPeppaPig ($100.24 in chips) 
Seat 3: joner74 ($111.50 in chips) 
Seat 4: PhoenixAssassin ($100 in chips) 
Seat 5: Alpha$tunZ ($129.29 in chips) 
Alpha$tunZ: posts small blind $0.50
ImaPeppaPig: posts big blind $1
*** HOLE CARDS ***
joner74: folds 
PhoenixAssassin: raises $1.50 to $2.50
Alpha$tunZ: folds 
ImaPeppaPig: folds 
Uncalled bet ($1.50) returned to PhoenixAssassin
PhoenixAssassin collected $2.50 from pot
PhoenixAssassin: doesn't show hand 
*** SUMMARY ***
Total pot $2.50 | Rake $0 
Seat 1: ImaPeppaPig (big blind) folded before Flop
Seat 3: joner74 folded before Flop (didn't bet)
Seat 4: PhoenixAssassin (button) collected ($2.50)
Seat 5: Alpha$tunZ (small blind) folded before Flop



PokerStars Hand #254265303515:  Hold'em No Limit ($0.50/$1.00 USD) - 2025/01/08 18:49:53 WET [2025/01/08 13:49:53 ET]
Table 'Valeska III' 6-max Seat #5 is the button
Seat 1: ImaPeppaPig ($100 in chips) 
Seat 3: joner74 ($111.50 in chips) 
Seat 4: PhoenixAssassin ($101.50 in chips) 
Seat 5: Alpha$tunZ ($128.79 in chips) 
ImaPeppaPig: posts small blind $0.50
joner74: posts big blind $1
*** HOLE CARDS ***
PhoenixAssassin: folds 
Alpha$tunZ: folds 
ImaPeppaPig: raises $2 to $3
joner74: calls $2
*** FLOP *** [7s Kc As]
ImaPeppaPig: checks 
joner74: checks 
*** TURN *** [7s Kc As] [6d]
ImaPeppaPig: bets $8
joner74: folds 
Uncalled bet ($8) returned to ImaPeppaPig
ImaPeppaPig collected $5.70 from pot
ImaPeppaPig: doesn't show hand 
*** SUMMARY ***
Total pot $6 | Rake $0.30 
Board [7s Kc As 6d]
Seat 1: ImaPeppaPig (small blind) collected ($5.70)
Seat 3: joner74 (big blind) folded on the Turn
Seat 4: PhoenixAssassin folded before Flop (didn't bet)
Seat 5: Alpha$tunZ (button) folded before Flop (didn't bet)



PokerStars Hand #254265311718:  Hold'em No Limit ($0.50/$1.00 USD) - 2025/01/08 18:50:20 WET [2025/01/08 13:50:20 ET]
Table 'Valeska III' 6-max Seat #1 is the button
Seat 1: ImaPeppaPig ($102.70 in chips) 
Seat 3: joner74 ($108.50 in chips) 
Seat 4: PhoenixAssassin ($101.50 in chips) 
Seat 5: Alpha$tunZ ($128.79 in chips) 
joner74: posts small blind $0.50
PhoenixAssassin: posts big blind $1
*** HOLE CARDS ***
Alpha$tunZ: folds 
ImaPeppaPig: folds 
joner74: raises $2 to $3
PhoenixAssassin: calls $2
*** FLOP *** [Kh 8s 3s]
joner74: bets $1.87
PhoenixAssassin: folds 
Uncalled bet ($1.87) returned to joner74
joner74 collected $5.70 from pot
joner74: doesn't show hand 
*** SUMMARY ***
Total pot $6 | Rake $0.30 
Board [Kh 8s 3s]
Seat 1: ImaPeppaPig (button) folded before Flop (didn't bet)
Seat 3: joner74 (small blind) collected ($5.70)
Seat 4: PhoenixAssassin (big blind) folded on the Flop
Seat 5: Alpha$tunZ folded before Flop (didn't bet)



PokerStars Hand #254265320217:  Hold'em No Limit ($0.50/$1.00 USD) - 2025/01/08 18:50:47 WET [2025/01/08 13:50:47 ET]
Table 'Valeska III' 6-max Seat #3 is the button
Seat 1: ImaPeppaPig ($102.70 in chips) 
Seat 3: joner74 ($111.20 in chips) 
Seat 4: PhoenixAssassin ($100 in chips) 
Seat 5: Alpha$tunZ ($128.79 in chips) 
PhoenixAssassin: posts small blind $0.50
Alpha$tunZ: posts big blind $1
*** HOLE CARDS ***
ImaPeppaPig: folds 
joner74: folds 
PhoenixAssassin: folds 
Uncalled bet ($0.50) returned to Alpha$tunZ
Alpha$tunZ collected $1 from pot
Alpha$tunZ: doesn't show hand 
*** SUMMARY ***
Total pot $1 | Rake $0 
Seat 1: ImaPeppaPig folded before Flop (didn't bet)
Seat 3: joner74 (button) folded before Flop (didn't bet)
Seat 4: PhoenixAssassin (small blind) folded before Flop
Seat 5: Alpha$tunZ (big blind) collected ($1)



PokerStars Hand #254265322203:  Hold'em No Limit ($0.50/$1.00 USD) - 2025/01/08 18:50:54 WET [2025/01/08 13:50:54 ET]
Table 'Valeska III' 6-max Seat #4 is the button
Seat 1: ImaPeppaPig ($102.70 in chips) 
Seat 3: joner74 ($111.20 in chips) 
Seat 4: PhoenixAssassin ($100 in chips) 
Seat 5: Alpha$tunZ ($129.29 in chips) 
Alpha$tunZ: posts small blind $0.50
ImaPeppaPig: posts big blind $1
*** HOLE CARDS ***
joner74: folds 
PhoenixAssassin: raises $1.50 to $2.50
Alpha$tunZ: folds 
ImaPeppaPig: folds 
Uncalled bet ($1.50) returned to PhoenixAssassin
PhoenixAssassin collected $2.50 from pot
PhoenixAssassin: doesn't show hand 
*** SUMMARY ***
Total pot $2.50 | Rake $0 
Seat 1: ImaPeppaPig (big blind) folded before Flop
Seat 3: joner74 folded before Flop (didn't bet)
Seat 4: PhoenixAssassin (button) collected ($2.50)
Seat 5: Alpha$tunZ (small blind) folded before Flop



PokerStars Hand #254265327057:  Hold'em No Limit ($0.50/$1.00 USD) - 2025/01/08 18:51:10 WET [2025/01/08 13:51:10 ET]
Table 'Valeska III' 6-max Seat #5 is the button
Seat 1: ImaPeppaPig ($101.70 in chips) 
Seat 3: joner74 ($111.20 in chips) 
Seat 4: PhoenixAssassin ($101.50 in chips) 
Seat 5: Alpha$tunZ ($128.79 in chips) 
ImaPeppaPig: posts small blind $0.50
joner74: posts big blind $1
*** HOLE CARDS ***
PhoenixAssassin: folds 
Alpha$tunZ: raises $1.50 to $2.50
ImaPeppaPig: raises $8.50 to $11
joner74: folds 
Alpha$tunZ: folds 
Uncalled bet ($8.50) returned to ImaPeppaPig
ImaPeppaPig collected $6 from pot
ImaPeppaPig: doesn't show hand 
*** SUMMARY ***
Total pot $6 | Rake $0 
Seat 1: ImaPeppaPig (small blind) collected ($6)
Seat 3: joner74 (big blind) folded before Flop
Seat 4: PhoenixAssassin folded before Flop (didn't bet)
Seat 5: Alpha$tunZ (button) folded before Flop



PokerStars Hand #254265331951:  Hold'em No Limit ($0.50/$1.00 USD) - 2025/01/08 18:51:26 WET [2025/01/08 13:51:26 ET]
Table 'Valeska III' 6-max Seat #1 is the button
Seat 1: ImaPeppaPig ($105.20 in chips) 
Seat 3: joner74 ($110.20 in chips) 
Seat 4: PhoenixAssassin ($101.50 in chips) 
Seat 5: Alpha$tunZ ($126.29 in chips) 
joner74: posts small blind $0.50
PhoenixAssassin: posts big blind $1
*** HOLE CARDS ***
Alpha$tunZ: raises $1.25 to $2.25
ImaPeppaPig: folds 
joner74: folds 
PhoenixAssassin: folds 
Uncalled bet ($1.25) returned to Alpha$tunZ
Alpha$tunZ collected $2.50 from pot
Alpha$tunZ: doesn't show hand 
*** SUMMARY ***
Total pot $2.50 | Rake $0 
Seat 1: ImaPeppaPig (button) folded before Flop (didn't bet)
Seat 3: joner74 (small blind) folded before Flop
Seat 4: PhoenixAssassin (big blind) folded before Flop
Seat 5: Alpha$tunZ collected ($2.50)



PokerStars Hand #254265335565:  Hold'em No Limit ($0.50/$1.00 USD) - 2025/01/08 18:51:38 WET [2025/01/08 13:51:38 ET]
Table 'Valeska III' 6-max Seat #3 is the button
Seat 1: ImaPeppaPig ($105.20 in chips) 
Seat 3: joner74 ($109.70 in chips) 
Seat 4: PhoenixAssassin ($100.50 in chips) 
Seat 5: Alpha$tunZ ($127.79 in chips) 
PhoenixAssassin: posts small blind $0.50
Alpha$tunZ: posts big blind $1
*** HOLE CARDS ***
ImaPeppaPig: folds 
joner74: folds 
PhoenixAssassin: raises $2 to $3
Alpha$tunZ: raises $6 to $9
PhoenixAssassin: folds 
Uncalled bet ($6) returned to Alpha$tunZ
Alpha$tunZ collected $6 from pot
Alpha$tunZ: doesn't show hand 
*** SUMMARY ***
Total pot $6 | Rake $0 
Seat 1: ImaPeppaPig folded before Flop (didn't bet)
Seat 3: joner74 (button) folded before Flop (didn't bet)
Seat 4: PhoenixAssassin (small blind) folded before Flop
Seat 5: Alpha$tunZ (big blind) collected ($6)



PokerStars Hand #254265341384:  Hold'em No Limit ($0.50/$1.00 USD) - 2025/01/08 18:51:57 WET [2025/01/08 13:51:57 ET]
Table 'Valeska III' 6-max Seat #4 is the button
Seat 1: ImaPeppaPig ($105.20 in chips) 
Seat 3: joner74 ($109.70 in chips) 
Seat 4: PhoenixAssassin ($100 in chips) 
Seat 5: Alpha$tunZ ($130.79 in chips) 
Alpha$tunZ: posts small blind $0.50
ImaPeppaPig: posts big blind $1
*** HOLE CARDS ***
joner74: folds 
PhoenixAssassin: raises $1.50 to $2.50
Alpha$tunZ: folds 
ImaPeppaPig: folds 
Uncalled bet ($1.50) returned to PhoenixAssassin
PhoenixAssassin collected $2.50 from pot
PhoenixAssassin: doesn't show hand 
*** SUMMARY ***
Total pot $2.50 | Rake $0 
Seat 1: ImaPeppaPig (big blind) folded before Flop
Seat 3: joner74 folded before Flop (didn't bet)
Seat 4: PhoenixAssassin (button) collected ($2.50)
Seat 5: Alpha$tunZ (small blind) folded before Flop



PokerStars Hand #254265344840:  Hold'em No Limit ($0.50/$1.00 USD) - 2025/01/08 18:52:08 WET [2025/01/08 13:52:08 ET]
Table 'Valeska III' 6-max Seat #5 is the button
Seat 1: ImaPeppaPig ($104.20 in chips) 
Seat 3: joner74 ($109.70 in chips) 
Seat 4: PhoenixAssassin ($101.50 in chips) 
Seat 5: Alpha$tunZ ($130.29 in chips) 
ImaPeppaPig: posts small blind $0.50
joner74: posts big blind $1
*** HOLE CARDS ***
PhoenixAssassin: raises $1.50 to $2.50
Alpha$tunZ: folds 
ImaPeppaPig: raises $8.50 to $11
joner74: folds 
PhoenixAssassin: calls $8.50
*** FLOP *** [Jc Ts 6h]
ImaPeppaPig: bets $11.44
PhoenixAssassin: calls $11.44
*** TURN *** [Jc Ts 6h] [8s]
ImaPeppaPig: checks 
PhoenixAssassin: bets $14.81
ImaPeppaPig: raises $66.19 to $81
PhoenixAssassin: calls $64.25 and is all-in
Uncalled bet ($1.94) returned to ImaPeppaPig
*** RIVER *** [Jc Ts 6h 8s] [Ad]
*** SHOW DOWN ***
ImaPeppaPig: shows [Kd Qd] (a straight, Ten to Ace)
PhoenixAssassin: shows [Jd Jh] (three of a kind, Jacks)
ImaPeppaPig collected $203 from pot
*** SUMMARY ***
Total pot $204 | Rake $1 
Board [Jc Ts 6h 8s Ad]
Seat 1: ImaPeppaPig (small blind) showed [Kd Qd] and won ($203) with a straight, Ten to Ace
Seat 3: joner74 (big blind) folded before Flop
Seat 4: PhoenixAssassin showed [Jd Jh] and lost with three of a kind, Jacks
Seat 5: Alpha$tunZ (button) folded before Flop (didn't bet)



PokerStars Hand #254265361115:  Hold'em No Limit ($0.50/$1.00 USD) - 2025/01/08 18:53:02 WET [2025/01/08 13:53:02 ET]
Table 'Valeska III' 6-max Seat #1 is the button
Seat 1: ImaPeppaPig ($205.70 in chips) 
Seat 3: joner74 ($108.70 in chips) 
Seat 4: PhoenixAssassin ($100 in chips) 
Seat 5: Alpha$tunZ ($130.29 in chips) 
joner74: posts small blind $0.50
PhoenixAssassin: posts big blind $1
*** HOLE CARDS ***
Alpha$tunZ: folds 
ImaPeppaPig: folds 
joner74: raises $2 to $3
PhoenixAssassin: folds 
Uncalled bet ($2) returned to joner74
joner74 collected $2 from pot
joner74: doesn't show hand 
*** SUMMARY ***
Total pot $2 | Rake $0 
Seat 1: ImaPeppaPig (button) folded before Flop (didn't bet)
Seat 3: joner74 (small blind) collected ($2)
Seat 4: PhoenixAssassin (big blind) folded before Flop
Seat 5: Alpha$tunZ folded before Flop (didn't bet)



PokerStars Hand #254265366023:  Hold'em No Limit ($0.50/$1.00 USD) - 2025/01/08 18:53:18 WET [2025/01/08 13:53:18 ET]
Table 'Valeska III' 6-max Seat #3 is the button
Seat 1: ImaPeppaPig ($205.70 in chips) 
Seat 3: joner74 ($109.70 in chips) 
Seat 4: PhoenixAssassin ($100 in chips) 
Seat 5: Alpha$tunZ ($130.29 in chips) 
PhoenixAssassin: posts small blind $0.50
Alpha$tunZ: posts big blind $1
*** HOLE CARDS ***
ImaPeppaPig: folds 
joner74: folds 
PhoenixAssassin: folds 
Uncalled bet ($0.50) returned to Alpha$tunZ
Alpha$tunZ collected $1 from pot
Alpha$tunZ: doesn't show hand 
*** SUMMARY ***
Total pot $1 | Rake $0 
Seat 1: ImaPeppaPig folded before Flop (didn't bet)
Seat 3: joner74 (button) folded before Flop (didn't bet)
Seat 4: PhoenixAssassin (small blind) folded before Flop
Seat 5: Alpha$tunZ (big blind) collected ($1)



PokerStars Hand #254265370010:  Hold'em No Limit ($0.50/$1.00 USD) - 2025/01/08 18:53:31 WET [2025/01/08 13:53:31 ET]
Table 'Valeska III' 6-max Seat #4 is the button
Seat 1: ImaPeppaPig ($205.70 in chips) 
Seat 3: joner74 ($109.70 in chips) 
Seat 4: PhoenixAssassin ($100 in chips) 
Seat 5: Alpha$tunZ ($130.79 in chips) 
Alpha$tunZ: posts small blind $0.50
ImaPeppaPig: posts big blind $1
*** HOLE CARDS ***
joner74: folds 
PhoenixAssassin: raises $1.50 to $2.50
Maximysss85 joins the table at seat #2 
Alpha$tunZ: folds 
ImaPeppaPig: raises $9.50 to $12
PhoenixAssassin: folds 
Uncalled bet ($9.50) returned to ImaPeppaPig
ImaPeppaPig collected $5.50 from pot
ImaPeppaPig: doesn't show hand 
*** SUMMARY ***
Total pot $5.50 | Rake $0 
Seat 1: ImaPeppaPig (big blind) collected ($5.50)
Seat 3: joner74 folded before Flop (didn't bet)
Seat 4: PhoenixAssassin (button) folded before Flop
Seat 5: Alpha$tunZ (small blind) folded before Flop



PokerStars Hand #254265375077:  Hold'em No Limit ($0.50/$1.00 USD) - 2025/01/08 18:53:48 WET [2025/01/08 13:53:48 ET]
Table 'Valeska III' 6-max Seat #5 is the button
Seat 1: ImaPeppaPig ($208.70 in chips) 
Seat 2: Maximysss85 ($100 in chips) 
Seat 3: joner74 ($109.70 in chips) 
Seat 4: PhoenixAssassin ($100 in chips) 
Seat 5: Alpha$tunZ ($130.29 in chips) 
ImaPeppaPig: posts small blind $0.50
Maximysss85: posts big blind $1
*** HOLE CARDS ***
joner74: folds 
PhoenixAssassin: folds 
Alpha$tunZ: raises $1.50 to $2.50
ImaPeppaPig: folds 
Maximysss85: calls $1.50
*** FLOP *** [5d Qd Qh]
Maximysss85: checks 
Alpha$tunZ: bets $1.57
Maximysss85: calls $1.57
*** TURN *** [5d Qd Qh] [4h]
Maximysss85: checks 
Alpha$tunZ: checks 
*** RIVER *** [5d Qd Qh 4h] [7s]
Maximysss85: checks 
Alpha$tunZ: checks 
*** SHOW DOWN ***
Maximysss85: shows [3h 3s] (two pair, Queens and Threes)
Alpha$tunZ: mucks hand 
Maximysss85 collected $8.21 from pot
*** SUMMARY ***
Total pot $8.64 | Rake $0.43 
Board [5d Qd Qh 4h 7s]
Seat 1: ImaPeppaPig (small blind) folded before Flop
Seat 2: Maximysss85 (big blind) showed [3h 3s] and won ($8.21) with two pair, Queens and Threes
Seat 3: joner74 folded before Flop (didn't bet)
Seat 4: PhoenixAssassin folded before Flop (didn't bet)
Seat 5: Alpha$tunZ (button) mucked



PokerStars Hand #254265389015:  Hold'em No Limit ($0.50/$1.00 USD) - 2025/01/08 18:54:34 WET [2025/01/08 13:54:34 ET]
Table 'Valeska III' 6-max Seat #1 is the button
Seat 1: ImaPeppaPig ($208.20 in chips) 
Seat 2: Maximysss85 ($104.14 in chips) 
Seat 3: joner74 ($109.70 in chips) 
Seat 4: PhoenixAssassin ($100 in chips) 
Seat 5: Alpha$tunZ ($126.22 in chips) 
Maximysss85: posts small blind $0.50
joner74: posts big blind $1
*** HOLE CARDS ***
PhoenixAssassin: folds 
Alpha$tunZ: folds 
ImaPeppaPig: raises $1.50 to $2.50
Maximysss85: folds 
joner74: calls $1.50
*** FLOP *** [Kd Tc Jh]
joner74: checks 
ImaPeppaPig: bets $3.97
joner74: folds 
Uncalled bet ($3.97) returned to ImaPeppaPig
ImaPeppaPig collected $5.22 from pot
ImaPeppaPig: doesn't show hand 
*** SUMMARY ***
Total pot $5.50 | Rake $0.28 
Board [Kd Tc Jh]
Seat 1: ImaPeppaPig (button) collected ($5.22)
Seat 2: Maximysss85 (small blind) folded before Flop
Seat 3: joner74 (big blind) folded on the Flop
Seat 4: PhoenixAssassin folded before Flop (didn't bet)
Seat 5: Alpha$tunZ folded before Flop (didn't bet)



PokerStars Hand #254265396715:  Hold'em No Limit ($0.50/$1.00 USD) - 2025/01/08 18:54:59 WET [2025/01/08 13:54:59 ET]
Table 'Valeska III' 6-max Seat #2 is the button
Seat 1: ImaPeppaPig ($210.92 in chips) 
Seat 2: Maximysss85 ($103.64 in chips) 
Seat 3: joner74 ($107.20 in chips) 
Seat 4: PhoenixAssassin ($100 in chips) 
Seat 5: Alpha$tunZ ($126.22 in chips) 
joner74: posts small blind $0.50
PhoenixAssassin: posts big blind $1
*** HOLE CARDS ***
Alpha$tunZ: folds 
ImaPeppaPig: raises $1.50 to $2.50
Maximysss85: folds 
joner74: folds 
PhoenixAssassin: folds 
Uncalled bet ($1.50) returned to ImaPeppaPig
ImaPeppaPig collected $2.50 from pot
ImaPeppaPig: doesn't show hand 
*** SUMMARY ***
Total pot $2.50 | Rake $0 
Seat 1: ImaPeppaPig collected ($2.50)
Seat 2: Maximysss85 (button) folded before Flop (didn't bet)
Seat 3: joner74 (small blind) folded before Flop
Seat 4: PhoenixAssassin (big blind) folded before Flop
Seat 5: Alpha$tunZ folded before Flop (didn't bet)



PokerStars Hand #254265399515:  Hold'em No Limit ($0.50/$1.00 USD) - 2025/01/08 18:55:09 WET [2025/01/08 13:55:09 ET]
Table 'Valeska III' 6-max Seat #3 is the button
Seat 1: ImaPeppaPig ($212.42 in chips) 
Seat 2: Maximysss85 ($103.64 in chips) 
Seat 3: joner74 ($106.70 in chips) 
Seat 4: PhoenixAssassin ($100 in chips) 
Seat 5: Alpha$tunZ ($126.22 in chips) 
PhoenixAssassin: posts small blind $0.50
Alpha$tunZ: posts big blind $1
*** HOLE CARDS ***
ImaPeppaPig: folds 
Maximysss85: raises $1.50 to $2.50
joner74: folds 
PhoenixAssassin: folds 
Alpha$tunZ: calls $1.50
*** FLOP *** [Qs Kc Ac]
Alpha$tunZ: checks 
Maximysss85: checks 
*** TURN *** [Qs Kc Ac] [8c]
arcusfm joins the table at seat #6 
Alpha$tunZ: bets $6.53
Maximysss85: folds 
Uncalled bet ($6.53) returned to Alpha$tunZ
Alpha$tunZ collected $5.22 from pot
Alpha$tunZ: doesn't show hand 
*** SUMMARY ***
Total pot $5.50 | Rake $0.28 
Board [Qs Kc Ac 8c]
Seat 1: ImaPeppaPig folded before Flop (didn't bet)
Seat 2: Maximysss85 folded on the Turn
Seat 3: joner74 (button) folded before Flop (didn't bet)
Seat 4: PhoenixAssassin (small blind) folded before Flop
Seat 5: Alpha$tunZ (big blind) collected ($5.22)



PokerStars Hand #254265410316:  Hold'em No Limit ($0.50/$1.00 USD) - 2025/01/08 18:56:00 WET [2025/01/08 13:56:00 ET]
Table 'Valeska III' 6-max Seat #4 is the button
Seat 1: ImaPeppaPig ($212.42 in chips) 
Seat 2: Maximysss85 ($101.14 in chips) 
Seat 3: joner74 ($106.70 in chips) 
Seat 4: PhoenixAssassin ($100 in chips) 
Seat 5: Alpha$tunZ ($128.94 in chips) 
Seat 6: arcusfm ($69.76 in chips) 
Alpha$tunZ: posts small blind $0.50
arcusfm: posts big blind $1
*** HOLE CARDS ***
ImaPeppaPig: folds 
Maximysss85: folds 
joner74: folds 
PhoenixAssassin: raises $1.50 to $2.50
Alpha$tunZ: folds 
arcusfm: calls $1.50
*** FLOP *** [5h 4d 2d]
arcusfm: bets $2.61
PhoenixAssassin: raises $5.39 to $8
arcusfm: calls $5.39
*** TURN *** [5h 4d 2d] [Jh]
arcusfm: checks 
PhoenixAssassin: checks 
*** RIVER *** [5h 4d 2d Jh] [Kc]
arcusfm: checks 
PhoenixAssassin: checks 
*** SHOW DOWN ***
arcusfm: shows [5c 8d] (a pair of Fives)
PhoenixAssassin: mucks hand 
arcusfm collected $20.42 from pot
*** SUMMARY ***
Total pot $21.50 | Rake $1.08 
Board [5h 4d 2d Jh Kc]
Seat 1: ImaPeppaPig folded before Flop (didn't bet)
Seat 2: Maximysss85 folded before Flop (didn't bet)
Seat 3: joner74 folded before Flop (didn't bet)
Seat 4: PhoenixAssassin (button) mucked
Seat 5: Alpha$tunZ (small blind) folded before Flop
Seat 6: arcusfm (big blind) showed [5c 8d] and won ($20.42) with a pair of Fives



PokerStars Hand #254265420258:  Hold'em No Limit ($0.50/$1.00 USD) - 2025/01/08 18:56:47 WET [2025/01/08 13:56:47 ET]
Table 'Valeska III' 6-max Seat #5 is the button
Seat 1: ImaPeppaPig ($212.42 in chips) 
Seat 2: Maximysss85 ($101.14 in chips) 
Seat 3: joner74 ($106.70 in chips) 
Seat 4: PhoenixAssassin ($100 in chips) 
Seat 5: Alpha$tunZ ($128.44 in chips) 
Seat 6: arcusfm ($79.68 in chips) 
arcusfm: posts small blind $0.50
ImaPeppaPig: posts big blind $1
*** HOLE CARDS ***
Maximysss85: folds 
joner74: folds 
PhoenixAssassin: folds 
Alpha$tunZ: raises $1.50 to $2.50
arcusfm: folds 
ImaPeppaPig: folds 
Uncalled bet ($1.50) returned to Alpha$tunZ
Alpha$tunZ collected $2.50 from pot
Alpha$tunZ: doesn't show hand 
*** SUMMARY ***
Total pot $2.50 | Rake $0 
Seat 1: ImaPeppaPig (big blind) folded before Flop
Seat 2: Maximysss85 folded before Flop (didn't bet)
Seat 3: joner74 folded before Flop (didn't bet)
Seat 4: PhoenixAssassin folded before Flop (didn't bet)
Seat 5: Alpha$tunZ (button) collected ($2.50)
Seat 6: arcusfm (small blind) folded before Flop



PokerStars Hand #254265423156:  Hold'em No Limit ($0.50/$1.00 USD) - 2025/01/08 18:57:01 WET [2025/01/08 13:57:01 ET]
Table 'Valeska III' 6-max Seat #6 is the button
Seat 1: ImaPeppaPig ($211.42 in chips) 
Seat 2: Maximysss85 ($101.14 in chips) 
Seat 3: joner74 ($106.70 in chips) 
Seat 4: PhoenixAssassin ($100 in chips) 
Seat 5: Alpha$tunZ ($129.94 in chips) 
Seat 6: arcusfm ($79.18 in chips) 
ImaPeppaPig: posts small blind $0.50
Maximysss85: posts big blind $1
*** HOLE CARDS ***
joner74: folds 
PhoenixAssassin: raises $1.20 to $2.20
Alpha$tunZ: folds 
arcusfm: folds 
ImaPeppaPig: folds 
Maximysss85: folds 
Uncalled bet ($1.20) returned to PhoenixAssassin
PhoenixAssassin collected $2.50 from pot
PhoenixAssassin: doesn't show hand 
*** SUMMARY ***
Total pot $2.50 | Rake $0 
Seat 1: ImaPeppaPig (small blind) folded before Flop
Seat 2: Maximysss85 (big blind) folded before Flop
Seat 3: joner74 folded before Flop (didn't bet)
Seat 4: PhoenixAssassin collected ($2.50)
Seat 5: Alpha$tunZ folded before Flop (didn't bet)
Seat 6: arcusfm (button) folded before Flop (didn't bet)



PokerStars Hand #254265425254:  Hold'em No Limit ($0.50/$1.00 USD) - 2025/01/08 18:57:11 WET [2025/01/08 13:57:11 ET]
Table 'Valeska III' 6-max Seat #1 is the button
Seat 1: ImaPeppaPig ($210.92 in chips) 
Seat 2: Maximysss85 ($100.14 in chips) 
Seat 3: joner74 ($106.70 in chips) 
Seat 4: PhoenixAssassin ($101.50 in chips) 
Seat 5: Alpha$tunZ ($129.94 in chips) 
Seat 6: arcusfm ($79.18 in chips) 
Maximysss85: posts small blind $0.50
joner74: posts big blind $1
*** HOLE CARDS ***
PhoenixAssassin: folds 
Alpha$tunZ: folds 
arcusfm: folds 
ImaPeppaPig: raises $1.50 to $2.50
Maximysss85: raises $7.50 to $10
joner74: folds 
ImaPeppaPig: folds 
Uncalled bet ($7.50) returned to Maximysss85
Maximysss85 collected $6 from pot
Maximysss85: doesn't show hand 
*** SUMMARY ***
Total pot $6 | Rake $0 
Seat 1: ImaPeppaPig (button) folded before Flop
Seat 2: Maximysss85 (small blind) collected ($6)
Seat 3: joner74 (big blind) folded before Flop
Seat 4: PhoenixAssassin folded before Flop (didn't bet)
Seat 5: Alpha$tunZ folded before Flop (didn't bet)
Seat 6: arcusfm folded before Flop (didn't bet)



PokerStars Hand #254265429230:  Hold'em No Limit ($0.50/$1.00 USD) - 2025/01/08 18:57:30 WET [2025/01/08 13:57:30 ET]
Table 'Valeska III' 6-max Seat #2 is the button
Seat 1: ImaPeppaPig ($208.42 in chips) 
Seat 2: Maximysss85 ($103.64 in chips) 
Seat 3: joner74 ($105.70 in chips) 
Seat 4: PhoenixAssassin ($101.50 in chips) 
Seat 5: Alpha$tunZ ($129.94 in chips) 
Seat 6: arcusfm ($79.18 in chips) 
joner74: posts small blind $0.50
PhoenixAssassin: posts big blind $1
*** HOLE CARDS ***
Alpha$tunZ: folds 
arcusfm: folds 
ImaPeppaPig: folds 
Maximysss85: folds 
joner74: folds 
Uncalled bet ($0.50) returned to PhoenixAssassin
PhoenixAssassin collected $1 from pot
PhoenixAssassin: doesn't show hand 
*** SUMMARY ***
Total pot $1 | Rake $0 
Seat 1: ImaPeppaPig folded before Flop (didn't bet)
Seat 2: Maximysss85 (button) folded before Flop (didn't bet)
Seat 3: joner74 (small blind) folded before Flop
Seat 4: PhoenixAssassin (big blind) collected ($1)
Seat 5: Alpha$tunZ folded before Flop (didn't bet)
Seat 6: arcusfm folded before Flop (didn't bet)



PokerStars Hand #254265431232:  Hold'em No Limit ($0.50/$1.00 USD) - 2025/01/08 18:57:40 WET [2025/01/08 13:57:40 ET]
Table 'Valeska III' 6-max Seat #3 is the button
Seat 1: ImaPeppaPig ($208.42 in chips) 
Seat 2: Maximysss85 ($103.64 in chips) 
Seat 3: joner74 ($105.20 in chips) 
Seat 4: PhoenixAssassin ($102 in chips) 
Seat 5: Alpha$tunZ ($129.94 in chips) 
Seat 6: arcusfm ($79.18 in chips) 
PhoenixAssassin: posts small blind $0.50
Alpha$tunZ: posts big blind $1
*** HOLE CARDS ***
arcusfm: folds 
ImaPeppaPig: folds 
Maximysss85: folds 
joner74: raises $1.50 to $2.50
PhoenixAssassin: folds 
Alpha$tunZ: folds 
Uncalled bet ($1.50) returned to joner74
joner74 collected $2.50 from pot
joner74: doesn't show hand 
*** SUMMARY ***
Total pot $2.50 | Rake $0 
Seat 1: ImaPeppaPig folded before Flop (didn't bet)
Seat 2: Maximysss85 folded before Flop (didn't bet)
Seat 3: joner74 (button) collected ($2.50)
Seat 4: PhoenixAssassin (small blind) folded before Flop
Seat 5: Alpha$tunZ (big blind) folded before Flop
Seat 6: arcusfm folded before Flop (didn't bet)



PokerStars Hand #254265435351:  Hold'em No Limit ($0.50/$1.00 USD) - 2025/01/08 18:58:00 WET [2025/01/08 13:58:00 ET]
Table 'Valeska III' 6-max Seat #4 is the button
Seat 1: ImaPeppaPig ($208.42 in chips) 
Seat 2: Maximysss85 ($103.64 in chips) 
Seat 3: joner74 ($106.70 in chips) 
Seat 4: PhoenixAssassin ($101.50 in chips) 
Seat 5: Alpha$tunZ ($128.94 in chips) 
Seat 6: arcusfm ($79.18 in chips) 
Alpha$tunZ: posts small blind $0.50
arcusfm: posts big blind $1
*** HOLE CARDS ***
ImaPeppaPig: folds 
Maximysss85: folds 
joner74: folds 
PhoenixAssassin: folds 
Alpha$tunZ: raises $2 to $3
arcusfm: folds 
Uncalled bet ($2) returned to Alpha$tunZ
Alpha$tunZ collected $2 from pot
Alpha$tunZ: doesn't show hand 
*** SUMMARY ***
Total pot $2 | Rake $0 
Seat 1: ImaPeppaPig folded before Flop (didn't bet)
Seat 2: Maximysss85 folded before Flop (didn't bet)
Seat 3: joner74 folded before Flop (didn't bet)
Seat 4: PhoenixAssassin (button) folded before Flop (didn't bet)
Seat 5: Alpha$tunZ (small blind) collected ($2)
Seat 6: arcusfm (big blind) folded before Flop



PokerStars Hand #254265438340:  Hold'em No Limit ($0.50/$1.00 USD) - 2025/01/08 18:58:14 WET [2025/01/08 13:58:14 ET]
Table 'Valeska III' 6-max Seat #5 is the button
Seat 1: ImaPeppaPig ($208.42 in chips) 
Seat 2: Maximysss85 ($103.64 in chips) 
Seat 3: joner74 ($106.70 in chips) 
Seat 4: PhoenixAssassin ($101.50 in chips) 
Seat 5: Alpha$tunZ ($129.94 in chips) 
Seat 6: arcusfm ($78.18 in chips) 
arcusfm: posts small blind $0.50
ImaPeppaPig: posts big blind $1
*** HOLE CARDS ***
Maximysss85: folds 
joner74: raises $1.33 to $2.33
PhoenixAssassin: folds 
Alpha$tunZ: folds 
arcusfm: folds 
ImaPeppaPig: folds 
Uncalled bet ($1.33) returned to joner74
joner74 collected $2.50 from pot
joner74: doesn't show hand 
*** SUMMARY ***
Total pot $2.50 | Rake $0 
Seat 1: ImaPeppaPig (big blind) folded before Flop
Seat 2: Maximysss85 folded before Flop (didn't bet)
Seat 3: joner74 collected ($2.50)
Seat 4: PhoenixAssassin folded before Flop (didn't bet)
Seat 5: Alpha$tunZ (button) folded before Flop (didn't bet)
Seat 6: arcusfm (small blind) folded before Flop



PokerStars Hand #254265441615:  Hold'em No Limit ($0.50/$1.00 USD) - 2025/01/08 18:58:30 WET [2025/01/08 13:58:30 ET]
Table 'Valeska III' 6-max Seat #6 is the button
Seat 1: ImaPeppaPig ($207.42 in chips) 
Seat 2: Maximysss85 ($103.64 in chips) 
Seat 3: joner74 ($108.20 in chips) 
Seat 4: PhoenixAssassin ($101.50 in chips) 
Seat 5: Alpha$tunZ ($129.94 in chips) 
Seat 6: arcusfm ($77.68 in chips) 
ImaPeppaPig: posts small blind $0.50
Maximysss85: posts big blind $1
*** HOLE CARDS ***
joner74: folds 
PhoenixAssassin: folds 
Alpha$tunZ: folds 
arcusfm: raises $2 to $3
ImaPeppaPig: folds 
Maximysss85: folds 
Uncalled bet ($2) returned to arcusfm
arcusfm collected $2.50 from pot
*** SUMMARY ***
Total pot $2.50 | Rake $0 
Seat 1: ImaPeppaPig (small blind) folded before Flop
Seat 2: Maximysss85 (big blind) folded before Flop
Seat 3: joner74 folded before Flop (didn't bet)
Seat 4: PhoenixAssassin folded before Flop (didn't bet)
Seat 5: Alpha$tunZ folded before Flop (didn't bet)
Seat 6: arcusfm (button) collected ($2.50)



PokerStars Hand #254265444067:  Hold'em No Limit ($0.50/$1.00 USD) - 2025/01/08 18:58:41 WET [2025/01/08 13:58:41 ET]
Table 'Valeska III' 6-max Seat #1 is the button
Seat 1: ImaPeppaPig ($206.92 in chips) 
Seat 2: Maximysss85 ($102.64 in chips) 
Seat 3: joner74 ($108.20 in chips) 
Seat 4: PhoenixAssassin ($101.50 in chips) 
Seat 5: Alpha$tunZ ($129.94 in chips) 
Seat 6: arcusfm ($79.18 in chips) 
Maximysss85: posts small blind $0.50
joner74: posts big blind $1
*** HOLE CARDS ***
PhoenixAssassin: folds 
Alpha$tunZ: raises $1.25 to $2.25
arcusfm: folds 
ImaPeppaPig: folds 
Maximysss85: folds 
joner74: folds 
Uncalled bet ($1.25) returned to Alpha$tunZ
Alpha$tunZ collected $2.50 from pot
Alpha$tunZ: doesn't show hand 
*** SUMMARY ***
Total pot $2.50 | Rake $0 
Seat 1: ImaPeppaPig (button) folded before Flop (didn't bet)
Seat 2: Maximysss85 (small blind) folded before Flop
Seat 3: joner74 (big blind) folded before Flop
Seat 4: PhoenixAssassin folded before Flop (didn't bet)
Seat 5: Alpha$tunZ collected ($2.50)
Seat 6: arcusfm folded before Flop (didn't bet)



PokerStars Hand #254265446408:  Hold'em No Limit ($0.50/$1.00 USD) - 2025/01/08 18:58:53 WET [2025/01/08 13:58:53 ET]
Table 'Valeska III' 6-max Seat #2 is the button
Seat 1: ImaPeppaPig ($206.92 in chips) 
Seat 2: Maximysss85 ($102.14 in chips) 
Seat 3: joner74 ($107.20 in chips) 
Seat 4: PhoenixAssassin ($101.50 in chips) 
Seat 5: Alpha$tunZ ($131.44 in chips) 
Seat 6: arcusfm ($79.18 in chips) 
joner74: posts small blind $0.50
PhoenixAssassin: posts big blind $1
*** HOLE CARDS ***
Alpha$tunZ: folds 
arcusfm: folds 
ImaPeppaPig: folds 
Maximysss85: folds 
joner74: folds 
Uncalled bet ($0.50) returned to PhoenixAssassin
PhoenixAssassin collected $1 from pot
PhoenixAssassin: doesn't show hand 
*** SUMMARY ***
Total pot $1 | Rake $0 
Seat 1: ImaPeppaPig folded before Flop (didn't bet)
Seat 2: Maximysss85 (button) folded before Flop (didn't bet)
Seat 3: joner74 (small blind) folded before Flop
Seat 4: PhoenixAssassin (big blind) collected ($1)
Seat 5: Alpha$tunZ folded before Flop (didn't bet)
Seat 6: arcusfm folded before Flop (didn't bet)



PokerStars Hand #254265448177:  Hold'em No Limit ($0.50/$1.00 USD) - 2025/01/08 18:59:01 WET [2025/01/08 13:59:01 ET]
Table 'Valeska III' 6-max Seat #3 is the button
Seat 1: ImaPeppaPig ($206.92 in chips) 
Seat 2: Maximysss85 ($102.14 in chips) 
Seat 3: joner74 ($106.70 in chips) 
Seat 4: PhoenixAssassin ($102 in chips) 
Seat 5: Alpha$tunZ ($131.44 in chips) 
Seat 6: arcusfm ($79.18 in chips) 
PhoenixAssassin: posts small blind $0.50
Alpha$tunZ: posts big blind $1
*** HOLE CARDS ***
arcusfm: raises $2 to $3
ImaPeppaPig: folds 
Maximysss85: raises $5.85 to $8.85
joner74: folds 
PhoenixAssassin: folds 
Alpha$tunZ: folds 
arcusfm: calls $5.85
*** FLOP *** [Qs 7c As]
arcusfm: checks 
Maximysss85: bets $7.30
arcusfm: folds 
Uncalled bet ($7.30) returned to Maximysss85
Maximysss85 collected $18.24 from pot
Maximysss85: doesn't show hand 
*** SUMMARY ***
Total pot $19.20 | Rake $0.96 
Board [Qs 7c As]
Seat 1: ImaPeppaPig folded before Flop (didn't bet)
Seat 2: Maximysss85 collected ($18.24)
Seat 3: joner74 (button) folded before Flop (didn't bet)
Seat 4: PhoenixAssassin (small blind) folded before Flop
Seat 5: Alpha$tunZ (big blind) folded before Flop
Seat 6: arcusfm folded on the Flop



PokerStars Hand #254265457853:  Hold'em No Limit ($0.50/$1.00 USD) - 2025/01/08 18:59:47 WET [2025/01/08 13:59:47 ET]
Table 'Valeska III' 6-max Seat #4 is the button
Seat 1: ImaPeppaPig ($206.92 in chips) 
Seat 2: Maximysss85 ($111.53 in chips) 
Seat 3: joner74 ($106.70 in chips) 
Seat 4: PhoenixAssassin ($101.50 in chips) 
Seat 5: Alpha$tunZ ($130.44 in chips) 
Seat 6: arcusfm ($70.33 in chips) 
Alpha$tunZ: posts small blind $0.50
arcusfm: posts big blind $1
*** HOLE CARDS ***
ImaPeppaPig: raises $1.50 to $2.50
Maximysss85: folds 
joner74: folds 
PhoenixAssassin: folds 
Alpha$tunZ: raises $9 to $11.50
arcusfm: folds 
ImaPeppaPig: folds 
Uncalled bet ($9) returned to Alpha$tunZ
Alpha$tunZ collected $6 from pot
Alpha$tunZ: doesn't show hand 
*** SUMMARY ***
Total pot $6 | Rake $0 
Seat 1: ImaPeppaPig folded before Flop
Seat 2: Maximysss85 folded before Flop (didn't bet)
Seat 3: joner74 folded before Flop (didn't bet)
Seat 4: PhoenixAssassin (button) folded before Flop (didn't bet)
Seat 5: Alpha$tunZ (small blind) collected ($6)
Seat 6: arcusfm (big blind) folded before Flop



PokerStars Hand #254265463705:  Hold'em No Limit ($0.50/$1.00 USD) - 2025/01/08 19:00:14 WET [2025/01/08 14:00:14 ET]
Table 'Valeska III' 6-max Seat #5 is the button
Seat 1: ImaPeppaPig ($204.42 in chips) 
Seat 2: Maximysss85 ($111.53 in chips) 
Seat 3: joner74 ($106.70 in chips) 
Seat 4: PhoenixAssassin ($101.50 in chips) 
Seat 5: Alpha$tunZ ($133.94 in chips) 
Seat 6: arcusfm ($69.33 in chips) 
arcusfm: posts small blind $0.50
ImaPeppaPig: posts big blind $1
*** HOLE CARDS ***
Maximysss85: raises $1.25 to $2.25
joner74: folds 
PhoenixAssassin: folds 
Alpha$tunZ: folds 
arcusfm: folds 
ImaPeppaPig: calls $1.25
*** FLOP *** [Kd Ac 4c]
ImaPeppaPig: checks 
Maximysss85: bets $4.75
ImaPeppaPig: calls $4.75
*** TURN *** [Kd Ac 4c] [3d]
ImaPeppaPig: checks 
Maximysss85: bets $20.67
ImaPeppaPig: folds 
Uncalled bet ($20.67) returned to Maximysss85
Maximysss85 collected $13.78 from pot
Maximysss85: doesn't show hand 
*** SUMMARY ***
Total pot $14.50 | Rake $0.72 
Board [Kd Ac 4c 3d]
Seat 1: ImaPeppaPig (big blind) folded on the Turn
Seat 2: Maximysss85 collected ($13.78)
Seat 3: joner74 folded before Flop (didn't bet)
Seat 4: PhoenixAssassin folded before Flop (didn't bet)
Seat 5: Alpha$tunZ (button) folded before Flop (didn't bet)
Seat 6: arcusfm (small blind) folded before Flop



PokerStars Hand #254265470949:  Hold'em No Limit ($0.50/$1.00 USD) - 2025/01/08 19:00:46 WET [2025/01/08 14:00:46 ET]
Table 'Valeska III' 6-max Seat #6 is the button
Seat 1: ImaPeppaPig ($197.42 in chips) 
Seat 2: Maximysss85 ($118.31 in chips) 
Seat 3: joner74 ($106.70 in chips) 
Seat 4: PhoenixAssassin ($101.50 in chips) 
Seat 5: Alpha$tunZ ($133.94 in chips) 
Seat 6: arcusfm ($68.83 in chips) 
ImaPeppaPig: posts small blind $0.50
Maximysss85: posts big blind $1
*** HOLE CARDS ***
joner74: raises $1.33 to $2.33
PhoenixAssassin: folds 
Alpha$tunZ: folds 
arcusfm: calls $2.33
ImaPeppaPig: folds 
Maximysss85: folds 
*** FLOP *** [7s Qh Jd]
joner74: bets $2.56
arcusfm: calls $2.56
*** TURN *** [7s Qh Jd] [4s]
joner74: bets $9
arcusfm: calls $9
*** RIVER *** [7s Qh Jd 4s] [9h]
joner74: checks 
arcusfm: checks 
*** SHOW DOWN ***
joner74: shows [6h 4h] (a pair of Fours)
arcusfm: shows [4c 7c] (two pair, Sevens and Fours)
arcusfm collected $27.82 from pot
*** SUMMARY ***
Total pot $29.28 | Rake $1.46 
Board [7s Qh Jd 4s 9h]
Seat 1: ImaPeppaPig (small blind) folded before Flop
Seat 2: Maximysss85 (big blind) folded before Flop
Seat 3: joner74 showed [6h 4h] and lost with a pair of Fours
Seat 4: PhoenixAssassin folded before Flop (didn't bet)
Seat 5: Alpha$tunZ folded before Flop (didn't bet)
Seat 6: arcusfm (button) showed [4c 7c] and won ($27.82) with two pair, Sevens and Fours



PokerStars Hand #254265489085:  Hold'em No Limit ($0.50/$1.00 USD) - 2025/01/08 19:01:56 WET [2025/01/08 14:01:56 ET]
Table 'Valeska III' 6-max Seat #1 is the button
Seat 1: ImaPeppaPig ($196.92 in chips) 
Seat 2: Maximysss85 ($117.31 in chips) 
Seat 3: joner74 ($92.81 in chips) 
Seat 4: PhoenixAssassin ($101.50 in chips) 
Seat 5: Alpha$tunZ ($133.94 in chips) 
Seat 6: arcusfm ($82.76 in chips) 
Maximysss85: posts small blind $0.50
joner74: posts big blind $1
*** HOLE CARDS ***
PhoenixAssassin: folds 
Alpha$tunZ: folds 
arcusfm: folds 
ImaPeppaPig: folds 
Maximysss85: raises $2 to $3
joner74: folds 
Uncalled bet ($2) returned to Maximysss85
Maximysss85 collected $2 from pot
Maximysss85: doesn't show hand 
*** SUMMARY ***
Total pot $2 | Rake $0 
Seat 1: ImaPeppaPig (button) folded before Flop (didn't bet)
Seat 2: Maximysss85 (small blind) collected ($2)
Seat 3: joner74 (big blind) folded before Flop
Seat 4: PhoenixAssassin folded before Flop (didn't bet)
Seat 5: Alpha$tunZ folded before Flop (didn't bet)
Seat 6: arcusfm folded before Flop (didn't bet)



PokerStars Hand #254265493102:  Hold'em No Limit ($0.50/$1.00 USD) - 2025/01/08 19:02:10 WET [2025/01/08 14:02:10 ET]
Table 'Valeska III' 6-max Seat #2 is the button
Seat 1: ImaPeppaPig ($196.92 in chips) 
Seat 2: Maximysss85 ($118.31 in chips) 
Seat 3: joner74 ($91.81 in chips) 
Seat 4: PhoenixAssassin ($101.50 in chips) 
Seat 5: Alpha$tunZ ($133.94 in chips) 
Seat 6: arcusfm ($82.76 in chips) 
joner74: posts small blind $0.50
PhoenixAssassin: posts big blind $1
*** HOLE CARDS ***
Alpha$tunZ: raises $1.25 to $2.25
arcusfm: calls $2.25
ImaPeppaPig: folds 
Maximysss85: raises $6.44 to $8.69
joner74: folds 
PhoenixAssassin: folds 
Alpha$tunZ: raises $16.64 to $25.33
arcusfm: folds 
Maximysss85: folds 
Uncalled bet ($16.64) returned to Alpha$tunZ
Alpha$tunZ collected $21.13 from pot
Alpha$tunZ: doesn't show hand 
*** SUMMARY ***
Total pot $21.13 | Rake $0 
Seat 1: ImaPeppaPig folded before Flop (didn't bet)
Seat 2: Maximysss85 (button) folded before Flop
Seat 3: joner74 (small blind) folded before Flop
Seat 4: PhoenixAssassin (big blind) folded before Flop
Seat 5: Alpha$tunZ collected ($21.13)
Seat 6: arcusfm folded before Flop



PokerStars Hand #254265504086:  Hold'em No Limit ($0.50/$1.00 USD) - 2025/01/08 19:02:50 WET [2025/01/08 14:02:50 ET]
Table 'Valeska III' 6-max Seat #3 is the button
Seat 1: ImaPeppaPig ($196.92 in chips) 
Seat 2: Maximysss85 ($109.62 in chips) 
Seat 3: joner74 ($91.31 in chips) 
Seat 4: PhoenixAssassin ($100.50 in chips) 
Seat 5: Alpha$tunZ ($146.38 in chips) 
Seat 6: arcusfm ($80.51 in chips) 
PhoenixAssassin: posts small blind $0.50
Alpha$tunZ: posts big blind $1
*** HOLE CARDS ***
arcusfm: folds 
ImaPeppaPig: folds 
Maximysss85: folds 
joner74: folds 
PhoenixAssassin: raises $2 to $3
Alpha$tunZ: folds 
Uncalled bet ($2) returned to PhoenixAssassin
PhoenixAssassin collected $2 from pot
PhoenixAssassin: doesn't show hand 
*** SUMMARY ***
Total pot $2 | Rake $0 
Seat 1: ImaPeppaPig folded before Flop (didn't bet)
Seat 2: Maximysss85 folded before Flop (didn't bet)
Seat 3: joner74 (button) folded before Flop (didn't bet)
Seat 4: PhoenixAssassin (small blind) collected ($2)
Seat 5: Alpha$tunZ (big blind) folded before Flop
Seat 6: arcusfm folded before Flop (didn't bet)



PokerStars Hand #254265508179:  Hold'em No Limit ($0.50/$1.00 USD) - 2025/01/08 19:03:03 WET [2025/01/08 14:03:03 ET]
Table 'Valeska III' 6-max Seat #4 is the button
Seat 1: ImaPeppaPig ($196.92 in chips) 
Seat 2: Maximysss85 ($109.62 in chips) 
Seat 3: joner74 ($91.31 in chips) 
Seat 4: PhoenixAssassin ($101.50 in chips) 
Seat 5: Alpha$tunZ ($145.38 in chips) 
Seat 6: arcusfm ($80.51 in chips) 
Alpha$tunZ: posts small blind $0.50
arcusfm: posts big blind $1
*** HOLE CARDS ***
ImaPeppaPig: folds 
Maximysss85: folds 
joner74: raises $1.50 to $2.50
PhoenixAssassin: folds 
Alpha$tunZ: folds 
arcusfm: calls $1.50
*** FLOP *** [Ad Kc Qs]
arcusfm: checks 
joner74: bets $1.34
arcusfm: calls $1.34
*** TURN *** [Ad Kc Qs] [6c]
arcusfm: checks 
joner74: checks 
*** RIVER *** [Ad Kc Qs 6c] [Qh]
arcusfm: bets $7.77
joner74: folds 
Uncalled bet ($7.77) returned to arcusfm
arcusfm collected $7.77 from pot
*** SUMMARY ***
Total pot $8.18 | Rake $0.41 
Board [Ad Kc Qs 6c Qh]
Seat 1: ImaPeppaPig folded before Flop (didn't bet)
Seat 2: Maximysss85 folded before Flop (didn't bet)
Seat 3: joner74 folded on the River
Seat 4: PhoenixAssassin (button) folded before Flop (didn't bet)
Seat 5: Alpha$tunZ (small blind) folded before Flop
Seat 6: arcusfm (big blind) collected ($7.77)



PokerStars Hand #254265523005:  Hold'em No Limit ($0.50/$1.00 USD) - 2025/01/08 19:03:53 WET [2025/01/08 14:03:53 ET]
Table 'Valeska III' 6-max Seat #5 is the button
Seat 1: ImaPeppaPig ($196.92 in chips) 
Seat 2: Maximysss85 ($109.62 in chips) 
Seat 3: joner74 ($87.47 in chips) 
Seat 4: PhoenixAssassin ($101.50 in chips) 
Seat 5: Alpha$tunZ ($144.88 in chips) 
Seat 6: arcusfm ($84.44 in chips) 
arcusfm: posts small blind $0.50
ImaPeppaPig: posts big blind $1
*** HOLE CARDS ***
Maximysss85: folds 
joner74: folds 
PhoenixAssassin: folds 
Alpha$tunZ: folds 
arcusfm: raises $1 to $2
ImaPeppaPig: folds 
Uncalled bet ($1) returned to arcusfm
arcusfm collected $2 from pot
*** SUMMARY ***
Total pot $2 | Rake $0 
Seat 1: ImaPeppaPig (big blind) folded before Flop
Seat 2: Maximysss85 folded before Flop (didn't bet)
Seat 3: joner74 folded before Flop (didn't bet)
Seat 4: PhoenixAssassin folded before Flop (didn't bet)
Seat 5: Alpha$tunZ (button) folded before Flop (didn't bet)
Seat 6: arcusfm (small blind) collected ($2)



PokerStars Hand #254265528135:  Hold'em No Limit ($0.50/$1.00 USD) - 2025/01/08 19:04:10 WET [2025/01/08 14:04:10 ET]
Table 'Valeska III' 6-max Seat #6 is the button
Seat 1: ImaPeppaPig ($195.92 in chips) 
Seat 2: Maximysss85 ($109.62 in chips) 
Seat 3: joner74 ($87.47 in chips) 
Seat 4: PhoenixAssassin ($101.50 in chips) 
Seat 5: Alpha$tunZ ($144.88 in chips) 
Seat 6: arcusfm ($85.44 in chips) 
ImaPeppaPig: posts small blind $0.50
Maximysss85: posts big blind $1
*** HOLE CARDS ***
joner74: folds 
PhoenixAssassin: folds 
Alpha$tunZ: folds 
arcusfm: raises $1 to $2
ImaPeppaPig: calls $1.50
Maximysss85: raises $9 to $11
arcusfm: calls $9
ImaPeppaPig: calls $9
*** FLOP *** [3c 9s 7c]
ImaPeppaPig: checks 
Maximysss85: checks 
arcusfm: bets $15.68
ImaPeppaPig: folds 
Maximysss85: raises $82.94 to $98.62 and is all-in
arcusfm: calls $58.76 and is all-in
Uncalled bet ($24.18) returned to Maximysss85
*** TURN *** [3c 9s 7c] [3h]
*** RIVER *** [3c 9s 7c 3h] [2d]
*** SHOW DOWN ***
Maximysss85: shows [Kd Ac] (a pair of Threes)
arcusfm: shows [8h 8c] (two pair, Eights and Threes)
arcusfm cashed out the hand for $128.73 | Cash Out Fee $2.63
*** SUMMARY ***
Total pot $181.88 | Rake $2.50 
Board [3c 9s 7c 3h 2d]
Seat 1: ImaPeppaPig (small blind) folded on the Flop
Seat 2: Maximysss85 (big blind) showed [Kd Ac] and lost with a pair of Threes
Seat 3: joner74 folded before Flop (didn't bet)
Seat 4: PhoenixAssassin folded before Flop (didn't bet)
Seat 5: Alpha$tunZ folded before Flop (didn't bet)
Seat 6: arcusfm (button) showed [8h 8c] and won ($179.38) with two pair, Eights and Threes (pot not awarded as player cashed out)



PokerStars Hand #254265549394:  Hold'em No Limit ($0.50/$1.00 USD) - 2025/01/08 19:05:21 WET [2025/01/08 14:05:21 ET]
Table 'Valeska III' 6-max Seat #1 is the button
Seat 1: ImaPeppaPig ($184.92 in chips) 
Seat 2: Maximysss85 ($100 in chips) 
Seat 3: joner74 ($87.47 in chips) 
Seat 4: PhoenixAssassin ($101.50 in chips) 
Seat 5: Alpha$tunZ ($144.88 in chips) 
Seat 6: arcusfm ($128.73 in chips) 
Maximysss85: posts small blind $0.50
joner74: posts big blind $1
*** HOLE CARDS ***
PhoenixAssassin: folds 
Alpha$tunZ: folds 
arcusfm: folds 
ImaPeppaPig: raises $1.50 to $2.50
Maximysss85: folds 
joner74: folds 
Uncalled bet ($1.50) returned to ImaPeppaPig
ImaPeppaPig collected $2.50 from pot
ImaPeppaPig: doesn't show hand 
*** SUMMARY ***
Total pot $2.50 | Rake $0 
Seat 1: ImaPeppaPig (button) collected ($2.50)
Seat 2: Maximysss85 (small blind) folded before Flop
Seat 3: joner74 (big blind) folded before Flop
Seat 4: PhoenixAssassin folded before Flop (didn't bet)
Seat 5: Alpha$tunZ folded before Flop (didn't bet)
Seat 6: arcusfm folded before Flop (didn't bet)



PokerStars Hand #254265554725:  Hold'em No Limit ($0.50/$1.00 USD) - 2025/01/08 19:05:39 WET [2025/01/08 14:05:39 ET]
Table 'Valeska III' 6-max Seat #2 is the button
Seat 1: ImaPeppaPig ($186.42 in chips) 
Seat 2: Maximysss85 ($100 in chips) 
Seat 3: joner74 ($86.47 in chips) 
Seat 4: PhoenixAssassin ($101.50 in chips) 
Seat 5: Alpha$tunZ ($144.88 in chips) 
Seat 6: arcusfm ($128.73 in chips) 
joner74: posts small blind $0.50
PhoenixAssassin: posts big blind $1
*** HOLE CARDS ***
Alpha$tunZ: folds 
arcusfm: calls $1
ImaPeppaPig: folds 
Maximysss85: raises $3.50 to $4.50
joner74: folds 
PhoenixAssassin: folds 
arcusfm: calls $3.50
*** FLOP *** [8s 2c 9d]
arcusfm: checks 
Maximysss85: checks 
*** TURN *** [8s 2c 9d] [Js]
arcusfm: bets $4.99
Maximysss85: calls $4.99
*** RIVER *** [8s 2c 9d Js] [Tc]
arcusfm: checks 
Maximysss85: checks 
*** SHOW DOWN ***
arcusfm: shows [Kh Ts] (a pair of Tens)
Maximysss85: shows [Ah Th] (a pair of Tens - Ace kicker)
Maximysss85 collected $19.46 from pot
*** SUMMARY ***
Total pot $20.48 | Rake $1.02 
Board [8s 2c 9d Js Tc]
Seat 1: ImaPeppaPig folded before Flop (didn't bet)
Seat 2: Maximysss85 (button) showed [Ah Th] and won ($19.46) with a pair of Tens
Seat 3: joner74 (small blind) folded before Flop
Seat 4: PhoenixAssassin (big blind) folded before Flop
Seat 5: Alpha$tunZ folded before Flop (didn't bet)
Seat 6: arcusfm showed [Kh Ts] and lost with a pair of Tens



PokerStars Hand #254265570951:  Hold'em No Limit ($0.50/$1.00 USD) - 2025/01/08 19:06:32 WET [2025/01/08 14:06:32 ET]
Table 'Valeska III' 6-max Seat #3 is the button
Seat 1: ImaPeppaPig ($186.42 in chips) 
Seat 2: Maximysss85 ($109.97 in chips) 
Seat 3: joner74 ($85.97 in chips) 
Seat 4: PhoenixAssassin ($100.50 in chips) 
Seat 5: Alpha$tunZ ($144.88 in chips) 
Seat 6: arcusfm ($119.24 in chips) 
PhoenixAssassin: posts small blind $0.50
Alpha$tunZ: posts big blind $1
*** HOLE CARDS ***
arcusfm: folds 
ImaPeppaPig: raises $1.50 to $2.50
Maximysss85: folds 
joner74: raises $6.50 to $9
PhoenixAssassin: folds 
Alpha$tunZ: folds 
ImaPeppaPig: folds 
Uncalled bet ($6.50) returned to joner74
joner74 collected $6.50 from pot
joner74: doesn't show hand 
*** SUMMARY ***
Total pot $6.50 | Rake $0 
Seat 1: ImaPeppaPig folded before Flop
Seat 2: Maximysss85 folded before Flop (didn't bet)
Seat 3: joner74 (button) collected ($6.50)
Seat 4: PhoenixAssassin (small blind) folded before Flop
Seat 5: Alpha$tunZ (big blind) folded before Flop
Seat 6: arcusfm folded before Flop (didn't bet)



PokerStars Hand #254265580885:  Hold'em No Limit ($0.50/$1.00 USD) - 2025/01/08 19:07:04 WET [2025/01/08 14:07:04 ET]
Table 'Valeska III' 6-max Seat #4 is the button
Seat 1: ImaPeppaPig ($183.92 in chips) 
Seat 2: Maximysss85 ($109.97 in chips) 
Seat 3: joner74 ($89.97 in chips) 
Seat 4: PhoenixAssassin ($100 in chips) 
Seat 5: Alpha$tunZ ($143.88 in chips) 
Seat 6: arcusfm ($119.24 in chips) 
Alpha$tunZ: posts small blind $0.50
arcusfm: posts big blind $1
*** HOLE CARDS ***
ImaPeppaPig: folds 
Maximysss85: folds 
joner74: folds 
PhoenixAssassin: folds 
Alpha$tunZ: folds 
Uncalled bet ($0.50) returned to arcusfm
arcusfm collected $1 from pot
*** SUMMARY ***
Total pot $1 | Rake $0 
Seat 1: ImaPeppaPig folded before Flop (didn't bet)
Seat 2: Maximysss85 folded before Flop (didn't bet)
Seat 3: joner74 folded before Flop (didn't bet)
Seat 4: PhoenixAssassin (button) folded before Flop (didn't bet)
Seat 5: Alpha$tunZ (small blind) folded before Flop
Seat 6: arcusfm (big blind) collected ($1)



PokerStars Hand #254265586313:  Hold'em No Limit ($0.50/$1.00 USD) - 2025/01/08 19:07:22 WET [2025/01/08 14:07:22 ET]
Table 'Valeska III' 6-max Seat #5 is the button
Seat 1: ImaPeppaPig ($183.92 in chips) 
Seat 2: Maximysss85 ($109.97 in chips) 
Seat 3: joner74 ($89.97 in chips) 
Seat 4: PhoenixAssassin ($100 in chips) 
Seat 5: Alpha$tunZ ($143.38 in chips) 
Seat 6: arcusfm ($119.74 in chips) 
arcusfm: posts small blind $0.50
ImaPeppaPig: posts big blind $1
*** HOLE CARDS ***
Maximysss85: folds 
joner74: folds 
Maximysss85 leaves the table
PhoenixAssassin: folds 
Alpha$tunZ: raises $1.50 to $2.50
arcusfm: calls $2
ImaPeppaPig: raises $11.50 to $14
Alpha$tunZ: folds 
arcusfm: calls $11.50
*** FLOP *** [Ks 7d Qc]
arcusfm: checks 
ImaPeppaPig: bets $7.98
arcusfm: calls $7.98
*** TURN *** [Ks 7d Qc] [Ad]
arcusfm: checks 
ImaPeppaPig: checks 
*** RIVER *** [Ks 7d Qc Ad] [6c]
coeeeelho joins the table at seat #2 
arcusfm: bets $12.07
ImaPeppaPig: calls $12.07
*** SHOW DOWN ***
arcusfm: shows [9s Qs] (a pair of Queens)
ImaPeppaPig: shows [4h Kh] (a pair of Kings)
ImaPeppaPig collected $68.10 from pot
*** SUMMARY ***
Total pot $70.60 | Rake $2.50 
Board [Ks 7d Qc Ad 6c]
Seat 1: ImaPeppaPig (big blind) showed [4h Kh] and won ($68.10) with a pair of Kings
Seat 2: Maximysss85 folded before Flop (didn't bet)
Seat 3: joner74 folded before Flop (didn't bet)
Seat 4: PhoenixAssassin folded before Flop (didn't bet)
Seat 5: Alpha$tunZ (button) folded before Flop
Seat 6: arcusfm (small blind) showed [9s Qs] and lost with a pair of Queens



PokerStars Hand #254265604127:  Hold'em No Limit ($0.50/$1.00 USD) - 2025/01/08 19:08:21 WET [2025/01/08 14:08:21 ET]
Table 'Valeska III' 6-max Seat #6 is the button
Seat 1: ImaPeppaPig ($217.97 in chips) 
Seat 2: coeeeelho ($100 in chips) 
Seat 3: joner74 ($89.97 in chips) 
Seat 4: PhoenixAssassin ($100 in chips) 
Seat 5: Alpha$tunZ ($140.88 in chips) 
Seat 6: arcusfm ($85.69 in chips) 
ImaPeppaPig: posts small blind $0.50
coeeeelho: posts big blind $1
*** HOLE CARDS ***
joner74: folds 
PhoenixAssassin: folds 
Alpha$tunZ: folds 
arcusfm: raises $2.50 to $3.50
ImaPeppaPig: folds 
coeeeelho: folds 
Uncalled bet ($2.50) returned to arcusfm
arcusfm collected $2.50 from pot
*** SUMMARY ***
Total pot $2.50 | Rake $0 
Seat 1: ImaPeppaPig (small blind) folded before Flop
Seat 2: coeeeelho (big blind) folded before Flop
Seat 3: joner74 folded before Flop (didn't bet)
Seat 4: PhoenixAssassin folded before Flop (didn't bet)
Seat 5: Alpha$tunZ folded before Flop (didn't bet)
Seat 6: arcusfm (button) collected ($2.50)



PokerStars Hand #254265609479:  Hold'em No Limit ($0.50/$1.00 USD) - 2025/01/08 19:08:39 WET [2025/01/08 14:08:39 ET]
Table 'Valeska III' 6-max Seat #1 is the button
Seat 1: ImaPeppaPig ($217.47 in chips) 
Seat 2: coeeeelho ($100 in chips) 
Seat 3: joner74 ($89.97 in chips) 
Seat 4: PhoenixAssassin ($100 in chips) 
Seat 5: Alpha$tunZ ($140.88 in chips) 
Seat 6: arcusfm ($87.19 in chips) 
coeeeelho: posts small blind $0.50
joner74: posts big blind $1
*** HOLE CARDS ***
PhoenixAssassin: folds 
Alpha$tunZ: folds 
arcusfm: folds 
ImaPeppaPig: folds 
coeeeelho: folds 
Uncalled bet ($0.50) returned to joner74
joner74 collected $1 from pot
joner74: doesn't show hand 
*** SUMMARY ***
Total pot $1 | Rake $0 
Seat 1: ImaPeppaPig (button) folded before Flop (didn't bet)
Seat 2: coeeeelho (small blind) folded before Flop
Seat 3: joner74 (big blind) collected ($1)
Seat 4: PhoenixAssassin folded before Flop (didn't bet)
Seat 5: Alpha$tunZ folded before Flop (didn't bet)
Seat 6: arcusfm folded before Flop (didn't bet)



PokerStars Hand #254265612251:  Hold'em No Limit ($0.50/$1.00 USD) - 2025/01/08 19:08:48 WET [2025/01/08 14:08:48 ET]
Table 'Valeska III' 6-max Seat #2 is the button
Seat 1: ImaPeppaPig ($217.47 in chips) 
Seat 2: coeeeelho ($100 in chips) 
Seat 3: joner74 ($90.47 in chips) 
Seat 4: PhoenixAssassin ($100 in chips) 
Seat 5: Alpha$tunZ ($140.88 in chips) 
Seat 6: arcusfm ($87.19 in chips) 
joner74: posts small blind $0.50
PhoenixAssassin: posts big blind $1
*** HOLE CARDS ***
Alpha$tunZ: folds 
arcusfm: raises $2.50 to $3.50
ImaPeppaPig: folds 
coeeeelho: folds 
joner74: folds 
PhoenixAssassin: calls $2.50
*** FLOP *** [3h Qs 7h]
PhoenixAssassin: checks 
arcusfm: bets $3.56
PhoenixAssassin: calls $3.56
*** TURN *** [3h Qs 7h] [5c]
PhoenixAssassin: checks 
arcusfm: bets $6.95
PhoenixAssassin: calls $6.95
*** RIVER *** [3h Qs 7h 5c] [Tc]
PhoenixAssassin: checks 
arcusfm: bets $13.55
PhoenixAssassin: calls $13.55
*** SHOW DOWN ***
arcusfm: shows [6s As] (high card Ace)
PhoenixAssassin: shows [Qd 8d] (a pair of Queens)
PhoenixAssassin collected $53.12 from pot
*** SUMMARY ***
Total pot $55.62 | Rake $2.50 
Board [3h Qs 7h 5c Tc]
Seat 1: ImaPeppaPig folded before Flop (didn't bet)
Seat 2: coeeeelho (button) folded before Flop (didn't bet)
Seat 3: joner74 (small blind) folded before Flop
Seat 4: PhoenixAssassin (big blind) showed [Qd 8d] and won ($53.12) with a pair of Queens
Seat 5: Alpha$tunZ folded before Flop (didn't bet)
Seat 6: arcusfm showed [6s As] and lost with high card Ace



PokerStars Hand #254265629908:  Hold'em No Limit ($0.50/$1.00 USD) - 2025/01/08 19:09:46 WET [2025/01/08 14:09:46 ET]
Table 'Valeska III' 6-max Seat #3 is the button
Seat 1: ImaPeppaPig ($217.47 in chips) 
Seat 2: coeeeelho ($100 in chips) 
Seat 3: joner74 ($89.97 in chips) 
Seat 4: PhoenixAssassin ($125.56 in chips) 
Seat 5: Alpha$tunZ ($140.88 in chips) 
Seat 6: arcusfm ($59.63 in chips) 
PhoenixAssassin: posts small blind $0.50
Alpha$tunZ: posts big blind $1
*** HOLE CARDS ***
arcusfm: folds 
ImaPeppaPig: folds 
coeeeelho: folds 
joner74: folds 
PhoenixAssassin: raises $2 to $3
Alpha$tunZ: calls $2
*** FLOP *** [9s 2h 8h]
PhoenixAssassin: checks 
Alpha$tunZ: checks 
*** TURN *** [9s 2h 8h] [3h]
PhoenixAssassin: bets $10
Alpha$tunZ: calls $10
*** RIVER *** [9s 2h 8h 3h] [6s]
PhoenixAssassin: checks 
Alpha$tunZ: checks 
*** SHOW DOWN ***
PhoenixAssassin: shows [Jh 7h] (a flush, Jack high)
Alpha$tunZ: mucks hand 
PhoenixAssassin collected $24.70 from pot
*** SUMMARY ***
Total pot $26 | Rake $1.30 
Board [9s 2h 8h 3h 6s]
Seat 1: ImaPeppaPig folded before Flop (didn't bet)
Seat 2: coeeeelho folded before Flop (didn't bet)
Seat 3: joner74 (button) folded before Flop (didn't bet)
Seat 4: PhoenixAssassin (small blind) showed [Jh 7h] and won ($24.70) with a flush, Jack high
Seat 5: Alpha$tunZ (big blind) mucked
Seat 6: arcusfm folded before Flop (didn't bet)



PokerStars Hand #254265651470:  Hold'em No Limit ($0.50/$1.00 USD) - 2025/01/08 19:10:57 WET [2025/01/08 14:10:57 ET]
Table 'Valeska III' 6-max Seat #4 is the button
Seat 1: ImaPeppaPig ($217.47 in chips) 
Seat 2: coeeeelho ($100 in chips) 
Seat 3: joner74 ($89.97 in chips) 
Seat 4: PhoenixAssassin ($137.26 in chips) 
Seat 5: Alpha$tunZ ($127.88 in chips) 
Seat 6: arcusfm ($59.63 in chips) 
Alpha$tunZ: posts small blind $0.50
arcusfm: posts big blind $1
*** HOLE CARDS ***
ImaPeppaPig: folds 
coeeeelho: folds 
joner74: folds 
PhoenixAssassin: folds 
Alpha$tunZ: folds 
Uncalled bet ($0.50) returned to arcusfm
arcusfm collected $1 from pot
*** SUMMARY ***
Total pot $1 | Rake $0 
Seat 1: ImaPeppaPig folded before Flop (didn't bet)
Seat 2: coeeeelho folded before Flop (didn't bet)
Seat 3: joner74 folded before Flop (didn't bet)
Seat 4: PhoenixAssassin (button) folded before Flop (didn't bet)
Seat 5: Alpha$tunZ (small blind) folded before Flop
Seat 6: arcusfm (big blind) collected ($1)



PokerStars Hand #254265657898:  Hold'em No Limit ($0.50/$1.00 USD) - 2025/01/08 19:11:18 WET [2025/01/08 14:11:18 ET]
Table 'Valeska III' 6-max Seat #5 is the button
Seat 1: ImaPeppaPig ($217.47 in chips) 
Seat 2: coeeeelho ($100 in chips) 
Seat 3: joner74 ($89.97 in chips) 
Seat 4: PhoenixAssassin ($137.26 in chips) 
Seat 5: Alpha$tunZ ($127.38 in chips) 
Seat 6: arcusfm ($60.13 in chips) 
arcusfm: posts small blind $0.50
ImaPeppaPig: posts big blind $1
*** HOLE CARDS ***
coeeeelho: folds 
joner74: raises $1.50 to $2.50
PhoenixAssassin: folds 
Alpha$tunZ: folds 
arcusfm: folds 
ImaPeppaPig: folds 
Uncalled bet ($1.50) returned to joner74
joner74 collected $2.50 from pot
joner74: doesn't show hand 
*** SUMMARY ***
Total pot $2.50 | Rake $0 
Seat 1: ImaPeppaPig (big blind) folded before Flop
Seat 2: coeeeelho folded before Flop (didn't bet)
Seat 3: joner74 collected ($2.50)
Seat 4: PhoenixAssassin folded before Flop (didn't bet)
Seat 5: Alpha$tunZ (button) folded before Flop (didn't bet)
Seat 6: arcusfm (small blind) folded before Flop



PokerStars Hand #254265663954:  Hold'em No Limit ($0.50/$1.00 USD) - 2025/01/08 19:11:38 WET [2025/01/08 14:11:38 ET]
Table 'Valeska III' 6-max Seat #6 is the button
Seat 1: ImaPeppaPig ($216.47 in chips) 
Seat 2: coeeeelho ($100 in chips) 
Seat 3: joner74 ($91.47 in chips) 
Seat 4: PhoenixAssassin ($137.26 in chips) 
Seat 5: Alpha$tunZ ($127.38 in chips) 
Seat 6: arcusfm ($59.63 in chips) 
ImaPeppaPig: posts small blind $0.50
coeeeelho: posts big blind $1
*** HOLE CARDS ***
joner74: folds 
PhoenixAssassin: folds 
Alpha$tunZ: raises $1.25 to $2.25
arcusfm: calls $2.25
ImaPeppaPig: folds 
coeeeelho: folds 
*** FLOP *** [3c Jd 7h]
Alpha$tunZ: checks 
arcusfm: bets $3.85
Alpha$tunZ: folds 
Uncalled bet ($3.85) returned to arcusfm
arcusfm collected $5.70 from pot
*** SUMMARY ***
Total pot $6 | Rake $0.30 
Board [3c Jd 7h]
Seat 1: ImaPeppaPig (small blind) folded before Flop
Seat 2: coeeeelho (big blind) folded before Flop
Seat 3: joner74 folded before Flop (didn't bet)
Seat 4: PhoenixAssassin folded before Flop (didn't bet)
Seat 5: Alpha$tunZ folded on the Flop
Seat 6: arcusfm (button) collected ($5.70)



PokerStars Hand #254265673040:  Hold'em No Limit ($0.50/$1.00 USD) - 2025/01/08 19:12:08 WET [2025/01/08 14:12:08 ET]
Table 'Valeska III' 6-max Seat #1 is the button
Seat 1: ImaPeppaPig ($215.97 in chips) 
Seat 2: coeeeelho ($100 in chips) 
Seat 3: joner74 ($91.47 in chips) 
Seat 4: PhoenixAssassin ($137.26 in chips) 
Seat 5: Alpha$tunZ ($125.13 in chips) 
Seat 6: arcusfm ($63.08 in chips) 
coeeeelho: posts small blind $0.50
joner74: posts big blind $1
*** HOLE CARDS ***
PhoenixAssassin: folds 
Alpha$tunZ: folds 
arcusfm: folds 
ImaPeppaPig: raises $1.50 to $2.50
coeeeelho: folds 
joner74: folds 
Uncalled bet ($1.50) returned to ImaPeppaPig
ImaPeppaPig collected $2.50 from pot
ImaPeppaPig: doesn't show hand 
*** SUMMARY ***
Total pot $2.50 | Rake $0 
Seat 1: ImaPeppaPig (button) collected ($2.50)
Seat 2: coeeeelho (small blind) folded before Flop
Seat 3: joner74 (big blind) folded before Flop
Seat 4: PhoenixAssassin folded before Flop (didn't bet)
Seat 5: Alpha$tunZ folded before Flop (didn't bet)
Seat 6: arcusfm folded before Flop (didn't bet)



PokerStars Hand #254265680100:  Hold'em No Limit ($0.50/$1.00 USD) - 2025/01/08 19:12:32 WET [2025/01/08 14:12:32 ET]
Table 'Valeska III' 6-max Seat #2 is the button
Seat 1: ImaPeppaPig ($217.47 in chips) 
Seat 2: coeeeelho ($100 in chips) 
Seat 3: joner74 ($90.47 in chips) 
Seat 4: PhoenixAssassin ($137.26 in chips) 
Seat 5: Alpha$tunZ ($125.13 in chips) 
Seat 6: arcusfm ($63.08 in chips) 
joner74: posts small blind $0.50
PhoenixAssassin: posts big blind $1
*** HOLE CARDS ***
Alpha$tunZ: folds 
arcusfm: folds 
ImaPeppaPig: folds 
coeeeelho: folds 
joner74: raises $2 to $3
PhoenixAssassin: calls $2
*** FLOP *** [Jd Th 3s]
joner74: bets $1.30
PhoenixAssassin: raises $4.15 to $5.45
joner74: calls $4.15
*** TURN *** [Jd Th 3s] [9h]
joner74: checks 
PhoenixAssassin: checks 
*** RIVER *** [Jd Th 3s 9h] [7s]
joner74: checks 
PhoenixAssassin: bets $12
joner74: folds 
Uncalled bet ($12) returned to PhoenixAssassin
PhoenixAssassin collected $16.06 from pot
PhoenixAssassin: doesn't show hand 
*** SUMMARY ***
Total pot $16.90 | Rake $0.84 
Board [Jd Th 3s 9h 7s]
Seat 1: ImaPeppaPig folded before Flop (didn't bet)
Seat 2: coeeeelho (button) folded before Flop (didn't bet)
Seat 3: joner74 (small blind) folded on the River
Seat 4: PhoenixAssassin (big blind) collected ($16.06)
Seat 5: Alpha$tunZ folded before Flop (didn't bet)
Seat 6: arcusfm folded before Flop (didn't bet)



PokerStars Hand #254265707876:  Hold'em No Limit ($0.50/$1.00 USD) - 2025/01/08 19:14:04 WET [2025/01/08 14:14:04 ET]
Table 'Valeska III' 6-max Seat #3 is the button
Seat 1: ImaPeppaPig ($217.47 in chips) 
Seat 2: coeeeelho ($100 in chips) 
Seat 3: joner74 ($82.02 in chips) 
Seat 4: PhoenixAssassin ($144.87 in chips) 
Seat 5: Alpha$tunZ ($125.13 in chips) 
Seat 6: arcusfm ($63.08 in chips) 
PhoenixAssassin: posts small blind $0.50
Alpha$tunZ: posts big blind $1
*** HOLE CARDS ***
arcusfm: folds 
ImaPeppaPig: raises $1.50 to $2.50
coeeeelho: folds 
joner74: folds 
PhoenixAssassin: raises $9.50 to $12
Alpha$tunZ: folds 
ImaPeppaPig: folds 
Uncalled bet ($9.50) returned to PhoenixAssassin
PhoenixAssassin collected $6 from pot
PhoenixAssassin: doesn't show hand 
*** SUMMARY ***
Total pot $6 | Rake $0 
Seat 1: ImaPeppaPig folded before Flop
Seat 2: coeeeelho folded before Flop (didn't bet)
Seat 3: joner74 (button) folded before Flop (didn't bet)
Seat 4: PhoenixAssassin (small blind) collected ($6)
Seat 5: Alpha$tunZ (big blind) folded before Flop
Seat 6: arcusfm folded before Flop (didn't bet)



PokerStars Hand #254265715750:  Hold'em No Limit ($0.50/$1.00 USD) - 2025/01/08 19:14:30 WET [2025/01/08 14:14:30 ET]
Table 'Valeska III' 6-max Seat #4 is the button
Seat 1: ImaPeppaPig ($214.97 in chips) 
Seat 2: coeeeelho ($100 in chips) 
Seat 3: joner74 ($82.02 in chips) 
Seat 4: PhoenixAssassin ($148.37 in chips) 
Seat 5: Alpha$tunZ ($124.13 in chips) 
Seat 6: arcusfm ($63.08 in chips) 
Alpha$tunZ: posts small blind $0.50
arcusfm: posts big blind $1
*** HOLE CARDS ***
ImaPeppaPig: folds 
coeeeelho: folds 
joner74: folds 
PhoenixAssassin: folds 
Alpha$tunZ: folds 
Uncalled bet ($0.50) returned to arcusfm
arcusfm collected $1 from pot
*** SUMMARY ***
Total pot $1 | Rake $0 
Seat 1: ImaPeppaPig folded before Flop (didn't bet)
Seat 2: coeeeelho folded before Flop (didn't bet)
Seat 3: joner74 folded before Flop (didn't bet)
Seat 4: PhoenixAssassin (button) folded before Flop (didn't bet)
Seat 5: Alpha$tunZ (small blind) folded before Flop
Seat 6: arcusfm (big blind) collected ($1)



PokerStars Hand #254265720014:  Hold'em No Limit ($0.50/$1.00 USD) - 2025/01/08 19:14:44 WET [2025/01/08 14:14:44 ET]
Table 'Valeska III' 6-max Seat #5 is the button
Seat 1: ImaPeppaPig ($214.97 in chips) 
Seat 2: coeeeelho ($100 in chips) 
Seat 3: joner74 ($82.02 in chips) 
Seat 4: PhoenixAssassin ($148.37 in chips) 
Seat 5: Alpha$tunZ ($123.63 in chips) 
Seat 6: arcusfm ($63.58 in chips) 
arcusfm: posts small blind $0.50
ImaPeppaPig: posts big blind $1
*** HOLE CARDS ***
coeeeelho: raises $1.20 to $2.20
joner74: folds 
PhoenixAssassin: folds 
Alpha$tunZ: folds 
arcusfm: folds 
ImaPeppaPig: folds 
Uncalled bet ($1.20) returned to coeeeelho
coeeeelho collected $2.50 from pot
*** SUMMARY ***
Total pot $2.50 | Rake $0 
Seat 1: ImaPeppaPig (big blind) folded before Flop
Seat 2: coeeeelho collected ($2.50)
Seat 3: joner74 folded before Flop (didn't bet)
Seat 4: PhoenixAssassin folded before Flop (didn't bet)
Seat 5: Alpha$tunZ (button) folded before Flop (didn't bet)
Seat 6: arcusfm (small blind) folded before Flop



PokerStars Hand #254265725377:  Hold'em No Limit ($0.50/$1.00 USD) - 2025/01/08 19:15:01 WET [2025/01/08 14:15:01 ET]
Table 'Valeska III' 6-max Seat #6 is the button
Seat 1: ImaPeppaPig ($213.97 in chips) 
Seat 2: coeeeelho ($101.50 in chips) 
Seat 3: joner74 ($82.02 in chips) 
Seat 4: PhoenixAssassin ($148.37 in chips) 
Seat 5: Alpha$tunZ ($123.63 in chips) 
Seat 6: arcusfm ($63.08 in chips) 
ImaPeppaPig: posts small blind $0.50
coeeeelho: posts big blind $1
*** HOLE CARDS ***
joner74: raises $1.50 to $2.50
PhoenixAssassin: folds 
Alpha$tunZ: folds 
arcusfm: folds 
ImaPeppaPig: folds 
coeeeelho: folds 
Uncalled bet ($1.50) returned to joner74
joner74 collected $2.50 from pot
joner74: doesn't show hand 
*** SUMMARY ***
Total pot $2.50 | Rake $0 
Seat 1: ImaPeppaPig (small blind) folded before Flop
Seat 2: coeeeelho (big blind) folded before Flop
Seat 3: joner74 collected ($2.50)
Seat 4: PhoenixAssassin folded before Flop (didn't bet)
Seat 5: Alpha$tunZ folded before Flop (didn't bet)
Seat 6: arcusfm (button) folded before Flop (didn't bet)



PokerStars Hand #254265732246:  Hold'em No Limit ($0.50/$1.00 USD) - 2025/01/08 19:15:24 WET [2025/01/08 14:15:24 ET]
Table 'Valeska III' 6-max Seat #1 is the button
Seat 1: ImaPeppaPig ($213.47 in chips) 
Seat 2: coeeeelho ($100.50 in chips) 
Seat 3: joner74 ($83.52 in chips) 
Seat 4: PhoenixAssassin ($148.37 in chips) 
Seat 5: Alpha$tunZ ($123.63 in chips) 
Seat 6: arcusfm ($63.08 in chips) 
coeeeelho: posts small blind $0.50
joner74: posts big blind $1
*** HOLE CARDS ***
PhoenixAssassin: folds 
Alpha$tunZ: raises $1.25 to $2.25
arcusfm: folds 
ImaPeppaPig: raises $4.75 to $7
coeeeelho: folds 
joner74: folds 
Alpha$tunZ: raises $12.60 to $19.60
ImaPeppaPig: folds 
Uncalled bet ($12.60) returned to Alpha$tunZ
Alpha$tunZ collected $15.50 from pot
Alpha$tunZ: doesn't show hand 
*** SUMMARY ***
Total pot $15.50 | Rake $0 
Seat 1: ImaPeppaPig (button) folded before Flop
Seat 2: coeeeelho (small blind) folded before Flop
Seat 3: joner74 (big blind) folded before Flop
Seat 4: PhoenixAssassin folded before Flop (didn't bet)
Seat 5: Alpha$tunZ collected ($15.50)
Seat 6: arcusfm folded before Flop (didn't bet)



PokerStars Hand #254265745267:  Hold'em No Limit ($0.50/$1.00 USD) - 2025/01/08 19:16:07 WET [2025/01/08 14:16:07 ET]
Table 'Valeska III' 6-max Seat #2 is the button
Seat 1: ImaPeppaPig ($206.47 in chips) 
Seat 2: coeeeelho ($100 in chips) 
Seat 3: joner74 ($82.52 in chips) 
Seat 4: PhoenixAssassin ($148.37 in chips) 
Seat 5: Alpha$tunZ ($132.13 in chips) 
Seat 6: arcusfm ($63.08 in chips) 
joner74: posts small blind $0.50
PhoenixAssassin: posts big blind $1
*** HOLE CARDS ***
Alpha$tunZ: folds 
arcusfm: folds 
ImaPeppaPig: raises $1.50 to $2.50
coeeeelho: folds 
joner74: calls $2
PhoenixAssassin: folds 
*** FLOP *** [9s 6h 6d]
joner74: checks 
ImaPeppaPig: bets $2
joner74: calls $2
*** TURN *** [9s 6h 6d] [Td]
joner74: checks 
ImaPeppaPig: checks 
*** RIVER *** [9s 6h 6d Td] [Jc]
joner74: bets $9.50
ImaPeppaPig: calls $9.50
*** SHOW DOWN ***
joner74: shows [Kh 3h] (a pair of Sixes)
ImaPeppaPig: shows [Jh 9h] (two pair, Jacks and Nines)
ImaPeppaPig collected $27.55 from pot
*** SUMMARY ***
Total pot $29 | Rake $1.45 
Board [9s 6h 6d Td Jc]
Seat 1: ImaPeppaPig showed [Jh 9h] and won ($27.55) with two pair, Jacks and Nines
Seat 2: coeeeelho (button) folded before Flop (didn't bet)
Seat 3: joner74 (small blind) showed [Kh 3h] and lost with a pair of Sixes
Seat 4: PhoenixAssassin (big blind) folded before Flop
Seat 5: Alpha$tunZ folded before Flop (didn't bet)
Seat 6: arcusfm folded before Flop (didn't bet)



PokerStars Hand #254265771035:  Hold'em No Limit ($0.50/$1.00 USD) - 2025/01/08 19:17:32 WET [2025/01/08 14:17:32 ET]
Table 'Valeska III' 6-max Seat #3 is the button
Seat 1: ImaPeppaPig ($220.02 in chips) 
Seat 2: coeeeelho ($100 in chips) 
Seat 3: joner74 ($68.52 in chips) 
Seat 4: PhoenixAssassin ($147.37 in chips) 
Seat 5: Alpha$tunZ ($132.13 in chips) 
Seat 6: arcusfm ($63.08 in chips) 
PhoenixAssassin: posts small blind $0.50
Alpha$tunZ: posts big blind $1
*** HOLE CARDS ***
arcusfm: folds 
ImaPeppaPig: raises $1.50 to $2.50
coeeeelho: folds 
joner74: folds 
PhoenixAssassin: folds 
Alpha$tunZ: folds 
Uncalled bet ($1.50) returned to ImaPeppaPig
ImaPeppaPig collected $2.50 from pot
ImaPeppaPig: doesn't show hand 
*** SUMMARY ***
Total pot $2.50 | Rake $0 
Seat 1: ImaPeppaPig collected ($2.50)
Seat 2: coeeeelho folded before Flop (didn't bet)
Seat 3: joner74 (button) folded before Flop (didn't bet)
Seat 4: PhoenixAssassin (small blind) folded before Flop
Seat 5: Alpha$tunZ (big blind) folded before Flop
Seat 6: arcusfm folded before Flop (didn't bet)



PokerStars Hand #254265777370:  Hold'em No Limit ($0.50/$1.00 USD) - 2025/01/08 19:17:52 WET [2025/01/08 14:17:52 ET]
Table 'Valeska III' 6-max Seat #4 is the button
Seat 1: ImaPeppaPig ($221.52 in chips) 
Seat 2: coeeeelho ($100 in chips) 
Seat 3: joner74 ($68.52 in chips) 
Seat 4: PhoenixAssassin ($146.87 in chips) 
Seat 5: Alpha$tunZ ($131.13 in chips) 
Seat 6: arcusfm ($63.08 in chips) 
Alpha$tunZ: posts small blind $0.50
arcusfm: posts big blind $1
*** HOLE CARDS ***
ImaPeppaPig: folds 
coeeeelho: folds 
joner74: folds 
PhoenixAssassin: folds 
Alpha$tunZ: folds 
Uncalled bet ($0.50) returned to arcusfm
arcusfm collected $1 from pot
*** SUMMARY ***
Total pot $1 | Rake $0 
Seat 1: ImaPeppaPig folded before Flop (didn't bet)
Seat 2: coeeeelho folded before Flop (didn't bet)
Seat 3: joner74 folded before Flop (didn't bet)
Seat 4: PhoenixAssassin (button) folded before Flop (didn't bet)
Seat 5: Alpha$tunZ (small blind) folded before Flop
Seat 6: arcusfm (big blind) collected ($1)



PokerStars Hand #254265780232:  Hold'em No Limit ($0.50/$1.00 USD) - 2025/01/08 19:18:02 WET [2025/01/08 14:18:02 ET]
Table 'Valeska III' 6-max Seat #5 is the button
Seat 1: ImaPeppaPig ($221.52 in chips) 
Seat 2: coeeeelho ($100 in chips) 
Seat 3: joner74 ($68.52 in chips) 
Seat 4: PhoenixAssassin ($146.87 in chips) 
Seat 5: Alpha$tunZ ($130.63 in chips) 
Seat 6: arcusfm ($63.58 in chips) 
arcusfm: posts small blind $0.50
ImaPeppaPig: posts big blind $1
*** HOLE CARDS ***
coeeeelho: raises $1.10 to $2.10
joner74: folds 
PhoenixAssassin: folds 
Alpha$tunZ: folds 
arcusfm: calls $1.60
ImaPeppaPig: folds 
*** FLOP *** [4d 4h Jh]
arcusfm: checks 
coeeeelho: bets $1.63
arcusfm: raises $1.63 to $3.26
coeeeelho: calls $1.63
*** TURN *** [4d 4h Jh] [8d]
arcusfm: checks 
coeeeelho: bets $8.35
arcusfm: calls $8.35
*** RIVER *** [4d 4h Jh 8d] [8s]
arcusfm: checks 
coeeeelho: checks 
*** SHOW DOWN ***
arcusfm: shows [3c 3d] (two pair, Eights and Fours)
coeeeelho: shows [Th Qd] (two pair, Eights and Fours - Queen kicker)
coeeeelho collected $27 from pot
*** SUMMARY ***
Total pot $28.42 | Rake $1.42 
Board [4d 4h Jh 8d 8s]
Seat 1: ImaPeppaPig (big blind) folded before Flop
Seat 2: coeeeelho showed [Th Qd] and won ($27) with two pair, Eights and Fours
Seat 3: joner74 folded before Flop (didn't bet)
Seat 4: PhoenixAssassin folded before Flop (didn't bet)
Seat 5: Alpha$tunZ (button) folded before Flop (didn't bet)
Seat 6: arcusfm (small blind) showed [3c 3d] and lost with two pair, Eights and Fours



PokerStars Hand #254265796782:  Hold'em No Limit ($0.50/$1.00 USD) - 2025/01/08 19:18:56 WET [2025/01/08 14:18:56 ET]
Table 'Valeska III' 6-max Seat #6 is the button
Seat 1: ImaPeppaPig ($220.52 in chips) 
Seat 2: coeeeelho ($113.29 in chips) 
Seat 3: joner74 ($68.52 in chips) 
Seat 4: PhoenixAssassin ($146.87 in chips) 
Seat 5: Alpha$tunZ ($130.63 in chips) 
Seat 6: arcusfm ($49.87 in chips) 
ImaPeppaPig: posts small blind $0.50
coeeeelho: posts big blind $1
*** HOLE CARDS ***
joner74: folds 
PhoenixAssassin: folds 
Alpha$tunZ: folds 
arcusfm: calls $1
ImaPeppaPig: folds 
coeeeelho: checks 
*** FLOP *** [Ac 9c Js]
coeeeelho: checks 
arcusfm: checks 
*** TURN *** [Ac 9c Js] [7d]
coeeeelho: checks 
arcusfm: checks 
*** RIVER *** [Ac 9c Js 7d] [As]
coeeeelho: checks 
arcusfm: bets $2.38
coeeeelho: folds 
Uncalled bet ($2.38) returned to arcusfm
arcusfm collected $2.38 from pot
*** SUMMARY ***
Total pot $2.50 | Rake $0.12 
Board [Ac 9c Js 7d As]
Seat 1: ImaPeppaPig (small blind) folded before Flop
Seat 2: coeeeelho (big blind) folded on the River
Seat 3: joner74 folded before Flop (didn't bet)
Seat 4: PhoenixAssassin folded before Flop (didn't bet)
Seat 5: Alpha$tunZ folded before Flop (didn't bet)
Seat 6: arcusfm (button) collected ($2.38)



PokerStars Hand #254265809615:  Hold'em No Limit ($0.50/$1.00 USD) - 2025/01/08 19:19:38 WET [2025/01/08 14:19:38 ET]
Table 'Valeska III' 6-max Seat #1 is the button
Seat 1: ImaPeppaPig ($220.02 in chips) 
Seat 2: coeeeelho ($112.29 in chips) 
Seat 3: joner74 ($68.52 in chips) 
Seat 4: PhoenixAssassin ($146.87 in chips) 
Seat 5: Alpha$tunZ ($130.63 in chips) 
Seat 6: arcusfm ($51.25 in chips) 
coeeeelho: posts small blind $0.50
joner74: posts big blind $1
*** HOLE CARDS ***
PhoenixAssassin: folds 
Alpha$tunZ: folds 
arcusfm: folds 
ImaPeppaPig: folds 
coeeeelho: folds 
Uncalled bet ($0.50) returned to joner74
joner74 collected $1 from pot
joner74: doesn't show hand 
*** SUMMARY ***
Total pot $1 | Rake $0 
Seat 1: ImaPeppaPig (button) folded before Flop (didn't bet)
Seat 2: coeeeelho (small blind) folded before Flop
Seat 3: joner74 (big blind) collected ($1)
Seat 4: PhoenixAssassin folded before Flop (didn't bet)
Seat 5: Alpha$tunZ folded before Flop (didn't bet)
Seat 6: arcusfm folded before Flop (didn't bet)



PokerStars Hand #254265814642:  Hold'em No Limit ($0.50/$1.00 USD) - 2025/01/08 19:19:55 WET [2025/01/08 14:19:55 ET]
Table 'Valeska III' 6-max Seat #2 is the button
Seat 1: ImaPeppaPig ($220.02 in chips) 
Seat 2: coeeeelho ($111.79 in chips) 
Seat 3: joner74 ($69.02 in chips) 
Seat 4: PhoenixAssassin ($146.87 in chips) 
Seat 5: Alpha$tunZ ($130.63 in chips) 
Seat 6: arcusfm ($51.25 in chips) 
joner74: posts small blind $0.50
PhoenixAssassin: posts big blind $1
*** HOLE CARDS ***
Alpha$tunZ: folds 
arcusfm: folds 
ImaPeppaPig: raises $1.50 to $2.50
coeeeelho: folds 
joner74: raises $7.50 to $10
PhoenixAssassin: folds 
ImaPeppaPig: folds 
Uncalled bet ($7.50) returned to joner74
joner74 collected $6 from pot
joner74: doesn't show hand 
*** SUMMARY ***
Total pot $6 | Rake $0 
Seat 1: ImaPeppaPig folded before Flop
Seat 2: coeeeelho (button) folded before Flop (didn't bet)
Seat 3: joner74 (small blind) collected ($6)
Seat 4: PhoenixAssassin (big blind) folded before Flop
Seat 5: Alpha$tunZ folded before Flop (didn't bet)
Seat 6: arcusfm folded before Flop (didn't bet)



PokerStars Hand #254265821385:  Hold'em No Limit ($0.50/$1.00 USD) - 2025/01/08 19:20:17 WET [2025/01/08 14:20:17 ET]
Table 'Valeska III' 6-max Seat #3 is the button
Seat 1: ImaPeppaPig ($217.52 in chips) 
Seat 2: coeeeelho ($111.79 in chips) 
Seat 3: joner74 ($72.52 in chips) 
Seat 4: PhoenixAssassin ($145.87 in chips) 
Seat 5: Alpha$tunZ ($130.63 in chips) 
Seat 6: arcusfm ($51.25 in chips) 
PhoenixAssassin: posts small blind $0.50
Alpha$tunZ: posts big blind $1
*** HOLE CARDS ***
arcusfm: folds 
ImaPeppaPig: folds 
coeeeelho: raises $1.20 to $2.20
joner74: folds 
PhoenixAssassin: folds 
Alpha$tunZ: folds 
Uncalled bet ($1.20) returned to coeeeelho
coeeeelho collected $2.50 from pot
*** SUMMARY ***
Total pot $2.50 | Rake $0 
Seat 1: ImaPeppaPig folded before Flop (didn't bet)
Seat 2: coeeeelho collected ($2.50)
Seat 3: joner74 (button) folded before Flop (didn't bet)
Seat 4: PhoenixAssassin (small blind) folded before Flop
Seat 5: Alpha$tunZ (big blind) folded before Flop
Seat 6: arcusfm folded before Flop (didn't bet)



PokerStars Hand #254265825700:  Hold'em No Limit ($0.50/$1.00 USD) - 2025/01/08 19:20:31 WET [2025/01/08 14:20:31 ET]
Table 'Valeska III' 6-max Seat #4 is the button
Seat 1: ImaPeppaPig ($217.52 in chips) 
Seat 2: coeeeelho ($113.29 in chips) 
Seat 3: joner74 ($72.52 in chips) 
Seat 4: PhoenixAssassin ($145.37 in chips) 
Seat 5: Alpha$tunZ ($129.63 in chips) 
Seat 6: arcusfm ($51.25 in chips) 
Alpha$tunZ: posts small blind $0.50
arcusfm: posts big blind $1
*** HOLE CARDS ***
ImaPeppaPig: folds 
coeeeelho: raises $1.20 to $2.20
joner74: folds 
PhoenixAssassin: folds 
Alpha$tunZ: folds 
arcusfm: calls $1.20
*** FLOP *** [6c 6h 2d]
arcusfm: bets $2.33
coeeeelho: calls $2.33
*** TURN *** [6c 6h 2d] [Jh]
arcusfm: checks 
coeeeelho: bets $6.81
arcusfm: raises $6.81 to $13.62
coeeeelho: folds 
Uncalled bet ($6.81) returned to arcusfm
arcusfm collected $22.02 from pot
*** SUMMARY ***
Total pot $23.18 | Rake $1.16 
Board [6c 6h 2d Jh]
Seat 1: ImaPeppaPig folded before Flop (didn't bet)
Seat 2: coeeeelho folded on the Turn
Seat 3: joner74 folded before Flop (didn't bet)
Seat 4: PhoenixAssassin (button) folded before Flop (didn't bet)
Seat 5: Alpha$tunZ (small blind) folded before Flop
Seat 6: arcusfm (big blind) collected ($22.02)



PokerStars Hand #254265842620:  Hold'em No Limit ($0.50/$1.00 USD) - 2025/01/08 19:21:27 WET [2025/01/08 14:21:27 ET]
Table 'Valeska III' 6-max Seat #5 is the button
Seat 1: ImaPeppaPig ($217.52 in chips) 
Seat 2: coeeeelho ($101.95 in chips) 
Seat 3: joner74 ($72.52 in chips) 
Seat 4: PhoenixAssassin ($145.37 in chips) 
Seat 5: Alpha$tunZ ($129.13 in chips) 
Seat 6: arcusfm ($61.93 in chips) 
arcusfm: posts small blind $0.50
ImaPeppaPig: posts big blind $1
*** HOLE CARDS ***
coeeeelho: folds 
joner74: folds 
PhoenixAssassin: folds 
Alpha$tunZ: raises $1.50 to $2.50
arcusfm: calls $2
ImaPeppaPig: calls $1.50
*** FLOP *** [5h 2h Th]
arcusfm: bets $7.12
ImaPeppaPig: folds 
Alpha$tunZ: raises $9.24 to $16.36
arcusfm: raises $43.07 to $59.43 and is all-in
Alpha$tunZ: calls $43.07
*** TURN *** [5h 2h Th] [4d]
*** RIVER *** [5h 2h Th 4d] [3c]
*** SHOW DOWN ***
arcusfm: shows [9h Jh] (a flush, Jack high)
Alpha$tunZ: shows [Kh Kc] (a pair of Kings)
arcusfm collected $123.86 from pot
*** SUMMARY ***
Total pot $126.36 | Rake $2.50 
Board [5h 2h Th 4d 3c]
Seat 1: ImaPeppaPig (big blind) folded on the Flop
Seat 2: coeeeelho folded before Flop (didn't bet)
Seat 3: joner74 folded before Flop (didn't bet)
Seat 4: PhoenixAssassin folded before Flop (didn't bet)
Seat 5: Alpha$tunZ (button) showed [Kh Kc] and lost with a pair of Kings
Seat 6: arcusfm (small blind) showed [9h Jh] and won ($123.86) with a flush, Jack high



PokerStars Hand #254265857442:  Hold'em No Limit ($0.50/$1.00 USD) - 2025/01/08 19:22:16 WET [2025/01/08 14:22:16 ET]
Table 'Valeska III' 6-max Seat #6 is the button
Seat 1: ImaPeppaPig ($215.02 in chips) 
Seat 2: coeeeelho ($101.95 in chips) 
Seat 3: joner74 ($72.52 in chips) 
Seat 4: PhoenixAssassin ($145.37 in chips) 
Seat 5: Alpha$tunZ ($100 in chips) 
Seat 6: arcusfm ($123.86 in chips) 
ImaPeppaPig: posts small blind $0.50
coeeeelho: posts big blind $1
*** HOLE CARDS ***
joner74: folds 
PhoenixAssassin: folds 
Alpha$tunZ: folds 
arcusfm: raises $2 to $3
ImaPeppaPig: folds 
coeeeelho: folds 
Uncalled bet ($2) returned to arcusfm
arcusfm collected $2.50 from pot
*** SUMMARY ***
Total pot $2.50 | Rake $0 
Seat 1: ImaPeppaPig (small blind) folded before Flop
Seat 2: coeeeelho (big blind) folded before Flop
Seat 3: joner74 folded before Flop (didn't bet)
Seat 4: PhoenixAssassin folded before Flop (didn't bet)
Seat 5: Alpha$tunZ folded before Flop (didn't bet)
Seat 6: arcusfm (button) collected ($2.50)



PokerStars Hand #254265863282:  Hold'em No Limit ($0.50/$1.00 USD) - 2025/01/08 19:22:36 WET [2025/01/08 14:22:36 ET]
Table 'Valeska III' 6-max Seat #1 is the button
Seat 1: ImaPeppaPig ($214.52 in chips) 
Seat 2: coeeeelho ($100.95 in chips) 
Seat 3: joner74 ($72.52 in chips) 
Seat 4: PhoenixAssassin ($145.37 in chips) 
Seat 5: Alpha$tunZ ($100 in chips) 
Seat 6: arcusfm ($125.36 in chips) 
coeeeelho: posts small blind $0.50
joner74: posts big blind $1
*** HOLE CARDS ***
PhoenixAssassin: folds 
Alpha$tunZ: folds 
arcusfm: folds 
arcusfm leaves the table
ImaPeppaPig: folds 
kars0n joins the table at seat #6 
coeeeelho: raises $2 to $3
joner74: calls $2
*** FLOP *** [8d 3s Ah]
coeeeelho: bets $1.43
joner74: folds 
Uncalled bet ($1.43) returned to coeeeelho
coeeeelho collected $5.70 from pot
*** SUMMARY ***
Total pot $6 | Rake $0.30 
Board [8d 3s Ah]
Seat 1: ImaPeppaPig (button) folded before Flop (didn't bet)
Seat 2: coeeeelho (small blind) collected ($5.70)
Seat 3: joner74 (big blind) folded on the Flop
Seat 4: PhoenixAssassin folded before Flop (didn't bet)
Seat 5: Alpha$tunZ folded before Flop (didn't bet)
Seat 6: arcusfm folded before Flop (didn't bet)



PokerStars Hand #254265878260:  Hold'em No Limit ($0.50/$1.00 USD) - 2025/01/08 19:23:25 WET [2025/01/08 14:23:25 ET]
Table 'Valeska III' 6-max Seat #2 is the button
Seat 6: kars0n ($100 in chips) is sitting out
Seat 1: ImaPeppaPig ($214.52 in chips) 
Seat 2: coeeeelho ($103.65 in chips) 
Seat 3: joner74 ($69.52 in chips) 
Seat 4: PhoenixAssassin ($145.37 in chips) 
Seat 5: Alpha$tunZ ($100 in chips) 
joner74: posts small blind $0.50
PhoenixAssassin: posts big blind $1
kars0n: sits out 
*** HOLE CARDS ***
Alpha$tunZ: folds 
ImaPeppaPig: folds 
coeeeelho: folds 
joner74: raises $2 to $3
PhoenixAssassin: folds 
Uncalled bet ($2) returned to joner74
joner74 collected $2 from pot
joner74: doesn't show hand 
*** SUMMARY ***
Total pot $2 | Rake $0 
Seat 6: kars0n
Seat 1: ImaPeppaPig folded before Flop (didn't bet)
Seat 2: coeeeelho (button) folded before Flop (didn't bet)
Seat 3: joner74 (small blind) collected ($2)
Seat 4: PhoenixAssassin (big blind) folded before Flop
Seat 5: Alpha$tunZ folded before Flop (didn't bet)



PokerStars Hand #254265884113:  Hold'em No Limit ($0.50/$1.00 USD) - 2025/01/08 19:23:44 WET [2025/01/08 14:23:44 ET]
Table 'Valeska III' 6-max Seat #3 is the button
Seat 6: kars0n ($100 in chips) is sitting out
Seat 1: ImaPeppaPig ($214.52 in chips) 
Seat 2: coeeeelho ($103.65 in chips) 
Seat 3: joner74 ($70.52 in chips) 
Seat 4: PhoenixAssassin ($144.37 in chips) 
Seat 5: Alpha$tunZ ($100 in chips) 
PhoenixAssassin: posts small blind $0.50
Alpha$tunZ: posts big blind $1
kars0n: sits out 
*** HOLE CARDS ***
ImaPeppaPig: folds 
coeeeelho: raises $1.20 to $2.20
joner74: calls $2.20
PhoenixAssassin: folds 
Alpha$tunZ: folds 
*** FLOP *** [Jd Js 2c]
coeeeelho: checks 
joner74: checks 
*** TURN *** [Jd Js 2c] [5c]
coeeeelho: bets $4.20
joner74: folds 
Uncalled bet ($4.20) returned to coeeeelho
coeeeelho collected $5.60 from pot
*** SUMMARY ***
Total pot $5.90 | Rake $0.30 
Board [Jd Js 2c 5c]
Seat 6: kars0n
Seat 1: ImaPeppaPig folded before Flop (didn't bet)
Seat 2: coeeeelho collected ($5.60)
Seat 3: joner74 (button) folded on the Turn
Seat 4: PhoenixAssassin (small blind) folded before Flop
Seat 5: Alpha$tunZ (big blind) folded before Flop



PokerStars Hand #254265892962:  Hold'em No Limit ($0.50/$1.00 USD) - 2025/01/08 19:24:13 WET [2025/01/08 14:24:13 ET]
Table 'Valeska III' 6-max Seat #4 is the button
Seat 1: ImaPeppaPig ($214.52 in chips) 
Seat 2: coeeeelho ($107.05 in chips) 
Seat 3: joner74 ($68.32 in chips) 
Seat 4: PhoenixAssassin ($143.87 in chips) 
Seat 5: Alpha$tunZ ($100 in chips) 
Seat 6: kars0n ($100 in chips) 
Alpha$tunZ: posts small blind $0.50
kars0n: posts big blind $1
*** HOLE CARDS ***
ImaPeppaPig: folds 
coeeeelho: folds 
joner74: folds 
PhoenixAssassin: raises $1.50 to $2.50
Alpha$tunZ: raises $9 to $11.50
kars0n: folds 
PhoenixAssassin: folds 
Uncalled bet ($9) returned to Alpha$tunZ
Alpha$tunZ collected $6 from pot
Alpha$tunZ: doesn't show hand 
*** SUMMARY ***
Total pot $6 | Rake $0 
Seat 1: ImaPeppaPig folded before Flop (didn't bet)
Seat 2: coeeeelho folded before Flop (didn't bet)
Seat 3: joner74 folded before Flop (didn't bet)
Seat 4: PhoenixAssassin (button) folded before Flop
Seat 5: Alpha$tunZ (small blind) collected ($6)
Seat 6: kars0n (big blind) folded before Flop



PokerStars Hand #254265898350:  Hold'em No Limit ($0.50/$1.00 USD) - 2025/01/08 19:24:31 WET [2025/01/08 14:24:31 ET]
Table 'Valeska III' 6-max Seat #5 is the button
Seat 1: ImaPeppaPig ($214.52 in chips) 
Seat 2: coeeeelho ($107.05 in chips) 
Seat 3: joner74 ($68.32 in chips) 
Seat 4: PhoenixAssassin ($141.37 in chips) 
Seat 5: Alpha$tunZ ($103.50 in chips) 
Seat 6: kars0n ($100 in chips) 
kars0n: posts small blind $0.50
ImaPeppaPig: posts big blind $1
*** HOLE CARDS ***
coeeeelho: folds 
joner74: folds 
PhoenixAssassin: raises $1.50 to $2.50
Alpha$tunZ: calls $2.50
kars0n: folds 
ImaPeppaPig: folds 
*** FLOP *** [Qd 8s 6d]
PhoenixAssassin: checks 
Alpha$tunZ: bets $1.85
PhoenixAssassin: folds 
Uncalled bet ($1.85) returned to Alpha$tunZ
Alpha$tunZ collected $6.18 from pot
Alpha$tunZ: doesn't show hand 
*** SUMMARY ***
Total pot $6.50 | Rake $0.32 
Board [Qd 8s 6d]
Seat 1: ImaPeppaPig (big blind) folded before Flop
Seat 2: coeeeelho folded before Flop (didn't bet)
Seat 3: joner74 folded before Flop (didn't bet)
Seat 4: PhoenixAssassin folded on the Flop
Seat 5: Alpha$tunZ (button) collected ($6.18)
Seat 6: kars0n (small blind) folded before Flop



PokerStars Hand #254265908991:  Hold'em No Limit ($0.50/$1.00 USD) - 2025/01/08 19:25:06 WET [2025/01/08 14:25:06 ET]
Table 'Valeska III' 6-max Seat #6 is the button
Seat 1: ImaPeppaPig ($213.52 in chips) 
Seat 2: coeeeelho ($107.05 in chips) 
Seat 3: joner74 ($68.32 in chips) 
Seat 4: PhoenixAssassin ($138.87 in chips) 
Seat 5: Alpha$tunZ ($107.18 in chips) 
Seat 6: kars0n ($100 in chips) 
ImaPeppaPig: posts small blind $0.50
coeeeelho: posts big blind $1
*** HOLE CARDS ***
joner74: folds 
PhoenixAssassin: folds 
Alpha$tunZ: folds 
kars0n: raises $1.50 to $2.50
ImaPeppaPig: folds 
coeeeelho: calls $1.50
*** FLOP *** [Qd 5h 3d]
coeeeelho: checks 
kars0n: bets $1.72
coeeeelho: folds 
Uncalled bet ($1.72) returned to kars0n
kars0n collected $5.22 from pot
kars0n: doesn't show hand 
*** SUMMARY ***
Total pot $5.50 | Rake $0.28 
Board [Qd 5h 3d]
Seat 1: ImaPeppaPig (small blind) folded before Flop
Seat 2: coeeeelho (big blind) folded on the Flop
Seat 3: joner74 folded before Flop (didn't bet)
Seat 4: PhoenixAssassin folded before Flop (didn't bet)
Seat 5: Alpha$tunZ folded before Flop (didn't bet)
Seat 6: kars0n (button) collected ($5.22)



PokerStars Hand #254265922601:  Hold'em No Limit ($0.50/$1.00 USD) - 2025/01/08 19:25:51 WET [2025/01/08 14:25:51 ET]
Table 'Valeska III' 6-max Seat #1 is the button
Seat 1: ImaPeppaPig ($213.02 in chips) 
Seat 2: coeeeelho ($104.55 in chips) 
Seat 3: joner74 ($68.32 in chips) 
Seat 4: PhoenixAssassin ($138.87 in chips) 
Seat 5: Alpha$tunZ ($107.18 in chips) 
Seat 6: kars0n ($102.72 in chips) 
coeeeelho: posts small blind $0.50
joner74: posts big blind $1
*** HOLE CARDS ***
PhoenixAssassin: folds 
Alpha$tunZ: folds 
kars0n: folds 
ImaPeppaPig: folds 
coeeeelho: raises $2 to $3
joner74: folds 
Uncalled bet ($2) returned to coeeeelho
coeeeelho collected $2 from pot
*** SUMMARY ***
Total pot $2 | Rake $0 
Seat 1: ImaPeppaPig (button) folded before Flop (didn't bet)
Seat 2: coeeeelho (small blind) collected ($2)
Seat 3: joner74 (big blind) folded before Flop
Seat 4: PhoenixAssassin folded before Flop (didn't bet)
Seat 5: Alpha$tunZ folded before Flop (didn't bet)
Seat 6: kars0n folded before Flop (didn't bet)



PokerStars Hand #254265930320:  Hold'em No Limit ($0.50/$1.00 USD) - 2025/01/08 19:26:17 WET [2025/01/08 14:26:17 ET]
Table 'Valeska III' 6-max Seat #3 is the button
Seat 5: Alpha$tunZ ($107.18 in chips) is sitting out
Seat 1: ImaPeppaPig ($213.02 in chips) 
Seat 3: joner74 ($67.32 in chips) 
Seat 4: PhoenixAssassin ($138.87 in chips) 
Seat 6: kars0n ($102.72 in chips) 
PhoenixAssassin: posts small blind $0.50
Alpha$tunZ: is sitting out 
kars0n: posts big blind $1
*** HOLE CARDS ***
ImaPeppaPig: folds 
joner74: raises $1.50 to $2.50
PhoenixAssassin: folds 
Alpha$tunZ leaves the table
kars0n: raises $7.50 to $10
joner74: folds 
Uncalled bet ($7.50) returned to kars0n
kars0n collected $5.50 from pot
kars0n: doesn't show hand 
*** SUMMARY ***
Total pot $5.50 | Rake $0 
Seat 5: Alpha$tunZ
Seat 1: ImaPeppaPig folded before Flop (didn't bet)
Seat 3: joner74 (button) folded before Flop
Seat 4: PhoenixAssassin (small blind) folded before Flop
Seat 6: kars0n (big blind) collected ($5.50)



PokerStars Hand #254265935576:  Hold'em No Limit ($0.50/$1.00 USD) - 2025/01/08 19:26:34 WET [2025/01/08 14:26:34 ET]
Table 'Valeska III' 6-max Seat #4 is the button
Seat 1: ImaPeppaPig ($213.02 in chips) 
Seat 3: joner74 ($64.82 in chips) 
Seat 4: PhoenixAssassin ($138.37 in chips) 
Seat 6: kars0n ($105.72 in chips) 
kars0n: posts small blind $0.50
ImaPeppaPig: posts big blind $1
*** HOLE CARDS ***
joner74: raises $1.50 to $2.50
PhoenixAssassin: calls $2.50
kars0n: folds 
ImaPeppaPig: calls $1.50
*** FLOP *** [Ad 4s Qh]
ImaPeppaPig: checks 
xxxZeka joins the table at seat #5 
joner74: bets $4.99
PhoenixAssassin: folds 
TheBraveGirl joins the table at seat #2 
ImaPeppaPig: calls $4.99
*** TURN *** [Ad 4s Qh] [9h]
ImaPeppaPig: checks 
joner74: bets $10
ImaPeppaPig: calls $10
*** RIVER *** [Ad 4s Qh 9h] [9d]
ImaPeppaPig: checks 
joner74: checks 
*** SHOW DOWN ***
ImaPeppaPig: shows [As Js] (two pair, Aces and Nines)
joner74: mucks hand 
ImaPeppaPig collected $36.98 from pot
*** SUMMARY ***
Total pot $37.98 | Rake $1 
Board [Ad 4s Qh 9h 9d]
Seat 1: ImaPeppaPig (big blind) showed [As Js] and won ($36.98) with two pair, Aces and Nines
Seat 3: joner74 mucked
Seat 4: PhoenixAssassin (button) folded on the Flop
Seat 6: kars0n (small blind) folded before Flop



PokerStars Hand #254265952615:  Hold'em No Limit ($0.50/$1.00 USD) - 2025/01/08 19:27:31 WET [2025/01/08 14:27:31 ET]
Table 'Valeska III' 6-max Seat #6 is the button
Seat 5: xxxZeka ($100 in chips) is sitting out
Seat 1: ImaPeppaPig ($232.51 in chips) 
Seat 2: TheBraveGirl ($100 in chips) 
Seat 3: joner74 ($47.33 in chips) 
Seat 4: PhoenixAssassin ($135.87 in chips) 
Seat 6: kars0n ($105.22 in chips) 
ImaPeppaPig: posts small blind $0.50
TheBraveGirl: posts big blind $1
xxxZeka: sits out 
*** HOLE CARDS ***
joner74: folds 
PhoenixAssassin: folds 
kars0n: raises $1.50 to $2.50
ImaPeppaPig: folds 
TheBraveGirl: folds 
Uncalled bet ($1.50) returned to kars0n
kars0n collected $2.50 from pot
kars0n: doesn't show hand 
*** SUMMARY ***
Total pot $2.50 | Rake $0 
Seat 5: xxxZeka
Seat 1: ImaPeppaPig (small blind) folded before Flop
Seat 2: TheBraveGirl (big blind) folded before Flop
Seat 3: joner74 folded before Flop (didn't bet)
Seat 4: PhoenixAssassin folded before Flop (didn't bet)
Seat 6: kars0n (button) collected ($2.50)



PokerStars Hand #254265957000:  Hold'em No Limit ($0.50/$1.00 USD) - 2025/01/08 19:27:45 WET [2025/01/08 14:27:45 ET]
Table 'Valeska III' 6-max Seat #1 is the button
Seat 5: xxxZeka ($100 in chips) is sitting out
Seat 1: ImaPeppaPig ($232.01 in chips) 
Seat 2: TheBraveGirl ($100 in chips) 
Seat 3: joner74 ($47.33 in chips) 
Seat 4: PhoenixAssassin ($135.87 in chips) 
Seat 6: kars0n ($106.72 in chips) 
TheBraveGirl: posts small blind $0.50
joner74: posts big blind $1
xxxZeka: sits out 
*** HOLE CARDS ***
PhoenixAssassin: folds 
kars0n: folds 
ImaPeppaPig: folds 
TheBraveGirl: folds 
Uncalled bet ($0.50) returned to joner74
joner74 collected $1 from pot
joner74: doesn't show hand 
*** SUMMARY ***
Total pot $1 | Rake $0 
Seat 5: xxxZeka
Seat 1: ImaPeppaPig (button) folded before Flop (didn't bet)
Seat 2: TheBraveGirl (small blind) folded before Flop
Seat 3: joner74 (big blind) collected ($1)
Seat 4: PhoenixAssassin folded before Flop (didn't bet)
Seat 6: kars0n folded before Flop (didn't bet)



PokerStars Hand #254265963636:  Hold'em No Limit ($0.50/$1.00 USD) - 2025/01/08 19:28:07 WET [2025/01/08 14:28:07 ET]
Table 'Valeska III' 6-max Seat #2 is the button
Seat 5: xxxZeka ($100 in chips) is sitting out
Seat 1: ImaPeppaPig ($232.01 in chips) 
Seat 2: TheBraveGirl ($100 in chips) 
Seat 3: joner74 ($47.83 in chips) 
Seat 4: PhoenixAssassin ($135.87 in chips) 
Seat 6: kars0n ($106.72 in chips) 
joner74: posts small blind $0.50
PhoenixAssassin: posts big blind $1
xxxZeka: sits out 
*** HOLE CARDS ***
kars0n: folds 
ImaPeppaPig: folds 
TheBraveGirl: folds 
joner74: folds 
Uncalled bet ($0.50) returned to PhoenixAssassin
PhoenixAssassin collected $1 from pot
PhoenixAssassin: doesn't show hand 
*** SUMMARY ***
Total pot $1 | Rake $0 
Seat 5: xxxZeka
Seat 1: ImaPeppaPig folded before Flop (didn't bet)
Seat 2: TheBraveGirl (button) folded before Flop (didn't bet)
Seat 3: joner74 (small blind) folded before Flop
Seat 4: PhoenixAssassin (big blind) collected ($1)
Seat 6: kars0n folded before Flop (didn't bet)



PokerStars Hand #254265969979:  Hold'em No Limit ($0.50/$1.00 USD) - 2025/01/08 19:28:28 WET [2025/01/08 14:28:28 ET]
Table 'Valeska III' 6-max Seat #3 is the button
Seat 1: ImaPeppaPig ($232.01 in chips) 
Seat 2: TheBraveGirl ($100 in chips) 
Seat 3: joner74 ($47.33 in chips) 
Seat 4: PhoenixAssassin ($136.37 in chips) 
Seat 5: xxxZeka ($100 in chips) 
Seat 6: kars0n ($106.72 in chips) 
PhoenixAssassin: posts small blind $0.50
xxxZeka: posts big blind $1
*** HOLE CARDS ***
kars0n: folds 
ImaPeppaPig: folds 
TheBraveGirl: folds 
joner74: folds 
PhoenixAssassin: folds 
Uncalled bet ($0.50) returned to xxxZeka
xxxZeka collected $1 from pot
xxxZeka: doesn't show hand 
*** SUMMARY ***
Total pot $1 | Rake $0 
Seat 1: ImaPeppaPig folded before Flop (didn't bet)
Seat 2: TheBraveGirl folded before Flop (didn't bet)
Seat 3: joner74 (button) folded before Flop (didn't bet)
Seat 4: PhoenixAssassin (small blind) folded before Flop
Seat 5: xxxZeka (big blind) collected ($1)
Seat 6: kars0n folded before Flop (didn't bet)



PokerStars Hand #254265974114:  Hold'em No Limit ($0.50/$1.00 USD) - 2025/01/08 19:28:42 WET [2025/01/08 14:28:42 ET]
Table 'Valeska III' 6-max Seat #4 is the button
Seat 1: ImaPeppaPig ($232.01 in chips) 
Seat 2: TheBraveGirl ($100 in chips) 
Seat 3: joner74 ($47.33 in chips) 
Seat 4: PhoenixAssassin ($135.87 in chips) 
Seat 5: xxxZeka ($100.50 in chips) 
Seat 6: kars0n ($106.72 in chips) 
xxxZeka: posts small blind $0.50
kars0n: posts big blind $1
*** HOLE CARDS ***
ImaPeppaPig: folds 
TheBraveGirl: folds 
joner74: raises $1.50 to $2.50
PhoenixAssassin: folds 
xxxZeka: folds 
kars0n: folds 
Uncalled bet ($1.50) returned to joner74
joner74 collected $2.50 from pot
joner74: doesn't show hand 
*** SUMMARY ***
Total pot $2.50 | Rake $0 
Seat 1: ImaPeppaPig folded before Flop (didn't bet)
Seat 2: TheBraveGirl folded before Flop (didn't bet)
Seat 3: joner74 collected ($2.50)
Seat 4: PhoenixAssassin (button) folded before Flop (didn't bet)
Seat 5: xxxZeka (small blind) folded before Flop
Seat 6: kars0n (big blind) folded before Flop



PokerStars Hand #254265979893:  Hold'em No Limit ($0.50/$1.00 USD) - 2025/01/08 19:29:01 WET [2025/01/08 14:29:01 ET]
Table 'Valeska III' 6-max Seat #5 is the button
Seat 1: ImaPeppaPig ($232.01 in chips) 
Seat 2: TheBraveGirl ($100 in chips) 
Seat 3: joner74 ($48.83 in chips) 
Seat 4: PhoenixAssassin ($135.87 in chips) 
Seat 5: xxxZeka ($100 in chips) 
Seat 6: kars0n ($105.72 in chips) 
kars0n: posts small blind $0.50
ImaPeppaPig: posts big blind $1
*** HOLE CARDS ***
TheBraveGirl: folds 
joner74: folds 
PhoenixAssassin: folds 
xxxZeka: raises $1.50 to $2.50
kars0n: raises $10 to $12.50
ImaPeppaPig: folds 
xxxZeka: folds 
Uncalled bet ($10) returned to kars0n
kars0n collected $6 from pot
kars0n: doesn't show hand 
*** SUMMARY ***
Total pot $6 | Rake $0 
Seat 1: ImaPeppaPig (big blind) folded before Flop
Seat 2: TheBraveGirl folded before Flop (didn't bet)
Seat 3: joner74 folded before Flop (didn't bet)
Seat 4: PhoenixAssassin folded before Flop (didn't bet)
Seat 5: xxxZeka (button) folded before Flop
Seat 6: kars0n (small blind) collected ($6)



PokerStars Hand #254265988022:  Hold'em No Limit ($0.50/$1.00 USD) - 2025/01/08 19:29:27 WET [2025/01/08 14:29:27 ET]
Table 'Valeska III' 6-max Seat #6 is the button
Seat 1: ImaPeppaPig ($231.01 in chips) 
Seat 2: TheBraveGirl ($100 in chips) 
Seat 3: joner74 ($48.83 in chips) 
Seat 4: PhoenixAssassin ($135.87 in chips) 
Seat 5: xxxZeka ($100 in chips) 
Seat 6: kars0n ($109.22 in chips) 
ImaPeppaPig: posts small blind $0.50
TheBraveGirl: posts big blind $1
*** HOLE CARDS ***
joner74: folds 
PhoenixAssassin: folds 
xxxZeka: folds 
kars0n: folds 
ImaPeppaPig: folds 
Uncalled bet ($0.50) returned to TheBraveGirl
TheBraveGirl collected $1 from pot
TheBraveGirl: doesn't show hand 
*** SUMMARY ***
Total pot $1 | Rake $0 
Seat 1: ImaPeppaPig (small blind) folded before Flop
Seat 2: TheBraveGirl (big blind) collected ($1)
Seat 3: joner74 folded before Flop (didn't bet)
Seat 4: PhoenixAssassin folded before Flop (didn't bet)
Seat 5: xxxZeka folded before Flop (didn't bet)
Seat 6: kars0n (button) folded before Flop (didn't bet)



PokerStars Hand #254265991212:  Hold'em No Limit ($0.50/$1.00 USD) - 2025/01/08 19:29:38 WET [2025/01/08 14:29:38 ET]
Table 'Valeska III' 6-max Seat #1 is the button
Seat 1: ImaPeppaPig ($230.51 in chips) 
Seat 2: TheBraveGirl ($100.50 in chips) 
Seat 3: joner74 ($48.83 in chips) 
Seat 4: PhoenixAssassin ($135.87 in chips) 
Seat 5: xxxZeka ($100 in chips) 
Seat 6: kars0n ($109.22 in chips) 
TheBraveGirl: posts small blind $0.50
joner74: posts big blind $1
*** HOLE CARDS ***
PhoenixAssassin: folds 
xxxZeka: folds 
kars0n: raises $1.50 to $2.50
ImaPeppaPig: folds 
TheBraveGirl: raises $9 to $11.50
joner74: folds 
kars0n: folds 
Uncalled bet ($9) returned to TheBraveGirl
TheBraveGirl collected $6 from pot
TheBraveGirl: doesn't show hand 
*** SUMMARY ***
Total pot $6 | Rake $0 
Seat 1: ImaPeppaPig (button) folded before Flop (didn't bet)
Seat 2: TheBraveGirl (small blind) collected ($6)
Seat 3: joner74 (big blind) folded before Flop
Seat 4: PhoenixAssassin folded before Flop (didn't bet)
Seat 5: xxxZeka folded before Flop (didn't bet)
Seat 6: kars0n folded before Flop



PokerStars Hand #254265996034:  Hold'em No Limit ($0.50/$1.00 USD) - 2025/01/08 19:29:53 WET [2025/01/08 14:29:53 ET]
Table 'Valeska III' 6-max Seat #2 is the button
Seat 1: ImaPeppaPig ($230.51 in chips) 
Seat 2: TheBraveGirl ($104 in chips) 
Seat 3: joner74 ($47.83 in chips) 
Seat 4: PhoenixAssassin ($135.87 in chips) 
Seat 5: xxxZeka ($100 in chips) 
Seat 6: kars0n ($106.72 in chips) 
joner74: posts small blind $0.50
PhoenixAssassin: posts big blind $1
*** HOLE CARDS ***
xxxZeka: folds 
kars0n: folds 
ImaPeppaPig: folds 
TheBraveGirl: folds 
joner74: raises $2 to $3
PhoenixAssassin: calls $2
*** FLOP *** [Ad 7d Kd]
joner74: bets $2.66
PhoenixAssassin: folds 
Uncalled bet ($2.66) returned to joner74
joner74 collected $5.70 from pot
joner74: doesn't show hand 
*** SUMMARY ***
Total pot $6 | Rake $0.30 
Board [Ad 7d Kd]
Seat 1: ImaPeppaPig folded before Flop (didn't bet)
Seat 2: TheBraveGirl (button) folded before Flop (didn't bet)
Seat 3: joner74 (small blind) collected ($5.70)
Seat 4: PhoenixAssassin (big blind) folded on the Flop
Seat 5: xxxZeka folded before Flop (didn't bet)
Seat 6: kars0n folded before Flop (didn't bet)



PokerStars Hand #254266003970:  Hold'em No Limit ($0.50/$1.00 USD) - 2025/01/08 19:30:20 WET [2025/01/08 14:30:20 ET]
Table 'Valeska III' 6-max Seat #3 is the button
Seat 1: ImaPeppaPig ($230.51 in chips) 
Seat 2: TheBraveGirl ($104 in chips) 
Seat 3: joner74 ($50.53 in chips) 
Seat 4: PhoenixAssassin ($132.87 in chips) 
Seat 5: xxxZeka ($100 in chips) 
Seat 6: kars0n ($106.72 in chips) 
PhoenixAssassin: posts small blind $0.50
xxxZeka: posts big blind $1
*** HOLE CARDS ***
kars0n: folds 
ImaPeppaPig: folds 
TheBraveGirl: folds 
joner74: folds 
PhoenixAssassin: raises $2 to $3
xxxZeka: calls $2
*** FLOP *** [Tc 9c 2s]
PhoenixAssassin: checks 
xxxZeka: bets $1.88
PhoenixAssassin: calls $1.88
*** TURN *** [Tc 9c 2s] [6h]
PhoenixAssassin: checks 
xxxZeka: bets $7.14
PhoenixAssassin: folds 
Uncalled bet ($7.14) returned to xxxZeka
xxxZeka collected $9.27 from pot
xxxZeka: doesn't show hand 
*** SUMMARY ***
Total pot $9.76 | Rake $0.49 
Board [Tc 9c 2s 6h]
Seat 1: ImaPeppaPig folded before Flop (didn't bet)
Seat 2: TheBraveGirl folded before Flop (didn't bet)
Seat 3: joner74 (button) folded before Flop (didn't bet)
Seat 4: PhoenixAssassin (small blind) folded on the Turn
Seat 5: xxxZeka (big blind) collected ($9.27)
Seat 6: kars0n folded before Flop (didn't bet)



PokerStars Hand #254266022229:  Hold'em No Limit ($0.50/$1.00 USD) - 2025/01/08 19:31:19 WET [2025/01/08 14:31:19 ET]
Table 'Valeska III' 6-max Seat #4 is the button
Seat 1: ImaPeppaPig ($230.51 in chips) 
Seat 2: TheBraveGirl ($104 in chips) 
Seat 3: joner74 ($50.53 in chips) 
Seat 4: PhoenixAssassin ($127.99 in chips) 
Seat 5: xxxZeka ($104.39 in chips) 
Seat 6: kars0n ($106.72 in chips) 
xxxZeka: posts small blind $0.50
kars0n: posts big blind $1
*** HOLE CARDS ***
ImaPeppaPig: folds 
TheBraveGirl: folds 
joner74: raises $1.50 to $2.50
PhoenixAssassin: folds 
xxxZeka: folds 
kars0n: folds 
Uncalled bet ($1.50) returned to joner74
joner74 collected $2.50 from pot
joner74: doesn't show hand 
*** SUMMARY ***
Total pot $2.50 | Rake $0 
Seat 1: ImaPeppaPig folded before Flop (didn't bet)
Seat 2: TheBraveGirl folded before Flop (didn't bet)
Seat 3: joner74 collected ($2.50)
Seat 4: PhoenixAssassin (button) folded before Flop (didn't bet)
Seat 5: xxxZeka (small blind) folded before Flop
Seat 6: kars0n (big blind) folded before Flop



PokerStars Hand #254266029223:  Hold'em No Limit ($0.50/$1.00 USD) - 2025/01/08 19:31:42 WET [2025/01/08 14:31:42 ET]
Table 'Valeska III' 6-max Seat #5 is the button
Seat 1: ImaPeppaPig ($230.51 in chips) 
Seat 2: TheBraveGirl ($104 in chips) 
Seat 3: joner74 ($52.03 in chips) 
Seat 4: PhoenixAssassin ($127.99 in chips) 
Seat 5: xxxZeka ($103.89 in chips) 
Seat 6: kars0n ($105.72 in chips) 
kars0n: posts small blind $0.50
ImaPeppaPig: posts big blind $1
*** HOLE CARDS ***
TheBraveGirl: folds 
joner74: folds 
PhoenixAssassin: raises $1.50 to $2.50
xxxZeka: folds 
kars0n: folds 
ImaPeppaPig: calls $1.50
*** FLOP *** [5c 7h Kc]
ImaPeppaPig: checks 
PhoenixAssassin: bets $3.45
ImaPeppaPig: calls $3.45
*** TURN *** [5c 7h Kc] [Ks]
ImaPeppaPig: checks 
PhoenixAssassin: checks 
*** RIVER *** [5c 7h Kc Ks] [Kh]
ImaPeppaPig: bets $13
PhoenixAssassin: folds 
Uncalled bet ($13) returned to ImaPeppaPig
ImaPeppaPig collected $11.78 from pot
ImaPeppaPig: doesn't show hand 
*** SUMMARY ***
Total pot $12.40 | Rake $0.62 
Board [5c 7h Kc Ks Kh]
Seat 1: ImaPeppaPig (big blind) collected ($11.78)
Seat 2: TheBraveGirl folded before Flop (didn't bet)
Seat 3: joner74 folded before Flop (didn't bet)
Seat 4: PhoenixAssassin folded on the River
Seat 5: xxxZeka (button) folded before Flop (didn't bet)
Seat 6: kars0n (small blind) folded before Flop



PokerStars Hand #254266043976:  Hold'em No Limit ($0.50/$1.00 USD) - 2025/01/08 19:32:30 WET [2025/01/08 14:32:30 ET]
Table 'Valeska III' 6-max Seat #6 is the button
Seat 1: ImaPeppaPig ($236.34 in chips) 
Seat 2: TheBraveGirl ($104 in chips) 
Seat 3: joner74 ($52.03 in chips) 
Seat 4: PhoenixAssassin ($122.04 in chips) 
Seat 5: xxxZeka ($103.89 in chips) 
Seat 6: kars0n ($105.22 in chips) 
ImaPeppaPig: posts small blind $0.50
TheBraveGirl: posts big blind $1
*** HOLE CARDS ***
joner74: folds 
PhoenixAssassin: folds 
xxxZeka: folds 
kars0n: raises $1.50 to $2.50
ImaPeppaPig: raises $8.50 to $11
TheBraveGirl: folds 
kars0n: folds 
Uncalled bet ($8.50) returned to ImaPeppaPig
ImaPeppaPig collected $6 from pot
ImaPeppaPig: doesn't show hand 
*** SUMMARY ***
Total pot $6 | Rake $0 
Seat 1: ImaPeppaPig (small blind) collected ($6)
Seat 2: TheBraveGirl (big blind) folded before Flop
Seat 3: joner74 folded before Flop (didn't bet)
Seat 4: PhoenixAssassin folded before Flop (didn't bet)
Seat 5: xxxZeka folded before Flop (didn't bet)
Seat 6: kars0n (button) folded before Flop



PokerStars Hand #254266050356:  Hold'em No Limit ($0.50/$1.00 USD) - 2025/01/08 19:32:50 WET [2025/01/08 14:32:50 ET]
Table 'Valeska III' 6-max Seat #1 is the button
Seat 1: ImaPeppaPig ($239.84 in chips) 
Seat 2: TheBraveGirl ($103 in chips) 
Seat 3: joner74 ($52.03 in chips) 
Seat 4: PhoenixAssassin ($122.04 in chips) 
Seat 5: xxxZeka ($103.89 in chips) 
Seat 6: kars0n ($102.72 in chips) 
TheBraveGirl: posts small blind $0.50
joner74: posts big blind $1
*** HOLE CARDS ***
PhoenixAssassin: folds 
xxxZeka: folds 
kars0n: raises $1.50 to $2.50
ImaPeppaPig: folds 
TheBraveGirl: folds 
joner74: calls $1.50
*** FLOP *** [4c 7s Ah]
joner74: checks 
kars0n: bets $1.72
joner74: folds 
Uncalled bet ($1.72) returned to kars0n
kars0n collected $5.22 from pot
kars0n: doesn't show hand 
*** SUMMARY ***
Total pot $5.50 | Rake $0.28 
Board [4c 7s Ah]
Seat 1: ImaPeppaPig (button) folded before Flop (didn't bet)
Seat 2: TheBraveGirl (small blind) folded before Flop
Seat 3: joner74 (big blind) folded on the Flop
Seat 4: PhoenixAssassin folded before Flop (didn't bet)
Seat 5: xxxZeka folded before Flop (didn't bet)
Seat 6: kars0n collected ($5.22)



PokerStars Hand #254266058848:  Hold'em No Limit ($0.50/$1.00 USD) - 2025/01/08 19:33:18 WET [2025/01/08 14:33:18 ET]
Table 'Valeska III' 6-max Seat #2 is the button
Seat 1: ImaPeppaPig ($239.84 in chips) 
Seat 2: TheBraveGirl ($102.50 in chips) 
Seat 3: joner74 ($49.53 in chips) 
Seat 4: PhoenixAssassin ($122.04 in chips) 
Seat 5: xxxZeka ($103.89 in chips) 
Seat 6: kars0n ($105.44 in chips) 
joner74: posts small blind $0.50
PhoenixAssassin: posts big blind $1
*** HOLE CARDS ***
xxxZeka: folds 
kars0n: folds 
ImaPeppaPig: raises $1.50 to $2.50
TheBraveGirl: folds 
joner74: folds 
PhoenixAssassin: raises $9.50 to $12
ImaPeppaPig: folds 
Uncalled bet ($9.50) returned to PhoenixAssassin
PhoenixAssassin collected $5.50 from pot
PhoenixAssassin: doesn't show hand 
*** SUMMARY ***
Total pot $5.50 | Rake $0 
Seat 1: ImaPeppaPig folded before Flop
Seat 2: TheBraveGirl (button) folded before Flop (didn't bet)
Seat 3: joner74 (small blind) folded before Flop
Seat 4: PhoenixAssassin (big blind) collected ($5.50)
Seat 5: xxxZeka folded before Flop (didn't bet)
Seat 6: kars0n folded before Flop (didn't bet)



PokerStars Hand #254266064542:  Hold'em No Limit ($0.50/$1.00 USD) - 2025/01/08 19:33:36 WET [2025/01/08 14:33:36 ET]
Table 'Valeska III' 6-max Seat #3 is the button
Seat 1: ImaPeppaPig ($237.34 in chips) 
Seat 2: TheBraveGirl ($102.50 in chips) 
Seat 3: joner74 ($49.03 in chips) 
Seat 4: PhoenixAssassin ($125.04 in chips) 
Seat 5: xxxZeka ($103.89 in chips) 
Seat 6: kars0n ($105.44 in chips) 
PhoenixAssassin: posts small blind $0.50
xxxZeka: posts big blind $1
*** HOLE CARDS ***
kars0n: folds 
ImaPeppaPig: folds 
TheBraveGirl: raises $1 to $2
joner74: folds 
PhoenixAssassin: folds 
xxxZeka: folds 
Uncalled bet ($1) returned to TheBraveGirl
TheBraveGirl collected $2.50 from pot
TheBraveGirl: doesn't show hand 
*** SUMMARY ***
Total pot $2.50 | Rake $0 
Seat 1: ImaPeppaPig folded before Flop (didn't bet)
Seat 2: TheBraveGirl collected ($2.50)
Seat 3: joner74 (button) folded before Flop (didn't bet)
Seat 4: PhoenixAssassin (small blind) folded before Flop
Seat 5: xxxZeka (big blind) folded before Flop
Seat 6: kars0n folded before Flop (didn't bet)



PokerStars Hand #254266070084:  Hold'em No Limit ($0.50/$1.00 USD) - 2025/01/08 19:33:55 WET [2025/01/08 14:33:55 ET]
Table 'Valeska III' 6-max Seat #4 is the button
Seat 1: ImaPeppaPig ($237.34 in chips) 
Seat 2: TheBraveGirl ($104 in chips) 
Seat 3: joner74 ($49.03 in chips) 
Seat 4: PhoenixAssassin ($124.54 in chips) 
Seat 5: xxxZeka ($102.89 in chips) 
Seat 6: kars0n ($105.44 in chips) 
xxxZeka: posts small blind $0.50
kars0n: posts big blind $1
*** HOLE CARDS ***
ImaPeppaPig: folds 
TheBraveGirl: raises $1 to $2
joner74: calls $2
PhoenixAssassin: folds 
xxxZeka: folds 
kars0n: folds 
*** FLOP *** [Ad Qd 2s]
TheBraveGirl: checks 
joner74: checks 
*** TURN *** [Ad Qd 2s] [2d]
TheBraveGirl: bets $1.30
joner74: folds 
Uncalled bet ($1.30) returned to TheBraveGirl
TheBraveGirl collected $5.22 from pot
TheBraveGirl: doesn't show hand 
*** SUMMARY ***
Total pot $5.50 | Rake $0.28 
Board [Ad Qd 2s 2d]
Seat 1: ImaPeppaPig folded before Flop (didn't bet)
Seat 2: TheBraveGirl collected ($5.22)
Seat 3: joner74 folded on the Turn
Seat 4: PhoenixAssassin (button) folded before Flop (didn't bet)
Seat 5: xxxZeka (small blind) folded before Flop
Seat 6: kars0n (big blind) folded before Flop



PokerStars Hand #254266085757:  Hold'em No Limit ($0.50/$1.00 USD) - 2025/01/08 19:34:46 WET [2025/01/08 14:34:46 ET]
Table 'Valeska III' 6-max Seat #5 is the button
Seat 1: ImaPeppaPig ($237.34 in chips) 
Seat 2: TheBraveGirl ($107.22 in chips) 
Seat 3: joner74 ($47.03 in chips) 
Seat 4: PhoenixAssassin ($124.54 in chips) 
Seat 5: xxxZeka ($102.39 in chips) 
Seat 6: kars0n ($104.44 in chips) 
kars0n: posts small blind $0.50
ImaPeppaPig: posts big blind $1
*** HOLE CARDS ***
TheBraveGirl: folds 
joner74: raises $1.50 to $2.50
PhoenixAssassin: folds 
xxxZeka: folds 
kars0n: folds 
ImaPeppaPig: folds 
Uncalled bet ($1.50) returned to joner74
joner74 collected $2.50 from pot
joner74: doesn't show hand 
*** SUMMARY ***
Total pot $2.50 | Rake $0 
Seat 1: ImaPeppaPig (big blind) folded before Flop
Seat 2: TheBraveGirl folded before Flop (didn't bet)
Seat 3: joner74 collected ($2.50)
Seat 4: PhoenixAssassin folded before Flop (didn't bet)
Seat 5: xxxZeka (button) folded before Flop (didn't bet)
Seat 6: kars0n (small blind) folded before Flop



PokerStars Hand #254266091536:  Hold'em No Limit ($0.50/$1.00 USD) - 2025/01/08 19:35:05 WET [2025/01/08 14:35:05 ET]
Table 'Valeska III' 6-max Seat #6 is the button
Seat 1: ImaPeppaPig ($236.34 in chips) 
Seat 2: TheBraveGirl ($107.22 in chips) 
Seat 3: joner74 ($48.53 in chips) 
Seat 4: PhoenixAssassin ($124.54 in chips) 
Seat 5: xxxZeka ($102.39 in chips) 
Seat 6: kars0n ($103.94 in chips) 
ImaPeppaPig: posts small blind $0.50
TheBraveGirl: posts big blind $1
*** HOLE CARDS ***
joner74: folds 
PhoenixAssassin: raises $1.20 to $2.20
xxxZeka: folds 
kars0n: folds 
kars0n leaves the table
ImaPeppaPig: folds 
TheBraveGirl: folds 
Uncalled bet ($1.20) returned to PhoenixAssassin
PhoenixAssassin collected $2.50 from pot
PhoenixAssassin: doesn't show hand 
*** SUMMARY ***
Total pot $2.50 | Rake $0 
Seat 1: ImaPeppaPig (small blind) folded before Flop
Seat 2: TheBraveGirl (big blind) folded before Flop
Seat 3: joner74 folded before Flop (didn't bet)
Seat 4: PhoenixAssassin collected ($2.50)
Seat 5: xxxZeka folded before Flop (didn't bet)
Seat 6: kars0n (button) folded before Flop (didn't bet)



PokerStars Hand #254266098263:  Hold'em No Limit ($0.50/$1.00 USD) - 2025/01/08 19:35:27 WET [2025/01/08 14:35:27 ET]
Table 'Valeska III' 6-max Seat #1 is the button
Seat 1: ImaPeppaPig ($235.84 in chips) 
Seat 2: TheBraveGirl ($106.22 in chips) 
Seat 3: joner74 ($48.53 in chips) 
Seat 4: PhoenixAssassin ($126.04 in chips) 
Seat 5: xxxZeka ($102.39 in chips) 
TheBraveGirl: posts small blind $0.50
joner74: posts big blind $1
*** HOLE CARDS ***
PhoenixAssassin: raises $1.20 to $2.20
xxxZeka: raises $5.30 to $7.50
ImaPeppaPig: folds 
TheBraveGirl: folds 
joner74: folds 
PhoenixAssassin: folds 
Uncalled bet ($5.30) returned to xxxZeka
xxxZeka collected $5.90 from pot
xxxZeka: doesn't show hand 
*** SUMMARY ***
Total pot $5.90 | Rake $0 
Seat 1: ImaPeppaPig (button) folded before Flop (didn't bet)
Seat 2: TheBraveGirl (small blind) folded before Flop
Seat 3: joner74 (big blind) folded before Flop
Seat 4: PhoenixAssassin folded before Flop
Seat 5: xxxZeka collected ($5.90)



PokerStars Hand #254266103274:  Hold'em No Limit ($0.50/$1.00 USD) - 2025/01/08 19:35:43 WET [2025/01/08 14:35:43 ET]
Table 'Valeska III' 6-max Seat #2 is the button
Seat 1: ImaPeppaPig ($235.84 in chips) 
Seat 2: TheBraveGirl ($105.72 in chips) 
Seat 3: joner74 ($47.53 in chips) 
Seat 4: PhoenixAssassin ($123.84 in chips) 
Seat 5: xxxZeka ($106.09 in chips) 
joner74: posts small blind $0.50
PhoenixAssassin: posts big blind $1
*** HOLE CARDS ***
xxxZeka: folds 
ImaPeppaPig: folds 
Dearic99 joins the table at seat #6 
TheBraveGirl: folds 
joner74: raises $2 to $3
PhoenixAssassin: folds 
Uncalled bet ($2) returned to joner74
joner74 collected $2 from pot
joner74: doesn't show hand 
*** SUMMARY ***
Total pot $2 | Rake $0 
Seat 1: ImaPeppaPig folded before Flop (didn't bet)
Seat 2: TheBraveGirl (button) folded before Flop (didn't bet)
Seat 3: joner74 (small blind) collected ($2)
Seat 4: PhoenixAssassin (big blind) folded before Flop
Seat 5: xxxZeka folded before Flop (didn't bet)



PokerStars Hand #254266108412:  Hold'em No Limit ($0.50/$1.00 USD) - 2025/01/08 19:36:00 WET [2025/01/08 14:36:00 ET]
Table 'Valeska III' 6-max Seat #3 is the button
Seat 6: Dearic99 ($100 in chips) is sitting out
Seat 1: ImaPeppaPig ($235.84 in chips) 
Seat 2: TheBraveGirl ($105.72 in chips) 
Seat 3: joner74 ($48.53 in chips) 
Seat 4: PhoenixAssassin ($122.84 in chips) 
Seat 5: xxxZeka ($106.09 in chips) 
PhoenixAssassin: posts small blind $0.50
xxxZeka: posts big blind $1
Dearic99: sits out 
*** HOLE CARDS ***
ImaPeppaPig: folds 
TheBraveGirl: folds 
joner74: folds 
PhoenixAssassin: raises $2 to $3
xxxZeka: folds 
Uncalled bet ($2) returned to PhoenixAssassin
PhoenixAssassin collected $2 from pot
PhoenixAssassin: doesn't show hand 
*** SUMMARY ***
Total pot $2 | Rake $0 
Seat 6: Dearic99
Seat 1: ImaPeppaPig folded before Flop (didn't bet)
Seat 2: TheBraveGirl folded before Flop (didn't bet)
Seat 3: joner74 (button) folded before Flop (didn't bet)
Seat 4: PhoenixAssassin (small blind) collected ($2)
Seat 5: xxxZeka (big blind) folded before Flop



PokerStars Hand #254266112814:  Hold'em No Limit ($0.50/$1.00 USD) - 2025/01/08 19:36:14 WET [2025/01/08 14:36:14 ET]
Table 'Valeska III' 6-max Seat #4 is the button
Seat 1: ImaPeppaPig ($235.84 in chips) 
Seat 2: TheBraveGirl ($105.72 in chips) 
Seat 3: joner74 ($48.53 in chips) 
Seat 4: PhoenixAssassin ($123.84 in chips) 
Seat 5: xxxZeka ($105.09 in chips) 
Seat 6: Dearic99 ($100 in chips) 
xxxZeka: posts small blind $0.50
Dearic99: posts big blind $1
*** HOLE CARDS ***
ImaPeppaPig: folds 
TheBraveGirl: folds 
joner74: folds 
PhoenixAssassin: folds 
xxxZeka: raises $2 to $3
Dearic99: folds 
Uncalled bet ($2) returned to xxxZeka
xxxZeka collected $2 from pot
xxxZeka: doesn't show hand 
*** SUMMARY ***
Total pot $2 | Rake $0 
Seat 1: ImaPeppaPig folded before Flop (didn't bet)
Seat 2: TheBraveGirl folded before Flop (didn't bet)
Seat 3: joner74 folded before Flop (didn't bet)
Seat 4: PhoenixAssassin (button) folded before Flop (didn't bet)
Seat 5: xxxZeka (small blind) collected ($2)
Seat 6: Dearic99 (big blind) folded before Flop



PokerStars Hand #254266116005:  Hold'em No Limit ($0.50/$1.00 USD) - 2025/01/08 19:36:25 WET [2025/01/08 14:36:25 ET]
Table 'Valeska III' 6-max Seat #5 is the button
Seat 1: ImaPeppaPig ($235.84 in chips) 
Seat 2: TheBraveGirl ($105.72 in chips) 
Seat 3: joner74 ($48.53 in chips) 
Seat 4: PhoenixAssassin ($123.84 in chips) 
Seat 5: xxxZeka ($106.09 in chips) 
Seat 6: Dearic99 ($100 in chips) 
Dearic99: posts small blind $0.50
ImaPeppaPig: posts big blind $1
*** HOLE CARDS ***
TheBraveGirl: folds 
joner74: raises $1.50 to $2.50
PhoenixAssassin: folds 
xxxZeka: folds 
Dearic99: folds 
ImaPeppaPig: folds 
Uncalled bet ($1.50) returned to joner74
joner74 collected $2.50 from pot
joner74: doesn't show hand 
*** SUMMARY ***
Total pot $2.50 | Rake $0 
Seat 1: ImaPeppaPig (big blind) folded before Flop
Seat 2: TheBraveGirl folded before Flop (didn't bet)
Seat 3: joner74 collected ($2.50)
Seat 4: PhoenixAssassin folded before Flop (didn't bet)
Seat 5: xxxZeka (button) folded before Flop (didn't bet)
Seat 6: Dearic99 (small blind) folded before Flop



PokerStars Hand #254266125000:  Hold'em No Limit ($0.50/$1.00 USD) - 2025/01/08 19:36:54 WET [2025/01/08 14:36:54 ET]
Table 'Valeska III' 6-max Seat #6 is the button
Seat 1: ImaPeppaPig ($234.84 in chips) 
Seat 2: TheBraveGirl ($105.72 in chips) 
Seat 3: joner74 ($50.03 in chips) 
Seat 4: PhoenixAssassin ($123.84 in chips) 
Seat 5: xxxZeka ($106.09 in chips) 
Seat 6: Dearic99 ($100 in chips) 
ImaPeppaPig: posts small blind $0.50
TheBraveGirl: posts big blind $1
*** HOLE CARDS ***
joner74: folds 
PhoenixAssassin: folds 
xxxZeka: raises $1.50 to $2.50
Dearic99: folds 
ImaPeppaPig: folds 
TheBraveGirl: raises $11 to $13.50
xxxZeka: folds 
Uncalled bet ($11) returned to TheBraveGirl
TheBraveGirl collected $5.50 from pot
TheBraveGirl: doesn't show hand 
*** SUMMARY ***
Total pot $5.50 | Rake $0 
Seat 1: ImaPeppaPig (small blind) folded before Flop
Seat 2: TheBraveGirl (big blind) collected ($5.50)
Seat 3: joner74 folded before Flop (didn't bet)
Seat 4: PhoenixAssassin folded before Flop (didn't bet)
Seat 5: xxxZeka folded before Flop
Seat 6: Dearic99 (button) folded before Flop (didn't bet)



PokerStars Hand #254266134627:  Hold'em No Limit ($0.50/$1.00 USD) - 2025/01/08 19:37:25 WET [2025/01/08 14:37:25 ET]
Table 'Valeska III' 6-max Seat #1 is the button
Seat 1: ImaPeppaPig ($234.34 in chips) 
Seat 2: TheBraveGirl ($108.72 in chips) 
Seat 3: joner74 ($50.03 in chips) 
Seat 4: PhoenixAssassin ($123.84 in chips) 
Seat 5: xxxZeka ($103.59 in chips) 
Seat 6: Dearic99 ($100 in chips) 
TheBraveGirl: posts small blind $0.50
joner74: posts big blind $1
*** HOLE CARDS ***
PhoenixAssassin: folds 
xxxZeka: folds 
Dearic99: folds 
ImaPeppaPig: raises $1.50 to $2.50
TheBraveGirl: folds 
joner74: folds 
Uncalled bet ($1.50) returned to ImaPeppaPig
ImaPeppaPig collected $2.50 from pot
ImaPeppaPig: doesn't show hand 
*** SUMMARY ***
Total pot $2.50 | Rake $0 
Seat 1: ImaPeppaPig (button) collected ($2.50)
Seat 2: TheBraveGirl (small blind) folded before Flop
Seat 3: joner74 (big blind) folded before Flop
Seat 4: PhoenixAssassin folded before Flop (didn't bet)
Seat 5: xxxZeka folded before Flop (didn't bet)
Seat 6: Dearic99 folded before Flop (didn't bet)



PokerStars Hand #254266140377:  Hold'em No Limit ($0.50/$1.00 USD) - 2025/01/08 19:37:44 WET [2025/01/08 14:37:44 ET]
Table 'Valeska III' 6-max Seat #2 is the button
Seat 1: ImaPeppaPig ($235.84 in chips) 
Seat 2: TheBraveGirl ($108.22 in chips) 
Seat 3: joner74 ($49.03 in chips) 
Seat 4: PhoenixAssassin ($123.84 in chips) 
Seat 5: xxxZeka ($103.59 in chips) 
Seat 6: Dearic99 ($100 in chips) 
joner74: posts small blind $0.50
PhoenixAssassin: posts big blind $1
*** HOLE CARDS ***
xxxZeka: folds 
Dearic99: raises $1.50 to $2.50
ImaPeppaPig: raises $5.50 to $8
TheBraveGirl: folds 
joner74: folds 
PhoenixAssassin: folds 
Dearic99: folds 
Uncalled bet ($5.50) returned to ImaPeppaPig
ImaPeppaPig collected $6.50 from pot
ImaPeppaPig: doesn't show hand 
*** SUMMARY ***
Total pot $6.50 | Rake $0 
Seat 1: ImaPeppaPig collected ($6.50)
Seat 2: TheBraveGirl (button) folded before Flop (didn't bet)
Seat 3: joner74 (small blind) folded before Flop
Seat 4: PhoenixAssassin (big blind) folded before Flop
Seat 5: xxxZeka folded before Flop (didn't bet)
Seat 6: Dearic99 folded before Flop



PokerStars Hand #254266145684:  Hold'em No Limit ($0.50/$1.00 USD) - 2025/01/08 19:38:01 WET [2025/01/08 14:38:01 ET]
Table 'Valeska III' 6-max Seat #3 is the button
Seat 1: ImaPeppaPig ($239.84 in chips) 
Seat 2: TheBraveGirl ($108.22 in chips) 
Seat 3: joner74 ($48.53 in chips) 
Seat 4: PhoenixAssassin ($122.84 in chips) 
Seat 5: xxxZeka ($103.59 in chips) 
Seat 6: Dearic99 ($100 in chips) 
PhoenixAssassin: posts small blind $0.50
xxxZeka: posts big blind $1
*** HOLE CARDS ***
Dearic99: folds 
ImaPeppaPig: raises $1.50 to $2.50
TheBraveGirl: folds 
joner74: calls $2.50
PhoenixAssassin: folds 
xxxZeka: calls $1.50
*** FLOP *** [Ts Qd 5s]
xxxZeka: checks 
ImaPeppaPig: checks 
joner74: checks 
*** TURN *** [Ts Qd 5s] [Kh]
xxxZeka: bets $5.85
ImaPeppaPig: calls $5.85
joner74: folds 
*** RIVER *** [Ts Qd 5s Kh] [7s]
xxxZeka: bets $14.41
ImaPeppaPig: calls $14.41
*** SHOW DOWN ***
xxxZeka: shows [Kc Qc] (two pair, Kings and Queens)
ImaPeppaPig: shows [Jc Ac] (a straight, Ten to Ace)
ImaPeppaPig collected $46.09 from pot
*** SUMMARY ***
Total pot $48.52 | Rake $2.43 
Board [Ts Qd 5s Kh 7s]
Seat 1: ImaPeppaPig showed [Jc Ac] and won ($46.09) with a straight, Ten to Ace
Seat 2: TheBraveGirl folded before Flop (didn't bet)
Seat 3: joner74 (button) folded on the Turn
Seat 4: PhoenixAssassin (small blind) folded before Flop
Seat 5: xxxZeka (big blind) showed [Kc Qc] and lost with two pair, Kings and Queens
Seat 6: Dearic99 folded before Flop (didn't bet)



PokerStars Hand #254266163376:  Hold'em No Limit ($0.50/$1.00 USD) - 2025/01/08 19:38:59 WET [2025/01/08 14:38:59 ET]
Table 'Valeska III' 6-max Seat #4 is the button
Seat 1: ImaPeppaPig ($263.17 in chips) 
Seat 2: TheBraveGirl ($108.22 in chips) 
Seat 3: joner74 ($46.03 in chips) 
Seat 4: PhoenixAssassin ($122.34 in chips) 
Seat 5: xxxZeka ($100 in chips) 
Seat 6: Dearic99 ($100 in chips) 
xxxZeka: posts small blind $0.50
Dearic99: posts big blind $1
*** HOLE CARDS ***
ImaPeppaPig: folds 
TheBraveGirl: folds 
joner74: folds 
PhoenixAssassin: folds 
xxxZeka: raises $2 to $3
Dearic99: folds 
Uncalled bet ($2) returned to xxxZeka
xxxZeka collected $2 from pot
xxxZeka: doesn't show hand 
*** SUMMARY ***
Total pot $2 | Rake $0 
Seat 1: ImaPeppaPig folded before Flop (didn't bet)
Seat 2: TheBraveGirl folded before Flop (didn't bet)
Seat 3: joner74 folded before Flop (didn't bet)
Seat 4: PhoenixAssassin (button) folded before Flop (didn't bet)
Seat 5: xxxZeka (small blind) collected ($2)
Seat 6: Dearic99 (big blind) folded before Flop



PokerStars Hand #254266167532:  Hold'em No Limit ($0.50/$1.00 USD) - 2025/01/08 19:39:13 WET [2025/01/08 14:39:13 ET]
Table 'Valeska III' 6-max Seat #5 is the button
Seat 1: ImaPeppaPig ($263.17 in chips) 
Seat 2: TheBraveGirl ($108.22 in chips) 
Seat 3: joner74 ($46.03 in chips) 
Seat 4: PhoenixAssassin ($122.34 in chips) 
Seat 5: xxxZeka ($101 in chips) 
Seat 6: Dearic99 ($100 in chips) 
Dearic99: posts small blind $0.50
ImaPeppaPig: posts big blind $1
*** HOLE CARDS ***
TheBraveGirl: folds 
joner74: folds 
PhoenixAssassin: folds 
xxxZeka: folds 
Dearic99: folds 
Uncalled bet ($0.50) returned to ImaPeppaPig
ImaPeppaPig collected $1 from pot
ImaPeppaPig: doesn't show hand 
*** SUMMARY ***
Total pot $1 | Rake $0 
Seat 1: ImaPeppaPig (big blind) collected ($1)
Seat 2: TheBraveGirl folded before Flop (didn't bet)
Seat 3: joner74 folded before Flop (didn't bet)
Seat 4: PhoenixAssassin folded before Flop (didn't bet)
Seat 5: xxxZeka (button) folded before Flop (didn't bet)
Seat 6: Dearic99 (small blind) folded before Flop



PokerStars Hand #254266172013:  Hold'em No Limit ($0.50/$1.00 USD) - 2025/01/08 19:39:27 WET [2025/01/08 14:39:27 ET]
Table 'Valeska III' 6-max Seat #6 is the button
Seat 1: ImaPeppaPig ($263.67 in chips) 
Seat 2: TheBraveGirl ($108.22 in chips) 
Seat 3: joner74 ($46.03 in chips) 
Seat 4: PhoenixAssassin ($122.34 in chips) 
Seat 5: xxxZeka ($101 in chips) 
Seat 6: Dearic99 ($100 in chips) 
ImaPeppaPig: posts small blind $0.50
TheBraveGirl: posts big blind $1
*** HOLE CARDS ***
joner74: raises $1.50 to $2.50
PhoenixAssassin: folds 
xxxZeka: folds 
Dearic99: folds 
ImaPeppaPig: folds 
TheBraveGirl: folds 
Uncalled bet ($1.50) returned to joner74
joner74 collected $2.50 from pot
joner74: doesn't show hand 
*** SUMMARY ***
Total pot $2.50 | Rake $0 
Seat 1: ImaPeppaPig (small blind) folded before Flop
Seat 2: TheBraveGirl (big blind) folded before Flop
Seat 3: joner74 collected ($2.50)
Seat 4: PhoenixAssassin folded before Flop (didn't bet)
Seat 5: xxxZeka folded before Flop (didn't bet)
Seat 6: Dearic99 (button) folded before Flop (didn't bet)



PokerStars Hand #254266176784:  Hold'em No Limit ($0.50/$1.00 USD) - 2025/01/08 19:39:43 WET [2025/01/08 14:39:43 ET]
Table 'Valeska III' 6-max Seat #1 is the button
Seat 1: ImaPeppaPig ($263.17 in chips) 
Seat 2: TheBraveGirl ($107.22 in chips) 
Seat 3: joner74 ($47.53 in chips) 
Seat 4: PhoenixAssassin ($122.34 in chips) 
Seat 5: xxxZeka ($101 in chips) 
Seat 6: Dearic99 ($100 in chips) 
TheBraveGirl: posts small blind $0.50
joner74: posts big blind $1
*** HOLE CARDS ***
PhoenixAssassin: folds 
xxxZeka: folds 
Dearic99: folds 
ImaPeppaPig: folds 
TheBraveGirl: raises $2 to $3
joner74: calls $2
*** FLOP *** [8h 7d 5h]
TheBraveGirl: checks 
joner74: bets $2.85
TheBraveGirl: calls $2.85
*** TURN *** [8h 7d 5h] [3h]
TheBraveGirl: checks 
joner74: bets $3.99
TheBraveGirl: calls $3.99
*** RIVER *** [8h 7d 5h 3h] [6c]
TheBraveGirl: checks 
joner74: bets $13
TheBraveGirl: folds 
Uncalled bet ($13) returned to joner74
joner74 collected $18.70 from pot
joner74: doesn't show hand 
*** SUMMARY ***
Total pot $19.68 | Rake $0.98 
Board [8h 7d 5h 3h 6c]
Seat 1: ImaPeppaPig (button) folded before Flop (didn't bet)
Seat 2: TheBraveGirl (small blind) folded on the River
Seat 3: joner74 (big blind) collected ($18.70)
Seat 4: PhoenixAssassin folded before Flop (didn't bet)
Seat 5: xxxZeka folded before Flop (didn't bet)
Seat 6: Dearic99 folded before Flop (didn't bet)



PokerStars Hand #254266217991:  Hold'em No Limit ($0.50/$1.00 USD) - 2025/01/08 19:41:58 WET [2025/01/08 14:41:58 ET]
Table 'Valeska III' 6-max Seat #2 is the button
Seat 1: ImaPeppaPig ($263.17 in chips) 
Seat 2: TheBraveGirl ($100 in chips) 
Seat 3: joner74 ($56.39 in chips) 
Seat 4: PhoenixAssassin ($122.34 in chips) 
Seat 5: xxxZeka ($101 in chips) 
Seat 6: Dearic99 ($100 in chips) 
joner74: posts small blind $0.50
PhoenixAssassin: posts big blind $1
*** HOLE CARDS ***
xxxZeka: raises $1.50 to $2.50
Dearic99: folds 
ImaPeppaPig: folds 
TheBraveGirl: folds 
joner74: folds 
PhoenixAssassin: folds 
Uncalled bet ($1.50) returned to xxxZeka
xxxZeka collected $2.50 from pot
xxxZeka: doesn't show hand 
*** SUMMARY ***
Total pot $2.50 | Rake $0 
Seat 1: ImaPeppaPig folded before Flop (didn't bet)
Seat 2: TheBraveGirl (button) folded before Flop (didn't bet)
Seat 3: joner74 (small blind) folded before Flop
Seat 4: PhoenixAssassin (big blind) folded before Flop
Seat 5: xxxZeka collected ($2.50)
Seat 6: Dearic99 folded before Flop (didn't bet)



PokerStars Hand #254266221963:  Hold'em No Limit ($0.50/$1.00 USD) - 2025/01/08 19:42:12 WET [2025/01/08 14:42:12 ET]
Table 'Valeska III' 6-max Seat #3 is the button
Seat 1: ImaPeppaPig ($263.17 in chips) 
Seat 2: TheBraveGirl ($100 in chips) 
Seat 3: joner74 ($55.89 in chips) 
Seat 4: PhoenixAssassin ($121.34 in chips) 
Seat 5: xxxZeka ($102.50 in chips) 
Seat 6: Dearic99 ($100 in chips) 
PhoenixAssassin: posts small blind $0.50
xxxZeka: posts big blind $1
*** HOLE CARDS ***
Dearic99: raises $1.50 to $2.50
ImaPeppaPig: folds 
TheBraveGirl: folds 
joner74: calls $2.50
PhoenixAssassin: folds 
xxxZeka: folds 
*** FLOP *** [5s Td 6c]
Dearic99: checks 
joner74: checks 
*** TURN *** [5s Td 6c] [Tc]
Dearic99: checks 
joner74: checks 
*** RIVER *** [5s Td 6c Tc] [Kh]
Dearic99: checks 
joner74: bets $6.18
Dearic99: folds 
Uncalled bet ($6.18) returned to joner74
joner74 collected $6.18 from pot
joner74: doesn't show hand 
*** SUMMARY ***
Total pot $6.50 | Rake $0.32 
Board [5s Td 6c Tc Kh]
Seat 1: ImaPeppaPig folded before Flop (didn't bet)
Seat 2: TheBraveGirl folded before Flop (didn't bet)
Seat 3: joner74 (button) collected ($6.18)
Seat 4: PhoenixAssassin (small blind) folded before Flop
Seat 5: xxxZeka (big blind) folded before Flop
Seat 6: Dearic99 folded on the River



PokerStars Hand #254266236932:  Hold'em No Limit ($0.50/$1.00 USD) - 2025/01/08 19:43:01 WET [2025/01/08 14:43:01 ET]
Table 'Valeska III' 6-max Seat #4 is the button
Seat 1: ImaPeppaPig ($263.17 in chips) 
Seat 2: TheBraveGirl ($100 in chips) 
Seat 3: joner74 ($59.57 in chips) 
Seat 4: PhoenixAssassin ($120.84 in chips) 
Seat 5: xxxZeka ($101.50 in chips) 
Seat 6: Dearic99 ($100 in chips) 
xxxZeka: posts small blind $0.50
Dearic99: posts big blind $1
*** HOLE CARDS ***
ImaPeppaPig: folds 
TheBraveGirl: folds 
joner74: folds 
PhoenixAssassin: folds 
xxxZeka: folds 
Uncalled bet ($0.50) returned to Dearic99
Dearic99 collected $1 from pot
Dearic99: doesn't show hand 
*** SUMMARY ***
Total pot $1 | Rake $0 
Seat 1: ImaPeppaPig folded before Flop (didn't bet)
Seat 2: TheBraveGirl folded before Flop (didn't bet)
Seat 3: joner74 folded before Flop (didn't bet)
Seat 4: PhoenixAssassin (button) folded before Flop (didn't bet)
Seat 5: xxxZeka (small blind) folded before Flop
Seat 6: Dearic99 (big blind) collected ($1)



PokerStars Hand #254266240174:  Hold'em No Limit ($0.50/$1.00 USD) - 2025/01/08 19:43:11 WET [2025/01/08 14:43:11 ET]
Table 'Valeska III' 6-max Seat #5 is the button
Seat 1: ImaPeppaPig ($263.17 in chips) 
Seat 2: TheBraveGirl ($100 in chips) 
Seat 3: joner74 ($59.57 in chips) 
Seat 4: PhoenixAssassin ($120.84 in chips) 
Seat 5: xxxZeka ($101 in chips) 
Seat 6: Dearic99 ($100.50 in chips) 
Dearic99: posts small blind $0.50
ImaPeppaPig: posts big blind $1
*** HOLE CARDS ***
TheBraveGirl: raises $1 to $2
joner74: folds 
PhoenixAssassin: folds 
xxxZeka: folds 
Dearic99: folds 
ImaPeppaPig: folds 
Uncalled bet ($1) returned to TheBraveGirl
TheBraveGirl collected $2.50 from pot
TheBraveGirl: doesn't show hand 
*** SUMMARY ***
Total pot $2.50 | Rake $0 
Seat 1: ImaPeppaPig (big blind) folded before Flop
Seat 2: TheBraveGirl collected ($2.50)
Seat 3: joner74 folded before Flop (didn't bet)
Seat 4: PhoenixAssassin folded before Flop (didn't bet)
Seat 5: xxxZeka (button) folded before Flop (didn't bet)
Seat 6: Dearic99 (small blind) folded before Flop



PokerStars Hand #254266246666:  Hold'em No Limit ($0.50/$1.00 USD) - 2025/01/08 19:43:32 WET [2025/01/08 14:43:32 ET]
Table 'Valeska III' 6-max Seat #6 is the button
Seat 1: ImaPeppaPig ($262.17 in chips) 
Seat 2: TheBraveGirl ($101.50 in chips) 
Seat 3: joner74 ($59.57 in chips) 
Seat 4: PhoenixAssassin ($120.84 in chips) 
Seat 5: xxxZeka ($101 in chips) 
Seat 6: Dearic99 ($100 in chips) 
ImaPeppaPig: posts small blind $0.50
TheBraveGirl: posts big blind $1
*** HOLE CARDS ***
joner74: folds 
PhoenixAssassin: folds 
xxxZeka: folds 
Dearic99: folds 
ImaPeppaPig: folds 
Uncalled bet ($0.50) returned to TheBraveGirl
TheBraveGirl collected $1 from pot
TheBraveGirl: doesn't show hand 
*** SUMMARY ***
Total pot $1 | Rake $0 
Seat 1: ImaPeppaPig (small blind) folded before Flop
Seat 2: TheBraveGirl (big blind) collected ($1)
Seat 3: joner74 folded before Flop (didn't bet)
Seat 4: PhoenixAssassin folded before Flop (didn't bet)
Seat 5: xxxZeka folded before Flop (didn't bet)
Seat 6: Dearic99 (button) folded before Flop (didn't bet)



PokerStars Hand #254266378641:  Hold'em No Limit ($0.50/$1.00 USD) - 2025/01/08 19:50:43 WET [2025/01/08 14:50:43 ET]
Table 'Valeska III' 6-max Seat #6 is the button
Seat 1: ImaPeppaPig ($262.34 in chips) 
Seat 2: TheBraveGirl ($109.74 in chips) 
Seat 3: joner74 ($23.77 in chips) 
Seat 4: PhoenixAssassin ($100 in chips) 
Seat 5: xxxZeka ($130.72 in chips) 
Seat 6: Dearic99 ($123.42 in chips) 
ImaPeppaPig: posts small blind $0.50
TheBraveGirl: posts big blind $1
*** HOLE CARDS ***
joner74: folds 
PhoenixAssassin: folds 
xxxZeka: folds 
Dearic99: raises $1.50 to $2.50
ImaPeppaPig: folds 
TheBraveGirl: folds 
Uncalled bet ($1.50) returned to Dearic99
Dearic99 collected $2.50 from pot
Dearic99: doesn't show hand 
*** SUMMARY ***
Total pot $2.50 | Rake $0 
Seat 1: ImaPeppaPig (small blind) folded before Flop
Seat 2: TheBraveGirl (big blind) folded before Flop
Seat 3: joner74 folded before Flop (didn't bet)
Seat 4: PhoenixAssassin folded before Flop (didn't bet)
Seat 5: xxxZeka folded before Flop (didn't bet)
Seat 6: Dearic99 (button) collected ($2.50)



PokerStars Hand #254266383943:  Hold'em No Limit ($0.50/$1.00 USD) - 2025/01/08 19:51:00 WET [2025/01/08 14:51:00 ET]
Table 'Valeska III' 6-max Seat #1 is the button
Seat 1: ImaPeppaPig ($261.84 in chips) 
Seat 2: TheBraveGirl ($108.74 in chips) 
Seat 3: joner74 ($23.77 in chips) 
Seat 4: PhoenixAssassin ($100 in chips) 
Seat 5: xxxZeka ($130.72 in chips) 
Seat 6: Dearic99 ($124.92 in chips) 
TheBraveGirl: posts small blind $0.50
joner74: posts big blind $1
*** HOLE CARDS ***
PhoenixAssassin: folds 
xxxZeka: folds 
Dearic99: folds 
ImaPeppaPig: folds 
TheBraveGirl: raises $2 to $3
joner74: calls $2
*** FLOP *** [2h 3s Jc]
TheBraveGirl: bets $1.43
joner74: calls $1.43
*** TURN *** [2h 3s Jc] [7d]
TheBraveGirl: checks 
joner74: checks 
*** RIVER *** [2h 3s Jc 7d] [7c]
TheBraveGirl: bets $8.42
joner74: folds 
Uncalled bet ($8.42) returned to TheBraveGirl
TheBraveGirl collected $8.42 from pot
TheBraveGirl: doesn't show hand 
*** SUMMARY ***
Total pot $8.86 | Rake $0.44 
Board [2h 3s Jc 7d 7c]
Seat 1: ImaPeppaPig (button) folded before Flop (didn't bet)
Seat 2: TheBraveGirl (small blind) collected ($8.42)
Seat 3: joner74 (big blind) folded on the River
Seat 4: PhoenixAssassin folded before Flop (didn't bet)
Seat 5: xxxZeka folded before Flop (didn't bet)
Seat 6: Dearic99 folded before Flop (didn't bet)



PokerStars Hand #254266399206:  Hold'em No Limit ($0.50/$1.00 USD) - 2025/01/08 19:51:50 WET [2025/01/08 14:51:50 ET]
Table 'Valeska III' 6-max Seat #2 is the button
Seat 1: ImaPeppaPig ($261.84 in chips) 
Seat 2: TheBraveGirl ($112.73 in chips) 
Seat 3: joner74 ($19.34 in chips) 
Seat 4: PhoenixAssassin ($100 in chips) 
Seat 5: xxxZeka ($130.72 in chips) 
Seat 6: Dearic99 ($124.92 in chips) 
joner74: posts small blind $0.50
PhoenixAssassin: posts big blind $1
*** HOLE CARDS ***
xxxZeka: raises $1.50 to $2.50
Dearic99: folds 
ImaPeppaPig: folds 
TheBraveGirl: folds 
joner74: folds 
PhoenixAssassin: folds 
Uncalled bet ($1.50) returned to xxxZeka
xxxZeka collected $2.50 from pot
xxxZeka: doesn't show hand 
*** SUMMARY ***
Total pot $2.50 | Rake $0 
Seat 1: ImaPeppaPig folded before Flop (didn't bet)
Seat 2: TheBraveGirl (button) folded before Flop (didn't bet)
Seat 3: joner74 (small blind) folded before Flop
Seat 4: PhoenixAssassin (big blind) folded before Flop
Seat 5: xxxZeka collected ($2.50)
Seat 6: Dearic99 folded before Flop (didn't bet)



PokerStars Hand #254266405506:  Hold'em No Limit ($0.50/$1.00 USD) - 2025/01/08 19:52:11 WET [2025/01/08 14:52:11 ET]
Table 'Valeska III' 6-max Seat #3 is the button
Seat 1: ImaPeppaPig ($261.84 in chips) 
Seat 2: TheBraveGirl ($112.73 in chips) 
Seat 3: joner74 ($18.84 in chips) 
Seat 4: PhoenixAssassin ($100 in chips) 
Seat 5: xxxZeka ($132.22 in chips) 
Seat 6: Dearic99 ($124.92 in chips) 
PhoenixAssassin: posts small blind $0.50
xxxZeka: posts big blind $1
*** HOLE CARDS ***
Dearic99: raises $1.50 to $2.50
ImaPeppaPig: folds 
TheBraveGirl: raises $5 to $7.50
joner74: folds 
PhoenixAssassin: folds 
xxxZeka: folds 
Dearic99: folds 
Uncalled bet ($5) returned to TheBraveGirl
TheBraveGirl collected $6.50 from pot
TheBraveGirl: doesn't show hand 
*** SUMMARY ***
Total pot $6.50 | Rake $0 
Seat 1: ImaPeppaPig folded before Flop (didn't bet)
Seat 2: TheBraveGirl collected ($6.50)
Seat 3: joner74 (button) folded before Flop (didn't bet)
Seat 4: PhoenixAssassin (small blind) folded before Flop
Seat 5: xxxZeka (big blind) folded before Flop
Seat 6: Dearic99 folded before Flop



PokerStars Hand #254266411399:  Hold'em No Limit ($0.50/$1.00 USD) - 2025/01/08 19:52:30 WET [2025/01/08 14:52:30 ET]
Table 'Valeska III' 6-max Seat #4 is the button
Seat 1: ImaPeppaPig ($261.84 in chips) 
Seat 2: TheBraveGirl ($116.73 in chips) 
Seat 3: joner74 ($18.84 in chips) 
Seat 4: PhoenixAssassin ($100 in chips) 
Seat 5: xxxZeka ($131.22 in chips) 
Seat 6: Dearic99 ($122.42 in chips) 
xxxZeka: posts small blind $0.50
Dearic99: posts big blind $1
*** HOLE CARDS ***
ImaPeppaPig: folds 
TheBraveGirl: folds 
joner74: raises $1.45 to $2.45
PhoenixAssassin: calls $2.45
xxxZeka: folds 
Dearic99: folds 
*** FLOP *** [3s 6c 4d]
joner74: checks 
PhoenixAssassin: bets $2.01
joner74: calls $2.01
*** TURN *** [3s 6c 4d] [Qs]
joner74: checks 
PhoenixAssassin: bets $3.27
joner74: raises $11.11 to $14.38 and is all-in
PhoenixAssassin: calls $11.11
*** RIVER *** [3s 6c 4d Qs] [Ks]
*** SHOW DOWN ***
joner74: shows [Ac Ad] (a pair of Aces)
PhoenixAssassin: shows [6d 6h] (three of a kind, Sixes)
PhoenixAssassin collected $37.22 from pot
*** SUMMARY ***
Total pot $39.18 | Rake $1.96 
Board [3s 6c 4d Qs Ks]
Seat 1: ImaPeppaPig folded before Flop (didn't bet)
Seat 2: TheBraveGirl folded before Flop (didn't bet)
Seat 3: joner74 showed [Ac Ad] and lost with a pair of Aces
Seat 4: PhoenixAssassin (button) showed [6d 6h] and won ($37.22) with three of a kind, Sixes
Seat 5: xxxZeka (small blind) folded before Flop
Seat 6: Dearic99 (big blind) folded before Flop



PokerStars Hand #254266431411:  Hold'em No Limit ($0.50/$1.00 USD) - 2025/01/08 19:53:35 WET [2025/01/08 14:53:35 ET]
Table 'Valeska III' 6-max Seat #5 is the button
Seat 3: joner74 ($0 in chips) is sitting out
Seat 1: ImaPeppaPig ($261.84 in chips) 
Seat 2: TheBraveGirl ($116.73 in chips) 
Seat 4: PhoenixAssassin ($118.38 in chips) 
Seat 5: xxxZeka ($130.72 in chips) 
Seat 6: Dearic99 ($121.42 in chips) 
Dearic99: posts small blind $0.50
ImaPeppaPig: posts big blind $1
*** HOLE CARDS ***
TheBraveGirl: folds 
PhoenixAssassin: folds 
joner74 leaves the table
xxxZeka: folds 
Dearic99: folds 
Uncalled bet ($0.50) returned to ImaPeppaPig
ImaPeppaPig collected $1 from pot
ImaPeppaPig: doesn't show hand 
*** SUMMARY ***
Total pot $1 | Rake $0 
Seat 3: joner74
Seat 1: ImaPeppaPig (big blind) collected ($1)
Seat 2: TheBraveGirl folded before Flop (didn't bet)
Seat 4: PhoenixAssassin folded before Flop (didn't bet)
Seat 5: xxxZeka (button) folded before Flop (didn't bet)
Seat 6: Dearic99 (small blind) folded before Flop



PokerStars Hand #254266436713:  Hold'em No Limit ($0.50/$1.00 USD) - 2025/01/08 19:53:51 WET [2025/01/08 14:53:51 ET]
Table 'Valeska III' 6-max Seat #6 is the button
Seat 1: ImaPeppaPig ($262.34 in chips) 
Seat 2: TheBraveGirl ($116.73 in chips) 
Seat 4: PhoenixAssassin ($118.38 in chips) 
Seat 5: xxxZeka ($130.72 in chips) 
Seat 6: Dearic99 ($120.92 in chips) 
ImaPeppaPig: posts small blind $0.50
TheBraveGirl: posts big blind $1
*** HOLE CARDS ***
PhoenixAssassin: folds 
xxxZeka: folds 
Dearic99: folds 
ImaPeppaPig: folds 
Uncalled bet ($0.50) returned to TheBraveGirl
TheBraveGirl collected $1 from pot
TheBraveGirl: doesn't show hand 
*** SUMMARY ***
Total pot $1 | Rake $0 
Seat 1: ImaPeppaPig (small blind) folded before Flop
Seat 2: TheBraveGirl (big blind) collected ($1)
Seat 4: PhoenixAssassin folded before Flop (didn't bet)
Seat 5: xxxZeka folded before Flop (didn't bet)
Seat 6: Dearic99 (button) folded before Flop (didn't bet)



PokerStars Hand #254266439853:  Hold'em No Limit ($0.50/$1.00 USD) - 2025/01/08 19:54:01 WET [2025/01/08 14:54:01 ET]
Table 'Valeska III' 6-max Seat #2 is the button
Seat 4: PhoenixAssassin ($118.38 in chips) is sitting out
Seat 5: xxxZeka ($130.72 in chips) is sitting out
Seat 6: Dearic99 ($120.92 in chips) is sitting out
Seat 1: ImaPeppaPig ($261.84 in chips) 
Seat 2: TheBraveGirl ($117.23 in chips) 
TheBraveGirl: posts small blind $0.50
PhoenixAssassin: is sitting out 
xxxZeka: is sitting out 
Dearic99: is sitting out 
ImaPeppaPig: posts big blind $1
*** HOLE CARDS ***
Dearic99 leaves the table
TheBraveGirl: raises $1 to $2
ImaPeppaPig: folds 
Uncalled bet ($1) returned to TheBraveGirl
TheBraveGirl collected $2 from pot
TheBraveGirl: doesn't show hand 
*** SUMMARY ***
Total pot $2 | Rake $0 
Seat 4: PhoenixAssassin
Seat 5: xxxZeka
Seat 6: Dearic99
Seat 1: ImaPeppaPig (big blind) folded before Flop
Seat 2: TheBraveGirl (button) (small blind) collected ($2)



