PokerStars Hand #254268336639:  Hold'em No Limit ($0.50/$1.00 USD) - 2025/01/08 21:07:00 WET [2025/01/08 16:07:00 ET]
Table 'Sophia III' 6-max Seat #2 is the button
Seat 6: nikalas22 ($100 in chips) is sitting out
Seat 2: MoRsCeReBruM ($100 in chips) 
Seat 4: LuckyShikari ($100 in chips) 
Seat 5: Tekkers333 ($100 in chips) 
LuckyShikari: posts small blind $0.50
Tekkers333: posts big blind $1
*** HOLE CARDS ***
MoRsCeReBruM: folds 
MaRKiToScoK joins the table at seat #1 
blistein joins the table at seat #3 
LuckyShikari: raises $2.50 to $3.50
Tekkers333: calls $2.50
*** FLOP *** [4s 8h Td]
LuckyShikari: checks 
Tekkers333: bets $2.33
LuckyShikari: calls $2.33
*** TURN *** [4s 8h Td] [Ad]
LuckyShikari: checks 
Tekkers333: checks 
*** RIVER *** [4s 8h Td Ad] [9s]
LuckyShikari: bets $3.66
Tekkers333: calls $3.66
*** SHOW DOWN ***
LuckyShikari: shows [Jd Ac] (a pair of Aces)
Tekkers333: shows [8s 9c] (two pair, Nines and Eights)
Tekkers333 collected $18.03 from pot
*** SUMMARY ***
Total pot $18.98 | Rake $0.95 
Board [4s 8h Td Ad 9s]
Seat 6: nikalas22
Seat 2: MoRsCeReBruM (button) folded before Flop (didn't bet)
Seat 4: LuckyShikari (small blind) showed [Jd Ac] and lost with a pair of Aces
Seat 5: Tekkers333 (big blind) showed [8s 9c] and won ($18.03) with two pair, Nines and Eights



PokerStars Hand #254268353302:  Hold'em No Limit ($0.50/$1.00 USD) - 2025/01/08 21:07:49 WET [2025/01/08 16:07:49 ET]
Table 'Sophia III' 6-max Seat #4 is the button
Seat 1: MaRKiToScoK ($100 in chips) is sitting out
Seat 3: blistein ($100 in chips) is sitting out
Seat 2: MoRsCeReBruM ($100 in chips) 
Seat 4: LuckyShikari ($100 in chips) 
Seat 5: Tekkers333 ($108.54 in chips) 
Seat 6: nikalas22 ($100 in chips) 
Tekkers333: posts small blind $0.50
nikalas22: posts big blind $1
MaRKiToScoK: sits out 
blistein: sits out 
*** HOLE CARDS ***
MoRsCeReBruM: folds 
LuckyShikari: folds 
Tekkers333: raises $2 to $3
nikalas22: folds 
Uncalled bet ($2) returned to Tekkers333
Tekkers333 collected $2 from pot
*** SUMMARY ***
Total pot $2 | Rake $0 
Seat 1: MaRKiToScoK
Seat 3: blistein
Seat 2: MoRsCeReBruM folded before Flop (didn't bet)
Seat 4: LuckyShikari (button) folded before Flop (didn't bet)
Seat 5: Tekkers333 (small blind) collected ($2)
Seat 6: nikalas22 (big blind) folded before Flop



PokerStars Hand #254268360573:  Hold'em No Limit ($0.50/$1.00 USD) - 2025/01/08 21:08:10 WET [2025/01/08 16:08:10 ET]
Table 'Sophia III' 6-max Seat #5 is the button
Seat 3: blistein ($100 in chips) is sitting out
Seat 1: MaRKiToScoK ($100 in chips) 
Seat 2: MoRsCeReBruM ($100 in chips) 
Seat 4: LuckyShikari ($100 in chips) 
Seat 5: Tekkers333 ($109.54 in chips) 
Seat 6: nikalas22 ($100 in chips) 
nikalas22: posts small blind $0.50
MaRKiToScoK: posts big blind $1
blistein: sits out 
*** HOLE CARDS ***
MoRsCeReBruM: folds 
LuckyShikari: folds 
Tekkers333: folds 
nikalas22: raises $2 to $3
MaRKiToScoK: calls $2
*** FLOP *** [9s Qc Kh]
nikalas22: bets $1.71
MaRKiToScoK: calls $1.71
*** TURN *** [9s Qc Kh] [6c]
nikalas22: bets $6.71
MaRKiToScoK: folds 
Uncalled bet ($6.71) returned to nikalas22
nikalas22 collected $8.95 from pot
nikalas22: doesn't show hand 
*** SUMMARY ***
Total pot $9.42 | Rake $0.47 
Board [9s Qc Kh 6c]
Seat 3: blistein
Seat 1: MaRKiToScoK (big blind) folded on the Turn
Seat 2: MoRsCeReBruM folded before Flop (didn't bet)
Seat 4: LuckyShikari folded before Flop (didn't bet)
Seat 5: Tekkers333 (button) folded before Flop (didn't bet)
Seat 6: nikalas22 (small blind) collected ($8.95)



PokerStars Hand #254268373273:  Hold'em No Limit ($0.50/$1.00 USD) - 2025/01/08 21:08:47 WET [2025/01/08 16:08:47 ET]
Table 'Sophia III' 6-max Seat #6 is the button
Seat 3: blistein ($100 in chips) is sitting out
Seat 1: MaRKiToScoK ($100 in chips) 
Seat 2: MoRsCeReBruM ($100 in chips) 
Seat 4: LuckyShikari ($100 in chips) 
Seat 5: Tekkers333 ($109.54 in chips) 
Seat 6: nikalas22 ($104.24 in chips) 
MaRKiToScoK: posts small blind $0.50
MoRsCeReBruM: posts big blind $1
blistein: sits out 
*** HOLE CARDS ***
LuckyShikari: folds 
Tekkers333: folds 
nikalas22: folds 
MaRKiToScoK: folds 
Uncalled bet ($0.50) returned to MoRsCeReBruM
MoRsCeReBruM collected $1 from pot
MoRsCeReBruM: doesn't show hand 
*** SUMMARY ***
Total pot $1 | Rake $0 
Seat 3: blistein
Seat 1: MaRKiToScoK (small blind) folded before Flop
Seat 2: MoRsCeReBruM (big blind) collected ($1)
Seat 4: LuckyShikari folded before Flop (didn't bet)
Seat 5: Tekkers333 folded before Flop (didn't bet)
Seat 6: nikalas22 (button) folded before Flop (didn't bet)



PokerStars Hand #254268383195:  Hold'em No Limit ($0.50/$1.00 USD) - 2025/01/08 21:09:16 WET [2025/01/08 16:09:16 ET]
Table 'Sophia III' 6-max Seat #1 is the button
Seat 1: MaRKiToScoK ($100 in chips) 
Seat 2: MoRsCeReBruM ($100.50 in chips) 
Seat 3: blistein ($100 in chips) 
Seat 4: LuckyShikari ($100 in chips) 
Seat 5: Tekkers333 ($109.54 in chips) 
Seat 6: nikalas22 ($104.24 in chips) 
MoRsCeReBruM: posts small blind $0.50
blistein: posts big blind $1
*** HOLE CARDS ***
LuckyShikari: folds 
Tekkers333: folds 
nikalas22: raises $1.50 to $2.50
MaRKiToScoK: folds 
MoRsCeReBruM: raises $8.50 to $11
blistein: folds 
nikalas22: folds 
Uncalled bet ($8.50) returned to MoRsCeReBruM
MoRsCeReBruM collected $6 from pot
MoRsCeReBruM: doesn't show hand 
*** SUMMARY ***
Total pot $6 | Rake $0 
Seat 1: MaRKiToScoK (button) folded before Flop (didn't bet)
Seat 2: MoRsCeReBruM (small blind) collected ($6)
Seat 3: blistein (big blind) folded before Flop
Seat 4: LuckyShikari folded before Flop (didn't bet)
Seat 5: Tekkers333 folded before Flop (didn't bet)
Seat 6: nikalas22 folded before Flop



PokerStars Hand #254268393839:  Hold'em No Limit ($0.50/$1.00 USD) - 2025/01/08 21:09:48 WET [2025/01/08 16:09:48 ET]
Table 'Sophia III' 6-max Seat #2 is the button
Seat 1: MaRKiToScoK ($100 in chips) 
Seat 2: MoRsCeReBruM ($104 in chips) 
Seat 3: blistein ($100 in chips) 
Seat 4: LuckyShikari ($100 in chips) 
Seat 5: Tekkers333 ($109.54 in chips) 
Seat 6: nikalas22 ($101.74 in chips) 
blistein: posts small blind $0.50
LuckyShikari: posts big blind $1
*** HOLE CARDS ***
Tekkers333: folds 
nikalas22: folds 
MaRKiToScoK: raises $1.15 to $2.15
MoRsCeReBruM: folds 
blistein: folds 
LuckyShikari: raises $7.85 to $10
MaRKiToScoK: calls $7.85
*** FLOP *** [Th Jd 5h]
LuckyShikari: bets $10
MaRKiToScoK: folds 
Uncalled bet ($10) returned to LuckyShikari
LuckyShikari collected $19.48 from pot
LuckyShikari: doesn't show hand 
*** SUMMARY ***
Total pot $20.50 | Rake $1.02 
Board [Th Jd 5h]
Seat 1: MaRKiToScoK folded on the Flop
Seat 2: MoRsCeReBruM (button) folded before Flop (didn't bet)
Seat 3: blistein (small blind) folded before Flop
Seat 4: LuckyShikari (big blind) collected ($19.48)
Seat 5: Tekkers333 folded before Flop (didn't bet)
Seat 6: nikalas22 folded before Flop (didn't bet)



PokerStars Hand #254268410004:  Hold'em No Limit ($0.50/$1.00 USD) - 2025/01/08 21:10:34 WET [2025/01/08 16:10:34 ET]
Table 'Sophia III' 6-max Seat #3 is the button
Seat 1: MaRKiToScoK ($100 in chips) 
Seat 2: MoRsCeReBruM ($104 in chips) 
Seat 3: blistein ($100 in chips) 
Seat 4: LuckyShikari ($109.48 in chips) 
Seat 5: Tekkers333 ($109.54 in chips) 
Seat 6: nikalas22 ($101.74 in chips) 
LuckyShikari: posts small blind $0.50
Tekkers333: posts big blind $1
*** HOLE CARDS ***
nikalas22: folds 
MaRKiToScoK: folds 
MoRsCeReBruM: raises $1.20 to $2.20
blistein: folds 
LuckyShikari: folds 
Tekkers333: raises $7.80 to $10
MoRsCeReBruM: folds 
Uncalled bet ($7.80) returned to Tekkers333
Tekkers333 collected $4.90 from pot
*** SUMMARY ***
Total pot $4.90 | Rake $0 
Seat 1: MaRKiToScoK folded before Flop (didn't bet)
Seat 2: MoRsCeReBruM folded before Flop
Seat 3: blistein (button) folded before Flop (didn't bet)
Seat 4: LuckyShikari (small blind) folded before Flop
Seat 5: Tekkers333 (big blind) collected ($4.90)
Seat 6: nikalas22 folded before Flop (didn't bet)



PokerStars Hand #254268418616:  Hold'em No Limit ($0.50/$1.00 USD) - 2025/01/08 21:10:59 WET [2025/01/08 16:10:59 ET]
Table 'Sophia III' 6-max Seat #4 is the button
Seat 1: MaRKiToScoK ($100 in chips) 
Seat 2: MoRsCeReBruM ($101.80 in chips) 
Seat 3: blistein ($100 in chips) 
Seat 4: LuckyShikari ($108.98 in chips) 
Seat 5: Tekkers333 ($112.24 in chips) 
Seat 6: nikalas22 ($101.74 in chips) 
Tekkers333: posts small blind $0.50
nikalas22: posts big blind $1
*** HOLE CARDS ***
MaRKiToScoK: folds 
MoRsCeReBruM: folds 
blistein: folds 
LuckyShikari: folds 
Tekkers333: raises $2 to $3
nikalas22: raises $6 to $9
Tekkers333: calls $6
*** FLOP *** [7d Qs 9d]
Tekkers333: checks 
nikalas22: checks 
*** TURN *** [7d Qs 9d] [Jd]
Tekkers333: bets $9.55
nikalas22: calls $9.55
*** RIVER *** [7d Qs 9d Jd] [2s]
Tekkers333: checks 
nikalas22: checks 
*** SHOW DOWN ***
Tekkers333: shows [Td Jh] (a pair of Jacks)
nikalas22: shows [Qh 8c] (a pair of Queens)
nikalas22 collected $35.24 from pot
*** SUMMARY ***
Total pot $37.10 | Rake $1.86 
Board [7d Qs 9d Jd 2s]
Seat 1: MaRKiToScoK folded before Flop (didn't bet)
Seat 2: MoRsCeReBruM folded before Flop (didn't bet)
Seat 3: blistein folded before Flop (didn't bet)
Seat 4: LuckyShikari (button) folded before Flop (didn't bet)
Seat 5: Tekkers333 (small blind) showed [Td Jh] and lost with a pair of Jacks
Seat 6: nikalas22 (big blind) showed [Qh 8c] and won ($35.24) with a pair of Queens



PokerStars Hand #254268436633:  Hold'em No Limit ($0.50/$1.00 USD) - 2025/01/08 21:11:51 WET [2025/01/08 16:11:51 ET]
Table 'Sophia III' 6-max Seat #5 is the button
Seat 1: MaRKiToScoK ($100 in chips) is sitting out
Seat 2: MoRsCeReBruM ($101.80 in chips) is sitting out
Seat 3: blistein ($100 in chips) is sitting out
Seat 4: LuckyShikari ($108.98 in chips) 
Seat 5: Tekkers333 ($93.69 in chips) 
Seat 6: nikalas22 ($118.43 in chips) 
nikalas22: posts small blind $0.50
MaRKiToScoK: is sitting out 
MoRsCeReBruM: is sitting out 
blistein: is sitting out 
LuckyShikari: posts big blind $1
*** HOLE CARDS ***
blistein leaves the table
Tekkers333: raises $1.50 to $2.50
xxxZeka joins the table at seat #3 
nikalas22: folds 
MoRsCeReBruM leaves the table
LuckyShikari: raises $5.50 to $8
Tekkers333: calls $5.50
*** FLOP *** [3c 7c Jh]
LuckyShikari: bets $12
BGS013 joins the table at seat #2 
Tekkers333: folds 
Uncalled bet ($12) returned to LuckyShikari
LuckyShikari collected $15.68 from pot
LuckyShikari: doesn't show hand 
*** SUMMARY ***
Total pot $16.50 | Rake $0.82 
Board [3c 7c Jh]
Seat 1: MaRKiToScoK
Seat 2: MoRsCeReBruM
Seat 3: blistein
Seat 4: LuckyShikari (big blind) collected ($15.68)
Seat 5: Tekkers333 (button) folded on the Flop
Seat 6: nikalas22 (small blind) folded before Flop



PokerStars Hand #254268448919:  Hold'em No Limit ($0.50/$1.00 USD) - 2025/01/08 21:12:26 WET [2025/01/08 16:12:26 ET]
Table 'Sophia III' 6-max Seat #6 is the button
Seat 1: MaRKiToScoK ($100 in chips) is sitting out
Seat 2: BGS013 ($100 in chips) is sitting out
Seat 3: xxxZeka ($100 in chips) is sitting out
Seat 4: LuckyShikari ($116.66 in chips) 
Seat 5: Tekkers333 ($85.69 in chips) 
Seat 6: nikalas22 ($117.93 in chips) 
LuckyShikari: posts small blind $0.50
Tekkers333: posts big blind $1
*** HOLE CARDS ***
nikalas22: folds 
LuckyShikari: calls $0.50
Tekkers333: checks 
*** FLOP *** [Qh Kc 6c]
LuckyShikari: bets $1
Tekkers333: folds 
Uncalled bet ($1) returned to LuckyShikari
LuckyShikari collected $1.90 from pot
LuckyShikari: doesn't show hand 
*** SUMMARY ***
Total pot $2 | Rake $0.10 
Board [Qh Kc 6c]
Seat 1: MaRKiToScoK
Seat 2: BGS013
Seat 3: xxxZeka
Seat 4: LuckyShikari (small blind) collected ($1.90)
Seat 5: Tekkers333 (big blind) folded on the Flop
Seat 6: nikalas22 (button) folded before Flop (didn't bet)



PokerStars Hand #254268455513:  Hold'em No Limit ($0.50/$1.00 USD) - 2025/01/08 21:12:45 WET [2025/01/08 16:12:45 ET]
Table 'Sophia III' 6-max Seat #4 is the button
Seat 1: MaRKiToScoK ($100 in chips) is sitting out
Seat 2: BGS013 ($100 in chips) is sitting out
Seat 3: xxxZeka ($100 in chips) is sitting out
Seat 4: LuckyShikari ($117.56 in chips) 
Seat 5: Tekkers333 ($84.69 in chips) 
Seat 6: nikalas22 ($117.93 in chips) 
Tekkers333: posts small blind $0.50
nikalas22: posts big blind $1
BGS013: sits out 
xxxZeka: sits out 
*** HOLE CARDS ***
LuckyShikari: folds 
Tekkers333: folds 
Uncalled bet ($0.50) returned to nikalas22
nikalas22 collected $1 from pot
nikalas22: doesn't show hand 
*** SUMMARY ***
Total pot $1 | Rake $0 
Seat 1: MaRKiToScoK
Seat 2: BGS013
Seat 3: xxxZeka
Seat 4: LuckyShikari (button) folded before Flop (didn't bet)
Seat 5: Tekkers333 (small blind) folded before Flop
Seat 6: nikalas22 (big blind) collected ($1)



PokerStars Hand #254268458202:  Hold'em No Limit ($0.50/$1.00 USD) - 2025/01/08 21:12:52 WET [2025/01/08 16:12:52 ET]
Table 'Sophia III' 6-max Seat #5 is the button
Seat 1: MaRKiToScoK ($100 in chips) is sitting out
Seat 3: xxxZeka ($100 in chips) is sitting out
Seat 2: BGS013 ($100 in chips) 
Seat 4: LuckyShikari ($117.56 in chips) 
Seat 5: Tekkers333 ($84.19 in chips) 
Seat 6: nikalas22 ($118.43 in chips) 
nikalas22: posts small blind $0.50
BGS013: posts big blind $1
xxxZeka: sits out 
*** HOLE CARDS ***
LuckyShikari: folds 
Tekkers333: folds 
nikalas22: raises $2 to $3
BGS013: calls $2
*** FLOP *** [Jd 7c Qd]
nikalas22: checks 
BGS013: checks 
*** TURN *** [Jd 7c Qd] [6s]
nikalas22: checks 
BGS013: checks 
*** RIVER *** [Jd 7c Qd 6s] [2c]
nikalas22: bets $1.71
BGS013: folds 
Uncalled bet ($1.71) returned to nikalas22
nikalas22 collected $5.70 from pot
nikalas22: doesn't show hand 
*** SUMMARY ***
Total pot $6 | Rake $0.30 
Board [Jd 7c Qd 6s 2c]
Seat 1: MaRKiToScoK
Seat 3: xxxZeka
Seat 2: BGS013 (big blind) folded on the River
Seat 4: LuckyShikari folded before Flop (didn't bet)
Seat 5: Tekkers333 (button) folded before Flop (didn't bet)
Seat 6: nikalas22 (small blind) collected ($5.70)



PokerStars Hand #254268473052:  Hold'em No Limit ($0.50/$1.00 USD) - 2025/01/08 21:13:35 WET [2025/01/08 16:13:35 ET]
Table 'Sophia III' 6-max Seat #6 is the button
Seat 1: MaRKiToScoK ($100 in chips) is sitting out
Seat 2: BGS013 ($100 in chips) 
Seat 3: xxxZeka ($100 in chips) 
Seat 4: LuckyShikari ($117.56 in chips) 
Seat 5: Tekkers333 ($84.19 in chips) 
Seat 6: nikalas22 ($121.13 in chips) 
BGS013: posts small blind $0.50
xxxZeka: posts big blind $1
*** HOLE CARDS ***
LuckyShikari: folds 
Tekkers333: folds 
nikalas22: folds 
BGS013: raises $2 to $3
xxxZeka: folds 
Uncalled bet ($2) returned to BGS013
BGS013 collected $2 from pot
BGS013: doesn't show hand 
*** SUMMARY ***
Total pot $2 | Rake $0 
Seat 1: MaRKiToScoK
Seat 2: BGS013 (small blind) collected ($2)
Seat 3: xxxZeka (big blind) folded before Flop
Seat 4: LuckyShikari folded before Flop (didn't bet)
Seat 5: Tekkers333 folded before Flop (didn't bet)
Seat 6: nikalas22 (button) folded before Flop (didn't bet)



PokerStars Hand #254268479548:  Hold'em No Limit ($0.50/$1.00 USD) - 2025/01/08 21:13:53 WET [2025/01/08 16:13:53 ET]
Table 'Sophia III' 6-max Seat #2 is the button
Seat 1: MaRKiToScoK ($100 in chips) is sitting out
Seat 2: BGS013 ($101 in chips) 
Seat 3: xxxZeka ($100 in chips) 
Seat 4: LuckyShikari ($117.56 in chips) 
Seat 5: Tekkers333 ($84.19 in chips) 
Seat 6: nikalas22 ($121.13 in chips) 
xxxZeka: posts small blind $0.50
LuckyShikari: posts big blind $1
*** HOLE CARDS ***
Tekkers333: folds 
nikalas22: folds 
BGS013: raises $1.50 to $2.50
xxxZeka: folds 
LuckyShikari: calls $1.50
*** FLOP *** [8s 2h Ac]
LuckyShikari: checks 
BGS013: checks 
*** TURN *** [8s 2h Ac] [Tc]
LuckyShikari: checks 
BGS013: bets $2.87
LuckyShikari: folds 
Uncalled bet ($2.87) returned to BGS013
BGS013 collected $5.22 from pot
BGS013: doesn't show hand 
*** SUMMARY ***
Total pot $5.50 | Rake $0.28 
Board [8s 2h Ac Tc]
Seat 1: MaRKiToScoK
Seat 2: BGS013 (button) collected ($5.22)
Seat 3: xxxZeka (small blind) folded before Flop
Seat 4: LuckyShikari (big blind) folded on the Turn
Seat 5: Tekkers333 folded before Flop (didn't bet)
Seat 6: nikalas22 folded before Flop (didn't bet)



PokerStars Hand #254268497183:  Hold'em No Limit ($0.50/$1.00 USD) - 2025/01/08 21:14:44 WET [2025/01/08 16:14:44 ET]
Table 'Sophia III' 6-max Seat #3 is the button
Seat 1: MaRKiToScoK ($100 in chips) is sitting out
Seat 2: BGS013 ($103.72 in chips) 
Seat 3: xxxZeka ($100 in chips) 
Seat 4: LuckyShikari ($115.06 in chips) 
Seat 5: Tekkers333 ($84.19 in chips) 
Seat 6: nikalas22 ($121.13 in chips) 
LuckyShikari: posts small blind $0.50
Tekkers333: posts big blind $1
*** HOLE CARDS ***
nikalas22: folds 
BGS013: raises $1.50 to $2.50
xxxZeka: folds 
LuckyShikari: folds 
Tekkers333: raises $7.50 to $10
BGS013: calls $7.50
*** FLOP *** [3c Js 7s]
Tekkers333: bets $9.74
BGS013: calls $9.74
*** TURN *** [3c Js 7s] [6d]
Tekkers333: bets $24
BGS013: raises $59.98 to $83.98 and is all-in
Tekkers333: calls $40.45 and is all-in
Uncalled bet ($19.53) returned to BGS013
*** RIVER *** [3c Js 7s 6d] [9h]
*** SHOW DOWN ***
Tekkers333: shows [Ac Ah] (a pair of Aces)
BGS013: shows [Jh Jd] (three of a kind, Jacks)
BGS013 collected $166.38 from pot
*** SUMMARY ***
Total pot $168.88 | Rake $2.50 
Board [3c Js 7s 6d 9h]
Seat 1: MaRKiToScoK
Seat 2: BGS013 showed [Jh Jd] and won ($166.38) with three of a kind, Jacks
Seat 3: xxxZeka (button) folded before Flop (didn't bet)
Seat 4: LuckyShikari (small blind) folded before Flop
Seat 5: Tekkers333 (big blind) showed [Ac Ah] and lost with a pair of Aces
Seat 6: nikalas22 folded before Flop (didn't bet)



PokerStars Hand #254268518941:  Hold'em No Limit ($0.50/$1.00 USD) - 2025/01/08 21:15:46 WET [2025/01/08 16:15:46 ET]
Table 'Sophia III' 6-max Seat #4 is the button
Seat 5: Tekkers333 ($0 in chips) is sitting out
Seat 1: MaRKiToScoK ($100 in chips) 
Seat 2: BGS013 ($185.91 in chips) 
Seat 3: xxxZeka ($100 in chips) 
Seat 4: LuckyShikari ($114.56 in chips) 
Seat 6: nikalas22 ($121.13 in chips) 
nikalas22: posts small blind $0.50
MaRKiToScoK: posts big blind $1
*** HOLE CARDS ***
BGS013: folds 
xxxZeka: folds 
BGS013 leaves the table
LuckyShikari: folds 
nikalas22: folds 
Uncalled bet ($0.50) returned to MaRKiToScoK
MaRKiToScoK collected $1 from pot
*** SUMMARY ***
Total pot $1 | Rake $0 
Seat 5: Tekkers333
Seat 1: MaRKiToScoK (big blind) collected ($1)
Seat 2: BGS013 folded before Flop (didn't bet)
Seat 3: xxxZeka folded before Flop (didn't bet)
Seat 4: LuckyShikari (button) folded before Flop (didn't bet)
Seat 6: nikalas22 (small blind) folded before Flop



PokerStars Hand #254268526751:  Hold'em No Limit ($0.50/$1.00 USD) - 2025/01/08 21:16:08 WET [2025/01/08 16:16:08 ET]
Table 'Sophia III' 6-max Seat #6 is the button
Seat 5: Tekkers333 ($0 in chips) is sitting out
Seat 1: MaRKiToScoK ($100.50 in chips) 
Seat 3: xxxZeka ($100 in chips) 
Seat 4: LuckyShikari ($114.56 in chips) 
Seat 6: nikalas22 ($120.63 in chips) 
MaRKiToScoK: posts small blind $0.50
xxxZeka: posts big blind $1
*** HOLE CARDS ***
illarins joins the table at seat #2 
LuckyShikari: folds 
nikalas22: raises $1.50 to $2.50
MaRKiToScoK: folds 
xxxZeka: folds 
Uncalled bet ($1.50) returned to nikalas22
nikalas22 collected $2.50 from pot
*** SUMMARY ***
Total pot $2.50 | Rake $0 
Seat 5: Tekkers333
Seat 1: MaRKiToScoK (small blind) folded before Flop
Seat 3: xxxZeka (big blind) folded before Flop
Seat 4: LuckyShikari folded before Flop (didn't bet)
Seat 6: nikalas22 (button) collected ($2.50)



PokerStars Hand #254268541160:  Hold'em No Limit ($0.50/$1.00 USD) - 2025/01/08 21:16:49 WET [2025/01/08 16:16:49 ET]
Table 'Sophia III' 6-max Seat #2 is the button
Seat 1: MaRKiToScoK ($100 in chips) is sitting out
Seat 4: LuckyShikari ($114.56 in chips) is sitting out
Seat 5: Tekkers333 ($0 in chips) is sitting out
Seat 2: illarins ($100 in chips) 
Seat 3: xxxZeka ($100 in chips) 
illarins: posts small blind $0.50
xxxZeka: posts big blind $1
*** HOLE CARDS ***
illarins: raises $1.50 to $2.50
MaRKiToScoK leaves the table
xxxZeka: folds 
Uncalled bet ($1.50) returned to illarins
illarins collected $2 from pot
illarins: doesn't show hand 
*** SUMMARY ***
Total pot $2 | Rake $0 
Seat 1: MaRKiToScoK
Seat 4: LuckyShikari
Seat 5: Tekkers333
Seat 2: illarins (button) (small blind) collected ($2)
Seat 3: xxxZeka (big blind) folded before Flop



PokerStars Hand #254268544538:  Hold'em No Limit ($0.50/$1.00 USD) - 2025/01/08 21:16:58 WET [2025/01/08 16:16:58 ET]
Table 'Sophia III' 6-max Seat #3 is the button
Seat 4: LuckyShikari ($114.56 in chips) is sitting out
Seat 5: Tekkers333 ($0 in chips) is sitting out
Seat 2: illarins ($101 in chips) 
Seat 3: xxxZeka ($100 in chips) 
xxxZeka: posts small blind $0.50
illarins: posts big blind $1
*** HOLE CARDS ***
xxxZeka: folds 
Uncalled bet ($0.50) returned to illarins
illarins collected $1 from pot
illarins: doesn't show hand 
*** SUMMARY ***
Total pot $1 | Rake $0 
Seat 4: LuckyShikari
Seat 5: Tekkers333
Seat 2: illarins (big blind) collected ($1)
Seat 3: xxxZeka (button) (small blind) folded before Flop



PokerStars Hand #254268552408:  Hold'em No Limit ($0.50/$1.00 USD) - 2025/01/08 21:17:21 WET [2025/01/08 16:17:21 ET]
Table 'Sophia III' 6-max Seat #4 is the button
Seat 3: xxxZeka ($100 in chips) 
Seat 4: LuckyShikari ($114.56 in chips) 
Seat 5: Tekkers333 ($100 in chips) 
Tekkers333: posts small blind $0.50
xxxZeka: posts big blind $1
*** HOLE CARDS ***
LuckyShikari: folds 
Tekkers333: raises $2 to $3
xxxZeka: folds 
Uncalled bet ($2) returned to Tekkers333
xxxZeka leaves the table
Tekkers333 collected $2 from pot
xxxZeka joins the table at seat #6 
*** SUMMARY ***
Total pot $2 | Rake $0 
Seat 3: xxxZeka (big blind) folded before Flop
Seat 4: LuckyShikari (button) folded before Flop (didn't bet)
Seat 5: Tekkers333 (small blind) collected ($2)



PokerStars Hand #254268556818:  Hold'em No Limit ($0.50/$1.00 USD) - 2025/01/08 21:17:33 WET [2025/01/08 16:17:33 ET]
Table 'Sophia III' 6-max Seat #5 is the button
Seat 6: xxxZeka ($100 in chips) is sitting out
Seat 4: LuckyShikari ($114.56 in chips) 
Seat 5: Tekkers333 ($101 in chips) 
Tekkers333: posts small blind $0.50
LuckyShikari: posts big blind $1
*** HOLE CARDS ***
Tekkers333: folds 
Uncalled bet ($0.50) returned to LuckyShikari
LuckyShikari collected $1 from pot
LuckyShikari: doesn't show hand 
*** SUMMARY ***
Total pot $1 | Rake $0 
Seat 6: xxxZeka
Seat 4: LuckyShikari (big blind) collected ($1)
Seat 5: Tekkers333 (button) (small blind) folded before Flop



PokerStars Hand #254268558855:  Hold'em No Limit ($0.50/$1.00 USD) - 2025/01/08 21:17:39 WET [2025/01/08 16:17:39 ET]
Table 'Sophia III' 6-max Seat #4 is the button
Seat 4: LuckyShikari ($115.06 in chips) 
Seat 5: Tekkers333 ($100.50 in chips) 
Seat 6: xxxZeka ($100 in chips) 
Tekkers333: posts small blind $0.50
xxxZeka: posts big blind $1
*** HOLE CARDS ***
LuckyShikari: raises $1.25 to $2.25
Tekkers333: raises $6.75 to $9
xxxZeka: folds 
LuckyShikari: calls $6.75
*** FLOP *** [5s 2d 8h]
Tekkers333: checks 
LuckyShikari: bets $4.33
Tekkers333: raises $14.36 to $18.69
LuckyShikari: calls $14.36
*** TURN *** [5s 2d 8h] [Jd]
Tekkers333: bets $32
LuckyShikari: raises $55.37 to $87.37 and is all-in
Tekkers333: calls $40.81 and is all-in
Uncalled bet ($14.56) returned to LuckyShikari
*** RIVER *** [5s 2d 8h Jd] [Ks]
*** SHOW DOWN ***
Tekkers333: shows [9d 9c] (a pair of Nines)
LuckyShikari: shows [2c 2h] (three of a kind, Deuces)
LuckyShikari collected $201 from pot
*** SUMMARY ***
Total pot $202 | Rake $1 
Board [5s 2d 8h Jd Ks]
Seat 4: LuckyShikari (button) showed [2c 2h] and won ($201) with three of a kind, Deuces
Seat 5: Tekkers333 (small blind) showed [9d 9c] and lost with a pair of Nines
Seat 6: xxxZeka (big blind) folded before Flop



PokerStars Hand #254268599104:  Hold'em No Limit ($0.50/$1.00 USD) - 2025/01/08 21:19:34 WET [2025/01/08 16:19:34 ET]
Table 'Sophia III' 6-max Seat #6 is the button
Seat 4: LuckyShikari ($215.56 in chips) 
Seat 6: xxxZeka ($100 in chips) 
xxxZeka: posts small blind $0.50
LuckyShikari: posts big blind $1
*** HOLE CARDS ***
xxxZeka: raises $1.50 to $2.50
LuckyShikari: calls $1.50
*** FLOP *** [9c 6c Kh]
LuckyShikari: checks 
xxxZeka: bets $2
BoyLoc0 joins the table at seat #5 
LuckyShikari: raises $6 to $8
xxxZeka: raises $12 to $20
LuckyShikari: calls $12
*** TURN *** [9c 6c Kh] [Ks]
LuckyShikari: checks 
xxxZeka: bets $27
LuckyShikari: folds 
Uncalled bet ($27) returned to xxxZeka
xxxZeka collected $44 from pot
xxxZeka: doesn't show hand 
*** SUMMARY ***
Total pot $45 | Rake $1 
Board [9c 6c Kh Ks]
Seat 4: LuckyShikari (big blind) folded on the Turn
Seat 6: xxxZeka (button) (small blind) collected ($44)



PokerStars Hand #254268628293:  Hold'em No Limit ($0.50/$1.00 USD) - 2025/01/08 21:20:57 WET [2025/01/08 16:20:57 ET]
Table 'Sophia III' 6-max Seat #6 is the button
Seat 4: LuckyShikari ($193.06 in chips) is sitting out
Seat 5: BoyLoc0 ($100 in chips) 
Seat 6: xxxZeka ($121.50 in chips) 
xxxZeka: posts small blind $0.50
BoyLoc0: posts big blind $1
*** HOLE CARDS ***
xxxZeka: folds 
Uncalled bet ($0.50) returned to BoyLoc0
BoyLoc0 collected $1 from pot
BoyLoc0: doesn't show hand 
*** SUMMARY ***
Total pot $1 | Rake $0 
Seat 4: LuckyShikari
Seat 5: BoyLoc0 (big blind) collected ($1)
Seat 6: xxxZeka (button) (small blind) folded before Flop



