PokerStars Hand #254258214581:  Hold'em No Limit ($0.50/$1.00 USD) - 2025/01/08 8:13:56 WET [2025/01/08 3:13:56 ET]
Table 'Nolli II' 6-max Seat #4 is the button
Seat 1: G.HANSEN333 ($102 in chips) 
Seat 3: m1lkdud ($97.05 in chips) 
Seat 4: peak joker33 ($138.59 in chips) 
G.HANSEN333: posts small blind $0.50
m1lkdud: posts big blind $1
*** HOLE CARDS ***
peak joker33: folds 
G.HANSEN333: raises $2 to $3
m1lkdud: calls $2
*** FLOP *** [4c 3c 8d]
G.HANSEN333: checks 
m1lkdud: bets $5.70
active27 joins the table at seat #2 
active27 is disconnected 
G.HANSEN333: folds 
Uncalled bet ($5.70) returned to m1lkdud
m1lkdud collected $5.70 from pot
*** SUMMARY ***
Total pot $6 | Rake $0.30 
Board [4c 3c 8d]
Seat 1: G.HANSEN333 (small blind) folded on the Flop
Seat 3: m1lkdud (big blind) collected ($5.70)
Seat 4: peak joker33 (button) folded before Flop (didn't bet)



PokerStars Hand #254258216824:  Hold'em No Limit ($0.50/$1.00 USD) - 2025/01/08 8:14:25 WET [2025/01/08 3:14:25 ET]
Table 'Nolli II' 6-max Seat #1 is the button
Seat 2: active27 ($100 in chips) is sitting out
Seat 1: G.HANSEN333 ($100 in chips) 
Seat 3: m1lkdud ($99.75 in chips) 
Seat 4: peak joker33 ($138.59 in chips) 
m1lkdud: posts small blind $0.50
peak joker33: posts big blind $1
*** HOLE CARDS ***
G.HANSEN333: folds 
m1lkdud: folds 
Uncalled bet ($0.50) returned to peak joker33
peak joker33 collected $1 from pot
peak joker33: doesn't show hand 
*** SUMMARY ***
Total pot $1 | Rake $0 
Seat 2: active27
Seat 1: G.HANSEN333 (button) folded before Flop (didn't bet)
Seat 3: m1lkdud (small blind) folded before Flop
Seat 4: peak joker33 (big blind) collected ($1)



PokerStars Hand #254258217324:  Hold'em No Limit ($0.50/$1.00 USD) - 2025/01/08 8:14:32 WET [2025/01/08 3:14:32 ET]
Table 'Nolli II' 6-max Seat #3 is the button
Seat 1: G.HANSEN333 ($100 in chips) 
Seat 2: active27 ($100 in chips) 
Seat 3: m1lkdud ($99.25 in chips) 
Seat 4: peak joker33 ($139.09 in chips) 
peak joker33: posts small blind $0.50
G.HANSEN333: posts big blind $1
active27: posts big blind $1
*** HOLE CARDS ***
active27: checks 
m1lkdud: raises $3.50 to $4.50
peak joker33: folds 
G.HANSEN333: folds 
active27: folds 
Uncalled bet ($3.50) returned to m1lkdud
m1lkdud collected $3.50 from pot
*** SUMMARY ***
Total pot $3.50 | Rake $0 
Seat 1: G.HANSEN333 (big blind) folded before Flop
Seat 2: active27 folded before Flop (didn't bet)
Seat 3: m1lkdud (button) collected ($3.50)
Seat 4: peak joker33 (small blind) folded before Flop



PokerStars Hand #254258218708:  Hold'em No Limit ($0.50/$1.00 USD) - 2025/01/08 8:14:50 WET [2025/01/08 3:14:50 ET]
Table 'Nolli II' 6-max Seat #4 is the button
Seat 1: G.HANSEN333 ($100 in chips) 
Seat 2: active27 ($99 in chips) 
Seat 3: m1lkdud ($101.75 in chips) 
Seat 4: peak joker33 ($138.59 in chips) 
G.HANSEN333: posts small blind $0.50
active27: posts big blind $1
*** HOLE CARDS ***
m1lkdud: folds 
peak joker33: raises $1.50 to $2.50
G.HANSEN333: folds 
active27: folds 
Uncalled bet ($1.50) returned to peak joker33
peak joker33 collected $2.50 from pot
peak joker33: doesn't show hand 
*** SUMMARY ***
Total pot $2.50 | Rake $0 
Seat 1: G.HANSEN333 (small blind) folded before Flop
Seat 2: active27 (big blind) folded before Flop
Seat 3: m1lkdud folded before Flop (didn't bet)
Seat 4: peak joker33 (button) collected ($2.50)



PokerStars Hand #254258220259:  Hold'em No Limit ($0.50/$1.00 USD) - 2025/01/08 8:15:10 WET [2025/01/08 3:15:10 ET]
Table 'Nolli II' 6-max Seat #1 is the button
Seat 1: G.HANSEN333 ($100 in chips) 
Seat 2: active27 ($98 in chips) 
Seat 3: m1lkdud ($101.75 in chips) 
Seat 4: peak joker33 ($140.09 in chips) 
active27: posts small blind $0.50
m1lkdud: posts big blind $1
*** HOLE CARDS ***
peak joker33: raises $1.50 to $2.50
G.HANSEN333: folds 
active27: raises $6 to $8.50
m1lkdud: folds 
peak joker33: calls $6
*** FLOP *** [Jh Jd Ts]
active27: bets $6.55
peak joker33: folds 
Uncalled bet ($6.55) returned to active27
active27 collected $17.10 from pot
active27: doesn't show hand 
*** SUMMARY ***
Total pot $18 | Rake $0.90 
Board [Jh Jd Ts]
Seat 1: G.HANSEN333 (button) folded before Flop (didn't bet)
Seat 2: active27 (small blind) collected ($17.10)
Seat 3: m1lkdud (big blind) folded before Flop
Seat 4: peak joker33 folded on the Flop



PokerStars Hand #254258223927:  Hold'em No Limit ($0.50/$1.00 USD) - 2025/01/08 8:15:59 WET [2025/01/08 3:15:59 ET]
Table 'Nolli II' 6-max Seat #2 is the button
Seat 4: peak joker33 ($131.59 in chips) is sitting out
Seat 1: G.HANSEN333 ($100 in chips) 
Seat 2: active27 ($106.60 in chips) 
Seat 3: m1lkdud ($100.75 in chips) 
m1lkdud: posts small blind $0.50
peak joker33: is sitting out 
G.HANSEN333: posts big blind $1
*** HOLE CARDS ***
active27: folds 
m1lkdud: raises $2 to $3
G.HANSEN333: calls $2
*** FLOP *** [8h 9d Kc]
m1lkdud: bets $2.85
G.HANSEN333: folds 
Uncalled bet ($2.85) returned to m1lkdud
m1lkdud collected $5.70 from pot
*** SUMMARY ***
Total pot $6 | Rake $0.30 
Board [8h 9d Kc]
Seat 4: peak joker33
Seat 1: G.HANSEN333 (big blind) folded on the Flop
Seat 2: active27 (button) folded before Flop (didn't bet)
Seat 3: m1lkdud (small blind) collected ($5.70)



PokerStars Hand #254258226141:  Hold'em No Limit ($0.50/$1.00 USD) - 2025/01/08 8:16:28 WET [2025/01/08 3:16:28 ET]
Table 'Nolli II' 6-max Seat #3 is the button
Seat 4: peak joker33 ($131.59 in chips) is sitting out
Seat 1: G.HANSEN333 ($100 in chips) 
Seat 2: active27 ($106.60 in chips) 
Seat 3: m1lkdud ($103.45 in chips) 
G.HANSEN333: posts small blind $0.50
active27: posts big blind $1
*** HOLE CARDS ***
m1lkdud: folds 
G.HANSEN333: folds 
Uncalled bet ($0.50) returned to active27
active27 collected $1 from pot
active27: doesn't show hand 
*** SUMMARY ***
Total pot $1 | Rake $0 
Seat 4: peak joker33
Seat 1: G.HANSEN333 (small blind) folded before Flop
Seat 2: active27 (big blind) collected ($1)
Seat 3: m1lkdud (button) folded before Flop (didn't bet)



PokerStars Hand #254258226766:  Hold'em No Limit ($0.50/$1.00 USD) - 2025/01/08 8:16:37 WET [2025/01/08 3:16:37 ET]
Table 'Nolli II' 6-max Seat #1 is the button
Seat 4: peak joker33 ($131.59 in chips) is sitting out
Seat 1: G.HANSEN333 ($100 in chips) 
Seat 2: active27 ($107.10 in chips) 
Seat 3: m1lkdud ($103.45 in chips) 
active27: posts small blind $0.50
m1lkdud: posts big blind $1
*** HOLE CARDS ***
G.HANSEN333: folds 
active27: folds 
Uncalled bet ($0.50) returned to m1lkdud
m1lkdud collected $1 from pot
*** SUMMARY ***
Total pot $1 | Rake $0 
Seat 4: peak joker33
Seat 1: G.HANSEN333 (button) folded before Flop (didn't bet)
Seat 2: active27 (small blind) folded before Flop
Seat 3: m1lkdud (big blind) collected ($1)



PokerStars Hand #254258227408:  Hold'em No Limit ($0.50/$1.00 USD) - 2025/01/08 8:16:45 WET [2025/01/08 3:16:45 ET]
Table 'Nolli II' 6-max Seat #2 is the button
Seat 4: peak joker33 ($131.59 in chips) is sitting out
Seat 1: G.HANSEN333 ($100 in chips) 
Seat 2: active27 ($106.60 in chips) 
Seat 3: m1lkdud ($103.95 in chips) 
m1lkdud: posts small blind $0.50
G.HANSEN333: posts big blind $1
*** HOLE CARDS ***
active27: folds 
m1lkdud: raises $2 to $3
G.HANSEN333: folds 
Uncalled bet ($2) returned to m1lkdud
m1lkdud collected $2 from pot
*** SUMMARY ***
Total pot $2 | Rake $0 
Seat 4: peak joker33
Seat 1: G.HANSEN333 (big blind) folded before Flop
Seat 2: active27 (button) folded before Flop (didn't bet)
Seat 3: m1lkdud (small blind) collected ($2)



PokerStars Hand #254258228726:  Hold'em No Limit ($0.50/$1.00 USD) - 2025/01/08 8:17:03 WET [2025/01/08 3:17:03 ET]
Table 'Nolli II' 6-max Seat #3 is the button
Seat 4: peak joker33 ($131.59 in chips) is sitting out
Seat 1: G.HANSEN333 ($100 in chips) 
Seat 2: active27 ($106.60 in chips) 
Seat 3: m1lkdud ($104.95 in chips) 
G.HANSEN333: posts small blind $0.50
active27: posts big blind $1
*** HOLE CARDS ***
m1lkdud: raises $2.50 to $3.50
G.HANSEN333: folds 
active27: folds 
Uncalled bet ($2.50) returned to m1lkdud
m1lkdud collected $2.50 from pot
*** SUMMARY ***
Total pot $2.50 | Rake $0 
Seat 4: peak joker33
Seat 1: G.HANSEN333 (small blind) folded before Flop
Seat 2: active27 (big blind) folded before Flop
Seat 3: m1lkdud (button) collected ($2.50)



PokerStars Hand #254258230207:  Hold'em No Limit ($0.50/$1.00 USD) - 2025/01/08 8:17:23 WET [2025/01/08 3:17:23 ET]
Table 'Nolli II' 6-max Seat #1 is the button
Seat 4: peak joker33 ($131.59 in chips) is sitting out
Seat 1: G.HANSEN333 ($100 in chips) 
Seat 2: active27 ($105.60 in chips) 
Seat 3: m1lkdud ($106.45 in chips) 
active27: posts small blind $0.50
m1lkdud: posts big blind $1
*** HOLE CARDS ***
G.HANSEN333: raises $1.50 to $2.50
active27: folds 
m1lkdud: calls $1.50
*** FLOP *** [4d Jd As]
m1lkdud: checks 
G.HANSEN333: bets $3.39
m1lkdud: calls $3.39
*** TURN *** [4d Jd As] [Kh]
m1lkdud: checks 
G.HANSEN333: checks 
*** RIVER *** [4d Jd As Kh] [3d]
m1lkdud: checks 
G.HANSEN333: checks 
*** SHOW DOWN ***
m1lkdud: shows [5d 8d] (a flush, Jack high)
G.HANSEN333: mucks hand 
m1lkdud collected $11.67 from pot
*** SUMMARY ***
Total pot $12.28 | Rake $0.61 
Board [4d Jd As Kh 3d]
Seat 4: peak joker33
Seat 1: G.HANSEN333 (button) mucked
Seat 2: active27 (small blind) folded before Flop
Seat 3: m1lkdud (big blind) showed [5d 8d] and won ($11.67) with a flush, Jack high



PokerStars Hand #254258234003:  Hold'em No Limit ($0.50/$1.00 USD) - 2025/01/08 8:18:12 WET [2025/01/08 3:18:12 ET]
Table 'Nolli II' 6-max Seat #2 is the button
Seat 1: G.HANSEN333 ($100 in chips) 
Seat 2: active27 ($105.10 in chips) 
Seat 3: m1lkdud ($112.23 in chips) 
Seat 4: peak joker33 ($131.59 in chips) 
m1lkdud: posts small blind $0.50
peak joker33: posts big blind $1
*** HOLE CARDS ***
G.HANSEN333: folds 
active27: folds 
m1lkdud: folds 
Uncalled bet ($0.50) returned to peak joker33
peak joker33 collected $1 from pot
peak joker33: doesn't show hand 
*** SUMMARY ***
Total pot $1 | Rake $0 
Seat 1: G.HANSEN333 folded before Flop (didn't bet)
Seat 2: active27 (button) folded before Flop (didn't bet)
Seat 3: m1lkdud (small blind) folded before Flop
Seat 4: peak joker33 (big blind) collected ($1)



PokerStars Hand #254258235038:  Hold'em No Limit ($0.50/$1.00 USD) - 2025/01/08 8:18:25 WET [2025/01/08 3:18:25 ET]
Table 'Nolli II' 6-max Seat #3 is the button
Seat 1: G.HANSEN333 ($100 in chips) 
Seat 2: active27 ($105.10 in chips) 
Seat 3: m1lkdud ($111.73 in chips) 
Seat 4: peak joker33 ($132.09 in chips) 
peak joker33: posts small blind $0.50
G.HANSEN333: posts big blind $1
*** HOLE CARDS ***
active27: folds 
m1lkdud: folds 
peak joker33: folds 
Uncalled bet ($0.50) returned to G.HANSEN333
G.HANSEN333 collected $1 from pot
G.HANSEN333: doesn't show hand 
*** SUMMARY ***
Total pot $1 | Rake $0 
Seat 1: G.HANSEN333 (big blind) collected ($1)
Seat 2: active27 folded before Flop (didn't bet)
Seat 3: m1lkdud (button) folded before Flop (didn't bet)
Seat 4: peak joker33 (small blind) folded before Flop



PokerStars Hand #254258235749:  Hold'em No Limit ($0.50/$1.00 USD) - 2025/01/08 8:18:35 WET [2025/01/08 3:18:35 ET]
Table 'Nolli II' 6-max Seat #4 is the button
Seat 1: G.HANSEN333 ($100.50 in chips) 
Seat 2: active27 ($105.10 in chips) 
Seat 3: m1lkdud ($111.73 in chips) 
Seat 4: peak joker33 ($131.59 in chips) 
G.HANSEN333: posts small blind $0.50
active27: posts big blind $1
*** HOLE CARDS ***
m1lkdud: folds 
peak joker33: folds 
G.HANSEN333: raises $2 to $3
active27: folds 
Uncalled bet ($2) returned to G.HANSEN333
G.HANSEN333 collected $2 from pot
G.HANSEN333: doesn't show hand 
*** SUMMARY ***
Total pot $2 | Rake $0 
Seat 1: G.HANSEN333 (small blind) collected ($2)
Seat 2: active27 (big blind) folded before Flop
Seat 3: m1lkdud folded before Flop (didn't bet)
Seat 4: peak joker33 (button) folded before Flop (didn't bet)



PokerStars Hand #254258236982:  Hold'em No Limit ($0.50/$1.00 USD) - 2025/01/08 8:18:50 WET [2025/01/08 3:18:50 ET]
Table 'Nolli II' 6-max Seat #1 is the button
Seat 1: G.HANSEN333 ($101.50 in chips) 
Seat 2: active27 ($104.10 in chips) 
Seat 3: m1lkdud ($111.73 in chips) 
Seat 4: peak joker33 ($131.59 in chips) 
active27: posts small blind $0.50
m1lkdud: posts big blind $1
*** HOLE CARDS ***
peak joker33: folds 
G.HANSEN333: raises $1.50 to $2.50
active27: folds 
m1lkdud: calls $1.50
*** FLOP *** [Kc Kh 6h]
m1lkdud: checks 
G.HANSEN333: bets $3
m1lkdud: calls $3
*** TURN *** [Kc Kh 6h] [Qc]
m1lkdud: checks 
G.HANSEN333: checks 
*** RIVER *** [Kc Kh 6h Qc] [5s]
m1lkdud: checks 
G.HANSEN333: checks 
*** SHOW DOWN ***
m1lkdud: shows [Ah 7h] (a pair of Kings)
G.HANSEN333: shows [4d 4c] (two pair, Kings and Fours)
G.HANSEN333 collected $10.92 from pot
*** SUMMARY ***
Total pot $11.50 | Rake $0.58 
Board [Kc Kh 6h Qc 5s]
Seat 1: G.HANSEN333 (button) showed [4d 4c] and won ($10.92) with two pair, Kings and Fours
Seat 2: active27 (small blind) folded before Flop
Seat 3: m1lkdud (big blind) showed [Ah 7h] and lost with a pair of Kings
Seat 4: peak joker33 folded before Flop (didn't bet)



PokerStars Hand #254258240599:  Hold'em No Limit ($0.50/$1.00 USD) - 2025/01/08 8:19:37 WET [2025/01/08 3:19:37 ET]
Table 'Nolli II' 6-max Seat #2 is the button
Seat 1: G.HANSEN333 ($106.92 in chips) 
Seat 2: active27 ($103.60 in chips) 
Seat 3: m1lkdud ($106.23 in chips) 
Seat 4: peak joker33 ($131.59 in chips) 
m1lkdud: posts small blind $0.50
peak joker33: posts big blind $1
*** HOLE CARDS ***
G.HANSEN333: folds 
active27: folds 
m1lkdud: raises $2 to $3
peak joker33: calls $2
*** FLOP *** [2s 6d Qd]
m1lkdud: bets $2.85
peak joker33: raises $9.15 to $12
m1lkdud: calls $9.15
*** TURN *** [2s 6d Qd] [7d]
m1lkdud: checks 
peak joker33: bets $14.50
m1lkdud: folds 
Uncalled bet ($14.50) returned to peak joker33
peak joker33 collected $29 from pot
peak joker33: doesn't show hand 
*** SUMMARY ***
Total pot $30 | Rake $1 
Board [2s 6d Qd 7d]
Seat 1: G.HANSEN333 folded before Flop (didn't bet)
Seat 2: active27 (button) folded before Flop (didn't bet)
Seat 3: m1lkdud (small blind) folded on the Turn
Seat 4: peak joker33 (big blind) collected ($29)



PokerStars Hand #254258243555:  Hold'em No Limit ($0.50/$1.00 USD) - 2025/01/08 8:20:16 WET [2025/01/08 3:20:16 ET]
Table 'Nolli II' 6-max Seat #3 is the button
Seat 1: G.HANSEN333 ($106.92 in chips) 
Seat 2: active27 ($103.60 in chips) 
Seat 3: m1lkdud ($91.23 in chips) 
Seat 4: peak joker33 ($145.59 in chips) 
peak joker33: posts small blind $0.50
G.HANSEN333: posts big blind $1
*** HOLE CARDS ***
active27: folds 
m1lkdud: raises $2.50 to $3.50
peak joker33: folds 
G.HANSEN333: folds 
Uncalled bet ($2.50) returned to m1lkdud
m1lkdud collected $2.50 from pot
*** SUMMARY ***
Total pot $2.50 | Rake $0 
Seat 1: G.HANSEN333 (big blind) folded before Flop
Seat 2: active27 folded before Flop (didn't bet)
Seat 3: m1lkdud (button) collected ($2.50)
Seat 4: peak joker33 (small blind) folded before Flop



PokerStars Hand #254258244845:  Hold'em No Limit ($0.50/$1.00 USD) - 2025/01/08 8:20:33 WET [2025/01/08 3:20:33 ET]
Table 'Nolli II' 6-max Seat #4 is the button
Seat 1: G.HANSEN333 ($105.92 in chips) 
Seat 2: active27 ($103.60 in chips) 
Seat 3: m1lkdud ($92.73 in chips) 
Seat 4: peak joker33 ($145.09 in chips) 
G.HANSEN333: posts small blind $0.50
active27: posts big blind $1
*** HOLE CARDS ***
m1lkdud: folds 
peak joker33: folds 
G.HANSEN333: folds 
Uncalled bet ($0.50) returned to active27
active27 collected $1 from pot
active27: doesn't show hand 
*** SUMMARY ***
Total pot $1 | Rake $0 
Seat 1: G.HANSEN333 (small blind) folded before Flop
Seat 2: active27 (big blind) collected ($1)
Seat 3: m1lkdud folded before Flop (didn't bet)
Seat 4: peak joker33 (button) folded before Flop (didn't bet)



PokerStars Hand #254258245930:  Hold'em No Limit ($0.50/$1.00 USD) - 2025/01/08 8:20:47 WET [2025/01/08 3:20:47 ET]
Table 'Nolli II' 6-max Seat #1 is the button
Seat 1: G.HANSEN333 ($105.42 in chips) 
Seat 2: active27 ($104.10 in chips) 
Seat 3: m1lkdud ($100 in chips) 
Seat 4: peak joker33 ($145.09 in chips) 
active27: posts small blind $0.50
m1lkdud: posts big blind $1
*** HOLE CARDS ***
peak joker33: raises $1.50 to $2.50
G.HANSEN333: folds 
active27: calls $2
m1lkdud: folds 
*** FLOP *** [8s 9d As]
active27: checks 
peak joker33: checks 
*** TURN *** [8s 9d As] [Th]
active27: bets $2.85
peak joker33: calls $2.85
*** RIVER *** [8s 9d As Th] [2s]
active27: bets $8.56
peak joker33: folds 
Uncalled bet ($8.56) returned to active27
active27 collected $11.12 from pot
active27: doesn't show hand 
*** SUMMARY ***
Total pot $11.70 | Rake $0.58 
Board [8s 9d As Th 2s]
Seat 1: G.HANSEN333 (button) folded before Flop (didn't bet)
Seat 2: active27 (small blind) collected ($11.12)
Seat 3: m1lkdud (big blind) folded before Flop
Seat 4: peak joker33 folded on the River



PokerStars Hand #254258248126:  Hold'em No Limit ($0.50/$1.00 USD) - 2025/01/08 8:21:16 WET [2025/01/08 3:21:16 ET]
Table 'Nolli II' 6-max Seat #2 is the button
Seat 1: G.HANSEN333 ($105.42 in chips) 
Seat 2: active27 ($109.87 in chips) 
Seat 3: m1lkdud ($99 in chips) 
Seat 4: peak joker33 ($139.74 in chips) 
m1lkdud: posts small blind $0.50
peak joker33: posts big blind $1
*** HOLE CARDS ***
G.HANSEN333: folds 
active27: folds 
m1lkdud: raises $2 to $3
peak joker33: raises $6 to $9
m1lkdud: calls $6
*** FLOP *** [Tc 9s Ad]
m1lkdud: checks 
peak joker33: checks 
*** TURN *** [Tc 9s Ad] [8h]
m1lkdud: checks 
peak joker33: checks 
*** RIVER *** [Tc 9s Ad 8h] [3h]
m1lkdud: bets $23.10
peak joker33: folds 
Uncalled bet ($23.10) returned to m1lkdud
m1lkdud collected $17.10 from pot
*** SUMMARY ***
Total pot $18 | Rake $0.90 
Board [Tc 9s Ad 8h 3h]
Seat 1: G.HANSEN333 folded before Flop (didn't bet)
Seat 2: active27 (button) folded before Flop (didn't bet)
Seat 3: m1lkdud (small blind) collected ($17.10)
Seat 4: peak joker33 (big blind) folded on the River



PokerStars Hand #254258254030:  Hold'em No Limit ($0.50/$1.00 USD) - 2025/01/08 8:22:34 WET [2025/01/08 3:22:34 ET]
Table 'Nolli II' 6-max Seat #3 is the button
Seat 1: G.HANSEN333 ($105.42 in chips) 
Seat 2: active27 ($109.87 in chips) 
Seat 3: m1lkdud ($107.10 in chips) 
Seat 4: peak joker33 ($130.74 in chips) 
peak joker33: posts small blind $0.50
G.HANSEN333: posts big blind $1
*** HOLE CARDS ***
active27: raises $2 to $3
m1lkdud: calls $3
peak joker33: folds 
G.HANSEN333: folds 
*** FLOP *** [Qd Qh 2h]
active27: checks 
m1lkdud: checks 
*** TURN *** [Qd Qh 2h] [As]
active27: bets $3
m1lkdud: folds 
Uncalled bet ($3) returned to active27
active27 collected $7.12 from pot
active27: doesn't show hand 
*** SUMMARY ***
Total pot $7.50 | Rake $0.38 
Board [Qd Qh 2h As]
Seat 1: G.HANSEN333 (big blind) folded before Flop
Seat 2: active27 collected ($7.12)
Seat 3: m1lkdud (button) folded on the Turn
Seat 4: peak joker33 (small blind) folded before Flop



PokerStars Hand #254258256982:  Hold'em No Limit ($0.50/$1.00 USD) - 2025/01/08 8:23:12 WET [2025/01/08 3:23:12 ET]
Table 'Nolli II' 6-max Seat #4 is the button
Seat 1: G.HANSEN333 ($104.42 in chips) 
Seat 2: active27 ($113.99 in chips) 
Seat 3: m1lkdud ($104.10 in chips) 
Seat 4: peak joker33 ($130.24 in chips) 
G.HANSEN333: posts small blind $0.50
active27: posts big blind $1
*** HOLE CARDS ***
m1lkdud: folds 
peak joker33: raises $1.50 to $2.50
G.HANSEN333: folds 
active27: folds 
Uncalled bet ($1.50) returned to peak joker33
peak joker33 collected $2.50 from pot
peak joker33: doesn't show hand 
*** SUMMARY ***
Total pot $2.50 | Rake $0 
Seat 1: G.HANSEN333 (small blind) folded before Flop
Seat 2: active27 (big blind) folded before Flop
Seat 3: m1lkdud folded before Flop (didn't bet)
Seat 4: peak joker33 (button) collected ($2.50)



PokerStars Hand #254258258396:  Hold'em No Limit ($0.50/$1.00 USD) - 2025/01/08 8:23:31 WET [2025/01/08 3:23:31 ET]
Table 'Nolli II' 6-max Seat #1 is the button
Seat 1: G.HANSEN333 ($103.92 in chips) 
Seat 2: active27 ($112.99 in chips) 
Seat 3: m1lkdud ($104.10 in chips) 
Seat 4: peak joker33 ($131.74 in chips) 
active27: posts small blind $0.50
m1lkdud: posts big blind $1
*** HOLE CARDS ***
peak joker33: folds 
G.HANSEN333: folds 
active27: folds 
Uncalled bet ($0.50) returned to m1lkdud
m1lkdud collected $1 from pot
*** SUMMARY ***
Total pot $1 | Rake $0 
Seat 1: G.HANSEN333 (button) folded before Flop (didn't bet)
Seat 2: active27 (small blind) folded before Flop
Seat 3: m1lkdud (big blind) collected ($1)
Seat 4: peak joker33 folded before Flop (didn't bet)



PokerStars Hand #254258259032:  Hold'em No Limit ($0.50/$1.00 USD) - 2025/01/08 8:23:39 WET [2025/01/08 3:23:39 ET]
Table 'Nolli II' 6-max Seat #2 is the button
Seat 1: G.HANSEN333 ($103.92 in chips) 
Seat 2: active27 ($112.49 in chips) 
Seat 3: m1lkdud ($104.60 in chips) 
Seat 4: peak joker33 ($131.74 in chips) 
m1lkdud: posts small blind $0.50
peak joker33: posts big blind $1
*** HOLE CARDS ***
G.HANSEN333: folds 
Dearic99 joins the table at seat #5 
active27: raises $2 to $3
m1lkdud: folds 
peak joker33: folds 
Uncalled bet ($2) returned to active27
active27 collected $2.50 from pot
active27: doesn't show hand 
*** SUMMARY ***
Total pot $2.50 | Rake $0 
Seat 1: G.HANSEN333 folded before Flop (didn't bet)
Seat 2: active27 (button) collected ($2.50)
Seat 3: m1lkdud (small blind) folded before Flop
Seat 4: peak joker33 (big blind) folded before Flop



PokerStars Hand #254258260684:  Hold'em No Limit ($0.50/$1.00 USD) - 2025/01/08 8:24:00 WET [2025/01/08 3:24:00 ET]
Table 'Nolli II' 6-max Seat #3 is the button
Seat 1: G.HANSEN333 ($103.92 in chips) 
Seat 2: active27 ($113.99 in chips) 
Seat 3: m1lkdud ($104.10 in chips) 
Seat 4: peak joker33 ($130.74 in chips) 
Seat 5: Dearic99 ($100 in chips) 
peak joker33: posts small blind $0.50
Dearic99: posts big blind $1
*** HOLE CARDS ***
G.HANSEN333: folds 
active27: folds 
m1lkdud: raises $2.50 to $3.50
peak joker33: folds 
Dearic99: folds 
Uncalled bet ($2.50) returned to m1lkdud
m1lkdud collected $2.50 from pot
*** SUMMARY ***
Total pot $2.50 | Rake $0 
Seat 1: G.HANSEN333 folded before Flop (didn't bet)
Seat 2: active27 folded before Flop (didn't bet)
Seat 3: m1lkdud (button) collected ($2.50)
Seat 4: peak joker33 (small blind) folded before Flop
Seat 5: Dearic99 (big blind) folded before Flop



PokerStars Hand #254258261481:  Hold'em No Limit ($0.50/$1.00 USD) - 2025/01/08 8:24:11 WET [2025/01/08 3:24:11 ET]
Table 'Nolli II' 6-max Seat #4 is the button
Seat 1: G.HANSEN333 ($103.92 in chips) 
Seat 2: active27 ($113.99 in chips) 
Seat 3: m1lkdud ($105.60 in chips) 
Seat 4: peak joker33 ($130.24 in chips) 
Seat 5: Dearic99 ($100 in chips) 
Dearic99: posts small blind $0.50
G.HANSEN333: posts big blind $1
*** HOLE CARDS ***
active27: folds 
m1lkdud: raises $2.50 to $3.50
peak joker33: folds 
Dearic99: folds 
G.HANSEN333: folds 
Uncalled bet ($2.50) returned to m1lkdud
m1lkdud collected $2.50 from pot
*** SUMMARY ***
Total pot $2.50 | Rake $0 
Seat 1: G.HANSEN333 (big blind) folded before Flop
Seat 2: active27 folded before Flop (didn't bet)
Seat 3: m1lkdud collected ($2.50)
Seat 4: peak joker33 (button) folded before Flop (didn't bet)
Seat 5: Dearic99 (small blind) folded before Flop



PokerStars Hand #254258262689:  Hold'em No Limit ($0.50/$1.00 USD) - 2025/01/08 8:24:26 WET [2025/01/08 3:24:26 ET]
Table 'Nolli II' 6-max Seat #5 is the button
Seat 1: G.HANSEN333 ($102.92 in chips) 
Seat 2: active27 ($113.99 in chips) 
Seat 3: m1lkdud ($107.10 in chips) 
Seat 4: peak joker33 ($130.24 in chips) 
Seat 5: Dearic99 ($100 in chips) 
G.HANSEN333: posts small blind $0.50
active27: posts big blind $1
*** HOLE CARDS ***
m1lkdud: folds 
peak joker33: raises $1.50 to $2.50
Dearic99: raises $5 to $7.50
G.HANSEN333: folds 
active27: folds 
peak joker33: folds 
Uncalled bet ($5) returned to Dearic99
Dearic99 collected $6.50 from pot
Dearic99: doesn't show hand 
*** SUMMARY ***
Total pot $6.50 | Rake $0 
Seat 1: G.HANSEN333 (small blind) folded before Flop
Seat 2: active27 (big blind) folded before Flop
Seat 3: m1lkdud folded before Flop (didn't bet)
Seat 4: peak joker33 folded before Flop
Seat 5: Dearic99 (button) collected ($6.50)



PokerStars Hand #254258264665:  Hold'em No Limit ($0.50/$1.00 USD) - 2025/01/08 8:24:51 WET [2025/01/08 3:24:51 ET]
Table 'Nolli II' 6-max Seat #1 is the button
Seat 3: m1lkdud ($107.10 in chips) is sitting out
Seat 1: G.HANSEN333 ($102.42 in chips) 
Seat 2: active27 ($112.99 in chips) 
Seat 4: peak joker33 ($127.74 in chips) 
Seat 5: Dearic99 ($104 in chips) 
active27: posts small blind $0.50
m1lkdud: is sitting out 
m1lkdud leaves the table
peak joker33: posts big blind $1
*** HOLE CARDS ***
Dearic99: folds 
G.HANSEN333: folds 
active27: folds 
Uncalled bet ($0.50) returned to peak joker33
peak joker33 collected $1 from pot
peak joker33: doesn't show hand 
*** SUMMARY ***
Total pot $1 | Rake $0 
Seat 3: m1lkdud
Seat 1: G.HANSEN333 (button) folded before Flop (didn't bet)
Seat 2: active27 (small blind) folded before Flop
Seat 4: peak joker33 (big blind) collected ($1)
Seat 5: Dearic99 folded before Flop (didn't bet)



PokerStars Hand #254258265906:  Hold'em No Limit ($0.50/$1.00 USD) - 2025/01/08 8:25:07 WET [2025/01/08 3:25:07 ET]
Table 'Nolli II' 6-max Seat #2 is the button
Seat 1: G.HANSEN333 ($102.42 in chips) 
Seat 2: active27 ($112.49 in chips) 
Seat 4: peak joker33 ($128.24 in chips) 
Seat 5: Dearic99 ($104 in chips) 
peak joker33: posts small blind $0.50
Dearic99: posts big blind $1
*** HOLE CARDS ***
G.HANSEN333: folds 
active27: folds 
peak joker33: folds 
Uncalled bet ($0.50) returned to Dearic99
Dearic99 collected $1 from pot
Dearic99: doesn't show hand 
*** SUMMARY ***
Total pot $1 | Rake $0 
Seat 1: G.HANSEN333 folded before Flop (didn't bet)
Seat 2: active27 (button) folded before Flop (didn't bet)
Seat 4: peak joker33 (small blind) folded before Flop
Seat 5: Dearic99 (big blind) collected ($1)



PokerStars Hand #254258267574:  Hold'em No Limit ($0.50/$1.00 USD) - 2025/01/08 8:25:28 WET [2025/01/08 3:25:28 ET]
Table 'Nolli II' 6-max Seat #4 is the button
Seat 1: G.HANSEN333 ($102.42 in chips) 
Seat 2: active27 ($112.49 in chips) 
Seat 4: peak joker33 ($127.74 in chips) 
Seat 5: Dearic99 ($104.50 in chips) 
Dearic99: posts small blind $0.50
G.HANSEN333: posts big blind $1
*** HOLE CARDS ***
active27: raises $2 to $3
peak joker33: folds 
Dearic99: folds 
G.HANSEN333: calls $2
*** FLOP *** [8s Ks 2h]
G.HANSEN333: checks 
active27: checks 
*** TURN *** [8s Ks 2h] [8d]
G.HANSEN333: checks 
active27: checks 
*** RIVER *** [8s Ks 2h 8d] [4d]
G.HANSEN333: checks 
active27: checks 
*** SHOW DOWN ***
G.HANSEN333: shows [Ac Qs] (a pair of Eights)
active27: mucks hand 
G.HANSEN333 collected $6.18 from pot
*** SUMMARY ***
Total pot $6.50 | Rake $0.32 
Board [8s Ks 2h 8d 4d]
Seat 1: G.HANSEN333 (big blind) showed [Ac Qs] and won ($6.18) with a pair of Eights
Seat 2: active27 mucked
Seat 4: peak joker33 (button) folded before Flop (didn't bet)
Seat 5: Dearic99 (small blind) folded before Flop



PokerStars Hand #254258270337:  Hold'em No Limit ($0.50/$1.00 USD) - 2025/01/08 8:26:03 WET [2025/01/08 3:26:03 ET]
Table 'Nolli II' 6-max Seat #5 is the button
Seat 2: active27 ($109.49 in chips) is sitting out
Seat 1: G.HANSEN333 ($105.60 in chips) 
Seat 4: peak joker33 ($127.74 in chips) 
Seat 5: Dearic99 ($104 in chips) 
G.HANSEN333: posts small blind $0.50
active27: is sitting out 
peak joker33: posts big blind $1
*** HOLE CARDS ***
Dearic99: raises $1.50 to $2.50
G.HANSEN333: folds 
peak joker33: folds 
Uncalled bet ($1.50) returned to Dearic99
Dearic99 collected $2.50 from pot
Dearic99: doesn't show hand 
*** SUMMARY ***
Total pot $2.50 | Rake $0 
Seat 2: active27
Seat 1: G.HANSEN333 (small blind) folded before Flop
Seat 4: peak joker33 (big blind) folded before Flop
Seat 5: Dearic99 (button) collected ($2.50)



PokerStars Hand #254258271059:  Hold'em No Limit ($0.50/$1.00 USD) - 2025/01/08 8:26:13 WET [2025/01/08 3:26:13 ET]
Table 'Nolli II' 6-max Seat #4 is the button
Seat 2: active27 ($109.49 in chips) is sitting out
Seat 5: Dearic99 ($105.50 in chips) is sitting out
Seat 1: G.HANSEN333 ($105.10 in chips) 
Seat 4: peak joker33 ($126.74 in chips) 
peak joker33: posts small blind $0.50
Dearic99: is sitting out 
G.HANSEN333: posts big blind $1
*** HOLE CARDS ***
Dearic99 leaves the table
peak joker33: folds 
Uncalled bet ($0.50) returned to G.HANSEN333
G.HANSEN333 collected $1 from pot
G.HANSEN333: doesn't show hand 
*** SUMMARY ***
Total pot $1 | Rake $0 
Seat 2: active27
Seat 5: Dearic99
Seat 1: G.HANSEN333 (big blind) collected ($1)
Seat 4: peak joker33 (button) (small blind) folded before Flop



PokerStars Hand #254258202935:  Hold'em No Limit ($0.50/$1.00 USD) - 2025/01/08 8:11:24 WET [2025/01/08 3:11:24 ET]
Table 'Nolli II' 6-max Seat #1 is the button
Seat 1: G.HANSEN333 ($100 in chips) 
Seat 3: m1lkdud ($99.05 in chips) 
Seat 4: peak joker33 ($102.50 in chips) 
m1lkdud: posts small blind $0.50
peak joker33: posts big blind $1
*** HOLE CARDS ***
G.HANSEN333: raises $1.50 to $2.50
m1lkdud: folds 
peak joker33: calls $1.50
*** FLOP *** [9s 3h Tc]
peak joker33: checks 
G.HANSEN333: bets $3.39
peak joker33: calls $3.39
*** TURN *** [9s 3h Tc] [Ah]
peak joker33: checks 
G.HANSEN333: bets $8.75
peak joker33: raises $19.25 to $28
G.HANSEN333: calls $19.25
*** RIVER *** [9s 3h Tc Ah] [Js]
peak joker33: checks 
G.HANSEN333: checks 
*** SHOW DOWN ***
peak joker33: shows [As 3s] (two pair, Aces and Threes)
G.HANSEN333: mucks hand 
peak joker33 collected $67.28 from pot
*** SUMMARY ***
Total pot $68.28 | Rake $1 
Board [9s 3h Tc Ah Js]
Seat 1: G.HANSEN333 (button) mucked
Seat 3: m1lkdud (small blind) folded before Flop
Seat 4: peak joker33 (big blind) showed [As 3s] and won ($67.28) with two pair, Aces and Threes



PokerStars Hand #254258207870:  Hold'em No Limit ($0.50/$1.00 USD) - 2025/01/08 8:12:29 WET [2025/01/08 3:12:29 ET]
Table 'Nolli II' 6-max Seat #3 is the button
Seat 1: G.HANSEN333 ($100 in chips) 
Seat 3: m1lkdud ($98.55 in chips) 
Seat 4: peak joker33 ($135.89 in chips) 
peak joker33: posts small blind $0.50
G.HANSEN333: posts big blind $1
*** HOLE CARDS ***
m1lkdud: folds 
peak joker33: raises $2 to $3
G.HANSEN333: calls $2
*** FLOP *** [Ac 9d Jd]
peak joker33: bets $3.42
G.HANSEN333: folds 
Uncalled bet ($3.42) returned to peak joker33
peak joker33 collected $5.70 from pot
peak joker33: doesn't show hand 
*** SUMMARY ***
Total pot $6 | Rake $0.30 
Board [Ac 9d Jd]
Seat 1: G.HANSEN333 (big blind) folded on the Flop
Seat 3: m1lkdud (button) folded before Flop (didn't bet)
Seat 4: peak joker33 (small blind) collected ($5.70)



PokerStars Hand #254258209434:  Hold'em No Limit ($0.50/$1.00 USD) - 2025/01/08 8:12:49 WET [2025/01/08 3:12:49 ET]
Table 'Nolli II' 6-max Seat #4 is the button
Seat 1: G.HANSEN333 ($100 in chips) 
Seat 3: m1lkdud ($98.55 in chips) 
Seat 4: peak joker33 ($138.59 in chips) 
G.HANSEN333: posts small blind $0.50
m1lkdud: posts big blind $1
*** HOLE CARDS ***
peak joker33: raises $1.50 to $2.50
G.HANSEN333: folds 
m1lkdud: folds 
Uncalled bet ($1.50) returned to peak joker33
peak joker33 collected $2.50 from pot
peak joker33: doesn't show hand 
*** SUMMARY ***
Total pot $2.50 | Rake $0 
Seat 1: G.HANSEN333 (small blind) folded before Flop
Seat 3: m1lkdud (big blind) folded before Flop
Seat 4: peak joker33 (button) collected ($2.50)



PokerStars Hand #254258211034:  Hold'em No Limit ($0.50/$1.00 USD) - 2025/01/08 8:13:10 WET [2025/01/08 3:13:10 ET]
Table 'Nolli II' 6-max Seat #1 is the button
Seat 1: G.HANSEN333 ($100 in chips) 
Seat 3: m1lkdud ($97.55 in chips) 
Seat 4: peak joker33 ($140.09 in chips) 
m1lkdud: posts small blind $0.50
peak joker33: posts big blind $1
*** HOLE CARDS ***
G.HANSEN333: folds 
m1lkdud: raises $2 to $3
peak joker33: folds 
Uncalled bet ($2) returned to m1lkdud
m1lkdud collected $2 from pot
*** SUMMARY ***
Total pot $2 | Rake $0 
Seat 1: G.HANSEN333 (button) folded before Flop (didn't bet)
Seat 3: m1lkdud (small blind) collected ($2)
Seat 4: peak joker33 (big blind) folded before Flop



PokerStars Hand #254258212086:  Hold'em No Limit ($0.50/$1.00 USD) - 2025/01/08 8:13:24 WET [2025/01/08 3:13:24 ET]
Table 'Nolli II' 6-max Seat #3 is the button
Seat 1: G.HANSEN333 ($100 in chips) 
Seat 3: m1lkdud ($98.55 in chips) 
Seat 4: peak joker33 ($139.09 in chips) 
peak joker33: posts small blind $0.50
G.HANSEN333: posts big blind $1
*** HOLE CARDS ***
m1lkdud: folds 
peak joker33: folds 
Uncalled bet ($0.50) returned to G.HANSEN333
G.HANSEN333 collected $1 from pot
G.HANSEN333: doesn't show hand 
*** SUMMARY ***
Total pot $1 | Rake $0 
Seat 1: G.HANSEN333 (big blind) collected ($1)
Seat 3: m1lkdud (button) folded before Flop (didn't bet)
Seat 4: peak joker33 (small blind) folded before Flop



PokerStars Hand #254258212694:  Hold'em No Limit ($0.50/$1.00 USD) - 2025/01/08 8:13:31 WET [2025/01/08 3:13:31 ET]
Table 'Nolli II' 6-max Seat #4 is the button
Seat 1: G.HANSEN333 ($100.50 in chips) 
Seat 3: m1lkdud ($98.55 in chips) 
Seat 4: peak joker33 ($138.59 in chips) 
G.HANSEN333: posts small blind $0.50
m1lkdud: posts big blind $1
*** HOLE CARDS ***
peak joker33: raises $1.50 to $2.50
G.HANSEN333: folds 
m1lkdud: folds 
Uncalled bet ($1.50) returned to peak joker33
peak joker33 collected $2.50 from pot
peak joker33: doesn't show hand 
*** SUMMARY ***
Total pot $2.50 | Rake $0 
Seat 1: G.HANSEN333 (small blind) folded before Flop
Seat 3: m1lkdud (big blind) folded before Flop
Seat 4: peak joker33 (button) collected ($2.50)



PokerStars Hand #254258213399:  Hold'em No Limit ($0.50/$1.00 USD) - 2025/01/08 8:13:41 WET [2025/01/08 3:13:41 ET]
Table 'Nolli II' 6-max Seat #1 is the button
Seat 1: G.HANSEN333 ($100 in chips) 
Seat 3: m1lkdud ($97.55 in chips) 
Seat 4: peak joker33 ($140.09 in chips) 
m1lkdud: posts small blind $0.50
peak joker33: posts big blind $1
*** HOLE CARDS ***
G.HANSEN333: raises $1.50 to $2.50
m1lkdud: folds 
peak joker33: folds 
Uncalled bet ($1.50) returned to G.HANSEN333
G.HANSEN333 collected $2.50 from pot
G.HANSEN333: doesn't show hand 
*** SUMMARY ***
Total pot $2.50 | Rake $0 
Seat 1: G.HANSEN333 (button) collected ($2.50)
Seat 3: m1lkdud (small blind) folded before Flop
Seat 4: peak joker33 (big blind) folded before Flop



PokerStars Hand #254258213985:  Hold'em No Limit ($0.50/$1.00 USD) - 2025/01/08 8:13:48 WET [2025/01/08 3:13:48 ET]
Table 'Nolli II' 6-max Seat #3 is the button
Seat 1: G.HANSEN333 ($101.50 in chips) 
Seat 3: m1lkdud ($97.05 in chips) 
Seat 4: peak joker33 ($139.09 in chips) 
peak joker33: posts small blind $0.50
G.HANSEN333: posts big blind $1
*** HOLE CARDS ***
m1lkdud: folds 
peak joker33: folds 
Uncalled bet ($0.50) returned to G.HANSEN333
G.HANSEN333 collected $1 from pot
G.HANSEN333: doesn't show hand 
*** SUMMARY ***
Total pot $1 | Rake $0 
Seat 1: G.HANSEN333 (big blind) collected ($1)
Seat 3: m1lkdud (button) folded before Flop (didn't bet)
Seat 4: peak joker33 (small blind) folded before Flop



