PokerStars Hand #254272260736:  Hold'em No Limit ($0.50/$1.00 USD) - 2025/01/08 1:08:22 WET [2025/01/08 20:08:22 ET]
Table 'Michela II' 6-max Seat #1 is the button
Seat 1: steelNike ($40 in chips) 
Seat 2: equilibrium_tv ($43 in chips) 
Seat 3: Supermegopro ($100 in chips) 
Seat 4: Manifestorr ($100 in chips) 
Seat 5: ReVeu710 ($100 in chips) 
Seat 6: Danbarrett88 ($43.21 in chips) 
equilibrium_tv: posts small blind $0.50
Supermegopro: posts big blind $1
*** HOLE CARDS ***
Manifestorr: folds 
ReVeu710: folds 
Danbarrett88: calls $1
steelNike: folds 
equilibrium_tv: folds 
Supermegopro: checks 
*** FLOP *** [Tc Jh 3c]
Supermegopro: checks 
Danbarrett88: checks 
*** TURN *** [Tc Jh 3c] [Jd]
Supermegopro: bets $1.59
Danbarrett88: folds 
Uncalled bet ($1.59) returned to Supermegopro
Supermegopro collected $2.38 from pot
Supermegopro: doesn't show hand 
*** SUMMARY ***
Total pot $2.50 | Rake $0.12 
Board [Tc Jh 3c Jd]
Seat 1: steelNike (button) folded before Flop (didn't bet)
Seat 2: equilibrium_tv (small blind) folded before Flop
Seat 3: Supermegopro (big blind) collected ($2.38)
Seat 4: Manifestorr folded before Flop (didn't bet)
Seat 5: ReVeu710 folded before Flop (didn't bet)
Seat 6: Danbarrett88 folded on the Turn



PokerStars Hand #254272265064:  Hold'em No Limit ($0.50/$1.00 USD) - 2025/01/08 1:08:45 WET [2025/01/08 20:08:45 ET]
Table 'Michela II' 6-max Seat #2 is the button
Seat 1: steelNike ($40 in chips) 
Seat 2: equilibrium_tv ($42.50 in chips) 
Seat 3: Supermegopro ($101.38 in chips) 
Seat 4: Manifestorr ($100 in chips) 
Seat 5: ReVeu710 ($100 in chips) 
Seat 6: Danbarrett88 ($42.21 in chips) 
Supermegopro: posts small blind $0.50
Manifestorr: posts big blind $1
*** HOLE CARDS ***
ReVeu710: folds 
Danbarrett88: raises $2 to $3
steelNike: folds 
equilibrium_tv: folds 
Supermegopro: folds 
Manifestorr: folds 
Uncalled bet ($2) returned to Danbarrett88
Danbarrett88 collected $2.50 from pot
*** SUMMARY ***
Total pot $2.50 | Rake $0 
Seat 1: steelNike folded before Flop (didn't bet)
Seat 2: equilibrium_tv (button) folded before Flop (didn't bet)
Seat 3: Supermegopro (small blind) folded before Flop
Seat 4: Manifestorr (big blind) folded before Flop
Seat 5: ReVeu710 folded before Flop (didn't bet)
Seat 6: Danbarrett88 collected ($2.50)



PokerStars Hand #254272268368:  Hold'em No Limit ($0.50/$1.00 USD) - 2025/01/08 1:09:02 WET [2025/01/08 20:09:02 ET]
Table 'Michela II' 6-max Seat #3 is the button
Seat 1: steelNike ($40 in chips) 
Seat 2: equilibrium_tv ($42.50 in chips) 
Seat 3: Supermegopro ($100.88 in chips) 
Seat 4: Manifestorr ($100 in chips) 
Seat 5: ReVeu710 ($100 in chips) 
Seat 6: Danbarrett88 ($43.71 in chips) 
Manifestorr: posts small blind $0.50
ReVeu710: posts big blind $1
*** HOLE CARDS ***
Danbarrett88: raises $2 to $3
steelNike: folds 
equilibrium_tv: folds 
Supermegopro: folds 
Manifestorr: folds 
ReVeu710: folds 
Uncalled bet ($2) returned to Danbarrett88
Danbarrett88 collected $2.50 from pot
*** SUMMARY ***
Total pot $2.50 | Rake $0 
Seat 1: steelNike folded before Flop (didn't bet)
Seat 2: equilibrium_tv folded before Flop (didn't bet)
Seat 3: Supermegopro (button) folded before Flop (didn't bet)
Seat 4: Manifestorr (small blind) folded before Flop
Seat 5: ReVeu710 (big blind) folded before Flop
Seat 6: Danbarrett88 collected ($2.50)



PokerStars Hand #254272270918:  Hold'em No Limit ($0.50/$1.00 USD) - 2025/01/08 1:09:16 WET [2025/01/08 20:09:16 ET]
Table 'Michela II' 6-max Seat #4 is the button
Seat 1: steelNike ($40 in chips) 
Seat 2: equilibrium_tv ($42.50 in chips) 
Seat 3: Supermegopro ($100.88 in chips) 
Seat 4: Manifestorr ($100 in chips) 
Seat 5: ReVeu710 ($100 in chips) 
Seat 6: Danbarrett88 ($45.21 in chips) 
ReVeu710: posts small blind $0.50
Danbarrett88: posts big blind $1
*** HOLE CARDS ***
steelNike: folds 
equilibrium_tv: folds 
Supermegopro: folds 
Manifestorr: folds 
ReVeu710: folds 
Uncalled bet ($0.50) returned to Danbarrett88
Danbarrett88 collected $1 from pot
*** SUMMARY ***
Total pot $1 | Rake $0 
Seat 1: steelNike folded before Flop (didn't bet)
Seat 2: equilibrium_tv folded before Flop (didn't bet)
Seat 3: Supermegopro folded before Flop (didn't bet)
Seat 4: Manifestorr (button) folded before Flop (didn't bet)
Seat 5: ReVeu710 (small blind) folded before Flop
Seat 6: Danbarrett88 (big blind) collected ($1)



PokerStars Hand #254272273222:  Hold'em No Limit ($0.50/$1.00 USD) - 2025/01/08 1:09:29 WET [2025/01/08 20:09:29 ET]
Table 'Michela II' 6-max Seat #5 is the button
Seat 1: steelNike ($40 in chips) 
Seat 2: equilibrium_tv ($42.50 in chips) 
Seat 3: Supermegopro ($100.88 in chips) 
Seat 4: Manifestorr ($100 in chips) 
Seat 5: ReVeu710 ($100 in chips) 
Seat 6: Danbarrett88 ($45.71 in chips) 
Danbarrett88: posts small blind $0.50
steelNike: posts big blind $1
*** HOLE CARDS ***
equilibrium_tv: folds 
Supermegopro: folds 
Manifestorr: raises $1.20 to $2.20
ReVeu710: folds 
Danbarrett88: calls $1.70
steelNike: folds 
*** FLOP *** [5h 7s 9s]
Danbarrett88: checks 
Manifestorr: bets $2.57
Danbarrett88: calls $2.57
*** TURN *** [5h 7s 9s] [Kd]
Danbarrett88: checks 
Manifestorr: bets $7.51
Danbarrett88: folds 
Uncalled bet ($7.51) returned to Manifestorr
Manifestorr collected $10.01 from pot
*** SUMMARY ***
Total pot $10.54 | Rake $0.53 
Board [5h 7s 9s Kd]
Seat 1: steelNike (big blind) folded before Flop
Seat 2: equilibrium_tv folded before Flop (didn't bet)
Seat 3: Supermegopro folded before Flop (didn't bet)
Seat 4: Manifestorr collected ($10.01)
Seat 5: ReVeu710 (button) folded before Flop (didn't bet)
Seat 6: Danbarrett88 (small blind) folded on the Turn



PokerStars Hand #254272278303:  Hold'em No Limit ($0.50/$1.00 USD) - 2025/01/08 1:09:56 WET [2025/01/08 20:09:56 ET]
Table 'Michela II' 6-max Seat #6 is the button
Seat 1: steelNike ($39 in chips) 
Seat 2: equilibrium_tv ($45.50 in chips) 
Seat 3: Supermegopro ($100.88 in chips) 
Seat 4: Manifestorr ($105.24 in chips) 
Seat 5: ReVeu710 ($100 in chips) 
Seat 6: Danbarrett88 ($40.94 in chips) 
steelNike: posts small blind $0.50
equilibrium_tv: posts big blind $1
*** HOLE CARDS ***
Supermegopro: folds 
Manifestorr: folds 
ReVeu710: folds 
Danbarrett88: calls $1
steelNike: folds 
equilibrium_tv: raises $3 to $4
Danbarrett88: calls $3
*** FLOP *** [3d Qs Tc]
equilibrium_tv: checks 
Danbarrett88: checks 
*** TURN *** [3d Qs Tc] [4d]
equilibrium_tv: checks 
Danbarrett88: checks 
*** RIVER *** [3d Qs Tc 4d] [3c]
equilibrium_tv: bets $2.67
Danbarrett88: folds 
Uncalled bet ($2.67) returned to equilibrium_tv
equilibrium_tv collected $8.08 from pot
*** SUMMARY ***
Total pot $8.50 | Rake $0.42 
Board [3d Qs Tc 4d 3c]
Seat 1: steelNike (small blind) folded before Flop
Seat 2: equilibrium_tv (big blind) collected ($8.08)
Seat 3: Supermegopro folded before Flop (didn't bet)
Seat 4: Manifestorr folded before Flop (didn't bet)
Seat 5: ReVeu710 folded before Flop (didn't bet)
Seat 6: Danbarrett88 (button) folded on the River



PokerStars Hand #254272286169:  Hold'em No Limit ($0.50/$1.00 USD) - 2025/01/08 1:10:39 WET [2025/01/08 20:10:39 ET]
Table 'Michela II' 6-max Seat #1 is the button
Seat 1: steelNike ($38.50 in chips) 
Seat 2: equilibrium_tv ($49.58 in chips) 
Seat 3: Supermegopro ($100.88 in chips) 
Seat 4: Manifestorr ($105.24 in chips) 
Seat 5: ReVeu710 ($100 in chips) 
Seat 6: Danbarrett88 ($36.94 in chips) 
equilibrium_tv: posts small blind $0.50
Supermegopro: posts big blind $1
*** HOLE CARDS ***
Manifestorr: raises $1.20 to $2.20
ReVeu710: folds 
Danbarrett88: folds 
Danbarrett88 leaves the table
steelNike: folds 
equilibrium_tv: folds 
Supermegopro: calls $1.20
*** FLOP *** [6h Qs Ah]
Supermegopro: checks 
equilibrium_tv leaves the table
Manifestorr: checks 
*** TURN *** [6h Qs Ah] [8h]
Supermegopro: bets $9.32
Manifestorr: folds 
Uncalled bet ($9.32) returned to Supermegopro
Supermegopro collected $4.66 from pot
Supermegopro: doesn't show hand 
*** SUMMARY ***
Total pot $4.90 | Rake $0.24 
Board [6h Qs Ah 8h]
Seat 1: steelNike (button) folded before Flop (didn't bet)
Seat 2: equilibrium_tv (small blind) folded before Flop
Seat 3: Supermegopro (big blind) collected ($4.66)
Seat 4: Manifestorr folded on the Turn
Seat 5: ReVeu710 folded before Flop (didn't bet)
Seat 6: Danbarrett88 folded before Flop (didn't bet)



