PokerStars Hand #254262136851:  Hold'em No Limit ($0.50/$1.00 USD) - 2025/01/08 15:23:35 WET [2025/01/08 10:23:35 ET]
Table 'Euforbo III' 6-max Seat #5 is the button
Seat 2: sta$igk ($100 in chips) is sitting out
Seat 1: mr.Jckpot ($101.50 in chips) 
Seat 3: Twistenko ($100 in chips) 
Seat 4: b2k-Snick ($100 in chips) 
Seat 5: loridon1 ($40.71 in chips) 
Seat 6: Burlica2013 ($100 in chips) 
Burlica2013: posts small blind $0.50
mr.Jckpot: posts big blind $1
sta$igk: sits out 
*** HOLE CARDS ***
Twistenko: folds 
b2k-Snick: folds 
loridon1: raises $1 to $2
Burlica2013: folds 
mr.Jckpot: calls $1
*** FLOP *** [2s 3s 7c]
mr.Jckpot: checks 
loridon1: bets $2.14
mr.Jckpot: folds 
Uncalled bet ($2.14) returned to loridon1
loridon1 collected $4.28 from pot
*** SUMMARY ***
Total pot $4.50 | Rake $0.22 
Board [2s 3s 7c]
Seat 2: sta$igk
Seat 1: mr.Jckpot (big blind) folded on the Flop
Seat 3: Twistenko folded before Flop (didn't bet)
Seat 4: b2k-Snick folded before Flop (didn't bet)
Seat 5: loridon1 (button) collected ($4.28)
Seat 6: Burlica2013 (small blind) folded before Flop



PokerStars Hand #254262142132:  Hold'em No Limit ($0.50/$1.00 USD) - 2025/01/08 15:24:00 WET [2025/01/08 10:24:00 ET]
Table 'Euforbo III' 6-max Seat #6 is the button
Seat 1: mr.Jckpot ($100 in chips) 
Seat 2: sta$igk ($100 in chips) 
Seat 3: Twistenko ($100 in chips) 
Seat 4: b2k-Snick ($100 in chips) 
Seat 5: loridon1 ($42.99 in chips) 
Seat 6: Burlica2013 ($100 in chips) 
mr.Jckpot: posts small blind $0.50
sta$igk: posts big blind $1
*** HOLE CARDS ***
Twistenko: folds 
Twistenko leaves the table
b2k-Snick: folds 
loridon1: raises $1 to $2
Burlica2013: raises $4.68 to $6.68
mr.Jckpot: folds 
sta$igk: folds 
RaptorCode joins the table at seat #3 
loridon1: calls $4.68
*** FLOP *** [As Jd 2c]
loridon1: checks 
Burlica2013: checks 
*** TURN *** [As Jd 2c] [3c]
loridon1: checks 
Burlica2013: bets $7.06
loridon1: folds 
Uncalled bet ($7.06) returned to Burlica2013
Burlica2013 collected $14.12 from pot
Burlica2013: doesn't show hand 
*** SUMMARY ***
Total pot $14.86 | Rake $0.74 
Board [As Jd 2c 3c]
Seat 1: mr.Jckpot (small blind) folded before Flop
Seat 2: sta$igk (big blind) folded before Flop
Seat 3: Twistenko folded before Flop (didn't bet)
Seat 4: b2k-Snick folded before Flop (didn't bet)
Seat 5: loridon1 folded on the Turn
Seat 6: Burlica2013 (button) collected ($14.12)



PokerStars Hand #254262151194:  Hold'em No Limit ($0.50/$1.00 USD) - 2025/01/08 15:24:42 WET [2025/01/08 10:24:42 ET]
Table 'Euforbo III' 6-max Seat #1 is the button
Seat 1: mr.Jckpot ($100 in chips) 
Seat 2: sta$igk ($100 in chips) 
Seat 3: RaptorCode ($100 in chips) 
Seat 4: b2k-Snick ($100 in chips) 
Seat 5: loridon1 ($36.31 in chips) 
Seat 6: Burlica2013 ($107.44 in chips) 
sta$igk: posts small blind $0.50
RaptorCode: posts big blind $1
*** HOLE CARDS ***
b2k-Snick: folds 
loridon1: folds 
Burlica2013: raises $1.25 to $2.25
mr.Jckpot: raises $5.25 to $7.50
sta$igk: folds 
RaptorCode: folds 
Burlica2013: calls $5.25
*** FLOP *** [4s Qc Ac]
Burlica2013: checks 
mr.Jckpot: bets $5.17
Burlica2013: calls $5.17
*** TURN *** [4s Qc Ac] [Qd]
Burlica2013: checks 
mr.Jckpot: checks 
*** RIVER *** [4s Qc Ac Qd] [7d]
Burlica2013: bets $8.42
mr.Jckpot: folds 
Uncalled bet ($8.42) returned to Burlica2013
Burlica2013 collected $25.50 from pot
Burlica2013: doesn't show hand 
*** SUMMARY ***
Total pot $26.84 | Rake $1.34 
Board [4s Qc Ac Qd 7d]
Seat 1: mr.Jckpot (button) folded on the River
Seat 2: sta$igk (small blind) folded before Flop
Seat 3: RaptorCode (big blind) folded before Flop
Seat 4: b2k-Snick folded before Flop (didn't bet)
Seat 5: loridon1 folded before Flop (didn't bet)
Seat 6: Burlica2013 collected ($25.50)



PokerStars Hand #254262163003:  Hold'em No Limit ($0.50/$1.00 USD) - 2025/01/08 15:25:37 WET [2025/01/08 10:25:37 ET]
Table 'Euforbo III' 6-max Seat #2 is the button
Seat 1: mr.Jckpot ($100 in chips) 
Seat 2: sta$igk ($100 in chips) 
Seat 3: RaptorCode ($99 in chips) 
Seat 4: b2k-Snick ($100 in chips) 
Seat 5: loridon1 ($36.31 in chips) 
Seat 6: Burlica2013 ($120.27 in chips) 
RaptorCode: posts small blind $0.50
b2k-Snick: posts big blind $1
*** HOLE CARDS ***
loridon1: folds 
Burlica2013: folds 
mr.Jckpot: raises $1.50 to $2.50
sta$igk: folds 
RaptorCode: folds 
b2k-Snick: calls $1.50
*** FLOP *** [7h Js 8d]
b2k-Snick: checks 
mr.Jckpot: bets $1.72
b2k-Snick: calls $1.72
*** TURN *** [7h Js 8d] [6h]
b2k-Snick: checks 
mr.Jckpot: checks 
*** RIVER *** [7h Js 8d 6h] [7d]
b2k-Snick: checks 
mr.Jckpot: checks 
*** SHOW DOWN ***
b2k-Snick: shows [Jc Qh] (two pair, Jacks and Sevens)
mr.Jckpot: mucks hand 
b2k-Snick collected $8.49 from pot
*** SUMMARY ***
Total pot $8.94 | Rake $0.45 
Board [7h Js 8d 6h 7d]
Seat 1: mr.Jckpot mucked
Seat 2: sta$igk (button) folded before Flop (didn't bet)
Seat 3: RaptorCode (small blind) folded before Flop
Seat 4: b2k-Snick (big blind) showed [Jc Qh] and won ($8.49) with two pair, Jacks and Sevens
Seat 5: loridon1 folded before Flop (didn't bet)
Seat 6: Burlica2013 folded before Flop (didn't bet)



PokerStars Hand #254262178774:  Hold'em No Limit ($0.50/$1.00 USD) - 2025/01/08 15:26:52 WET [2025/01/08 10:26:52 ET]
Table 'Euforbo III' 6-max Seat #3 is the button
Seat 1: mr.Jckpot ($100 in chips) 
Seat 2: sta$igk ($100 in chips) 
Seat 3: RaptorCode ($98.50 in chips) 
Seat 4: b2k-Snick ($104.27 in chips) 
Seat 5: loridon1 ($36.31 in chips) 
Seat 6: Burlica2013 ($120.27 in chips) 
b2k-Snick: posts small blind $0.50
loridon1: posts big blind $1
*** HOLE CARDS ***
Burlica2013: folds 
mr.Jckpot: folds 
sta$igk: raises $1.50 to $2.50
RaptorCode: folds 
b2k-Snick: folds 
loridon1: folds 
Uncalled bet ($1.50) returned to sta$igk
sta$igk collected $2.50 from pot
sta$igk: doesn't show hand 
*** SUMMARY ***
Total pot $2.50 | Rake $0 
Seat 1: mr.Jckpot folded before Flop (didn't bet)
Seat 2: sta$igk collected ($2.50)
Seat 3: RaptorCode (button) folded before Flop (didn't bet)
Seat 4: b2k-Snick (small blind) folded before Flop
Seat 5: loridon1 (big blind) folded before Flop
Seat 6: Burlica2013 folded before Flop (didn't bet)



PokerStars Hand #254262185178:  Hold'em No Limit ($0.50/$1.00 USD) - 2025/01/08 15:27:22 WET [2025/01/08 10:27:22 ET]
Table 'Euforbo III' 6-max Seat #4 is the button
Seat 1: mr.Jckpot ($100 in chips) 
Seat 2: sta$igk ($101.50 in chips) 
Seat 3: RaptorCode ($98.50 in chips) 
Seat 4: b2k-Snick ($103.77 in chips) 
Seat 5: loridon1 ($35.31 in chips) 
Seat 6: Burlica2013 ($120.27 in chips) 
loridon1: posts small blind $0.50
Burlica2013: posts big blind $1
*** HOLE CARDS ***
mr.Jckpot: folds 
sta$igk: folds 
RaptorCode: folds 
b2k-Snick: raises $1 to $2
loridon1: calls $1.50
Burlica2013: folds 
*** FLOP *** [Ac Jc 5h]
loridon1: checks 
b2k-Snick: bets $2.09
loridon1: raises $2.09 to $4.18
b2k-Snick: calls $2.09
*** TURN *** [Ac Jc 5h] [Js]
loridon1: checks 
b2k-Snick: checks 
*** RIVER *** [Ac Jc 5h Js] [9h]
RaptorCode leaves the table
loridon1: bets $6.35
b2k-Snick: folds 
Uncalled bet ($6.35) returned to loridon1
loridon1 collected $12.69 from pot
*** SUMMARY ***
Total pot $13.36 | Rake $0.67 
Board [Ac Jc 5h Js 9h]
Seat 1: mr.Jckpot folded before Flop (didn't bet)
Seat 2: sta$igk folded before Flop (didn't bet)
Seat 3: RaptorCode folded before Flop (didn't bet)
Seat 4: b2k-Snick (button) folded on the River
Seat 5: loridon1 (small blind) collected ($12.69)
Seat 6: Burlica2013 (big blind) folded before Flop



PokerStars Hand #254262199464:  Hold'em No Limit ($0.50/$1.00 USD) - 2025/01/08 15:28:29 WET [2025/01/08 10:28:29 ET]
Table 'Euforbo III' 6-max Seat #5 is the button
Seat 1: mr.Jckpot ($100 in chips) 
Seat 2: sta$igk ($101.50 in chips) 
Seat 4: b2k-Snick ($100 in chips) 
Seat 5: loridon1 ($41.82 in chips) 
Seat 6: Burlica2013 ($119.27 in chips) 
Burlica2013: posts small blind $0.50
mr.Jckpot: posts big blind $1
*** HOLE CARDS ***
yzuk joins the table at seat #3 
sta$igk: folds 
b2k-Snick: folds 
loridon1: folds 
Burlica2013: folds 
Uncalled bet ($0.50) returned to mr.Jckpot
mr.Jckpot collected $1 from pot
mr.Jckpot: doesn't show hand 
*** SUMMARY ***
Total pot $1 | Rake $0 
Seat 1: mr.Jckpot (big blind) collected ($1)
Seat 2: sta$igk folded before Flop (didn't bet)
Seat 4: b2k-Snick folded before Flop (didn't bet)
Seat 5: loridon1 (button) folded before Flop (didn't bet)
Seat 6: Burlica2013 (small blind) folded before Flop



PokerStars Hand #254262203891:  Hold'em No Limit ($0.50/$1.00 USD) - 2025/01/08 15:28:50 WET [2025/01/08 10:28:50 ET]
Table 'Euforbo III' 6-max Seat #6 is the button
Seat 3: yzuk ($100 in chips) is sitting out
Seat 1: mr.Jckpot ($100.50 in chips) 
Seat 2: sta$igk ($101.50 in chips) 
Seat 4: b2k-Snick ($100 in chips) 
Seat 5: loridon1 ($41.82 in chips) 
Seat 6: Burlica2013 ($118.77 in chips) 
mr.Jckpot: posts small blind $0.50
sta$igk: posts big blind $1
yzuk: sits out 
*** HOLE CARDS ***
b2k-Snick: folds 
loridon1: folds 
Burlica2013: raises $1.45 to $2.45
mr.Jckpot: folds 
sta$igk: folds 
Uncalled bet ($1.45) returned to Burlica2013
Burlica2013 collected $2.50 from pot
Burlica2013: doesn't show hand 
*** SUMMARY ***
Total pot $2.50 | Rake $0 
Seat 3: yzuk
Seat 1: mr.Jckpot (small blind) folded before Flop
Seat 2: sta$igk (big blind) folded before Flop
Seat 4: b2k-Snick folded before Flop (didn't bet)
Seat 5: loridon1 folded before Flop (didn't bet)
Seat 6: Burlica2013 (button) collected ($2.50)



PokerStars Hand #254262207661:  Hold'em No Limit ($0.50/$1.00 USD) - 2025/01/08 15:29:07 WET [2025/01/08 10:29:07 ET]
Table 'Euforbo III' 6-max Seat #1 is the button
Seat 1: mr.Jckpot ($100 in chips) 
Seat 2: sta$igk ($100.50 in chips) 
Seat 3: yzuk ($100 in chips) 
Seat 4: b2k-Snick ($100 in chips) 
Seat 5: loridon1 ($41.82 in chips) 
Seat 6: Burlica2013 ($120.27 in chips) 
sta$igk: posts small blind $0.50
yzuk: posts big blind $1
*** HOLE CARDS ***
b2k-Snick: folds 
loridon1: folds 
Burlica2013: raises $1.25 to $2.25
mr.Jckpot: folds 
sta$igk: folds 
yzuk: folds 
Uncalled bet ($1.25) returned to Burlica2013
Burlica2013 collected $2.50 from pot
Burlica2013: doesn't show hand 
*** SUMMARY ***
Total pot $2.50 | Rake $0 
Seat 1: mr.Jckpot (button) folded before Flop (didn't bet)
Seat 2: sta$igk (small blind) folded before Flop
Seat 3: yzuk (big blind) folded before Flop
Seat 4: b2k-Snick folded before Flop (didn't bet)
Seat 5: loridon1 folded before Flop (didn't bet)
Seat 6: Burlica2013 collected ($2.50)



PokerStars Hand #254262211264:  Hold'em No Limit ($0.50/$1.00 USD) - 2025/01/08 15:29:24 WET [2025/01/08 10:29:24 ET]
Table 'Euforbo III' 6-max Seat #2 is the button
Seat 1: mr.Jckpot ($100 in chips) 
Seat 2: sta$igk ($100 in chips) 
Seat 3: yzuk ($100 in chips) 
Seat 4: b2k-Snick ($100 in chips) 
Seat 5: loridon1 ($41.82 in chips) 
Seat 6: Burlica2013 ($121.77 in chips) 
yzuk: posts small blind $0.50
b2k-Snick: posts big blind $1
*** HOLE CARDS ***
loridon1: folds 
Burlica2013: folds 
mr.Jckpot: folds 
sta$igk: raises $1.50 to $2.50
yzuk: folds 
b2k-Snick: folds 
Uncalled bet ($1.50) returned to sta$igk
sta$igk collected $2.50 from pot
sta$igk: doesn't show hand 
*** SUMMARY ***
Total pot $2.50 | Rake $0 
Seat 1: mr.Jckpot folded before Flop (didn't bet)
Seat 2: sta$igk (button) collected ($2.50)
Seat 3: yzuk (small blind) folded before Flop
Seat 4: b2k-Snick (big blind) folded before Flop
Seat 5: loridon1 folded before Flop (didn't bet)
Seat 6: Burlica2013 folded before Flop (didn't bet)



PokerStars Hand #254262214523:  Hold'em No Limit ($0.50/$1.00 USD) - 2025/01/08 15:29:39 WET [2025/01/08 10:29:39 ET]
Table 'Euforbo III' 6-max Seat #3 is the button
Seat 1: mr.Jckpot ($100 in chips) 
Seat 2: sta$igk ($101.50 in chips) 
Seat 3: yzuk ($100 in chips) 
Seat 4: b2k-Snick ($100 in chips) 
Seat 5: loridon1 ($41.82 in chips) 
Seat 6: Burlica2013 ($121.77 in chips) 
b2k-Snick: posts small blind $0.50
loridon1: posts big blind $1
*** HOLE CARDS ***
Burlica2013: folds 
mr.Jckpot: folds 
sta$igk: raises $1.50 to $2.50
yzuk: folds 
b2k-Snick: folds 
loridon1: folds 
Uncalled bet ($1.50) returned to sta$igk
sta$igk collected $2.50 from pot
sta$igk: doesn't show hand 
*** SUMMARY ***
Total pot $2.50 | Rake $0 
Seat 1: mr.Jckpot folded before Flop (didn't bet)
Seat 2: sta$igk collected ($2.50)
Seat 3: yzuk (button) folded before Flop (didn't bet)
Seat 4: b2k-Snick (small blind) folded before Flop
Seat 5: loridon1 (big blind) folded before Flop
Seat 6: Burlica2013 folded before Flop (didn't bet)



PokerStars Hand #254262218048:  Hold'em No Limit ($0.50/$1.00 USD) - 2025/01/08 15:29:55 WET [2025/01/08 10:29:55 ET]
Table 'Euforbo III' 6-max Seat #4 is the button
Seat 1: mr.Jckpot ($100 in chips) 
Seat 2: sta$igk ($103 in chips) 
Seat 3: yzuk ($100 in chips) 
Seat 4: b2k-Snick ($100 in chips) 
Seat 5: loridon1 ($40.82 in chips) 
Seat 6: Burlica2013 ($121.77 in chips) 
loridon1: posts small blind $0.50
Burlica2013: posts big blind $1
*** HOLE CARDS ***
mr.Jckpot: raises $1.50 to $2.50
sta$igk: folds 
yzuk: folds 
b2k-Snick: folds 
loridon1: folds 
Burlica2013: calls $1.50
*** FLOP *** [Jh 8d 3d]
Burlica2013: checks 
mr.Jckpot: bets $1.72
Burlica2013: calls $1.72
*** TURN *** [Jh 8d 3d] [Kd]
Burlica2013: checks 
mr.Jckpot: checks 
*** RIVER *** [Jh 8d 3d Kd] [6s]
Burlica2013: bets $6.37
mr.Jckpot: calls $6.37
*** SHOW DOWN ***
Burlica2013: shows [Qs Ks] (a pair of Kings)
mr.Jckpot: shows [As Ah] (a pair of Aces)
mr.Jckpot collected $20.60 from pot
*** SUMMARY ***
Total pot $21.68 | Rake $1.08 
Board [Jh 8d 3d Kd 6s]
Seat 1: mr.Jckpot showed [As Ah] and won ($20.60) with a pair of Aces
Seat 2: sta$igk folded before Flop (didn't bet)
Seat 3: yzuk folded before Flop (didn't bet)
Seat 4: b2k-Snick (button) folded before Flop (didn't bet)
Seat 5: loridon1 (small blind) folded before Flop
Seat 6: Burlica2013 (big blind) showed [Qs Ks] and lost with a pair of Kings



PokerStars Hand #254262230766:  Hold'em No Limit ($0.50/$1.00 USD) - 2025/01/08 15:30:54 WET [2025/01/08 10:30:54 ET]
Table 'Euforbo III' 6-max Seat #5 is the button
Seat 1: mr.Jckpot ($110.01 in chips) 
Seat 2: sta$igk ($103 in chips) 
Seat 3: yzuk ($100 in chips) 
Seat 4: b2k-Snick ($100 in chips) 
Seat 5: loridon1 ($40.32 in chips) 
Seat 6: Burlica2013 ($111.18 in chips) 
Burlica2013: posts small blind $0.50
mr.Jckpot: posts big blind $1
*** HOLE CARDS ***
sta$igk: folds 
yzuk: folds 
b2k-Snick: folds 
loridon1: raises $1 to $2
Burlica2013: folds 
mr.Jckpot: folds 
Uncalled bet ($1) returned to loridon1
loridon1 collected $2.50 from pot
*** SUMMARY ***
Total pot $2.50 | Rake $0 
Seat 1: mr.Jckpot (big blind) folded before Flop
Seat 2: sta$igk folded before Flop (didn't bet)
Seat 3: yzuk folded before Flop (didn't bet)
Seat 4: b2k-Snick folded before Flop (didn't bet)
Seat 5: loridon1 (button) collected ($2.50)
Seat 6: Burlica2013 (small blind) folded before Flop



PokerStars Hand #254262237711:  Hold'em No Limit ($0.50/$1.00 USD) - 2025/01/08 15:31:25 WET [2025/01/08 10:31:25 ET]
Table 'Euforbo III' 6-max Seat #6 is the button
Seat 1: mr.Jckpot ($109.01 in chips) 
Seat 2: sta$igk ($103 in chips) 
Seat 3: yzuk ($100 in chips) 
Seat 4: b2k-Snick ($100 in chips) 
Seat 5: loridon1 ($41.82 in chips) 
Seat 6: Burlica2013 ($110.68 in chips) 
mr.Jckpot: posts small blind $0.50
sta$igk: posts big blind $1
*** HOLE CARDS ***
yzuk: folds 
b2k-Snick: raises $1 to $2
loridon1: folds 
Burlica2013: folds 
mr.Jckpot: folds 
sta$igk: calls $1
*** FLOP *** [4d Ks Qs]
sta$igk: checks 
b2k-Snick: bets $2.35
sta$igk: calls $2.35
*** TURN *** [4d Ks Qs] [7h]
sta$igk: checks 
b2k-Snick: bets $6.50
sta$igk: folds 
Uncalled bet ($6.50) returned to b2k-Snick
b2k-Snick collected $8.74 from pot
b2k-Snick: doesn't show hand 
*** SUMMARY ***
Total pot $9.20 | Rake $0.46 
Board [4d Ks Qs 7h]
Seat 1: mr.Jckpot (small blind) folded before Flop
Seat 2: sta$igk (big blind) folded on the Turn
Seat 3: yzuk folded before Flop (didn't bet)
Seat 4: b2k-Snick collected ($8.74)
Seat 5: loridon1 folded before Flop (didn't bet)
Seat 6: Burlica2013 (button) folded before Flop (didn't bet)



PokerStars Hand #254262253303:  Hold'em No Limit ($0.50/$1.00 USD) - 2025/01/08 15:32:37 WET [2025/01/08 10:32:37 ET]
Table 'Euforbo III' 6-max Seat #1 is the button
Seat 1: mr.Jckpot ($108.51 in chips) 
Seat 2: sta$igk ($100 in chips) 
Seat 3: yzuk ($100 in chips) 
Seat 4: b2k-Snick ($104.39 in chips) 
Seat 5: loridon1 ($41.82 in chips) 
Seat 6: Burlica2013 ($110.68 in chips) 
sta$igk: posts small blind $0.50
yzuk: posts big blind $1
*** HOLE CARDS ***
b2k-Snick: folds 
b2k-Snick leaves the table
loridon1: calls $1
Burlica2013: folds 
mr.Jckpot: folds 
sta$igk: folds 
yzuk: checks 
*** FLOP *** [4c Kh Js]
yzuk: checks 
loridon1: bets $1
yzuk: folds 
Uncalled bet ($1) returned to loridon1
loridon1 collected $2.38 from pot
*** SUMMARY ***
Total pot $2.50 | Rake $0.12 
Board [4c Kh Js]
Seat 1: mr.Jckpot (button) folded before Flop (didn't bet)
Seat 2: sta$igk (small blind) folded before Flop
Seat 3: yzuk (big blind) folded on the Flop
Seat 4: b2k-Snick folded before Flop (didn't bet)
Seat 5: loridon1 collected ($2.38)
Seat 6: Burlica2013 folded before Flop (didn't bet)



PokerStars Hand #254262260101:  Hold'em No Limit ($0.50/$1.00 USD) - 2025/01/08 15:33:08 WET [2025/01/08 10:33:08 ET]
Table 'Euforbo III' 6-max Seat #2 is the button
Seat 1: mr.Jckpot ($108.51 in chips) 
Seat 2: sta$igk ($100 in chips) 
Seat 3: yzuk ($100 in chips) 
Seat 5: loridon1 ($43.20 in chips) 
Seat 6: Burlica2013 ($110.68 in chips) 
yzuk: posts small blind $0.50
loridon1: posts big blind $1
*** HOLE CARDS ***
Burlica2013: folds 
mr.Jckpot: folds 
sta$igk: folds 
yzuk: folds 
Uncalled bet ($0.50) returned to loridon1
loridon1 collected $1 from pot
*** SUMMARY ***
Total pot $1 | Rake $0 
Seat 1: mr.Jckpot folded before Flop (didn't bet)
Seat 2: sta$igk (button) folded before Flop (didn't bet)
Seat 3: yzuk (small blind) folded before Flop
Seat 5: loridon1 (big blind) collected ($1)
Seat 6: Burlica2013 folded before Flop (didn't bet)



PokerStars Hand #254262262046:  Hold'em No Limit ($0.50/$1.00 USD) - 2025/01/08 15:33:17 WET [2025/01/08 10:33:17 ET]
Table 'Euforbo III' 6-max Seat #3 is the button
Seat 1: mr.Jckpot ($108.51 in chips) 
Seat 2: sta$igk ($100 in chips) 
Seat 3: yzuk ($100 in chips) 
Seat 5: loridon1 ($43.70 in chips) 
Seat 6: Burlica2013 ($110.68 in chips) 
loridon1: posts small blind $0.50
Burlica2013: posts big blind $1
*** HOLE CARDS ***
mr.Jckpot: folds 
sta$igk: folds 
yzuk: folds 
loridon1: raises $1 to $2
Burlica2013: calls $1
*** FLOP *** [8s Jh 7h]
loridon1: bets $1.90
Burlica2013: raises $3.80 to $5.70
loridon1: calls $3.80
*** TURN *** [8s Jh 7h] [4c]
loridon1: checks 
Burlica2013: checks 
*** RIVER *** [8s Jh 7h 4c] [Kh]
loridon1: checks 
Burlica2013: bets $102.98 and is all-in
BGS013 joins the table at seat #4 
loridon1: folds 
Uncalled bet ($102.98) returned to Burlica2013
Burlica2013 collected $14.63 from pot
Burlica2013: doesn't show hand 
*** SUMMARY ***
Total pot $15.40 | Rake $0.77 
Board [8s Jh 7h 4c Kh]
Seat 1: mr.Jckpot folded before Flop (didn't bet)
Seat 2: sta$igk folded before Flop (didn't bet)
Seat 3: yzuk (button) folded before Flop (didn't bet)
Seat 5: loridon1 (small blind) folded on the River
Seat 6: Burlica2013 (big blind) collected ($14.63)



PokerStars Hand #254262276243:  Hold'em No Limit ($0.50/$1.00 USD) - 2025/01/08 15:34:22 WET [2025/01/08 10:34:22 ET]
Table 'Euforbo III' 6-max Seat #5 is the button
Seat 4: BGS013 ($100 in chips) is sitting out
Seat 1: mr.Jckpot ($108.51 in chips) 
Seat 2: sta$igk ($100 in chips) 
Seat 3: yzuk ($100 in chips) 
Seat 5: loridon1 ($36 in chips) 
Seat 6: Burlica2013 ($117.61 in chips) 
Burlica2013: posts small blind $0.50
mr.Jckpot: posts big blind $1
BGS013: sits out 
*** HOLE CARDS ***
sta$igk: folds 
yzuk: raises $1.50 to $2.50
loridon1: folds 
Burlica2013: folds 
mr.Jckpot: raises $9.50 to $12
yzuk: folds 
Uncalled bet ($9.50) returned to mr.Jckpot
mr.Jckpot collected $5.50 from pot
mr.Jckpot: doesn't show hand 
*** SUMMARY ***
Total pot $5.50 | Rake $0 
Seat 4: BGS013
Seat 1: mr.Jckpot (big blind) collected ($5.50)
Seat 2: sta$igk folded before Flop (didn't bet)
Seat 3: yzuk folded before Flop
Seat 5: loridon1 (button) folded before Flop (didn't bet)
Seat 6: Burlica2013 (small blind) folded before Flop



PokerStars Hand #254262280751:  Hold'em No Limit ($0.50/$1.00 USD) - 2025/01/08 15:34:42 WET [2025/01/08 10:34:42 ET]
Table 'Euforbo III' 6-max Seat #6 is the button
Seat 4: BGS013 ($100 in chips) is sitting out
Seat 1: mr.Jckpot ($111.51 in chips) 
Seat 2: sta$igk ($100 in chips) 
Seat 3: yzuk ($100 in chips) 
Seat 5: loridon1 ($36 in chips) 
Seat 6: Burlica2013 ($117.11 in chips) 
mr.Jckpot: posts small blind $0.50
sta$igk: posts big blind $1
BGS013: sits out 
*** HOLE CARDS ***
yzuk: folds 
loridon1: raises $1 to $2
Burlica2013: folds 
mr.Jckpot: folds 
sta$igk: folds 
Uncalled bet ($1) returned to loridon1
loridon1 collected $2.50 from pot
*** SUMMARY ***
Total pot $2.50 | Rake $0 
Seat 4: BGS013
Seat 1: mr.Jckpot (small blind) folded before Flop
Seat 2: sta$igk (big blind) folded before Flop
Seat 3: yzuk folded before Flop (didn't bet)
Seat 5: loridon1 collected ($2.50)
Seat 6: Burlica2013 (button) folded before Flop (didn't bet)



PokerStars Hand #254262284974:  Hold'em No Limit ($0.50/$1.00 USD) - 2025/01/08 15:35:01 WET [2025/01/08 10:35:01 ET]
Table 'Euforbo III' 6-max Seat #1 is the button
Seat 4: BGS013 ($100 in chips) is sitting out
Seat 1: mr.Jckpot ($111.01 in chips) 
Seat 2: sta$igk ($100 in chips) 
Seat 3: yzuk ($100 in chips) 
Seat 5: loridon1 ($37.50 in chips) 
Seat 6: Burlica2013 ($117.11 in chips) 
sta$igk: posts small blind $0.50
yzuk: posts big blind $1
BGS013: sits out 
*** HOLE CARDS ***
loridon1: folds 
Burlica2013: folds 
mr.Jckpot: folds 
sta$igk: folds 
Uncalled bet ($0.50) returned to yzuk
yzuk collected $1 from pot
yzuk: doesn't show hand 
*** SUMMARY ***
Total pot $1 | Rake $0 
Seat 4: BGS013
Seat 1: mr.Jckpot (button) folded before Flop (didn't bet)
Seat 2: sta$igk (small blind) folded before Flop
Seat 3: yzuk (big blind) collected ($1)
Seat 5: loridon1 folded before Flop (didn't bet)
Seat 6: Burlica2013 folded before Flop (didn't bet)



PokerStars Hand #254262287403:  Hold'em No Limit ($0.50/$1.00 USD) - 2025/01/08 15:35:13 WET [2025/01/08 10:35:13 ET]
Table 'Euforbo III' 6-max Seat #2 is the button
Seat 1: mr.Jckpot ($111.01 in chips) 
Seat 2: sta$igk ($100 in chips) 
Seat 3: yzuk ($100.50 in chips) 
Seat 4: BGS013 ($100 in chips) 
Seat 5: loridon1 ($37.50 in chips) 
Seat 6: Burlica2013 ($117.11 in chips) 
yzuk: posts small blind $0.50
BGS013: posts big blind $1
*** HOLE CARDS ***
loridon1: folds 
Burlica2013: folds 
mr.Jckpot: folds 
sta$igk: raises $1.50 to $2.50
yzuk: folds 
BGS013: folds 
Uncalled bet ($1.50) returned to sta$igk
sta$igk collected $2.50 from pot
sta$igk: doesn't show hand 
*** SUMMARY ***
Total pot $2.50 | Rake $0 
Seat 1: mr.Jckpot folded before Flop (didn't bet)
Seat 2: sta$igk (button) collected ($2.50)
Seat 3: yzuk (small blind) folded before Flop
Seat 4: BGS013 (big blind) folded before Flop
Seat 5: loridon1 folded before Flop (didn't bet)
Seat 6: Burlica2013 folded before Flop (didn't bet)



PokerStars Hand #254262291371:  Hold'em No Limit ($0.50/$1.00 USD) - 2025/01/08 15:35:31 WET [2025/01/08 10:35:31 ET]
Table 'Euforbo III' 6-max Seat #3 is the button
Seat 1: mr.Jckpot ($111.01 in chips) 
Seat 2: sta$igk ($101.50 in chips) 
Seat 3: yzuk ($100 in chips) 
Seat 4: BGS013 ($100 in chips) 
Seat 5: loridon1 ($37.50 in chips) 
Seat 6: Burlica2013 ($117.11 in chips) 
BGS013: posts small blind $0.50
loridon1: posts big blind $1
*** HOLE CARDS ***
Burlica2013: folds 
mr.Jckpot: folds 
sta$igk: raises $1.50 to $2.50
yzuk: folds 
BGS013: folds 
loridon1: folds 
Uncalled bet ($1.50) returned to sta$igk
sta$igk collected $2.50 from pot
sta$igk: doesn't show hand 
*** SUMMARY ***
Total pot $2.50 | Rake $0 
Seat 1: mr.Jckpot folded before Flop (didn't bet)
Seat 2: sta$igk collected ($2.50)
Seat 3: yzuk (button) folded before Flop (didn't bet)
Seat 4: BGS013 (small blind) folded before Flop
Seat 5: loridon1 (big blind) folded before Flop
Seat 6: Burlica2013 folded before Flop (didn't bet)



PokerStars Hand #254262294817:  Hold'em No Limit ($0.50/$1.00 USD) - 2025/01/08 15:35:47 WET [2025/01/08 10:35:47 ET]
Table 'Euforbo III' 6-max Seat #4 is the button
Seat 1: mr.Jckpot ($111.01 in chips) 
Seat 2: sta$igk ($103 in chips) 
Seat 3: yzuk ($100 in chips) 
Seat 4: BGS013 ($100 in chips) 
Seat 5: loridon1 ($36.50 in chips) 
Seat 6: Burlica2013 ($117.11 in chips) 
loridon1: posts small blind $0.50
Burlica2013: posts big blind $1
*** HOLE CARDS ***
mr.Jckpot: folds 
sta$igk: folds 
yzuk: folds 
BGS013: raises $1.50 to $2.50
loridon1: folds 
Burlica2013: folds 
Uncalled bet ($1.50) returned to BGS013
BGS013 collected $2.50 from pot
BGS013: doesn't show hand 
*** SUMMARY ***
Total pot $2.50 | Rake $0 
Seat 1: mr.Jckpot folded before Flop (didn't bet)
Seat 2: sta$igk folded before Flop (didn't bet)
Seat 3: yzuk folded before Flop (didn't bet)
Seat 4: BGS013 (button) collected ($2.50)
Seat 5: loridon1 (small blind) folded before Flop
Seat 6: Burlica2013 (big blind) folded before Flop



PokerStars Hand #254262298758:  Hold'em No Limit ($0.50/$1.00 USD) - 2025/01/08 15:36:05 WET [2025/01/08 10:36:05 ET]
Table 'Euforbo III' 6-max Seat #5 is the button
Seat 1: mr.Jckpot ($111.01 in chips) 
Seat 2: sta$igk ($103 in chips) 
Seat 3: yzuk ($100 in chips) 
Seat 4: BGS013 ($101.50 in chips) 
Seat 5: loridon1 ($36 in chips) 
Seat 6: Burlica2013 ($116.11 in chips) 
Burlica2013: posts small blind $0.50
mr.Jckpot: posts big blind $1
*** HOLE CARDS ***
sta$igk: raises $1.50 to $2.50
yzuk: folds 
BGS013: folds 
loridon1: calls $2.50
Burlica2013: folds 
mr.Jckpot: calls $1.50
*** FLOP *** [Jd 7d 4c]
mr.Jckpot: checks 
sta$igk: checks 
loridon1: bets $3.80
mr.Jckpot: folds 
sta$igk: folds 
Uncalled bet ($3.80) returned to loridon1
loridon1 collected $7.60 from pot
*** SUMMARY ***
Total pot $8 | Rake $0.40 
Board [Jd 7d 4c]
Seat 1: mr.Jckpot (big blind) folded on the Flop
Seat 2: sta$igk folded on the Flop
Seat 3: yzuk folded before Flop (didn't bet)
Seat 4: BGS013 folded before Flop (didn't bet)
Seat 5: loridon1 (button) collected ($7.60)
Seat 6: Burlica2013 (small blind) folded before Flop



PokerStars Hand #254262306536:  Hold'em No Limit ($0.50/$1.00 USD) - 2025/01/08 15:36:40 WET [2025/01/08 10:36:40 ET]
Table 'Euforbo III' 6-max Seat #6 is the button
Seat 1: mr.Jckpot ($108.51 in chips) 
Seat 2: sta$igk ($100.50 in chips) 
Seat 3: yzuk ($100 in chips) 
Seat 4: BGS013 ($101.50 in chips) 
Seat 5: loridon1 ($41.10 in chips) 
Seat 6: Burlica2013 ($115.61 in chips) 
mr.Jckpot: posts small blind $0.50
sta$igk: posts big blind $1
*** HOLE CARDS ***
yzuk: folds 
BGS013: raises $1 to $2
loridon1: folds 
Burlica2013: folds 
mr.Jckpot: folds 
Burlica2013 leaves the table
sta$igk: folds 
Uncalled bet ($1) returned to BGS013
BGS013 collected $2.50 from pot
BGS013: doesn't show hand 
*** SUMMARY ***
Total pot $2.50 | Rake $0 
Seat 1: mr.Jckpot (small blind) folded before Flop
Seat 2: sta$igk (big blind) folded before Flop
Seat 3: yzuk folded before Flop (didn't bet)
Seat 4: BGS013 collected ($2.50)
Seat 5: loridon1 folded before Flop (didn't bet)
Seat 6: Burlica2013 (button) folded before Flop (didn't bet)



PokerStars Hand #254262309071:  Hold'em No Limit ($0.50/$1.00 USD) - 2025/01/08 15:36:52 WET [2025/01/08 10:36:52 ET]
Table 'Euforbo III' 6-max Seat #1 is the button
Seat 1: mr.Jckpot ($108.01 in chips) 
Seat 2: sta$igk ($100 in chips) 
Seat 3: yzuk ($100 in chips) 
Seat 4: BGS013 ($103 in chips) 
Seat 5: loridon1 ($41.10 in chips) 
sta$igk: posts small blind $0.50
yzuk: posts big blind $1
*** HOLE CARDS ***
BGS013: folds 
loridon1: raises $1 to $2
peak joker33 joins the table at seat #6 
mr.Jckpot: folds 
sta$igk: folds 
yzuk: calls $1
*** FLOP *** [8s Ah 7h]
yzuk: bets $1.46
loridon1: calls $1.46
*** TURN *** [8s Ah 7h] [2c]
yzuk: bets $2.40
loridon1: calls $2.40
*** RIVER *** [8s Ah 7h 2c] [3h]
yzuk: bets $6
loridon1: calls $6
*** SHOW DOWN ***
yzuk: shows [9s Jh] (high card Ace)
loridon1: shows [4c 5c] (a straight, Ace to Five)
loridon1 collected $23.01 from pot
*** SUMMARY ***
Total pot $24.22 | Rake $1.21 
Board [8s Ah 7h 2c 3h]
Seat 1: mr.Jckpot (button) folded before Flop (didn't bet)
Seat 2: sta$igk (small blind) folded before Flop
Seat 3: yzuk (big blind) showed [9s Jh] and lost with high card Ace
Seat 4: BGS013 folded before Flop (didn't bet)
Seat 5: loridon1 showed [4c 5c] and won ($23.01) with a straight, Ace to Five



PokerStars Hand #254262318117:  Hold'em No Limit ($0.50/$1.00 USD) - 2025/01/08 15:37:33 WET [2025/01/08 10:37:33 ET]
Table 'Euforbo III' 6-max Seat #2 is the button
Seat 6: peak joker33 ($100 in chips) is sitting out
Seat 1: mr.Jckpot ($108.01 in chips) 
Seat 2: sta$igk ($100 in chips) 
Seat 3: yzuk ($100 in chips) 
Seat 4: BGS013 ($103 in chips) 
Seat 5: loridon1 ($52.25 in chips) 
yzuk: posts small blind $0.50
BGS013: posts big blind $1
peak joker33: sits out 
*** HOLE CARDS ***
loridon1: folds 
mr.Jckpot: folds 
sta$igk: folds 
yzuk: raises $2 to $3
BGS013: calls $2
*** FLOP *** [4d 7s 6c]
yzuk: checks 
BGS013: checks 
*** TURN *** [4d 7s 6c] [4c]
yzuk: checks 
BGS013: checks 
*** RIVER *** [4d 7s 6c 4c] [As]
yzuk: bets $4.39
BGS013: calls $4.39
*** SHOW DOWN ***
yzuk: shows [9d Ac] (two pair, Aces and Fours)
BGS013: mucks hand 
yzuk collected $14.04 from pot
*** SUMMARY ***
Total pot $14.78 | Rake $0.74 
Board [4d 7s 6c 4c As]
Seat 6: peak joker33
Seat 1: mr.Jckpot folded before Flop (didn't bet)
Seat 2: sta$igk (button) folded before Flop (didn't bet)
Seat 3: yzuk (small blind) showed [9d Ac] and won ($14.04) with two pair, Aces and Fours
Seat 4: BGS013 (big blind) mucked
Seat 5: loridon1 folded before Flop (didn't bet)



PokerStars Hand #254262333927:  Hold'em No Limit ($0.50/$1.00 USD) - 2025/01/08 15:38:44 WET [2025/01/08 10:38:44 ET]
Table 'Euforbo III' 6-max Seat #3 is the button
Seat 6: peak joker33 ($100 in chips) is sitting out
Seat 1: mr.Jckpot ($108.01 in chips) 
Seat 2: sta$igk ($100 in chips) 
Seat 3: yzuk ($106.65 in chips) 
Seat 4: BGS013 ($100 in chips) 
Seat 5: loridon1 ($52.25 in chips) 
BGS013: posts small blind $0.50
loridon1: posts big blind $1
peak joker33: sits out 
*** HOLE CARDS ***
mr.Jckpot: folds 
sta$igk: folds 
yzuk: raises $1.50 to $2.50
BGS013: folds 
loridon1: folds 
Uncalled bet ($1.50) returned to yzuk
yzuk collected $2.50 from pot
yzuk: doesn't show hand 
*** SUMMARY ***
Total pot $2.50 | Rake $0 
Seat 6: peak joker33
Seat 1: mr.Jckpot folded before Flop (didn't bet)
Seat 2: sta$igk folded before Flop (didn't bet)
Seat 3: yzuk (button) collected ($2.50)
Seat 4: BGS013 (small blind) folded before Flop
Seat 5: loridon1 (big blind) folded before Flop



PokerStars Hand #254262337609:  Hold'em No Limit ($0.50/$1.00 USD) - 2025/01/08 15:39:01 WET [2025/01/08 10:39:01 ET]
Table 'Euforbo III' 6-max Seat #4 is the button
Seat 1: mr.Jckpot ($108.01 in chips) 
Seat 2: sta$igk ($100 in chips) 
Seat 3: yzuk ($108.15 in chips) 
Seat 4: BGS013 ($100 in chips) 
Seat 5: loridon1 ($51.25 in chips) 
Seat 6: peak joker33 ($100 in chips) 
loridon1: posts small blind $0.50
peak joker33: posts big blind $1
*** HOLE CARDS ***
mr.Jckpot: folds 
sta$igk: folds 
yzuk: folds 
BGS013: raises $1.50 to $2.50
loridon1: folds 
peak joker33: calls $1.50
*** FLOP *** [9c Jd Kd]
peak joker33: checks 
BGS013: checks 
*** TURN *** [9c Jd Kd] [3c]
peak joker33: bets $7.83
BGS013: calls $7.83
*** RIVER *** [9c Jd Kd 3c] [4h]
peak joker33: bets $30.15
BGS013: folds 
Uncalled bet ($30.15) returned to peak joker33
peak joker33 collected $20.10 from pot
peak joker33: doesn't show hand 
*** SUMMARY ***
Total pot $21.16 | Rake $1.06 
Board [9c Jd Kd 3c 4h]
Seat 1: mr.Jckpot folded before Flop (didn't bet)
Seat 2: sta$igk folded before Flop (didn't bet)
Seat 3: yzuk folded before Flop (didn't bet)
Seat 4: BGS013 (button) folded on the River
Seat 5: loridon1 (small blind) folded before Flop
Seat 6: peak joker33 (big blind) collected ($20.10)



PokerStars Hand #254262355362:  Hold'em No Limit ($0.50/$1.00 USD) - 2025/01/08 15:40:22 WET [2025/01/08 10:40:22 ET]
Table 'Euforbo III' 6-max Seat #5 is the button
Seat 1: mr.Jckpot ($108.01 in chips) 
Seat 2: sta$igk ($100 in chips) 
Seat 3: yzuk ($108.15 in chips) 
Seat 4: BGS013 ($100 in chips) 
Seat 5: loridon1 ($50.75 in chips) 
Seat 6: peak joker33 ($109.77 in chips) 
peak joker33: posts small blind $0.50
mr.Jckpot: posts big blind $1
*** HOLE CARDS ***
sta$igk: folds 
yzuk: raises $1.50 to $2.50
BGS013: folds 
loridon1: folds 
peak joker33: folds 
mr.Jckpot: folds 
Uncalled bet ($1.50) returned to yzuk
yzuk collected $2.50 from pot
yzuk: doesn't show hand 
*** SUMMARY ***
Total pot $2.50 | Rake $0 
Seat 1: mr.Jckpot (big blind) folded before Flop
Seat 2: sta$igk folded before Flop (didn't bet)
Seat 3: yzuk collected ($2.50)
Seat 4: BGS013 folded before Flop (didn't bet)
Seat 5: loridon1 (button) folded before Flop (didn't bet)
Seat 6: peak joker33 (small blind) folded before Flop



PokerStars Hand #254262358638:  Hold'em No Limit ($0.50/$1.00 USD) - 2025/01/08 15:40:37 WET [2025/01/08 10:40:37 ET]
Table 'Euforbo III' 6-max Seat #6 is the button
Seat 1: mr.Jckpot ($107.01 in chips) 
Seat 2: sta$igk ($100 in chips) 
Seat 3: yzuk ($109.65 in chips) 
Seat 4: BGS013 ($100 in chips) 
Seat 5: loridon1 ($50.75 in chips) 
Seat 6: peak joker33 ($109.27 in chips) 
mr.Jckpot: posts small blind $0.50
sta$igk: posts big blind $1
*** HOLE CARDS ***
yzuk: folds 
BGS013: folds 
loridon1: folds 
peak joker33: raises $1.50 to $2.50
mr.Jckpot: folds 
sta$igk: folds 
Uncalled bet ($1.50) returned to peak joker33
peak joker33 collected $2.50 from pot
peak joker33: doesn't show hand 
*** SUMMARY ***
Total pot $2.50 | Rake $0 
Seat 1: mr.Jckpot (small blind) folded before Flop
Seat 2: sta$igk (big blind) folded before Flop
Seat 3: yzuk folded before Flop (didn't bet)
Seat 4: BGS013 folded before Flop (didn't bet)
Seat 5: loridon1 folded before Flop (didn't bet)
Seat 6: peak joker33 (button) collected ($2.50)



PokerStars Hand #254262362733:  Hold'em No Limit ($0.50/$1.00 USD) - 2025/01/08 15:40:56 WET [2025/01/08 10:40:56 ET]
Table 'Euforbo III' 6-max Seat #1 is the button
Seat 1: mr.Jckpot ($106.51 in chips) 
Seat 2: sta$igk ($100 in chips) 
Seat 3: yzuk ($109.65 in chips) 
Seat 4: BGS013 ($100 in chips) 
Seat 5: loridon1 ($50.75 in chips) 
Seat 6: peak joker33 ($110.77 in chips) 
sta$igk: posts small blind $0.50
yzuk: posts big blind $1
*** HOLE CARDS ***
BGS013: folds 
loridon1: folds 
peak joker33: folds 
mr.Jckpot: folds 
sta$igk: folds 
Uncalled bet ($0.50) returned to yzuk
yzuk collected $1 from pot
yzuk: doesn't show hand 
*** SUMMARY ***
Total pot $1 | Rake $0 
Seat 1: mr.Jckpot (button) folded before Flop (didn't bet)
Seat 2: sta$igk (small blind) folded before Flop
Seat 3: yzuk (big blind) collected ($1)
Seat 4: BGS013 folded before Flop (didn't bet)
Seat 5: loridon1 folded before Flop (didn't bet)
Seat 6: peak joker33 folded before Flop (didn't bet)



PokerStars Hand #254262366366:  Hold'em No Limit ($0.50/$1.00 USD) - 2025/01/08 15:41:12 WET [2025/01/08 10:41:12 ET]
Table 'Euforbo III' 6-max Seat #2 is the button
Seat 1: mr.Jckpot ($106.51 in chips) 
Seat 2: sta$igk ($100 in chips) 
Seat 3: yzuk ($110.15 in chips) 
Seat 4: BGS013 ($100 in chips) 
Seat 5: loridon1 ($50.75 in chips) 
Seat 6: peak joker33 ($110.77 in chips) 
yzuk: posts small blind $0.50
BGS013: posts big blind $1
*** HOLE CARDS ***
loridon1: folds 
peak joker33: folds 
mr.Jckpot: folds 
sta$igk: folds 
yzuk: folds 
Uncalled bet ($0.50) returned to BGS013
BGS013 collected $1 from pot
BGS013: doesn't show hand 
*** SUMMARY ***
Total pot $1 | Rake $0 
Seat 1: mr.Jckpot folded before Flop (didn't bet)
Seat 2: sta$igk (button) folded before Flop (didn't bet)
Seat 3: yzuk (small blind) folded before Flop
Seat 4: BGS013 (big blind) collected ($1)
Seat 5: loridon1 folded before Flop (didn't bet)
Seat 6: peak joker33 folded before Flop (didn't bet)



PokerStars Hand #254262369703:  Hold'em No Limit ($0.50/$1.00 USD) - 2025/01/08 15:41:27 WET [2025/01/08 10:41:27 ET]
Table 'Euforbo III' 6-max Seat #3 is the button
Seat 1: mr.Jckpot ($106.51 in chips) 
Seat 2: sta$igk ($100 in chips) 
Seat 3: yzuk ($109.65 in chips) 
Seat 4: BGS013 ($100.50 in chips) 
Seat 5: loridon1 ($50.75 in chips) 
Seat 6: peak joker33 ($110.77 in chips) 
BGS013: posts small blind $0.50
loridon1: posts big blind $1
*** HOLE CARDS ***
peak joker33: folds 
mr.Jckpot: raises $1.50 to $2.50
sta$igk: folds 
yzuk: folds 
BGS013: folds 
loridon1: folds 
Uncalled bet ($1.50) returned to mr.Jckpot
mr.Jckpot collected $2.50 from pot
mr.Jckpot: doesn't show hand 
*** SUMMARY ***
Total pot $2.50 | Rake $0 
Seat 1: mr.Jckpot collected ($2.50)
Seat 2: sta$igk folded before Flop (didn't bet)
Seat 3: yzuk (button) folded before Flop (didn't bet)
Seat 4: BGS013 (small blind) folded before Flop
Seat 5: loridon1 (big blind) folded before Flop
Seat 6: peak joker33 folded before Flop (didn't bet)



PokerStars Hand #254262373816:  Hold'em No Limit ($0.50/$1.00 USD) - 2025/01/08 15:41:46 WET [2025/01/08 10:41:46 ET]
Table 'Euforbo III' 6-max Seat #4 is the button
Seat 1: mr.Jckpot ($108.01 in chips) 
Seat 2: sta$igk ($100 in chips) 
Seat 3: yzuk ($109.65 in chips) 
Seat 4: BGS013 ($100 in chips) 
Seat 5: loridon1 ($49.75 in chips) 
Seat 6: peak joker33 ($110.77 in chips) 
loridon1: posts small blind $0.50
peak joker33: posts big blind $1
*** HOLE CARDS ***
mr.Jckpot: raises $1.50 to $2.50
sta$igk: folds 
yzuk: folds 
BGS013: folds 
loridon1: folds 
peak joker33: folds 
Uncalled bet ($1.50) returned to mr.Jckpot
mr.Jckpot collected $2.50 from pot
mr.Jckpot: doesn't show hand 
*** SUMMARY ***
Total pot $2.50 | Rake $0 
Seat 1: mr.Jckpot collected ($2.50)
Seat 2: sta$igk folded before Flop (didn't bet)
Seat 3: yzuk folded before Flop (didn't bet)
Seat 4: BGS013 (button) folded before Flop (didn't bet)
Seat 5: loridon1 (small blind) folded before Flop
Seat 6: peak joker33 (big blind) folded before Flop



PokerStars Hand #254262378338:  Hold'em No Limit ($0.50/$1.00 USD) - 2025/01/08 15:42:07 WET [2025/01/08 10:42:07 ET]
Table 'Euforbo III' 6-max Seat #5 is the button
Seat 1: mr.Jckpot ($109.51 in chips) 
Seat 2: sta$igk ($100 in chips) 
Seat 3: yzuk ($109.65 in chips) 
Seat 4: BGS013 ($100 in chips) 
Seat 5: loridon1 ($49.25 in chips) 
Seat 6: peak joker33 ($109.77 in chips) 
peak joker33: posts small blind $0.50
mr.Jckpot: posts big blind $1
*** HOLE CARDS ***
sta$igk: folds 
yzuk: folds 
BGS013: raises $1.50 to $2.50
loridon1: calls $2.50
peak joker33: folds 
mr.Jckpot: folds 
*** FLOP *** [Ad Ts 4c]
BGS013: bets $4.82
loridon1: calls $4.82
*** TURN *** [Ad Ts 4c] [9s]
BGS013: bets $11.96
loridon1: calls $11.96
*** RIVER *** [Ad Ts 4c 9s] [5d]
BGS013: bets $48.34
loridon1: calls $29.97 and is all-in
Uncalled bet ($18.37) returned to BGS013
*** SHOW DOWN ***
BGS013: shows [As Ks] (a pair of Aces)
loridon1: shows [Ac Jc] (a pair of Aces - lower kicker)
BGS013 collected $97.50 from pot
*** SUMMARY ***
Total pot $100 | Rake $2.50 
Board [Ad Ts 4c 9s 5d]
Seat 1: mr.Jckpot (big blind) folded before Flop
Seat 2: sta$igk folded before Flop (didn't bet)
Seat 3: yzuk folded before Flop (didn't bet)
Seat 4: BGS013 showed [As Ks] and won ($97.50) with a pair of Aces
Seat 5: loridon1 (button) showed [Ac Jc] and lost with a pair of Aces
Seat 6: peak joker33 (small blind) folded before Flop



PokerStars Hand #254262387317:  Hold'em No Limit ($0.50/$1.00 USD) - 2025/01/08 15:42:47 WET [2025/01/08 10:42:47 ET]
Table 'Euforbo III' 6-max Seat #6 is the button
Seat 5: loridon1 ($0 in chips) is sitting out
Seat 1: mr.Jckpot ($108.51 in chips) 
Seat 2: sta$igk ($100 in chips) 
Seat 3: yzuk ($109.65 in chips) 
Seat 4: BGS013 ($148.25 in chips) 
Seat 6: peak joker33 ($109.27 in chips) 
mr.Jckpot: posts small blind $0.50
sta$igk: posts big blind $1
*** HOLE CARDS ***
yzuk: folds 
BGS013: raises $1.50 to $2.50
loridon1 leaves the table
peak joker33: raises $5 to $7.50
mr.Jckpot: raises $15.50 to $23
yzuk leaves the table
sta$igk: folds 
BGS013: folds 
peak joker33: calls $15.50
*** FLOP *** [Qh 2d 3s]
m1lkdud joins the table at seat #3 
m1lkdud is disconnected 
mr.Jckpot: bets $10.34
peak joker33: calls $10.34
*** TURN *** [Qh 2d 3s] [8d]
yzuk joins the table at seat #5 
mr.Jckpot: bets $22.33
peak joker33: calls $22.33
*** RIVER *** [Qh 2d 3s 8d] [Ad]
mr.Jckpot: checks 
peak joker33: bets $53.60 and is all-in
mr.Jckpot: folds 
Uncalled bet ($53.60) returned to peak joker33
peak joker33 collected $112.34 from pot
peak joker33: doesn't show hand 
*** SUMMARY ***
Total pot $114.84 | Rake $2.50 
Board [Qh 2d 3s 8d Ad]
Seat 5: loridon1
Seat 1: mr.Jckpot (small blind) folded on the River
Seat 2: sta$igk (big blind) folded before Flop
Seat 3: yzuk folded before Flop (didn't bet)
Seat 4: BGS013 folded before Flop
Seat 6: peak joker33 (button) collected ($112.34)



PokerStars Hand #254262408529:  Hold'em No Limit ($0.50/$1.00 USD) - 2025/01/08 15:44:22 WET [2025/01/08 10:44:22 ET]
Table 'Euforbo III' 6-max Seat #1 is the button
Seat 5: yzuk ($109.65 in chips) is sitting out
Seat 1: mr.Jckpot ($100 in chips) 
Seat 2: sta$igk ($100 in chips) 
Seat 3: m1lkdud ($100 in chips) 
Seat 4: BGS013 ($145.75 in chips) 
Seat 6: peak joker33 ($165.94 in chips) 
sta$igk: posts small blind $0.50
m1lkdud: posts big blind $1
yzuk: sits out 
*** HOLE CARDS ***
BGS013: folds 
peak joker33: folds 
mr.Jckpot: folds 
sta$igk: folds 
Uncalled bet ($0.50) returned to m1lkdud
m1lkdud collected $1 from pot
*** SUMMARY ***
Total pot $1 | Rake $0 
Seat 5: yzuk
Seat 1: mr.Jckpot (button) folded before Flop (didn't bet)
Seat 2: sta$igk (small blind) folded before Flop
Seat 3: m1lkdud (big blind) collected ($1)
Seat 4: BGS013 folded before Flop (didn't bet)
Seat 6: peak joker33 folded before Flop (didn't bet)



PokerStars Hand #254262410470:  Hold'em No Limit ($0.50/$1.00 USD) - 2025/01/08 15:44:31 WET [2025/01/08 10:44:31 ET]
Table 'Euforbo III' 6-max Seat #2 is the button
Seat 5: yzuk ($109.65 in chips) is sitting out
Seat 1: mr.Jckpot ($100 in chips) 
Seat 2: sta$igk ($100 in chips) 
Seat 3: m1lkdud ($100.50 in chips) 
Seat 4: BGS013 ($145.75 in chips) 
Seat 6: peak joker33 ($165.94 in chips) 
m1lkdud: posts small blind $0.50
BGS013: posts big blind $1
yzuk: sits out 
*** HOLE CARDS ***
peak joker33: folds 
mr.Jckpot: folds 
sta$igk: folds 
m1lkdud: raises $2 to $3
BGS013: raises $6 to $9
m1lkdud: calls $6
*** FLOP *** [Kc Td 9d]
m1lkdud: checks 
BGS013: bets $4.45
m1lkdud: calls $4.45
*** TURN *** [Kc Td 9d] [9c]
m1lkdud: checks 
BGS013: checks 
*** RIVER *** [Kc Td 9d 9c] [7h]
m1lkdud: bets $25.56
BGS013: raises $97.38 to $122.94
m1lkdud: folds 
Uncalled bet ($97.38) returned to BGS013
BGS013 collected $75.52 from pot
BGS013: doesn't show hand 
*** SUMMARY ***
Total pot $78.02 | Rake $2.50 
Board [Kc Td 9d 9c 7h]
Seat 5: yzuk
Seat 1: mr.Jckpot folded before Flop (didn't bet)
Seat 2: sta$igk (button) folded before Flop (didn't bet)
Seat 3: m1lkdud (small blind) folded on the River
Seat 4: BGS013 (big blind) collected ($75.52)
Seat 6: peak joker33 folded before Flop (didn't bet)



PokerStars Hand #254262419721:  Hold'em No Limit ($0.50/$1.00 USD) - 2025/01/08 15:45:12 WET [2025/01/08 10:45:12 ET]
Table 'Euforbo III' 6-max Seat #3 is the button
Seat 1: mr.Jckpot ($100 in chips) 
Seat 2: sta$igk ($100 in chips) 
Seat 3: m1lkdud ($61.49 in chips) 
Seat 4: BGS013 ($182.26 in chips) 
Seat 5: yzuk ($109.65 in chips) 
Seat 6: peak joker33 ($165.94 in chips) 
BGS013: posts small blind $0.50
yzuk: posts big blind $1
*** HOLE CARDS ***
peak joker33: folds 
mr.Jckpot: folds 
sta$igk: folds 
m1lkdud: folds 
BGS013: folds 
Uncalled bet ($0.50) returned to yzuk
yzuk collected $1 from pot
yzuk: doesn't show hand 
*** SUMMARY ***
Total pot $1 | Rake $0 
Seat 1: mr.Jckpot folded before Flop (didn't bet)
Seat 2: sta$igk folded before Flop (didn't bet)
Seat 3: m1lkdud (button) folded before Flop (didn't bet)
Seat 4: BGS013 (small blind) folded before Flop
Seat 5: yzuk (big blind) collected ($1)
Seat 6: peak joker33 folded before Flop (didn't bet)



PokerStars Hand #254262421932:  Hold'em No Limit ($0.50/$1.00 USD) - 2025/01/08 15:45:22 WET [2025/01/08 10:45:22 ET]
Table 'Euforbo III' 6-max Seat #4 is the button
Seat 1: mr.Jckpot ($100 in chips) 
Seat 2: sta$igk ($100 in chips) 
Seat 3: m1lkdud ($100 in chips) 
Seat 4: BGS013 ($181.76 in chips) 
Seat 5: yzuk ($110.15 in chips) 
Seat 6: peak joker33 ($165.94 in chips) 
yzuk: posts small blind $0.50
peak joker33: posts big blind $1
*** HOLE CARDS ***
mr.Jckpot: folds 
sta$igk: folds 
m1lkdud: folds 
BGS013: raises $1.50 to $2.50
yzuk: folds 
peak joker33: calls $1.50
*** FLOP *** [4c Jd Ad]
peak joker33: checks 
BGS013: checks 
*** TURN *** [4c Jd Ad] [9s]
peak joker33: bets $7.83
BGS013: folds 
Uncalled bet ($7.83) returned to peak joker33
peak joker33 collected $5.22 from pot
peak joker33: doesn't show hand 
*** SUMMARY ***
Total pot $5.50 | Rake $0.28 
Board [4c Jd Ad 9s]
Seat 1: mr.Jckpot folded before Flop (didn't bet)
Seat 2: sta$igk folded before Flop (didn't bet)
Seat 3: m1lkdud folded before Flop (didn't bet)
Seat 4: BGS013 (button) folded on the Turn
Seat 5: yzuk (small blind) folded before Flop
Seat 6: peak joker33 (big blind) collected ($5.22)



PokerStars Hand #254262436914:  Hold'em No Limit ($0.50/$1.00 USD) - 2025/01/08 15:46:29 WET [2025/01/08 10:46:29 ET]
Table 'Euforbo III' 6-max Seat #5 is the button
Seat 1: mr.Jckpot ($100 in chips) 
Seat 2: sta$igk ($100 in chips) 
Seat 3: m1lkdud ($100 in chips) 
Seat 4: BGS013 ($179.26 in chips) 
Seat 5: yzuk ($109.65 in chips) 
Seat 6: peak joker33 ($168.66 in chips) 
peak joker33: posts small blind $0.50
mr.Jckpot: posts big blind $1
*** HOLE CARDS ***
sta$igk: folds 
m1lkdud: raises $2.50 to $3.50
BGS013: folds 
yzuk: raises $6 to $9.50
peak joker33: folds 
mr.Jckpot: folds 
m1lkdud: calls $6
*** FLOP *** [Ts 9d 8c]
m1lkdud: checks 
yzuk: checks 
*** TURN *** [Ts 9d 8c] [Qh]
m1lkdud: checks 
yzuk: bets $6.62
m1lkdud: calls $6.62
*** RIVER *** [Ts 9d 8c Qh] [4s]
m1lkdud: checks 
yzuk: checks 
*** SHOW DOWN ***
m1lkdud: shows [8h Kh] (a pair of Eights)
yzuk: shows [Ah Qd] (a pair of Queens)
yzuk collected $32.05 from pot
*** SUMMARY ***
Total pot $33.74 | Rake $1.69 
Board [Ts 9d 8c Qh 4s]
Seat 1: mr.Jckpot (big blind) folded before Flop
Seat 2: sta$igk folded before Flop (didn't bet)
Seat 3: m1lkdud showed [8h Kh] and lost with a pair of Eights
Seat 4: BGS013 folded before Flop (didn't bet)
Seat 5: yzuk (button) showed [Ah Qd] and won ($32.05) with a pair of Queens
Seat 6: peak joker33 (small blind) folded before Flop



PokerStars Hand #254262445078:  Hold'em No Limit ($0.50/$1.00 USD) - 2025/01/08 15:47:05 WET [2025/01/08 10:47:05 ET]
Table 'Euforbo III' 6-max Seat #6 is the button
Seat 1: mr.Jckpot ($100 in chips) 
Seat 2: sta$igk ($100 in chips) 
Seat 3: m1lkdud ($83.88 in chips) 
Seat 4: BGS013 ($179.26 in chips) 
Seat 5: yzuk ($125.58 in chips) 
Seat 6: peak joker33 ($168.16 in chips) 
mr.Jckpot: posts small blind $0.50
sta$igk: posts big blind $1
*** HOLE CARDS ***
m1lkdud: folds 
BGS013: folds 
yzuk: folds 
peak joker33: folds 
mr.Jckpot: folds 
Uncalled bet ($0.50) returned to sta$igk
sta$igk collected $1 from pot
sta$igk: doesn't show hand 
*** SUMMARY ***
Total pot $1 | Rake $0 
Seat 1: mr.Jckpot (small blind) folded before Flop
Seat 2: sta$igk (big blind) collected ($1)
Seat 3: m1lkdud folded before Flop (didn't bet)
Seat 4: BGS013 folded before Flop (didn't bet)
Seat 5: yzuk folded before Flop (didn't bet)
Seat 6: peak joker33 (button) folded before Flop (didn't bet)



PokerStars Hand #254262447580:  Hold'em No Limit ($0.50/$1.00 USD) - 2025/01/08 15:47:17 WET [2025/01/08 10:47:17 ET]
Table 'Euforbo III' 6-max Seat #1 is the button
Seat 1: mr.Jckpot ($100 in chips) 
Seat 2: sta$igk ($100.50 in chips) 
Seat 3: m1lkdud ($100 in chips) 
Seat 4: BGS013 ($179.26 in chips) 
Seat 5: yzuk ($125.58 in chips) 
Seat 6: peak joker33 ($168.16 in chips) 
sta$igk: posts small blind $0.50
m1lkdud: posts big blind $1
*** HOLE CARDS ***
BGS013: folds 
yzuk: folds 
peak joker33: folds 
mr.Jckpot: folds 
sta$igk: folds 
Uncalled bet ($0.50) returned to m1lkdud
m1lkdud collected $1 from pot
*** SUMMARY ***
Total pot $1 | Rake $0 
Seat 1: mr.Jckpot (button) folded before Flop (didn't bet)
Seat 2: sta$igk (small blind) folded before Flop
Seat 3: m1lkdud (big blind) collected ($1)
Seat 4: BGS013 folded before Flop (didn't bet)
Seat 5: yzuk folded before Flop (didn't bet)
Seat 6: peak joker33 folded before Flop (didn't bet)



PokerStars Hand #254262452601:  Hold'em No Limit ($0.50/$1.00 USD) - 2025/01/08 15:47:39 WET [2025/01/08 10:47:39 ET]
Table 'Euforbo III' 6-max Seat #2 is the button
Seat 1: mr.Jckpot ($100 in chips) 
Seat 2: sta$igk ($100 in chips) 
Seat 3: m1lkdud ($100.50 in chips) 
Seat 4: BGS013 ($179.26 in chips) 
Seat 5: yzuk ($125.58 in chips) 
Seat 6: peak joker33 ($168.16 in chips) 
m1lkdud: posts small blind $0.50
BGS013: posts big blind $1
*** HOLE CARDS ***
yzuk: folds 
peak joker33: folds 
mr.Jckpot: folds 
sta$igk: raises $1.50 to $2.50
m1lkdud: calls $2
BGS013: calls $1.50
*** FLOP *** [7s 9c 6d]
m1lkdud: checks 
BGS013: checks 
sta$igk: checks 
*** TURN *** [7s 9c 6d] [Ad]
m1lkdud: checks 
BGS013: checks 
sta$igk: bets $7.12
m1lkdud: folds 
BGS013: folds 
Uncalled bet ($7.12) returned to sta$igk
sta$igk collected $7.12 from pot
sta$igk: doesn't show hand 
*** SUMMARY ***
Total pot $7.50 | Rake $0.38 
Board [7s 9c 6d Ad]
Seat 1: mr.Jckpot folded before Flop (didn't bet)
Seat 2: sta$igk (button) collected ($7.12)
Seat 3: m1lkdud (small blind) folded on the Turn
Seat 4: BGS013 (big blind) folded on the Turn
Seat 5: yzuk folded before Flop (didn't bet)
Seat 6: peak joker33 folded before Flop (didn't bet)



PokerStars Hand #254262464545:  Hold'em No Limit ($0.50/$1.00 USD) - 2025/01/08 15:48:33 WET [2025/01/08 10:48:33 ET]
Table 'Euforbo III' 6-max Seat #3 is the button
Seat 1: mr.Jckpot ($100 in chips) 
Seat 2: sta$igk ($104.62 in chips) 
Seat 3: m1lkdud ($98 in chips) 
Seat 4: BGS013 ($176.76 in chips) 
Seat 5: yzuk ($125.58 in chips) 
Seat 6: peak joker33 ($168.16 in chips) 
BGS013: posts small blind $0.50
yzuk: posts big blind $1
*** HOLE CARDS ***
peak joker33: folds 
mr.Jckpot: folds 
sta$igk: folds 
m1lkdud: folds 
BGS013: folds 
Uncalled bet ($0.50) returned to yzuk
yzuk collected $1 from pot
yzuk: doesn't show hand 
*** SUMMARY ***
Total pot $1 | Rake $0 
Seat 1: mr.Jckpot folded before Flop (didn't bet)
Seat 2: sta$igk folded before Flop (didn't bet)
Seat 3: m1lkdud (button) folded before Flop (didn't bet)
Seat 4: BGS013 (small blind) folded before Flop
Seat 5: yzuk (big blind) collected ($1)
Seat 6: peak joker33 folded before Flop (didn't bet)



PokerStars Hand #254262467546:  Hold'em No Limit ($0.50/$1.00 USD) - 2025/01/08 15:48:46 WET [2025/01/08 10:48:46 ET]
Table 'Euforbo III' 6-max Seat #4 is the button
Seat 1: mr.Jckpot ($100 in chips) 
Seat 2: sta$igk ($104.62 in chips) 
Seat 3: m1lkdud ($98 in chips) 
Seat 4: BGS013 ($176.26 in chips) 
Seat 5: yzuk ($126.08 in chips) 
Seat 6: peak joker33 ($168.16 in chips) 
yzuk: posts small blind $0.50
peak joker33: posts big blind $1
*** HOLE CARDS ***
mr.Jckpot: folds 
sta$igk: folds 
m1lkdud: folds 
BGS013: folds 
yzuk: folds 
Uncalled bet ($0.50) returned to peak joker33
peak joker33 collected $1 from pot
peak joker33: doesn't show hand 
*** SUMMARY ***
Total pot $1 | Rake $0 
Seat 1: mr.Jckpot folded before Flop (didn't bet)
Seat 2: sta$igk folded before Flop (didn't bet)
Seat 3: m1lkdud folded before Flop (didn't bet)
Seat 4: BGS013 (button) folded before Flop (didn't bet)
Seat 5: yzuk (small blind) folded before Flop
Seat 6: peak joker33 (big blind) collected ($1)



PokerStars Hand #254262469710:  Hold'em No Limit ($0.50/$1.00 USD) - 2025/01/08 15:48:56 WET [2025/01/08 10:48:56 ET]
Table 'Euforbo III' 6-max Seat #5 is the button
Seat 1: mr.Jckpot ($100 in chips) 
Seat 2: sta$igk ($104.62 in chips) 
Seat 3: m1lkdud ($98 in chips) 
Seat 4: BGS013 ($176.26 in chips) 
Seat 5: yzuk ($125.58 in chips) 
Seat 6: peak joker33 ($168.66 in chips) 
peak joker33: posts small blind $0.50
mr.Jckpot: posts big blind $1
*** HOLE CARDS ***
sta$igk: folds 
m1lkdud: folds 
BGS013: folds 
yzuk: raises $1.50 to $2.50
peak joker33: folds 
mr.Jckpot: folds 
Uncalled bet ($1.50) returned to yzuk
yzuk collected $2.50 from pot
yzuk: doesn't show hand 
*** SUMMARY ***
Total pot $2.50 | Rake $0 
Seat 1: mr.Jckpot (big blind) folded before Flop
Seat 2: sta$igk folded before Flop (didn't bet)
Seat 3: m1lkdud folded before Flop (didn't bet)
Seat 4: BGS013 folded before Flop (didn't bet)
Seat 5: yzuk (button) collected ($2.50)
Seat 6: peak joker33 (small blind) folded before Flop



PokerStars Hand #254262474033:  Hold'em No Limit ($0.50/$1.00 USD) - 2025/01/08 15:49:15 WET [2025/01/08 10:49:15 ET]
Table 'Euforbo III' 6-max Seat #6 is the button
Seat 1: mr.Jckpot ($100 in chips) 
Seat 2: sta$igk ($104.62 in chips) 
Seat 3: m1lkdud ($98 in chips) 
Seat 4: BGS013 ($176.26 in chips) 
Seat 5: yzuk ($127.08 in chips) 
Seat 6: peak joker33 ($168.16 in chips) 
mr.Jckpot: posts small blind $0.50
sta$igk: posts big blind $1
*** HOLE CARDS ***
m1lkdud: folds 
BGS013: folds 
yzuk: folds 
peak joker33: folds 
mr.Jckpot: folds 
Uncalled bet ($0.50) returned to sta$igk
sta$igk collected $1 from pot
sta$igk: doesn't show hand 
*** SUMMARY ***
Total pot $1 | Rake $0 
Seat 1: mr.Jckpot (small blind) folded before Flop
Seat 2: sta$igk (big blind) collected ($1)
Seat 3: m1lkdud folded before Flop (didn't bet)
Seat 4: BGS013 folded before Flop (didn't bet)
Seat 5: yzuk folded before Flop (didn't bet)
Seat 6: peak joker33 (button) folded before Flop (didn't bet)



PokerStars Hand #254262476170:  Hold'em No Limit ($0.50/$1.00 USD) - 2025/01/08 15:49:24 WET [2025/01/08 10:49:24 ET]
Table 'Euforbo III' 6-max Seat #1 is the button
Seat 1: mr.Jckpot ($100 in chips) 
Seat 2: sta$igk ($105.12 in chips) 
Seat 3: m1lkdud ($98 in chips) 
Seat 4: BGS013 ($176.26 in chips) 
Seat 5: yzuk ($127.08 in chips) 
Seat 6: peak joker33 ($168.16 in chips) 
sta$igk: posts small blind $0.50
m1lkdud: posts big blind $1
*** HOLE CARDS ***
BGS013: folds 
yzuk: folds 
peak joker33: folds 
mr.Jckpot: folds 
sta$igk: folds 
Uncalled bet ($0.50) returned to m1lkdud
m1lkdud collected $1 from pot
*** SUMMARY ***
Total pot $1 | Rake $0 
Seat 1: mr.Jckpot (button) folded before Flop (didn't bet)
Seat 2: sta$igk (small blind) folded before Flop
Seat 3: m1lkdud (big blind) collected ($1)
Seat 4: BGS013 folded before Flop (didn't bet)
Seat 5: yzuk folded before Flop (didn't bet)
Seat 6: peak joker33 folded before Flop (didn't bet)



PokerStars Hand #254262478459:  Hold'em No Limit ($0.50/$1.00 USD) - 2025/01/08 15:49:35 WET [2025/01/08 10:49:35 ET]
Table 'Euforbo III' 6-max Seat #2 is the button
Seat 1: mr.Jckpot ($100 in chips) 
Seat 2: sta$igk ($104.62 in chips) 
Seat 3: m1lkdud ($98.50 in chips) 
Seat 4: BGS013 ($176.26 in chips) 
Seat 5: yzuk ($127.08 in chips) 
Seat 6: peak joker33 ($168.16 in chips) 
m1lkdud: posts small blind $0.50
BGS013: posts big blind $1
*** HOLE CARDS ***
yzuk: folds 
peak joker33: folds 
mr.Jckpot: folds 
sta$igk: folds 
m1lkdud: folds 
Uncalled bet ($0.50) returned to BGS013
BGS013 collected $1 from pot
BGS013: doesn't show hand 
*** SUMMARY ***
Total pot $1 | Rake $0 
Seat 1: mr.Jckpot folded before Flop (didn't bet)
Seat 2: sta$igk (button) folded before Flop (didn't bet)
Seat 3: m1lkdud (small blind) folded before Flop
Seat 4: BGS013 (big blind) collected ($1)
Seat 5: yzuk folded before Flop (didn't bet)
Seat 6: peak joker33 folded before Flop (didn't bet)



PokerStars Hand #254262480312:  Hold'em No Limit ($0.50/$1.00 USD) - 2025/01/08 15:49:43 WET [2025/01/08 10:49:43 ET]
Table 'Euforbo III' 6-max Seat #3 is the button
Seat 1: mr.Jckpot ($100 in chips) 
Seat 2: sta$igk ($104.62 in chips) 
Seat 3: m1lkdud ($98 in chips) 
Seat 4: BGS013 ($176.76 in chips) 
Seat 5: yzuk ($127.08 in chips) 
Seat 6: peak joker33 ($168.16 in chips) 
BGS013: posts small blind $0.50
yzuk: posts big blind $1
*** HOLE CARDS ***
peak joker33: folds 
mr.Jckpot: raises $1.50 to $2.50
sta$igk: folds 
m1lkdud: calls $2.50
BGS013: folds 
yzuk: folds 
*** FLOP *** [Qh 9s 9d]
mr.Jckpot: bets $2.04
m1lkdud: calls $2.04
*** TURN *** [Qh 9s 9d] [7d]
mr.Jckpot: checks 
m1lkdud: bets $5.03
mr.Jckpot: folds 
Uncalled bet ($5.03) returned to m1lkdud
m1lkdud collected $10.05 from pot
*** SUMMARY ***
Total pot $10.58 | Rake $0.53 
Board [Qh 9s 9d 7d]
Seat 1: mr.Jckpot folded on the Turn
Seat 2: sta$igk folded before Flop (didn't bet)
Seat 3: m1lkdud (button) collected ($10.05)
Seat 4: BGS013 (small blind) folded before Flop
Seat 5: yzuk (big blind) folded before Flop
Seat 6: peak joker33 folded before Flop (didn't bet)



PokerStars Hand #254262487841:  Hold'em No Limit ($0.50/$1.00 USD) - 2025/01/08 15:50:17 WET [2025/01/08 10:50:17 ET]
Table 'Euforbo III' 6-max Seat #4 is the button
Seat 1: mr.Jckpot ($100 in chips) 
Seat 2: sta$igk ($104.62 in chips) 
Seat 3: m1lkdud ($103.51 in chips) 
Seat 4: BGS013 ($176.26 in chips) 
Seat 5: yzuk ($126.08 in chips) 
Seat 6: peak joker33 ($168.16 in chips) 
yzuk: posts small blind $0.50
peak joker33: posts big blind $1
*** HOLE CARDS ***
mr.Jckpot: folds 
sta$igk: folds 
m1lkdud: raises $2.50 to $3.50
BGS013: folds 
yzuk: folds 
peak joker33: folds 
Uncalled bet ($2.50) returned to m1lkdud
m1lkdud collected $2.50 from pot
*** SUMMARY ***
Total pot $2.50 | Rake $0 
Seat 1: mr.Jckpot folded before Flop (didn't bet)
Seat 2: sta$igk folded before Flop (didn't bet)
Seat 3: m1lkdud collected ($2.50)
Seat 4: BGS013 (button) folded before Flop (didn't bet)
Seat 5: yzuk (small blind) folded before Flop
Seat 6: peak joker33 (big blind) folded before Flop



PokerStars Hand #254262491746:  Hold'em No Limit ($0.50/$1.00 USD) - 2025/01/08 15:50:35 WET [2025/01/08 10:50:35 ET]
Table 'Euforbo III' 6-max Seat #5 is the button
Seat 1: mr.Jckpot ($100 in chips) 
Seat 2: sta$igk ($104.62 in chips) 
Seat 3: m1lkdud ($105.01 in chips) 
Seat 4: BGS013 ($176.26 in chips) 
Seat 5: yzuk ($125.58 in chips) 
Seat 6: peak joker33 ($167.16 in chips) 
peak joker33: posts small blind $0.50
mr.Jckpot: posts big blind $1
*** HOLE CARDS ***
sta$igk: folds 
m1lkdud: folds 
BGS013: folds 
yzuk: folds 
peak joker33: folds 
Uncalled bet ($0.50) returned to mr.Jckpot
mr.Jckpot collected $1 from pot
mr.Jckpot: doesn't show hand 
*** SUMMARY ***
Total pot $1 | Rake $0 
Seat 1: mr.Jckpot (big blind) collected ($1)
Seat 2: sta$igk folded before Flop (didn't bet)
Seat 3: m1lkdud folded before Flop (didn't bet)
Seat 4: BGS013 folded before Flop (didn't bet)
Seat 5: yzuk (button) folded before Flop (didn't bet)
Seat 6: peak joker33 (small blind) folded before Flop



PokerStars Hand #254262494187:  Hold'em No Limit ($0.50/$1.00 USD) - 2025/01/08 15:50:46 WET [2025/01/08 10:50:46 ET]
Table 'Euforbo III' 6-max Seat #6 is the button
Seat 1: mr.Jckpot ($100.50 in chips) 
Seat 2: sta$igk ($104.62 in chips) 
Seat 3: m1lkdud ($105.01 in chips) 
Seat 4: BGS013 ($176.26 in chips) 
Seat 5: yzuk ($125.58 in chips) 
Seat 6: peak joker33 ($166.66 in chips) 
mr.Jckpot: posts small blind $0.50
sta$igk: posts big blind $1
*** HOLE CARDS ***
m1lkdud: folds 
BGS013: raises $1 to $2
yzuk: folds 
peak joker33: folds 
mr.Jckpot: folds 
sta$igk: folds 
Uncalled bet ($1) returned to BGS013
BGS013 collected $2.50 from pot
BGS013: doesn't show hand 
*** SUMMARY ***
Total pot $2.50 | Rake $0 
Seat 1: mr.Jckpot (small blind) folded before Flop
Seat 2: sta$igk (big blind) folded before Flop
Seat 3: m1lkdud folded before Flop (didn't bet)
Seat 4: BGS013 collected ($2.50)
Seat 5: yzuk folded before Flop (didn't bet)
Seat 6: peak joker33 (button) folded before Flop (didn't bet)



PokerStars Hand #254262498103:  Hold'em No Limit ($0.50/$1.00 USD) - 2025/01/08 15:51:04 WET [2025/01/08 10:51:04 ET]
Table 'Euforbo III' 6-max Seat #1 is the button
Seat 1: mr.Jckpot ($100 in chips) 
Seat 2: sta$igk ($103.62 in chips) 
Seat 3: m1lkdud ($105.01 in chips) 
Seat 4: BGS013 ($177.76 in chips) 
Seat 5: yzuk ($125.58 in chips) 
Seat 6: peak joker33 ($166.66 in chips) 
sta$igk: posts small blind $0.50
m1lkdud: posts big blind $1
*** HOLE CARDS ***
BGS013: folds 
yzuk: folds 
peak joker33: folds 
mr.Jckpot: folds 
sta$igk: folds 
Uncalled bet ($0.50) returned to m1lkdud
m1lkdud collected $1 from pot
*** SUMMARY ***
Total pot $1 | Rake $0 
Seat 1: mr.Jckpot (button) folded before Flop (didn't bet)
Seat 2: sta$igk (small blind) folded before Flop
Seat 3: m1lkdud (big blind) collected ($1)
Seat 4: BGS013 folded before Flop (didn't bet)
Seat 5: yzuk folded before Flop (didn't bet)
Seat 6: peak joker33 folded before Flop (didn't bet)



PokerStars Hand #254262503625:  Hold'em No Limit ($0.50/$1.00 USD) - 2025/01/08 15:51:28 WET [2025/01/08 10:51:28 ET]
Table 'Euforbo III' 6-max Seat #2 is the button
Seat 1: mr.Jckpot ($100 in chips) 
Seat 2: sta$igk ($103.12 in chips) 
Seat 3: m1lkdud ($105.51 in chips) 
Seat 4: BGS013 ($177.76 in chips) 
Seat 5: yzuk ($125.58 in chips) 
Seat 6: peak joker33 ($166.66 in chips) 
m1lkdud: posts small blind $0.50
BGS013: posts big blind $1
*** HOLE CARDS ***
yzuk: raises $1.50 to $2.50
peak joker33: folds 
mr.Jckpot: folds 
sta$igk: folds 
m1lkdud: folds 
BGS013: folds 
Uncalled bet ($1.50) returned to yzuk
yzuk collected $2.50 from pot
yzuk: doesn't show hand 
*** SUMMARY ***
Total pot $2.50 | Rake $0 
Seat 1: mr.Jckpot folded before Flop (didn't bet)
Seat 2: sta$igk (button) folded before Flop (didn't bet)
Seat 3: m1lkdud (small blind) folded before Flop
Seat 4: BGS013 (big blind) folded before Flop
Seat 5: yzuk collected ($2.50)
Seat 6: peak joker33 folded before Flop (didn't bet)



PokerStars Hand #254262506743:  Hold'em No Limit ($0.50/$1.00 USD) - 2025/01/08 15:51:42 WET [2025/01/08 10:51:42 ET]
Table 'Euforbo III' 6-max Seat #3 is the button
Seat 1: mr.Jckpot ($100 in chips) 
Seat 2: sta$igk ($103.12 in chips) 
Seat 3: m1lkdud ($105.01 in chips) 
Seat 4: BGS013 ($176.76 in chips) 
Seat 5: yzuk ($127.08 in chips) 
Seat 6: peak joker33 ($166.66 in chips) 
BGS013: posts small blind $0.50
yzuk: posts big blind $1
*** HOLE CARDS ***
peak joker33: folds 
mr.Jckpot: folds 
sta$igk: folds 
m1lkdud: raises $2.50 to $3.50
BGS013: folds 
yzuk: folds 
Uncalled bet ($2.50) returned to m1lkdud
m1lkdud collected $2.50 from pot
*** SUMMARY ***
Total pot $2.50 | Rake $0 
Seat 1: mr.Jckpot folded before Flop (didn't bet)
Seat 2: sta$igk folded before Flop (didn't bet)
Seat 3: m1lkdud (button) collected ($2.50)
Seat 4: BGS013 (small blind) folded before Flop
Seat 5: yzuk (big blind) folded before Flop
Seat 6: peak joker33 folded before Flop (didn't bet)



PokerStars Hand #254262508945:  Hold'em No Limit ($0.50/$1.00 USD) - 2025/01/08 15:51:52 WET [2025/01/08 10:51:52 ET]
Table 'Euforbo III' 6-max Seat #4 is the button
Seat 1: mr.Jckpot ($100 in chips) 
Seat 2: sta$igk ($103.12 in chips) 
Seat 3: m1lkdud ($106.51 in chips) 
Seat 4: BGS013 ($176.26 in chips) 
Seat 5: yzuk ($126.08 in chips) 
Seat 6: peak joker33 ($166.66 in chips) 
yzuk: posts small blind $0.50
peak joker33: posts big blind $1
*** HOLE CARDS ***
mr.Jckpot: folds 
sta$igk: raises $1.50 to $2.50
m1lkdud: calls $2.50
BGS013: folds 
yzuk: folds 
peak joker33: folds 
*** FLOP *** [2s 2c 3h]
sta$igk: checks 
m1lkdud: checks 
*** TURN *** [2s 2c 3h] [3d]
sta$igk: bets $4.64
m1lkdud: calls $4.64
*** RIVER *** [2s 2c 3h 3d] [As]
sta$igk: bets $3
m1lkdud: calls $3
*** SHOW DOWN ***
sta$igk: shows [Jd Js] (two pair, Jacks and Threes)
m1lkdud: mucks hand 
sta$igk collected $20.69 from pot
*** SUMMARY ***
Total pot $21.78 | Rake $1.09 
Board [2s 2c 3h 3d As]
Seat 1: mr.Jckpot folded before Flop (didn't bet)
Seat 2: sta$igk showed [Jd Js] and won ($20.69) with two pair, Jacks and Threes
Seat 3: m1lkdud mucked
Seat 4: BGS013 (button) folded before Flop (didn't bet)
Seat 5: yzuk (small blind) folded before Flop
Seat 6: peak joker33 (big blind) folded before Flop



PokerStars Hand #254262522540:  Hold'em No Limit ($0.50/$1.00 USD) - 2025/01/08 15:52:53 WET [2025/01/08 10:52:53 ET]
Table 'Euforbo III' 6-max Seat #5 is the button
Seat 1: mr.Jckpot ($100 in chips) 
Seat 2: sta$igk ($113.67 in chips) 
Seat 3: m1lkdud ($96.37 in chips) 
Seat 4: BGS013 ($176.26 in chips) 
Seat 5: yzuk ($125.58 in chips) 
Seat 6: peak joker33 ($165.66 in chips) 
peak joker33: posts small blind $0.50
mr.Jckpot: posts big blind $1
*** HOLE CARDS ***
sta$igk: folds 
m1lkdud: raises $2.50 to $3.50
BGS013: folds 
yzuk: folds 
peak joker33: folds 
mr.Jckpot: folds 
Uncalled bet ($2.50) returned to m1lkdud
m1lkdud collected $2.50 from pot
*** SUMMARY ***
Total pot $2.50 | Rake $0 
Seat 1: mr.Jckpot (big blind) folded before Flop
Seat 2: sta$igk folded before Flop (didn't bet)
Seat 3: m1lkdud collected ($2.50)
Seat 4: BGS013 folded before Flop (didn't bet)
Seat 5: yzuk (button) folded before Flop (didn't bet)
Seat 6: peak joker33 (small blind) folded before Flop



PokerStars Hand #254262525828:  Hold'em No Limit ($0.50/$1.00 USD) - 2025/01/08 15:53:07 WET [2025/01/08 10:53:07 ET]
Table 'Euforbo III' 6-max Seat #6 is the button
Seat 1: mr.Jckpot ($100 in chips) 
Seat 2: sta$igk ($113.67 in chips) 
Seat 3: m1lkdud ($97.87 in chips) 
Seat 4: BGS013 ($176.26 in chips) 
Seat 5: yzuk ($125.58 in chips) 
Seat 6: peak joker33 ($165.16 in chips) 
mr.Jckpot: posts small blind $0.50
sta$igk: posts big blind $1
*** HOLE CARDS ***
m1lkdud: folds 
BGS013: raises $1 to $2
yzuk: folds 
peak joker33: folds 
mr.Jckpot: folds 
sta$igk: folds 
Uncalled bet ($1) returned to BGS013
BGS013 collected $2.50 from pot
BGS013: doesn't show hand 
*** SUMMARY ***
Total pot $2.50 | Rake $0 
Seat 1: mr.Jckpot (small blind) folded before Flop
Seat 2: sta$igk (big blind) folded before Flop
Seat 3: m1lkdud folded before Flop (didn't bet)
Seat 4: BGS013 collected ($2.50)
Seat 5: yzuk folded before Flop (didn't bet)
Seat 6: peak joker33 (button) folded before Flop (didn't bet)



PokerStars Hand #254262528690:  Hold'em No Limit ($0.50/$1.00 USD) - 2025/01/08 15:53:20 WET [2025/01/08 10:53:20 ET]
Table 'Euforbo III' 6-max Seat #1 is the button
Seat 1: mr.Jckpot ($100 in chips) 
Seat 2: sta$igk ($112.67 in chips) 
Seat 3: m1lkdud ($97.87 in chips) 
Seat 4: BGS013 ($177.76 in chips) 
Seat 5: yzuk ($125.58 in chips) 
Seat 6: peak joker33 ($165.16 in chips) 
sta$igk: posts small blind $0.50
m1lkdud: posts big blind $1
*** HOLE CARDS ***
BGS013: folds 
yzuk: folds 
peak joker33: raises $1.50 to $2.50
mr.Jckpot: folds 
sta$igk: folds 
m1lkdud: folds 
Uncalled bet ($1.50) returned to peak joker33
peak joker33 collected $2.50 from pot
peak joker33: doesn't show hand 
*** SUMMARY ***
Total pot $2.50 | Rake $0 
Seat 1: mr.Jckpot (button) folded before Flop (didn't bet)
Seat 2: sta$igk (small blind) folded before Flop
Seat 3: m1lkdud (big blind) folded before Flop
Seat 4: BGS013 folded before Flop (didn't bet)
Seat 5: yzuk folded before Flop (didn't bet)
Seat 6: peak joker33 collected ($2.50)



PokerStars Hand #254262531504:  Hold'em No Limit ($0.50/$1.00 USD) - 2025/01/08 15:53:33 WET [2025/01/08 10:53:33 ET]
Table 'Euforbo III' 6-max Seat #2 is the button
Seat 1: mr.Jckpot ($100 in chips) 
Seat 2: sta$igk ($112.17 in chips) 
Seat 3: m1lkdud ($96.87 in chips) 
Seat 4: BGS013 ($177.76 in chips) 
Seat 5: yzuk ($125.58 in chips) 
Seat 6: peak joker33 ($166.66 in chips) 
m1lkdud: posts small blind $0.50
BGS013: posts big blind $1
*** HOLE CARDS ***
yzuk: folds 
peak joker33: folds 
mr.Jckpot: folds 
sta$igk: raises $1.50 to $2.50
m1lkdud: folds 
BGS013: folds 
Uncalled bet ($1.50) returned to sta$igk
sta$igk collected $2.50 from pot
sta$igk: doesn't show hand 
*** SUMMARY ***
Total pot $2.50 | Rake $0 
Seat 1: mr.Jckpot folded before Flop (didn't bet)
Seat 2: sta$igk (button) collected ($2.50)
Seat 3: m1lkdud (small blind) folded before Flop
Seat 4: BGS013 (big blind) folded before Flop
Seat 5: yzuk folded before Flop (didn't bet)
Seat 6: peak joker33 folded before Flop (didn't bet)



PokerStars Hand #254262533811:  Hold'em No Limit ($0.50/$1.00 USD) - 2025/01/08 15:53:43 WET [2025/01/08 10:53:43 ET]
Table 'Euforbo III' 6-max Seat #3 is the button
Seat 1: mr.Jckpot ($100 in chips) 
Seat 2: sta$igk ($113.67 in chips) 
Seat 3: m1lkdud ($96.37 in chips) 
Seat 4: BGS013 ($176.76 in chips) 
Seat 5: yzuk ($125.58 in chips) 
Seat 6: peak joker33 ($166.66 in chips) 
BGS013: posts small blind $0.50
yzuk: posts big blind $1
*** HOLE CARDS ***
peak joker33: folds 
mr.Jckpot: folds 
sta$igk: folds 
m1lkdud: raises $2.50 to $3.50
BGS013: raises $8.50 to $12
yzuk: folds 
m1lkdud: calls $8.50
*** FLOP *** [9c 3c Tc]
BGS013: bets $6.18
m1lkdud: calls $6.18
*** TURN *** [9c 3c Tc] [Td]
BGS013: checks 
m1lkdud: checks 
*** RIVER *** [9c 3c Tc Td] [9s]
BGS013: checks 
m1lkdud: checks 
*** SHOW DOWN ***
BGS013: shows [Ac Kd] (two pair, Tens and Nines)
m1lkdud: mucks hand 
BGS013 collected $35.49 from pot
*** SUMMARY ***
Total pot $37.36 | Rake $1.87 
Board [9c 3c Tc Td 9s]
Seat 1: mr.Jckpot folded before Flop (didn't bet)
Seat 2: sta$igk folded before Flop (didn't bet)
Seat 3: m1lkdud (button) mucked
Seat 4: BGS013 (small blind) showed [Ac Kd] and won ($35.49) with two pair, Tens and Nines
Seat 5: yzuk (big blind) folded before Flop
Seat 6: peak joker33 folded before Flop (didn't bet)



PokerStars Hand #254262541091:  Hold'em No Limit ($0.50/$1.00 USD) - 2025/01/08 15:54:16 WET [2025/01/08 10:54:16 ET]
Table 'Euforbo III' 6-max Seat #4 is the button
Seat 1: mr.Jckpot ($100 in chips) 
Seat 2: sta$igk ($113.67 in chips) 
Seat 3: m1lkdud ($78.19 in chips) 
Seat 4: BGS013 ($194.07 in chips) 
Seat 5: yzuk ($124.58 in chips) 
Seat 6: peak joker33 ($166.66 in chips) 
yzuk: posts small blind $0.50
peak joker33: posts big blind $1
*** HOLE CARDS ***
mr.Jckpot: folds 
sta$igk: folds 
m1lkdud: folds 
BGS013: folds 
yzuk: folds 
Uncalled bet ($0.50) returned to peak joker33
peak joker33 collected $1 from pot
peak joker33: doesn't show hand 
*** SUMMARY ***
Total pot $1 | Rake $0 
Seat 1: mr.Jckpot folded before Flop (didn't bet)
Seat 2: sta$igk folded before Flop (didn't bet)
Seat 3: m1lkdud folded before Flop (didn't bet)
Seat 4: BGS013 (button) folded before Flop (didn't bet)
Seat 5: yzuk (small blind) folded before Flop
Seat 6: peak joker33 (big blind) collected ($1)



PokerStars Hand #254262542772:  Hold'em No Limit ($0.50/$1.00 USD) - 2025/01/08 15:54:23 WET [2025/01/08 10:54:23 ET]
Table 'Euforbo III' 6-max Seat #5 is the button
Seat 1: mr.Jckpot ($100 in chips) 
Seat 2: sta$igk ($113.67 in chips) 
Seat 3: m1lkdud ($100 in chips) 
Seat 4: BGS013 ($194.07 in chips) 
Seat 5: yzuk ($124.08 in chips) 
Seat 6: peak joker33 ($167.16 in chips) 
peak joker33: posts small blind $0.50
mr.Jckpot: posts big blind $1
*** HOLE CARDS ***
sta$igk: folds 
m1lkdud: folds 
BGS013: folds 
yzuk: folds 
peak joker33: raises $2 to $3
mr.Jckpot: calls $2
*** FLOP *** [6h Qs 8d]
peak joker33: checks 
mr.Jckpot: checks 
*** TURN *** [6h Qs 8d] [4h]
peak joker33: checks 
mr.Jckpot: bets $3.76
peak joker33: calls $3.76
*** RIVER *** [6h Qs 8d 4h] [5c]
peak joker33: checks 
mr.Jckpot: bets $8.47
peak joker33: folds 
Uncalled bet ($8.47) returned to mr.Jckpot
mr.Jckpot collected $12.84 from pot
mr.Jckpot: doesn't show hand 
*** SUMMARY ***
Total pot $13.52 | Rake $0.68 
Board [6h Qs 8d 4h 5c]
Seat 1: mr.Jckpot (big blind) collected ($12.84)
Seat 2: sta$igk folded before Flop (didn't bet)
Seat 3: m1lkdud folded before Flop (didn't bet)
Seat 4: BGS013 folded before Flop (didn't bet)
Seat 5: yzuk (button) folded before Flop (didn't bet)
Seat 6: peak joker33 (small blind) folded on the River



PokerStars Hand #254262553287:  Hold'em No Limit ($0.50/$1.00 USD) - 2025/01/08 15:55:11 WET [2025/01/08 10:55:11 ET]
Table 'Euforbo III' 6-max Seat #6 is the button
Seat 1: mr.Jckpot ($106.08 in chips) 
Seat 2: sta$igk ($113.67 in chips) 
Seat 3: m1lkdud ($100 in chips) 
Seat 4: BGS013 ($194.07 in chips) 
Seat 5: yzuk ($124.08 in chips) 
Seat 6: peak joker33 ($160.40 in chips) 
mr.Jckpot: posts small blind $0.50
sta$igk: posts big blind $1
*** HOLE CARDS ***
m1lkdud: raises $2.50 to $3.50
BGS013: folds 
yzuk: calls $3.50
peak joker33: raises $11.50 to $15
mr.Jckpot: folds 
sta$igk: folds 
m1lkdud: calls $11.50
yzuk: folds 
*** FLOP *** [8c 2c Qs]
m1lkdud: checks 
peak joker33: checks 
*** TURN *** [8c 2c Qs] [3d]
m1lkdud: bets $85 and is all-in
peak joker33: folds 
Uncalled bet ($85) returned to m1lkdud
m1lkdud collected $33.25 from pot
*** SUMMARY ***
Total pot $35 | Rake $1.75 
Board [8c 2c Qs 3d]
Seat 1: mr.Jckpot (small blind) folded before Flop
Seat 2: sta$igk (big blind) folded before Flop
Seat 3: m1lkdud collected ($33.25)
Seat 4: BGS013 folded before Flop (didn't bet)
Seat 5: yzuk folded before Flop
Seat 6: peak joker33 (button) folded on the Turn



PokerStars Hand #254262562366:  Hold'em No Limit ($0.50/$1.00 USD) - 2025/01/08 15:56:05 WET [2025/01/08 10:56:05 ET]
Table 'Euforbo III' 6-max Seat #1 is the button
Seat 1: mr.Jckpot ($105.58 in chips) 
Seat 2: sta$igk ($112.67 in chips) 
Seat 3: m1lkdud ($118.25 in chips) 
Seat 4: BGS013 ($194.07 in chips) 
Seat 5: yzuk ($120.58 in chips) 
Seat 6: peak joker33 ($145.40 in chips) 
sta$igk: posts small blind $0.50
m1lkdud: posts big blind $1
*** HOLE CARDS ***
BGS013: folds 
yzuk: raises $1.50 to $2.50
peak joker33: folds 
mr.Jckpot: folds 
sta$igk: folds 
m1lkdud: calls $1.50
*** FLOP *** [2c Js As]
m1lkdud: checks 
yzuk: bets $2.66
m1lkdud: folds 
Uncalled bet ($2.66) returned to yzuk
yzuk collected $5.22 from pot
yzuk: doesn't show hand 
*** SUMMARY ***
Total pot $5.50 | Rake $0.28 
Board [2c Js As]
Seat 1: mr.Jckpot (button) folded before Flop (didn't bet)
Seat 2: sta$igk (small blind) folded before Flop
Seat 3: m1lkdud (big blind) folded on the Flop
Seat 4: BGS013 folded before Flop (didn't bet)
Seat 5: yzuk collected ($5.22)
Seat 6: peak joker33 folded before Flop (didn't bet)



PokerStars Hand #254262565588:  Hold'em No Limit ($0.50/$1.00 USD) - 2025/01/08 15:56:25 WET [2025/01/08 10:56:25 ET]
Table 'Euforbo III' 6-max Seat #2 is the button
Seat 1: mr.Jckpot ($105.58 in chips) 
Seat 2: sta$igk ($112.17 in chips) 
Seat 3: m1lkdud ($115.75 in chips) 
Seat 4: BGS013 ($194.07 in chips) 
Seat 5: yzuk ($123.30 in chips) 
Seat 6: peak joker33 ($145.40 in chips) 
m1lkdud: posts small blind $0.50
BGS013: posts big blind $1
*** HOLE CARDS ***
yzuk: folds 
peak joker33: folds 
mr.Jckpot: folds 
sta$igk: raises $1.50 to $2.50
m1lkdud: raises $7 to $9.50
BGS013: folds 
sta$igk: folds 
Uncalled bet ($7) returned to m1lkdud
m1lkdud collected $6 from pot
*** SUMMARY ***
Total pot $6 | Rake $0 
Seat 1: mr.Jckpot folded before Flop (didn't bet)
Seat 2: sta$igk (button) folded before Flop
Seat 3: m1lkdud (small blind) collected ($6)
Seat 4: BGS013 (big blind) folded before Flop
Seat 5: yzuk folded before Flop (didn't bet)
Seat 6: peak joker33 folded before Flop (didn't bet)



PokerStars Hand #254262569281:  Hold'em No Limit ($0.50/$1.00 USD) - 2025/01/08 15:56:47 WET [2025/01/08 10:56:47 ET]
Table 'Euforbo III' 6-max Seat #3 is the button
Seat 1: mr.Jckpot ($105.58 in chips) 
Seat 2: sta$igk ($109.67 in chips) 
Seat 3: m1lkdud ($119.25 in chips) 
Seat 4: BGS013 ($193.07 in chips) 
Seat 5: yzuk ($123.30 in chips) 
Seat 6: peak joker33 ($145.40 in chips) 
BGS013: posts small blind $0.50
yzuk: posts big blind $1
*** HOLE CARDS ***
peak joker33: folds 
mr.Jckpot: folds 
sta$igk: folds 
m1lkdud: folds 
BGS013: raises $2 to $3
yzuk: raises $7 to $10
BGS013: raises $14.50 to $24.50
yzuk: raises $98.80 to $123.30 and is all-in
BGS013: folds 
Uncalled bet ($98.80) returned to yzuk
yzuk collected $49 from pot
yzuk: doesn't show hand 
*** SUMMARY ***
Total pot $49 | Rake $0 
Seat 1: mr.Jckpot folded before Flop (didn't bet)
Seat 2: sta$igk folded before Flop (didn't bet)
Seat 3: m1lkdud (button) folded before Flop (didn't bet)
Seat 4: BGS013 (small blind) folded before Flop
Seat 5: yzuk (big blind) collected ($49)
Seat 6: peak joker33 folded before Flop (didn't bet)



PokerStars Hand #254262577277:  Hold'em No Limit ($0.50/$1.00 USD) - 2025/01/08 15:57:34 WET [2025/01/08 10:57:34 ET]
Table 'Euforbo III' 6-max Seat #4 is the button
Seat 1: mr.Jckpot ($105.58 in chips) 
Seat 2: sta$igk ($109.67 in chips) 
Seat 3: m1lkdud ($119.25 in chips) 
Seat 4: BGS013 ($168.57 in chips) 
Seat 5: yzuk ($147.80 in chips) 
Seat 6: peak joker33 ($145.40 in chips) 
yzuk: posts small blind $0.50
peak joker33: posts big blind $1
*** HOLE CARDS ***
mr.Jckpot: folds 
sta$igk: folds 
m1lkdud: folds 
BGS013: raises $1.50 to $2.50
yzuk: folds 
peak joker33: calls $1.50
*** FLOP *** [Tc 4s 6d]
peak joker33: checks 
BGS013: checks 
*** TURN *** [Tc 4s 6d] [Ad]
peak joker33: checks 
BGS013: checks 
*** RIVER *** [Tc 4s 6d Ad] [7h]
peak joker33: checks 
BGS013: bets $4.07
peak joker33: raises $20.93 to $25
BGS013: folds 
Uncalled bet ($20.93) returned to peak joker33
peak joker33 collected $12.96 from pot
peak joker33: doesn't show hand 
*** SUMMARY ***
Total pot $13.64 | Rake $0.68 
Board [Tc 4s 6d Ad 7h]
Seat 1: mr.Jckpot folded before Flop (didn't bet)
Seat 2: sta$igk folded before Flop (didn't bet)
Seat 3: m1lkdud folded before Flop (didn't bet)
Seat 4: BGS013 (button) folded on the River
Seat 5: yzuk (small blind) folded before Flop
Seat 6: peak joker33 (big blind) collected ($12.96)



PokerStars Hand #254262594999:  Hold'em No Limit ($0.50/$1.00 USD) - 2025/01/08 15:59:17 WET [2025/01/08 10:59:17 ET]
Table 'Euforbo III' 6-max Seat #5 is the button
Seat 1: mr.Jckpot ($105.58 in chips) 
Seat 2: sta$igk ($109.67 in chips) 
Seat 3: m1lkdud ($119.25 in chips) 
Seat 4: BGS013 ($162 in chips) 
Seat 5: yzuk ($147.30 in chips) 
Seat 6: peak joker33 ($151.79 in chips) 
peak joker33: posts small blind $0.50
mr.Jckpot: posts big blind $1
*** HOLE CARDS ***
sta$igk: folds 
m1lkdud: folds 
BGS013: folds 
yzuk: raises $1.50 to $2.50
peak joker33: raises $9.50 to $12
mr.Jckpot: folds 
yzuk: folds 
Uncalled bet ($9.50) returned to peak joker33
peak joker33 collected $6 from pot
peak joker33: doesn't show hand 
*** SUMMARY ***
Total pot $6 | Rake $0 
Seat 1: mr.Jckpot (big blind) folded before Flop
Seat 2: sta$igk folded before Flop (didn't bet)
Seat 3: m1lkdud folded before Flop (didn't bet)
Seat 4: BGS013 folded before Flop (didn't bet)
Seat 5: yzuk (button) folded before Flop
Seat 6: peak joker33 (small blind) collected ($6)



PokerStars Hand #254262599144:  Hold'em No Limit ($0.50/$1.00 USD) - 2025/01/08 15:59:41 WET [2025/01/08 10:59:41 ET]
Table 'Euforbo III' 6-max Seat #6 is the button
Seat 1: mr.Jckpot ($104.58 in chips) 
Seat 2: sta$igk ($109.67 in chips) 
Seat 3: m1lkdud ($119.25 in chips) 
Seat 4: BGS013 ($162 in chips) 
Seat 5: yzuk ($144.80 in chips) 
Seat 6: peak joker33 ($155.29 in chips) 
mr.Jckpot: posts small blind $0.50
sta$igk: posts big blind $1
*** HOLE CARDS ***
m1lkdud: folds 
BGS013: folds 
yzuk: folds 
peak joker33: raises $1.50 to $2.50
mr.Jckpot: folds 
sta$igk: folds 
Uncalled bet ($1.50) returned to peak joker33
peak joker33 collected $2.50 from pot
peak joker33: doesn't show hand 
*** SUMMARY ***
Total pot $2.50 | Rake $0 
Seat 1: mr.Jckpot (small blind) folded before Flop
Seat 2: sta$igk (big blind) folded before Flop
Seat 3: m1lkdud folded before Flop (didn't bet)
Seat 4: BGS013 folded before Flop (didn't bet)
Seat 5: yzuk folded before Flop (didn't bet)
Seat 6: peak joker33 (button) collected ($2.50)



PokerStars Hand #254262600996:  Hold'em No Limit ($0.50/$1.00 USD) - 2025/01/08 15:59:52 WET [2025/01/08 10:59:52 ET]
Table 'Euforbo III' 6-max Seat #1 is the button
Seat 1: mr.Jckpot ($104.08 in chips) 
Seat 2: sta$igk ($108.67 in chips) 
Seat 3: m1lkdud ($119.25 in chips) 
Seat 4: BGS013 ($162 in chips) 
Seat 5: yzuk ($144.80 in chips) 
Seat 6: peak joker33 ($156.79 in chips) 
sta$igk: posts small blind $0.50
m1lkdud: posts big blind $1
*** HOLE CARDS ***
BGS013: folds 
yzuk: folds 
peak joker33: folds 
mr.Jckpot: raises $1.50 to $2.50
sta$igk: folds 
m1lkdud: raises $6.50 to $9
mr.Jckpot: folds 
Uncalled bet ($6.50) returned to m1lkdud
m1lkdud collected $5.50 from pot
*** SUMMARY ***
Total pot $5.50 | Rake $0 
Seat 1: mr.Jckpot (button) folded before Flop
Seat 2: sta$igk (small blind) folded before Flop
Seat 3: m1lkdud (big blind) collected ($5.50)
Seat 4: BGS013 folded before Flop (didn't bet)
Seat 5: yzuk folded before Flop (didn't bet)
Seat 6: peak joker33 folded before Flop (didn't bet)



PokerStars Hand #254262603697:  Hold'em No Limit ($0.50/$1.00 USD) - 2025/01/08 16:00:08 WET [2025/01/08 11:00:08 ET]
Table 'Euforbo III' 6-max Seat #2 is the button
Seat 1: mr.Jckpot ($101.58 in chips) 
Seat 2: sta$igk ($108.17 in chips) 
Seat 3: m1lkdud ($122.25 in chips) 
Seat 4: BGS013 ($162 in chips) 
Seat 5: yzuk ($144.80 in chips) 
Seat 6: peak joker33 ($156.79 in chips) 
m1lkdud: posts small blind $0.50
BGS013: posts big blind $1
*** HOLE CARDS ***
yzuk: raises $1.50 to $2.50
peak joker33: folds 
mr.Jckpot: folds 
sta$igk: folds 
m1lkdud: folds 
BGS013: folds 
Uncalled bet ($1.50) returned to yzuk
yzuk collected $2.50 from pot
yzuk: doesn't show hand 
*** SUMMARY ***
Total pot $2.50 | Rake $0 
Seat 1: mr.Jckpot folded before Flop (didn't bet)
Seat 2: sta$igk (button) folded before Flop (didn't bet)
Seat 3: m1lkdud (small blind) folded before Flop
Seat 4: BGS013 (big blind) folded before Flop
Seat 5: yzuk collected ($2.50)
Seat 6: peak joker33 folded before Flop (didn't bet)



PokerStars Hand #254262605634:  Hold'em No Limit ($0.50/$1.00 USD) - 2025/01/08 16:00:19 WET [2025/01/08 11:00:19 ET]
Table 'Euforbo III' 6-max Seat #3 is the button
Seat 1: mr.Jckpot ($101.58 in chips) 
Seat 2: sta$igk ($108.17 in chips) 
Seat 3: m1lkdud ($121.75 in chips) 
Seat 4: BGS013 ($161 in chips) 
Seat 5: yzuk ($146.30 in chips) 
Seat 6: peak joker33 ($156.79 in chips) 
BGS013: posts small blind $0.50
yzuk: posts big blind $1
*** HOLE CARDS ***
peak joker33: folds 
mr.Jckpot: raises $1.50 to $2.50
sta$igk: folds 
m1lkdud: folds 
BGS013: folds 
yzuk: folds 
Uncalled bet ($1.50) returned to mr.Jckpot
mr.Jckpot collected $2.50 from pot
mr.Jckpot: doesn't show hand 
*** SUMMARY ***
Total pot $2.50 | Rake $0 
Seat 1: mr.Jckpot collected ($2.50)
Seat 2: sta$igk folded before Flop (didn't bet)
Seat 3: m1lkdud (button) folded before Flop (didn't bet)
Seat 4: BGS013 (small blind) folded before Flop
Seat 5: yzuk (big blind) folded before Flop
Seat 6: peak joker33 folded before Flop (didn't bet)



PokerStars Hand #254262607880:  Hold'em No Limit ($0.50/$1.00 USD) - 2025/01/08 16:00:31 WET [2025/01/08 11:00:31 ET]
Table 'Euforbo III' 6-max Seat #4 is the button
Seat 1: mr.Jckpot ($103.08 in chips) 
Seat 2: sta$igk ($108.17 in chips) 
Seat 3: m1lkdud ($121.75 in chips) 
Seat 4: BGS013 ($160.50 in chips) 
Seat 5: yzuk ($145.30 in chips) 
Seat 6: peak joker33 ($156.79 in chips) 
yzuk: posts small blind $0.50
peak joker33: posts big blind $1
*** HOLE CARDS ***
mr.Jckpot: folds 
sta$igk: folds 
m1lkdud: folds 
BGS013: raises $1.50 to $2.50
yzuk: folds 
peak joker33: calls $1.50
*** FLOP *** [Qs 8d 9d]
peak joker33: checks 
BGS013: checks 
*** TURN *** [Qs 8d 9d] [Jd]
peak joker33: checks 
BGS013: bets $1.87
peak joker33: calls $1.87
*** RIVER *** [Qs 8d 9d Jd] [3c]
peak joker33: checks 
BGS013: bets $6
peak joker33: folds 
Uncalled bet ($6) returned to BGS013
BGS013 collected $8.78 from pot
BGS013: doesn't show hand 
*** SUMMARY ***
Total pot $9.24 | Rake $0.46 
Board [Qs 8d 9d Jd 3c]
Seat 1: mr.Jckpot folded before Flop (didn't bet)
Seat 2: sta$igk folded before Flop (didn't bet)
Seat 3: m1lkdud folded before Flop (didn't bet)
Seat 4: BGS013 (button) collected ($8.78)
Seat 5: yzuk (small blind) folded before Flop
Seat 6: peak joker33 (big blind) folded on the River



PokerStars Hand #254262620939:  Hold'em No Limit ($0.50/$1.00 USD) - 2025/01/08 16:01:35 WET [2025/01/08 11:01:35 ET]
Table 'Euforbo III' 6-max Seat #5 is the button
Seat 1: mr.Jckpot ($103.08 in chips) 
Seat 2: sta$igk ($108.17 in chips) 
Seat 3: m1lkdud ($121.75 in chips) 
Seat 4: BGS013 ($164.91 in chips) 
Seat 5: yzuk ($144.80 in chips) 
Seat 6: peak joker33 ($152.42 in chips) 
peak joker33: posts small blind $0.50
mr.Jckpot: posts big blind $1
*** HOLE CARDS ***
sta$igk: folds 
m1lkdud: folds 
BGS013: raises $1.50 to $2.50
yzuk: folds 
peak joker33: folds 
mr.Jckpot: folds 
Uncalled bet ($1.50) returned to BGS013
BGS013 collected $2.50 from pot
BGS013: doesn't show hand 
*** SUMMARY ***
Total pot $2.50 | Rake $0 
Seat 1: mr.Jckpot (big blind) folded before Flop
Seat 2: sta$igk folded before Flop (didn't bet)
Seat 3: m1lkdud folded before Flop (didn't bet)
Seat 4: BGS013 collected ($2.50)
Seat 5: yzuk (button) folded before Flop (didn't bet)
Seat 6: peak joker33 (small blind) folded before Flop



PokerStars Hand #254262625186:  Hold'em No Limit ($0.50/$1.00 USD) - 2025/01/08 16:01:55 WET [2025/01/08 11:01:55 ET]
Table 'Euforbo III' 6-max Seat #6 is the button
Seat 1: mr.Jckpot ($102.08 in chips) 
Seat 2: sta$igk ($108.17 in chips) 
Seat 3: m1lkdud ($121.75 in chips) 
Seat 4: BGS013 ($166.41 in chips) 
Seat 5: yzuk ($144.80 in chips) 
Seat 6: peak joker33 ($151.92 in chips) 
mr.Jckpot: posts small blind $0.50
sta$igk: posts big blind $1
*** HOLE CARDS ***
m1lkdud: folds 
BGS013: folds 
yzuk: folds 
peak joker33: folds 
mr.Jckpot: folds 
Uncalled bet ($0.50) returned to sta$igk
sta$igk collected $1 from pot
sta$igk: doesn't show hand 
*** SUMMARY ***
Total pot $1 | Rake $0 
Seat 1: mr.Jckpot (small blind) folded before Flop
Seat 2: sta$igk (big blind) collected ($1)
Seat 3: m1lkdud folded before Flop (didn't bet)
Seat 4: BGS013 folded before Flop (didn't bet)
Seat 5: yzuk folded before Flop (didn't bet)
Seat 6: peak joker33 (button) folded before Flop (didn't bet)



PokerStars Hand #254262627482:  Hold'em No Limit ($0.50/$1.00 USD) - 2025/01/08 16:02:06 WET [2025/01/08 11:02:06 ET]
Table 'Euforbo III' 6-max Seat #1 is the button
Seat 1: mr.Jckpot ($101.58 in chips) 
Seat 2: sta$igk ($108.67 in chips) 
Seat 3: m1lkdud ($121.75 in chips) 
Seat 4: BGS013 ($166.41 in chips) 
Seat 5: yzuk ($144.80 in chips) 
Seat 6: peak joker33 ($151.92 in chips) 
sta$igk: posts small blind $0.50
m1lkdud: posts big blind $1
*** HOLE CARDS ***
BGS013: folds 
yzuk: folds 
peak joker33: folds 
mr.Jckpot: raises $1.50 to $2.50
sta$igk: folds 
m1lkdud: folds 
Uncalled bet ($1.50) returned to mr.Jckpot
mr.Jckpot collected $2.50 from pot
mr.Jckpot: doesn't show hand 
*** SUMMARY ***
Total pot $2.50 | Rake $0 
Seat 1: mr.Jckpot (button) collected ($2.50)
Seat 2: sta$igk (small blind) folded before Flop
Seat 3: m1lkdud (big blind) folded before Flop
Seat 4: BGS013 folded before Flop (didn't bet)
Seat 5: yzuk folded before Flop (didn't bet)
Seat 6: peak joker33 folded before Flop (didn't bet)



PokerStars Hand #254262631059:  Hold'em No Limit ($0.50/$1.00 USD) - 2025/01/08 16:02:22 WET [2025/01/08 11:02:22 ET]
Table 'Euforbo III' 6-max Seat #2 is the button
Seat 1: mr.Jckpot ($103.08 in chips) 
Seat 2: sta$igk ($108.17 in chips) 
Seat 3: m1lkdud ($120.75 in chips) 
Seat 4: BGS013 ($166.41 in chips) 
Seat 5: yzuk ($144.80 in chips) 
Seat 6: peak joker33 ($151.92 in chips) 
m1lkdud: posts small blind $0.50
BGS013: posts big blind $1
*** HOLE CARDS ***
yzuk: folds 
peak joker33: folds 
mr.Jckpot: folds 
sta$igk: raises $1.50 to $2.50
m1lkdud: folds 
BGS013: folds 
Uncalled bet ($1.50) returned to sta$igk
sta$igk collected $2.50 from pot
sta$igk: doesn't show hand 
*** SUMMARY ***
Total pot $2.50 | Rake $0 
Seat 1: mr.Jckpot folded before Flop (didn't bet)
Seat 2: sta$igk (button) collected ($2.50)
Seat 3: m1lkdud (small blind) folded before Flop
Seat 4: BGS013 (big blind) folded before Flop
Seat 5: yzuk folded before Flop (didn't bet)
Seat 6: peak joker33 folded before Flop (didn't bet)



PokerStars Hand #254262635979:  Hold'em No Limit ($0.50/$1.00 USD) - 2025/01/08 16:02:43 WET [2025/01/08 11:02:43 ET]
Table 'Euforbo III' 6-max Seat #3 is the button
Seat 1: mr.Jckpot ($103.08 in chips) is sitting out
Seat 2: sta$igk ($109.67 in chips) 
Seat 3: m1lkdud ($120.25 in chips) 
Seat 4: BGS013 ($165.41 in chips) 
Seat 5: yzuk ($144.80 in chips) 
Seat 6: peak joker33 ($151.92 in chips) 
BGS013: posts small blind $0.50
yzuk: posts big blind $1
*** HOLE CARDS ***
peak joker33: raises $1.50 to $2.50
sta$igk: folds 
m1lkdud: folds 
BGS013: folds 
yzuk: raises $10 to $12.50
peak joker33: folds 
Uncalled bet ($10) returned to yzuk
yzuk collected $5.50 from pot
yzuk: doesn't show hand 
*** SUMMARY ***
Total pot $5.50 | Rake $0 
Seat 1: mr.Jckpot
Seat 2: sta$igk folded before Flop (didn't bet)
Seat 3: m1lkdud (button) folded before Flop (didn't bet)
Seat 4: BGS013 (small blind) folded before Flop
Seat 5: yzuk (big blind) collected ($5.50)
Seat 6: peak joker33 folded before Flop



PokerStars Hand #254262640561:  Hold'em No Limit ($0.50/$1.00 USD) - 2025/01/08 16:03:04 WET [2025/01/08 11:03:04 ET]
Table 'Euforbo III' 6-max Seat #4 is the button
Seat 1: mr.Jckpot ($103.08 in chips) is sitting out
Seat 2: sta$igk ($109.67 in chips) 
Seat 3: m1lkdud ($120.25 in chips) 
Seat 4: BGS013 ($164.91 in chips) 
Seat 5: yzuk ($147.80 in chips) 
Seat 6: peak joker33 ($149.42 in chips) 
yzuk: posts small blind $0.50
peak joker33: posts big blind $1
*** HOLE CARDS ***
sta$igk: folds 
m1lkdud: folds 
BGS013: raises $1.50 to $2.50
yzuk: folds 
peak joker33: folds 
Uncalled bet ($1.50) returned to BGS013
BGS013 collected $2.50 from pot
BGS013: doesn't show hand 
*** SUMMARY ***
Total pot $2.50 | Rake $0 
Seat 1: mr.Jckpot
Seat 2: sta$igk folded before Flop (didn't bet)
Seat 3: m1lkdud folded before Flop (didn't bet)
Seat 4: BGS013 (button) collected ($2.50)
Seat 5: yzuk (small blind) folded before Flop
Seat 6: peak joker33 (big blind) folded before Flop



PokerStars Hand #254262644091:  Hold'em No Limit ($0.50/$1.00 USD) - 2025/01/08 16:03:20 WET [2025/01/08 11:03:20 ET]
Table 'Euforbo III' 6-max Seat #5 is the button
Seat 1: mr.Jckpot ($103.08 in chips) is sitting out
Seat 2: sta$igk ($109.67 in chips) 
Seat 3: m1lkdud ($120.25 in chips) 
Seat 4: BGS013 ($166.41 in chips) 
Seat 5: yzuk ($147.30 in chips) 
Seat 6: peak joker33 ($148.42 in chips) 
peak joker33: posts small blind $0.50
sta$igk: posts big blind $1
*** HOLE CARDS ***
m1lkdud: folds 
BGS013: folds 
yzuk: folds 
peak joker33: raises $2 to $3
sta$igk: folds 
Uncalled bet ($2) returned to peak joker33
peak joker33 collected $2 from pot
peak joker33: doesn't show hand 
*** SUMMARY ***
Total pot $2 | Rake $0 
Seat 1: mr.Jckpot
Seat 2: sta$igk (big blind) folded before Flop
Seat 3: m1lkdud folded before Flop (didn't bet)
Seat 4: BGS013 folded before Flop (didn't bet)
Seat 5: yzuk (button) folded before Flop (didn't bet)
Seat 6: peak joker33 (small blind) collected ($2)



PokerStars Hand #254262647022:  Hold'em No Limit ($0.50/$1.00 USD) - 2025/01/08 16:03:33 WET [2025/01/08 11:03:33 ET]
Table 'Euforbo III' 6-max Seat #6 is the button
Seat 1: mr.Jckpot ($103.08 in chips) is sitting out
Seat 2: sta$igk ($108.67 in chips) 
Seat 3: m1lkdud ($120.25 in chips) 
Seat 4: BGS013 ($166.41 in chips) 
Seat 5: yzuk ($147.30 in chips) 
Seat 6: peak joker33 ($149.42 in chips) 
sta$igk: posts small blind $0.50
m1lkdud: posts big blind $1
*** HOLE CARDS ***
BGS013: folds 
yzuk: folds 
peak joker33: raises $1.50 to $2.50
sta$igk: folds 
m1lkdud: folds 
Uncalled bet ($1.50) returned to peak joker33
peak joker33 collected $2.50 from pot
peak joker33: doesn't show hand 
*** SUMMARY ***
Total pot $2.50 | Rake $0 
Seat 1: mr.Jckpot
Seat 2: sta$igk (small blind) folded before Flop
Seat 3: m1lkdud (big blind) folded before Flop
Seat 4: BGS013 folded before Flop (didn't bet)
Seat 5: yzuk folded before Flop (didn't bet)
Seat 6: peak joker33 (button) collected ($2.50)



PokerStars Hand #254262649816:  Hold'em No Limit ($0.50/$1.00 USD) - 2025/01/08 16:03:45 WET [2025/01/08 11:03:45 ET]
Table 'Euforbo III' 6-max Seat #2 is the button
Seat 1: mr.Jckpot ($103.08 in chips) is sitting out
Seat 2: sta$igk ($108.17 in chips) 
Seat 3: m1lkdud ($119.25 in chips) 
Seat 4: BGS013 ($166.41 in chips) 
Seat 5: yzuk ($147.30 in chips) 
Seat 6: peak joker33 ($150.92 in chips) 
m1lkdud: posts small blind $0.50
BGS013: posts big blind $1
*** HOLE CARDS ***
yzuk: folds 
peak joker33: folds 
sta$igk: folds 
m1lkdud: folds 
Uncalled bet ($0.50) returned to BGS013
BGS013 collected $1 from pot
BGS013: doesn't show hand 
*** SUMMARY ***
Total pot $1 | Rake $0 
Seat 1: mr.Jckpot
Seat 2: sta$igk (button) folded before Flop (didn't bet)
Seat 3: m1lkdud (small blind) folded before Flop
Seat 4: BGS013 (big blind) collected ($1)
Seat 5: yzuk folded before Flop (didn't bet)
Seat 6: peak joker33 folded before Flop (didn't bet)



PokerStars Hand #254262651889:  Hold'em No Limit ($0.50/$1.00 USD) - 2025/01/08 16:03:54 WET [2025/01/08 11:03:54 ET]
Table 'Euforbo III' 6-max Seat #3 is the button
Seat 1: mr.Jckpot ($103.08 in chips) is sitting out
Seat 2: sta$igk ($108.17 in chips) 
Seat 3: m1lkdud ($118.75 in chips) 
Seat 4: BGS013 ($166.91 in chips) 
Seat 5: yzuk ($147.30 in chips) 
Seat 6: peak joker33 ($150.92 in chips) 
BGS013: posts small blind $0.50
yzuk: posts big blind $1
*** HOLE CARDS ***
peak joker33: folds 
sta$igk: folds 
m1lkdud: folds 
BGS013: raises $2 to $3
yzuk: folds 
Uncalled bet ($2) returned to BGS013
BGS013 collected $2 from pot
BGS013: doesn't show hand 
*** SUMMARY ***
Total pot $2 | Rake $0 
Seat 1: mr.Jckpot
Seat 2: sta$igk folded before Flop (didn't bet)
Seat 3: m1lkdud (button) folded before Flop (didn't bet)
Seat 4: BGS013 (small blind) collected ($2)
Seat 5: yzuk (big blind) folded before Flop
Seat 6: peak joker33 folded before Flop (didn't bet)



PokerStars Hand #254262655536:  Hold'em No Limit ($0.50/$1.00 USD) - 2025/01/08 16:04:10 WET [2025/01/08 11:04:10 ET]
Table 'Euforbo III' 6-max Seat #4 is the button
Seat 1: mr.Jckpot ($103.08 in chips) is sitting out
Seat 2: sta$igk ($108.17 in chips) 
Seat 3: m1lkdud ($118.75 in chips) 
Seat 4: BGS013 ($167.91 in chips) 
Seat 5: yzuk ($146.30 in chips) 
Seat 6: peak joker33 ($150.92 in chips) 
yzuk: posts small blind $0.50
peak joker33: posts big blind $1
*** HOLE CARDS ***
sta$igk: folds 
m1lkdud: folds 
BGS013: raises $1.50 to $2.50
yzuk: folds 
peak joker33: folds 
Uncalled bet ($1.50) returned to BGS013
BGS013 collected $2.50 from pot
BGS013: doesn't show hand 
*** SUMMARY ***
Total pot $2.50 | Rake $0 
Seat 1: mr.Jckpot
Seat 2: sta$igk folded before Flop (didn't bet)
Seat 3: m1lkdud folded before Flop (didn't bet)
Seat 4: BGS013 (button) collected ($2.50)
Seat 5: yzuk (small blind) folded before Flop
Seat 6: peak joker33 (big blind) folded before Flop



PokerStars Hand #254262658111:  Hold'em No Limit ($0.50/$1.00 USD) - 2025/01/08 16:04:22 WET [2025/01/08 11:04:22 ET]
Table 'Euforbo III' 6-max Seat #5 is the button
Seat 1: mr.Jckpot ($103.08 in chips) is sitting out
Seat 2: sta$igk ($108.17 in chips) 
Seat 3: m1lkdud ($118.75 in chips) 
Seat 4: BGS013 ($169.41 in chips) 
Seat 5: yzuk ($145.80 in chips) 
Seat 6: peak joker33 ($149.92 in chips) 
peak joker33: posts small blind $0.50
sta$igk: posts big blind $1
*** HOLE CARDS ***
m1lkdud: raises $2.50 to $3.50
BGS013: folds 
mr.Jckpot leaves the table
yzuk: calls $3.50
peak joker33: folds 
sta$igk: raises $12.50 to $16
m1lkdud: calls $12.50
yzuk: folds 
*** FLOP *** [7h Ah 9c]
Powerpoint66 joins the table at seat #1 
sta$igk: checks 
m1lkdud: checks 
*** TURN *** [7h Ah 9c] [Jc]
sta$igk: checks 
m1lkdud: checks 
*** RIVER *** [7h Ah 9c Jc] [Td]
sta$igk: bets $8.55
m1lkdud: calls $8.55
*** SHOW DOWN ***
sta$igk: shows [Qc Qd] (a pair of Queens)
m1lkdud: mucks hand 
sta$igk collected $50.60 from pot
*** SUMMARY ***
Total pot $53.10 | Rake $2.50 
Board [7h Ah 9c Jc Td]
Seat 1: mr.Jckpot
Seat 2: sta$igk (big blind) showed [Qc Qd] and won ($50.60) with a pair of Queens
Seat 3: m1lkdud mucked
Seat 4: BGS013 folded before Flop (didn't bet)
Seat 5: yzuk (button) folded before Flop
Seat 6: peak joker33 (small blind) folded before Flop



PokerStars Hand #254262676878:  Hold'em No Limit ($0.50/$1.00 USD) - 2025/01/08 16:05:45 WET [2025/01/08 11:05:45 ET]
Table 'Euforbo III' 6-max Seat #6 is the button
Seat 1: Powerpoint66 ($80 in chips) is sitting out
Seat 2: sta$igk ($134.22 in chips) 
Seat 3: m1lkdud ($94.20 in chips) 
Seat 4: BGS013 ($169.41 in chips) 
Seat 5: yzuk ($142.30 in chips) 
Seat 6: peak joker33 ($149.42 in chips) 
sta$igk: posts small blind $0.50
m1lkdud: posts big blind $1
*** HOLE CARDS ***
BGS013: folds 
yzuk: folds 
peak joker33: folds 
sta$igk: raises $2 to $3
m1lkdud: folds 
Uncalled bet ($2) returned to sta$igk
sta$igk collected $2 from pot
sta$igk: doesn't show hand 
*** SUMMARY ***
Total pot $2 | Rake $0 
Seat 1: Powerpoint66
Seat 2: sta$igk (small blind) collected ($2)
Seat 3: m1lkdud (big blind) folded before Flop
Seat 4: BGS013 folded before Flop (didn't bet)
Seat 5: yzuk folded before Flop (didn't bet)
Seat 6: peak joker33 (button) folded before Flop (didn't bet)



PokerStars Hand #254262678657:  Hold'em No Limit ($0.50/$1.00 USD) - 2025/01/08 16:05:52 WET [2025/01/08 11:05:52 ET]
Table 'Euforbo III' 6-max Seat #2 is the button
Seat 1: Powerpoint66 ($80 in chips) is sitting out
Seat 2: sta$igk ($135.22 in chips) 
Seat 3: m1lkdud ($93.20 in chips) 
Seat 4: BGS013 ($169.41 in chips) 
Seat 5: yzuk ($142.30 in chips) 
Seat 6: peak joker33 ($149.42 in chips) 
m1lkdud: posts small blind $0.50
BGS013: posts big blind $1
Powerpoint66: sits out 
*** HOLE CARDS ***
yzuk: folds 
peak joker33: raises $1.50 to $2.50
sta$igk: folds 
m1lkdud: folds 
BGS013: calls $1.50
*** FLOP *** [4c Qs 9s]
BGS013: checks 
peak joker33: checks 
*** TURN *** [4c Qs 9s] [5d]
BGS013: checks 
peak joker33: bets $1.72
BGS013: calls $1.72
*** RIVER *** [4c Qs 9s 5d] [9d]
BGS013: checks 
peak joker33: checks 
*** SHOW DOWN ***
BGS013: shows [As Jh] (a pair of Nines)
peak joker33: shows [8s 8h] (two pair, Nines and Eights)
peak joker33 collected $8.49 from pot
*** SUMMARY ***
Total pot $8.94 | Rake $0.45 
Board [4c Qs 9s 5d 9d]
Seat 1: Powerpoint66
Seat 2: sta$igk (button) folded before Flop (didn't bet)
Seat 3: m1lkdud (small blind) folded before Flop
Seat 4: BGS013 (big blind) showed [As Jh] and lost with a pair of Nines
Seat 5: yzuk folded before Flop (didn't bet)
Seat 6: peak joker33 showed [8s 8h] and won ($8.49) with two pair, Nines and Eights



PokerStars Hand #254262691612:  Hold'em No Limit ($0.50/$1.00 USD) - 2025/01/08 16:06:50 WET [2025/01/08 11:06:50 ET]
Table 'Euforbo III' 6-max Seat #3 is the button
Seat 1: Powerpoint66 ($80 in chips) is sitting out
Seat 2: sta$igk ($135.22 in chips) 
Seat 3: m1lkdud ($99.50 in chips) 
Seat 4: BGS013 ($165.19 in chips) 
Seat 5: yzuk ($142.30 in chips) 
Seat 6: peak joker33 ($153.69 in chips) 
BGS013: posts small blind $0.50
yzuk: posts big blind $1
Powerpoint66: sits out 
*** HOLE CARDS ***
peak joker33: folds 
sta$igk: raises $1.50 to $2.50
m1lkdud: folds 
BGS013: folds 
yzuk: raises $11 to $13.50
sta$igk: folds 
Uncalled bet ($11) returned to yzuk
yzuk collected $5.50 from pot
yzuk: doesn't show hand 
*** SUMMARY ***
Total pot $5.50 | Rake $0 
Seat 1: Powerpoint66
Seat 2: sta$igk folded before Flop
Seat 3: m1lkdud (button) folded before Flop (didn't bet)
Seat 4: BGS013 (small blind) folded before Flop
Seat 5: yzuk (big blind) collected ($5.50)
Seat 6: peak joker33 folded before Flop (didn't bet)



PokerStars Hand #254262696866:  Hold'em No Limit ($0.50/$1.00 USD) - 2025/01/08 16:07:12 WET [2025/01/08 11:07:12 ET]
Table 'Euforbo III' 6-max Seat #4 is the button
Seat 1: Powerpoint66 ($80 in chips) is sitting out
Seat 2: sta$igk ($132.72 in chips) 
Seat 3: m1lkdud ($99.50 in chips) 
Seat 4: BGS013 ($164.69 in chips) 
Seat 5: yzuk ($145.30 in chips) 
Seat 6: peak joker33 ($153.69 in chips) 
yzuk: posts small blind $0.50
peak joker33: posts big blind $1
Powerpoint66: sits out 
*** HOLE CARDS ***
sta$igk: raises $1.50 to $2.50
m1lkdud: calls $2.50
BGS013: folds 
yzuk: raises $12.50 to $15
peak joker33: folds 
sta$igk: folds 
m1lkdud: calls $12.50
*** FLOP *** [4s 7s 5s]
yzuk: checks 
m1lkdud: bets $15.91
yzuk: folds 
Uncalled bet ($15.91) returned to m1lkdud
m1lkdud collected $31.82 from pot
*** SUMMARY ***
Total pot $33.50 | Rake $1.68 
Board [4s 7s 5s]
Seat 1: Powerpoint66
Seat 2: sta$igk folded before Flop
Seat 3: m1lkdud collected ($31.82)
Seat 4: BGS013 (button) folded before Flop (didn't bet)
Seat 5: yzuk (small blind) folded on the Flop
Seat 6: peak joker33 (big blind) folded before Flop



PokerStars Hand #254262708517:  Hold'em No Limit ($0.50/$1.00 USD) - 2025/01/08 16:08:03 WET [2025/01/08 11:08:03 ET]
Table 'Euforbo III' 6-max Seat #5 is the button
Seat 1: Powerpoint66 ($80 in chips) 
Seat 2: sta$igk ($130.22 in chips) 
Seat 3: m1lkdud ($116.32 in chips) 
Seat 4: BGS013 ($164.69 in chips) 
Seat 5: yzuk ($130.30 in chips) 
Seat 6: peak joker33 ($152.69 in chips) 
peak joker33: posts small blind $0.50
Powerpoint66: posts big blind $1
*** HOLE CARDS ***
sta$igk: raises $1.50 to $2.50
m1lkdud: folds 
BGS013: folds 
yzuk: folds 
peak joker33: folds 
Powerpoint66: calls $1.50
*** FLOP *** [Kd 2h Qh]
Powerpoint66: checks 
sta$igk: bets $1.72
Powerpoint66: raises $3.28 to $5
sta$igk: calls $3.28
*** TURN *** [Kd 2h Qh] [Qc]
Powerpoint66: checks 
sta$igk: bets $4.86
Powerpoint66: folds 
Uncalled bet ($4.86) returned to sta$igk
sta$igk collected $14.72 from pot
sta$igk: doesn't show hand 
*** SUMMARY ***
Total pot $15.50 | Rake $0.78 
Board [Kd 2h Qh Qc]
Seat 1: Powerpoint66 (big blind) folded on the Turn
Seat 2: sta$igk collected ($14.72)
Seat 3: m1lkdud folded before Flop (didn't bet)
Seat 4: BGS013 folded before Flop (didn't bet)
Seat 5: yzuk (button) folded before Flop (didn't bet)
Seat 6: peak joker33 (small blind) folded before Flop



PokerStars Hand #254262724726:  Hold'em No Limit ($0.50/$1.00 USD) - 2025/01/08 16:09:14 WET [2025/01/08 11:09:14 ET]
Table 'Euforbo III' 6-max Seat #6 is the button
Seat 1: Powerpoint66 ($72.50 in chips) 
Seat 2: sta$igk ($137.44 in chips) 
Seat 3: m1lkdud ($116.32 in chips) 
Seat 4: BGS013 ($164.69 in chips) 
Seat 5: yzuk ($130.30 in chips) 
Seat 6: peak joker33 ($152.19 in chips) 
Powerpoint66: posts small blind $0.50
sta$igk: posts big blind $1
*** HOLE CARDS ***
m1lkdud: folds 
BGS013: folds 
yzuk: folds 
peak joker33: folds 
Powerpoint66: folds 
Uncalled bet ($0.50) returned to sta$igk
sta$igk collected $1 from pot
sta$igk: doesn't show hand 
*** SUMMARY ***
Total pot $1 | Rake $0 
Seat 1: Powerpoint66 (small blind) folded before Flop
Seat 2: sta$igk (big blind) collected ($1)
Seat 3: m1lkdud folded before Flop (didn't bet)
Seat 4: BGS013 folded before Flop (didn't bet)
Seat 5: yzuk folded before Flop (didn't bet)
Seat 6: peak joker33 (button) folded before Flop (didn't bet)



PokerStars Hand #254262727311:  Hold'em No Limit ($0.50/$1.00 USD) - 2025/01/08 16:09:25 WET [2025/01/08 11:09:25 ET]
Table 'Euforbo III' 6-max Seat #1 is the button
Seat 1: Powerpoint66 ($72 in chips) 
Seat 2: sta$igk ($137.94 in chips) 
Seat 3: m1lkdud ($116.32 in chips) 
Seat 4: BGS013 ($164.69 in chips) 
Seat 5: yzuk ($130.30 in chips) 
Seat 6: peak joker33 ($152.19 in chips) 
sta$igk: posts small blind $0.50
m1lkdud: posts big blind $1
*** HOLE CARDS ***
BGS013: folds 
yzuk: folds 
peak joker33: folds 
Powerpoint66: folds 
sta$igk: folds 
Uncalled bet ($0.50) returned to m1lkdud
m1lkdud collected $1 from pot
*** SUMMARY ***
Total pot $1 | Rake $0 
Seat 1: Powerpoint66 (button) folded before Flop (didn't bet)
Seat 2: sta$igk (small blind) folded before Flop
Seat 3: m1lkdud (big blind) collected ($1)
Seat 4: BGS013 folded before Flop (didn't bet)
Seat 5: yzuk folded before Flop (didn't bet)
Seat 6: peak joker33 folded before Flop (didn't bet)



PokerStars Hand #254262731099:  Hold'em No Limit ($0.50/$1.00 USD) - 2025/01/08 16:09:42 WET [2025/01/08 11:09:42 ET]
Table 'Euforbo III' 6-max Seat #2 is the button
Seat 1: Powerpoint66 ($72 in chips) 
Seat 2: sta$igk ($137.44 in chips) 
Seat 3: m1lkdud ($116.82 in chips) 
Seat 4: BGS013 ($164.69 in chips) 
Seat 5: yzuk ($130.30 in chips) 
Seat 6: peak joker33 ($152.19 in chips) 
m1lkdud: posts small blind $0.50
BGS013: posts big blind $1
*** HOLE CARDS ***
yzuk: folds 
peak joker33: raises $1.50 to $2.50
Powerpoint66: folds 
sta$igk: folds 
m1lkdud: folds 
BGS013: folds 
Uncalled bet ($1.50) returned to peak joker33
peak joker33 collected $2.50 from pot
peak joker33: doesn't show hand 
*** SUMMARY ***
Total pot $2.50 | Rake $0 
Seat 1: Powerpoint66 folded before Flop (didn't bet)
Seat 2: sta$igk (button) folded before Flop (didn't bet)
Seat 3: m1lkdud (small blind) folded before Flop
Seat 4: BGS013 (big blind) folded before Flop
Seat 5: yzuk folded before Flop (didn't bet)
Seat 6: peak joker33 collected ($2.50)



PokerStars Hand #254262736347:  Hold'em No Limit ($0.50/$1.00 USD) - 2025/01/08 16:10:05 WET [2025/01/08 11:10:05 ET]
Table 'Euforbo III' 6-max Seat #3 is the button
Seat 1: Powerpoint66 ($72 in chips) 
Seat 2: sta$igk ($137.44 in chips) 
Seat 3: m1lkdud ($116.32 in chips) 
Seat 4: BGS013 ($163.69 in chips) 
Seat 5: yzuk ($130.30 in chips) 
Seat 6: peak joker33 ($153.69 in chips) 
BGS013: posts small blind $0.50
yzuk: posts big blind $1
*** HOLE CARDS ***
peak joker33: raises $1.50 to $2.50
Powerpoint66: calls $2.50
sta$igk: folds 
m1lkdud: folds 
BGS013: folds 
yzuk: folds 
*** FLOP *** [Jc 5h 4h]
peak joker33: checks 
Powerpoint66: checks 
*** TURN *** [Jc 5h 4h] [8s]
peak joker33: checks 
Powerpoint66: checks 
*** RIVER *** [Jc 5h 4h 8s] [2s]
peak joker33: bets $6.18
Powerpoint66: folds 
Uncalled bet ($6.18) returned to peak joker33
peak joker33 collected $6.18 from pot
peak joker33: doesn't show hand 
*** SUMMARY ***
Total pot $6.50 | Rake $0.32 
Board [Jc 5h 4h 8s 2s]
Seat 1: Powerpoint66 folded on the River
Seat 2: sta$igk folded before Flop (didn't bet)
Seat 3: m1lkdud (button) folded before Flop (didn't bet)
Seat 4: BGS013 (small blind) folded before Flop
Seat 5: yzuk (big blind) folded before Flop
Seat 6: peak joker33 collected ($6.18)



PokerStars Hand #254262745884:  Hold'em No Limit ($0.50/$1.00 USD) - 2025/01/08 16:10:45 WET [2025/01/08 11:10:45 ET]
Table 'Euforbo III' 6-max Seat #4 is the button
Seat 1: Powerpoint66 ($69.50 in chips) 
Seat 2: sta$igk ($137.44 in chips) 
Seat 3: m1lkdud ($116.32 in chips) 
Seat 4: BGS013 ($163.19 in chips) 
Seat 5: yzuk ($129.30 in chips) 
Seat 6: peak joker33 ($157.37 in chips) 
yzuk: posts small blind $0.50
peak joker33: posts big blind $1
*** HOLE CARDS ***
Powerpoint66: folds 
sta$igk: folds 
m1lkdud: folds 
BGS013: raises $1.50 to $2.50
yzuk: folds 
peak joker33: calls $1.50
*** FLOP *** [6s 9d 8d]
peak joker33: checks 
BGS013: checks 
*** TURN *** [6s 9d 8d] [Ad]
peak joker33: bets $7.83
BGS013: folds 
Uncalled bet ($7.83) returned to peak joker33
peak joker33 collected $5.22 from pot
peak joker33: doesn't show hand 
*** SUMMARY ***
Total pot $5.50 | Rake $0.28 
Board [6s 9d 8d Ad]
Seat 1: Powerpoint66 folded before Flop (didn't bet)
Seat 2: sta$igk folded before Flop (didn't bet)
Seat 3: m1lkdud folded before Flop (didn't bet)
Seat 4: BGS013 (button) folded on the Turn
Seat 5: yzuk (small blind) folded before Flop
Seat 6: peak joker33 (big blind) collected ($5.22)



PokerStars Hand #254262755817:  Hold'em No Limit ($0.50/$1.00 USD) - 2025/01/08 16:11:29 WET [2025/01/08 11:11:29 ET]
Table 'Euforbo III' 6-max Seat #5 is the button
Seat 1: Powerpoint66 ($69.50 in chips) 
Seat 2: sta$igk ($137.44 in chips) 
Seat 3: m1lkdud ($116.32 in chips) 
Seat 4: BGS013 ($160.69 in chips) 
Seat 5: yzuk ($128.80 in chips) 
Seat 6: peak joker33 ($160.09 in chips) 
peak joker33: posts small blind $0.50
Powerpoint66: posts big blind $1
*** HOLE CARDS ***
sta$igk: folds 
m1lkdud: folds 
BGS013: raises $1 to $2
yzuk: folds 
peak joker33: folds 
Powerpoint66: calls $1
*** FLOP *** [9c Ad 6d]
Powerpoint66: checks 
BGS013: bets $1.11
Powerpoint66: raises $3.89 to $5
BGS013: folds 
Uncalled bet ($3.89) returned to Powerpoint66
Powerpoint66 collected $6.30 from pot
*** SUMMARY ***
Total pot $6.72 | Rake $0.42 
Board [9c Ad 6d]
Seat 1: Powerpoint66 (big blind) collected ($6.30)
Seat 2: sta$igk folded before Flop (didn't bet)
Seat 3: m1lkdud folded before Flop (didn't bet)
Seat 4: BGS013 folded on the Flop
Seat 5: yzuk (button) folded before Flop (didn't bet)
Seat 6: peak joker33 (small blind) folded before Flop



PokerStars Hand #254262764829:  Hold'em No Limit ($0.50/$1.00 USD) - 2025/01/08 16:12:07 WET [2025/01/08 11:12:07 ET]
Table 'Euforbo III' 6-max Seat #6 is the button
Seat 1: Powerpoint66 ($72.69 in chips) 
Seat 2: sta$igk ($137.44 in chips) 
Seat 3: m1lkdud ($116.32 in chips) 
Seat 4: BGS013 ($157.58 in chips) 
Seat 5: yzuk ($128.80 in chips) 
Seat 6: peak joker33 ($159.59 in chips) 
Powerpoint66: posts small blind $0.50
sta$igk: posts big blind $1
*** HOLE CARDS ***
m1lkdud: folds 
BGS013: raises $1 to $2
yzuk: folds 
peak joker33: folds 
Powerpoint66: folds 
sta$igk: calls $1
*** FLOP *** [5c Jh 5h]
sta$igk: checks 
BGS013: bets $1.11
sta$igk: raises $6.50 to $7.61
BGS013: folds 
Uncalled bet ($6.50) returned to sta$igk
sta$igk collected $6.38 from pot
sta$igk: doesn't show hand 
*** SUMMARY ***
Total pot $6.72 | Rake $0.34 
Board [5c Jh 5h]
Seat 1: Powerpoint66 (small blind) folded before Flop
Seat 2: sta$igk (big blind) collected ($6.38)
Seat 3: m1lkdud folded before Flop (didn't bet)
Seat 4: BGS013 folded on the Flop
Seat 5: yzuk folded before Flop (didn't bet)
Seat 6: peak joker33 (button) folded before Flop (didn't bet)



PokerStars Hand #254262773506:  Hold'em No Limit ($0.50/$1.00 USD) - 2025/01/08 16:12:44 WET [2025/01/08 11:12:44 ET]
Table 'Euforbo III' 6-max Seat #1 is the button
Seat 1: Powerpoint66 ($72.19 in chips) 
Seat 2: sta$igk ($140.71 in chips) 
Seat 3: m1lkdud ($116.32 in chips) 
Seat 4: BGS013 ($154.47 in chips) 
Seat 5: yzuk ($128.80 in chips) 
Seat 6: peak joker33 ($159.59 in chips) 
sta$igk: posts small blind $0.50
m1lkdud: posts big blind $1
*** HOLE CARDS ***
BGS013: raises $1 to $2
yzuk: raises $5 to $7
peak joker33: folds 
Powerpoint66: folds 
sta$igk: folds 
m1lkdud: calls $6
BGS013: calls $5
*** FLOP *** [Kh Qh 7h]
m1lkdud: checks 
BGS013: checks 
yzuk: checks 
*** TURN *** [Kh Qh 7h] [2d]
m1lkdud: checks 
BGS013: bets $15.93
yzuk: folds 
m1lkdud: folds 
Uncalled bet ($15.93) returned to BGS013
BGS013 collected $20.42 from pot
BGS013: doesn't show hand 
*** SUMMARY ***
Total pot $21.50 | Rake $1.08 
Board [Kh Qh 7h 2d]
Seat 1: Powerpoint66 (button) folded before Flop (didn't bet)
Seat 2: sta$igk (small blind) folded before Flop
Seat 3: m1lkdud (big blind) folded on the Turn
Seat 4: BGS013 collected ($20.42)
Seat 5: yzuk folded on the Turn
Seat 6: peak joker33 folded before Flop (didn't bet)



PokerStars Hand #254262784139:  Hold'em No Limit ($0.50/$1.00 USD) - 2025/01/08 16:13:30 WET [2025/01/08 11:13:30 ET]
Table 'Euforbo III' 6-max Seat #2 is the button
Seat 1: Powerpoint66 ($72.19 in chips) 
Seat 2: sta$igk ($140.21 in chips) 
Seat 3: m1lkdud ($109.32 in chips) 
Seat 4: BGS013 ($167.89 in chips) 
Seat 5: yzuk ($121.80 in chips) 
Seat 6: peak joker33 ($159.59 in chips) 
m1lkdud: posts small blind $0.50
BGS013: posts big blind $1
*** HOLE CARDS ***
yzuk: folds 
peak joker33: folds 
Powerpoint66: folds 
sta$igk: raises $1.50 to $2.50
m1lkdud: raises $7 to $9.50
BGS013: folds 
sta$igk: folds [8c Td]
Uncalled bet ($7) returned to m1lkdud
m1lkdud collected $6 from pot
*** SUMMARY ***
Total pot $6 | Rake $0 
Seat 1: Powerpoint66 folded before Flop (didn't bet)
Seat 2: sta$igk (button) folded before Flop
Seat 3: m1lkdud (small blind) collected ($6)
Seat 4: BGS013 (big blind) folded before Flop
Seat 5: yzuk folded before Flop (didn't bet)
Seat 6: peak joker33 folded before Flop (didn't bet)



PokerStars Hand #254262789563:  Hold'em No Limit ($0.50/$1.00 USD) - 2025/01/08 16:13:53 WET [2025/01/08 11:13:53 ET]
Table 'Euforbo III' 6-max Seat #3 is the button
Seat 1: Powerpoint66 ($72.19 in chips) 
Seat 2: sta$igk ($137.71 in chips) 
Seat 3: m1lkdud ($112.82 in chips) 
Seat 4: BGS013 ($166.89 in chips) 
Seat 5: yzuk ($121.80 in chips) 
Seat 6: peak joker33 ($159.59 in chips) 
BGS013: posts small blind $0.50
yzuk: posts big blind $1
*** HOLE CARDS ***
peak joker33: folds 
Powerpoint66: folds 
sta$igk: folds 
m1lkdud: folds 
BGS013: folds 
Uncalled bet ($0.50) returned to yzuk
yzuk collected $1 from pot
yzuk: doesn't show hand 
*** SUMMARY ***
Total pot $1 | Rake $0 
Seat 1: Powerpoint66 folded before Flop (didn't bet)
Seat 2: sta$igk folded before Flop (didn't bet)
Seat 3: m1lkdud (button) folded before Flop (didn't bet)
Seat 4: BGS013 (small blind) folded before Flop
Seat 5: yzuk (big blind) collected ($1)
Seat 6: peak joker33 folded before Flop (didn't bet)



PokerStars Hand #254262843121:  Hold'em No Limit ($0.50/$1.00 USD) - 2025/01/08 16:17:41 WET [2025/01/08 11:17:41 ET]
Table 'Euforbo III' 6-max Seat #4 is the button
Seat 1: Powerpoint66 ($81.31 in chips) 
Seat 2: sta$igk ($126.59 in chips) 
Seat 3: m1lkdud ($122.85 in chips) 
Seat 4: BGS013 ($153.92 in chips) 
Seat 5: yzuk ($124.85 in chips) 
Seat 6: peak joker33 ($158.09 in chips) 
yzuk: posts small blind $0.50
peak joker33: posts big blind $1
*** HOLE CARDS ***
Powerpoint66: folds 
sta$igk: raises $1.50 to $2.50
m1lkdud: folds 
BGS013: folds 
yzuk: folds 
peak joker33: folds 
Uncalled bet ($1.50) returned to sta$igk
sta$igk collected $2.50 from pot
sta$igk: doesn't show hand 
*** SUMMARY ***
Total pot $2.50 | Rake $0 
Seat 1: Powerpoint66 folded before Flop (didn't bet)
Seat 2: sta$igk collected ($2.50)
Seat 3: m1lkdud folded before Flop (didn't bet)
Seat 4: BGS013 (button) folded before Flop (didn't bet)
Seat 5: yzuk (small blind) folded before Flop
Seat 6: peak joker33 (big blind) folded before Flop



PokerStars Hand #254262846691:  Hold'em No Limit ($0.50/$1.00 USD) - 2025/01/08 16:17:56 WET [2025/01/08 11:17:56 ET]
Table 'Euforbo III' 6-max Seat #5 is the button
Seat 1: Powerpoint66 ($81.31 in chips) 
Seat 2: sta$igk ($128.09 in chips) 
Seat 3: m1lkdud ($122.85 in chips) 
Seat 4: BGS013 ($153.92 in chips) 
Seat 5: yzuk ($124.35 in chips) 
Seat 6: peak joker33 ($157.09 in chips) 
peak joker33: posts small blind $0.50
Powerpoint66: posts big blind $1
*** HOLE CARDS ***
sta$igk: folds 
m1lkdud: folds 
BGS013: folds 
yzuk: folds 
peak joker33: raises $2 to $3
Powerpoint66: folds 
Uncalled bet ($2) returned to peak joker33
peak joker33 collected $2 from pot
peak joker33: doesn't show hand 
*** SUMMARY ***
Total pot $2 | Rake $0 
Seat 1: Powerpoint66 (big blind) folded before Flop
Seat 2: sta$igk folded before Flop (didn't bet)
Seat 3: m1lkdud folded before Flop (didn't bet)
Seat 4: BGS013 folded before Flop (didn't bet)
Seat 5: yzuk (button) folded before Flop (didn't bet)
Seat 6: peak joker33 (small blind) collected ($2)



PokerStars Hand #254262850754:  Hold'em No Limit ($0.50/$1.00 USD) - 2025/01/08 16:18:13 WET [2025/01/08 11:18:13 ET]
Table 'Euforbo III' 6-max Seat #6 is the button
Seat 1: Powerpoint66 ($80.31 in chips) 
Seat 2: sta$igk ($128.09 in chips) 
Seat 3: m1lkdud ($122.85 in chips) 
Seat 4: BGS013 ($153.92 in chips) 
Seat 5: yzuk ($124.35 in chips) 
Seat 6: peak joker33 ($158.09 in chips) 
Powerpoint66: posts small blind $0.50
sta$igk: posts big blind $1
*** HOLE CARDS ***
m1lkdud: raises $2.50 to $3.50
BGS013: folds 
yzuk: folds 
peak joker33: folds 
Powerpoint66: folds 
sta$igk: folds 
Uncalled bet ($2.50) returned to m1lkdud
m1lkdud collected $2.50 from pot
*** SUMMARY ***
Total pot $2.50 | Rake $0 
Seat 1: Powerpoint66 (small blind) folded before Flop
Seat 2: sta$igk (big blind) folded before Flop
Seat 3: m1lkdud collected ($2.50)
Seat 4: BGS013 folded before Flop (didn't bet)
Seat 5: yzuk folded before Flop (didn't bet)
Seat 6: peak joker33 (button) folded before Flop (didn't bet)



PokerStars Hand #254262855404:  Hold'em No Limit ($0.50/$1.00 USD) - 2025/01/08 16:18:33 WET [2025/01/08 11:18:33 ET]
Table 'Euforbo III' 6-max Seat #1 is the button
Seat 1: Powerpoint66 ($79.81 in chips) 
Seat 2: sta$igk ($127.09 in chips) 
Seat 3: m1lkdud ($124.35 in chips) 
Seat 4: BGS013 ($153.92 in chips) 
Seat 5: yzuk ($124.35 in chips) 
Seat 6: peak joker33 ($158.09 in chips) 
sta$igk: posts small blind $0.50
m1lkdud: posts big blind $1
*** HOLE CARDS ***
BGS013: folds 
yzuk: folds 
peak joker33: folds 
Powerpoint66: folds 
sta$igk: raises $2 to $3
m1lkdud: raises $6 to $9
sta$igk: folds 
Uncalled bet ($6) returned to m1lkdud
m1lkdud collected $6 from pot
*** SUMMARY ***
Total pot $6 | Rake $0 
Seat 1: Powerpoint66 (button) folded before Flop (didn't bet)
Seat 2: sta$igk (small blind) folded before Flop
Seat 3: m1lkdud (big blind) collected ($6)
Seat 4: BGS013 folded before Flop (didn't bet)
Seat 5: yzuk folded before Flop (didn't bet)
Seat 6: peak joker33 folded before Flop (didn't bet)



PokerStars Hand #254262861212:  Hold'em No Limit ($0.50/$1.00 USD) - 2025/01/08 16:18:58 WET [2025/01/08 11:18:58 ET]
Table 'Euforbo III' 6-max Seat #2 is the button
Seat 1: Powerpoint66 ($79.81 in chips) 
Seat 2: sta$igk ($124.09 in chips) 
Seat 3: m1lkdud ($127.35 in chips) 
Seat 4: BGS013 ($153.92 in chips) 
Seat 5: yzuk ($124.35 in chips) 
Seat 6: peak joker33 ($158.09 in chips) 
m1lkdud: posts small blind $0.50
BGS013: posts big blind $1
*** HOLE CARDS ***
yzuk: raises $1.50 to $2.50
peak joker33: folds 
Powerpoint66: calls $2.50
sta$igk: folds 
m1lkdud: folds 
BGS013: folds 
*** FLOP *** [5h 8d 8h]
yzuk: checks 
Powerpoint66: checks 
*** TURN *** [5h 8d 8h] [3c]
yzuk: bets $2.10
Powerpoint66: folds 
Uncalled bet ($2.10) returned to yzuk
yzuk collected $6.18 from pot
yzuk: doesn't show hand 
*** SUMMARY ***
Total pot $6.50 | Rake $0.32 
Board [5h 8d 8h 3c]
Seat 1: Powerpoint66 folded on the Turn
Seat 2: sta$igk (button) folded before Flop (didn't bet)
Seat 3: m1lkdud (small blind) folded before Flop
Seat 4: BGS013 (big blind) folded before Flop
Seat 5: yzuk collected ($6.18)
Seat 6: peak joker33 folded before Flop (didn't bet)



PokerStars Hand #254262870039:  Hold'em No Limit ($0.50/$1.00 USD) - 2025/01/08 16:19:35 WET [2025/01/08 11:19:35 ET]
Table 'Euforbo III' 6-max Seat #3 is the button
Seat 1: Powerpoint66 ($77.31 in chips) 
Seat 2: sta$igk ($124.09 in chips) 
Seat 3: m1lkdud ($126.85 in chips) 
Seat 4: BGS013 ($152.92 in chips) 
Seat 5: yzuk ($128.03 in chips) 
Seat 6: peak joker33 ($158.09 in chips) 
BGS013: posts small blind $0.50
yzuk: posts big blind $1
*** HOLE CARDS ***
peak joker33: raises $1.50 to $2.50
Powerpoint66: calls $2.50
sta$igk: folds 
m1lkdud: folds 
BGS013: folds 
yzuk: folds 
*** FLOP *** [3h 4d 9h]
peak joker33: checks 
Powerpoint66: checks 
*** TURN *** [3h 4d 9h] [3d]
peak joker33: bets $3.09
Powerpoint66: calls $3.09
*** RIVER *** [3h 4d 9h 3d] [Ad]
peak joker33: checks 
Powerpoint66: checks 
*** SHOW DOWN ***
peak joker33: shows [Kd Ts] (a pair of Threes)
Powerpoint66: mucks hand 
peak joker33 collected $12.05 from pot
*** SUMMARY ***
Total pot $12.68 | Rake $0.63 
Board [3h 4d 9h 3d Ad]
Seat 1: Powerpoint66 mucked
Seat 2: sta$igk folded before Flop (didn't bet)
Seat 3: m1lkdud (button) folded before Flop (didn't bet)
Seat 4: BGS013 (small blind) folded before Flop
Seat 5: yzuk (big blind) folded before Flop
Seat 6: peak joker33 showed [Kd Ts] and won ($12.05) with a pair of Threes



PokerStars Hand #254262881093:  Hold'em No Limit ($0.50/$1.00 USD) - 2025/01/08 16:20:22 WET [2025/01/08 11:20:22 ET]
Table 'Euforbo III' 6-max Seat #4 is the button
Seat 1: Powerpoint66 ($71.72 in chips) 
Seat 2: sta$igk ($124.09 in chips) 
Seat 3: m1lkdud ($126.85 in chips) 
Seat 4: BGS013 ($152.42 in chips) 
Seat 5: yzuk ($127.03 in chips) 
Seat 6: peak joker33 ($164.55 in chips) 
yzuk: posts small blind $0.50
peak joker33: posts big blind $1
*** HOLE CARDS ***
Powerpoint66: folds 
sta$igk: folds 
m1lkdud: folds 
BGS013: raises $1.50 to $2.50
yzuk: folds 
peak joker33: folds 
Uncalled bet ($1.50) returned to BGS013
BGS013 collected $2.50 from pot
BGS013: doesn't show hand 
*** SUMMARY ***
Total pot $2.50 | Rake $0 
Seat 1: Powerpoint66 folded before Flop (didn't bet)
Seat 2: sta$igk folded before Flop (didn't bet)
Seat 3: m1lkdud folded before Flop (didn't bet)
Seat 4: BGS013 (button) collected ($2.50)
Seat 5: yzuk (small blind) folded before Flop
Seat 6: peak joker33 (big blind) folded before Flop



PokerStars Hand #254262885384:  Hold'em No Limit ($0.50/$1.00 USD) - 2025/01/08 16:20:40 WET [2025/01/08 11:20:40 ET]
Table 'Euforbo III' 6-max Seat #5 is the button
Seat 1: Powerpoint66 ($71.72 in chips) 
Seat 2: sta$igk ($124.09 in chips) 
Seat 3: m1lkdud ($126.85 in chips) 
Seat 4: BGS013 ($153.92 in chips) 
Seat 5: yzuk ($126.53 in chips) 
Seat 6: peak joker33 ($163.55 in chips) 
peak joker33: posts small blind $0.50
Powerpoint66: posts big blind $1
*** HOLE CARDS ***
sta$igk: folds 
m1lkdud: folds 
BGS013: raises $1.50 to $2.50
yzuk: folds 
peak joker33: raises $9.50 to $12
Powerpoint66: folds 
BGS013: calls $9.50
*** FLOP *** [Jc Qc Qd]
peak joker33: bets $7.84
BGS013: calls $7.84
*** TURN *** [Jc Qc Qd] [Js]
peak joker33: checks 
BGS013: bets $14
peak joker33: folds 
Uncalled bet ($14) returned to BGS013
BGS013 collected $38.65 from pot
BGS013: doesn't show hand 
*** SUMMARY ***
Total pot $40.68 | Rake $2.03 
Board [Jc Qc Qd Js]
Seat 1: Powerpoint66 (big blind) folded before Flop
Seat 2: sta$igk folded before Flop (didn't bet)
Seat 3: m1lkdud folded before Flop (didn't bet)
Seat 4: BGS013 collected ($38.65)
Seat 5: yzuk (button) folded before Flop (didn't bet)
Seat 6: peak joker33 (small blind) folded on the Turn



PokerStars Hand #254262904659:  Hold'em No Limit ($0.50/$1.00 USD) - 2025/01/08 16:22:01 WET [2025/01/08 11:22:01 ET]
Table 'Euforbo III' 6-max Seat #6 is the button
Seat 1: Powerpoint66 ($70.72 in chips) 
Seat 2: sta$igk ($124.09 in chips) 
Seat 3: m1lkdud ($126.85 in chips) 
Seat 4: BGS013 ($172.73 in chips) 
Seat 5: yzuk ($126.53 in chips) 
Seat 6: peak joker33 ($143.71 in chips) 
Powerpoint66: posts small blind $0.50
sta$igk: posts big blind $1
*** HOLE CARDS ***
m1lkdud: raises $2.50 to $3.50
BGS013: folds 
yzuk: folds 
peak joker33: folds 
Powerpoint66: folds 
sta$igk: calls $2.50
*** FLOP *** [8h Ac Tc]
sta$igk: checks 
m1lkdud: bets $3.56
sta$igk: calls $3.56
*** TURN *** [8h Ac Tc] [6h]
sta$igk: checks 
m1lkdud: bets $13.89
sta$igk: folds 
Uncalled bet ($13.89) returned to m1lkdud
m1lkdud collected $13.89 from pot
*** SUMMARY ***
Total pot $14.62 | Rake $0.73 
Board [8h Ac Tc 6h]
Seat 1: Powerpoint66 (small blind) folded before Flop
Seat 2: sta$igk (big blind) folded on the Turn
Seat 3: m1lkdud collected ($13.89)
Seat 4: BGS013 folded before Flop (didn't bet)
Seat 5: yzuk folded before Flop (didn't bet)
Seat 6: peak joker33 (button) folded before Flop (didn't bet)



PokerStars Hand #254262916776:  Hold'em No Limit ($0.50/$1.00 USD) - 2025/01/08 16:22:53 WET [2025/01/08 11:22:53 ET]
Table 'Euforbo III' 6-max Seat #1 is the button
Seat 1: Powerpoint66 ($70.22 in chips) 
Seat 2: sta$igk ($117.03 in chips) 
Seat 3: m1lkdud ($133.68 in chips) 
Seat 4: BGS013 ($172.73 in chips) 
Seat 5: yzuk ($126.53 in chips) 
Seat 6: peak joker33 ($143.71 in chips) 
sta$igk: posts small blind $0.50
m1lkdud: posts big blind $1
*** HOLE CARDS ***
BGS013: folds 
yzuk: folds 
peak joker33: folds 
Powerpoint66: folds 
sta$igk: folds 
Uncalled bet ($0.50) returned to m1lkdud
m1lkdud collected $1 from pot
*** SUMMARY ***
Total pot $1 | Rake $0 
Seat 1: Powerpoint66 (button) folded before Flop (didn't bet)
Seat 2: sta$igk (small blind) folded before Flop
Seat 3: m1lkdud (big blind) collected ($1)
Seat 4: BGS013 folded before Flop (didn't bet)
Seat 5: yzuk folded before Flop (didn't bet)
Seat 6: peak joker33 folded before Flop (didn't bet)



PokerStars Hand #254262920019:  Hold'em No Limit ($0.50/$1.00 USD) - 2025/01/08 16:23:07 WET [2025/01/08 11:23:07 ET]
Table 'Euforbo III' 6-max Seat #2 is the button
Seat 1: Powerpoint66 ($70.22 in chips) 
Seat 2: sta$igk ($116.53 in chips) 
Seat 3: m1lkdud ($134.18 in chips) 
Seat 4: BGS013 ($172.73 in chips) 
Seat 5: yzuk ($126.53 in chips) 
Seat 6: peak joker33 ($143.71 in chips) 
m1lkdud: posts small blind $0.50
BGS013: posts big blind $1
*** HOLE CARDS ***
yzuk: folds 
peak joker33: folds 
Powerpoint66: calls $1
sta$igk: folds 
m1lkdud: folds 
BGS013: checks 
*** FLOP *** [2c Kd 2d]
BGS013: checks 
Powerpoint66: checks 
*** TURN *** [2c Kd 2d] [6d]
BGS013: bets $1.31
Powerpoint66: calls $1.31
*** RIVER *** [2c Kd 2d 6d] [Jc]
BGS013: bets $3.79
Powerpoint66: folds 
Uncalled bet ($3.79) returned to BGS013
BGS013 collected $4.86 from pot
BGS013: doesn't show hand 
*** SUMMARY ***
Total pot $5.12 | Rake $0.26 
Board [2c Kd 2d 6d Jc]
Seat 1: Powerpoint66 folded on the River
Seat 2: sta$igk (button) folded before Flop (didn't bet)
Seat 3: m1lkdud (small blind) folded before Flop
Seat 4: BGS013 (big blind) collected ($4.86)
Seat 5: yzuk folded before Flop (didn't bet)
Seat 6: peak joker33 folded before Flop (didn't bet)



PokerStars Hand #254262929228:  Hold'em No Limit ($0.50/$1.00 USD) - 2025/01/08 16:23:46 WET [2025/01/08 11:23:46 ET]
Table 'Euforbo III' 6-max Seat #3 is the button
Seat 1: Powerpoint66 ($67.91 in chips) 
Seat 2: sta$igk ($116.53 in chips) 
Seat 3: m1lkdud ($133.68 in chips) 
Seat 4: BGS013 ($175.28 in chips) 
Seat 5: yzuk ($126.53 in chips) 
Seat 6: peak joker33 ($143.71 in chips) 
BGS013: posts small blind $0.50
yzuk: posts big blind $1
*** HOLE CARDS ***
peak joker33: folds 
Powerpoint66: folds 
sta$igk: folds 
m1lkdud: folds 
BGS013: folds 
Uncalled bet ($0.50) returned to yzuk
yzuk collected $1 from pot
yzuk: doesn't show hand 
*** SUMMARY ***
Total pot $1 | Rake $0 
Seat 1: Powerpoint66 folded before Flop (didn't bet)
Seat 2: sta$igk folded before Flop (didn't bet)
Seat 3: m1lkdud (button) folded before Flop (didn't bet)
Seat 4: BGS013 (small blind) folded before Flop
Seat 5: yzuk (big blind) collected ($1)
Seat 6: peak joker33 folded before Flop (didn't bet)



PokerStars Hand #254262933762:  Hold'em No Limit ($0.50/$1.00 USD) - 2025/01/08 16:24:05 WET [2025/01/08 11:24:05 ET]
Table 'Euforbo III' 6-max Seat #4 is the button
Seat 1: Powerpoint66 ($67.91 in chips) 
Seat 2: sta$igk ($116.53 in chips) 
Seat 3: m1lkdud ($133.68 in chips) 
Seat 4: BGS013 ($174.78 in chips) 
Seat 5: yzuk ($127.03 in chips) 
Seat 6: peak joker33 ($143.71 in chips) 
yzuk: posts small blind $0.50
peak joker33: posts big blind $1
*** HOLE CARDS ***
Powerpoint66: folds 
sta$igk: folds 
m1lkdud: folds 
BGS013: raises $1.50 to $2.50
yzuk: raises $10 to $12.50
peak joker33: folds 
BGS013: folds 
Uncalled bet ($10) returned to yzuk
yzuk collected $6 from pot
yzuk: doesn't show hand 
*** SUMMARY ***
Total pot $6 | Rake $0 
Seat 1: Powerpoint66 folded before Flop (didn't bet)
Seat 2: sta$igk folded before Flop (didn't bet)
Seat 3: m1lkdud folded before Flop (didn't bet)
Seat 4: BGS013 (button) folded before Flop
Seat 5: yzuk (small blind) collected ($6)
Seat 6: peak joker33 (big blind) folded before Flop



PokerStars Hand #254262940388:  Hold'em No Limit ($0.50/$1.00 USD) - 2025/01/08 16:24:33 WET [2025/01/08 11:24:33 ET]
Table 'Euforbo III' 6-max Seat #5 is the button
Seat 1: Powerpoint66 ($67.91 in chips) 
Seat 2: sta$igk ($116.53 in chips) 
Seat 3: m1lkdud ($133.68 in chips) 
Seat 4: BGS013 ($172.28 in chips) 
Seat 5: yzuk ($130.53 in chips) 
Seat 6: peak joker33 ($142.71 in chips) 
peak joker33: posts small blind $0.50
Powerpoint66: posts big blind $1
*** HOLE CARDS ***
sta$igk: folds 
m1lkdud: folds 
BGS013: folds 
yzuk: raises $1.50 to $2.50
peak joker33: folds 
Powerpoint66: folds 
Uncalled bet ($1.50) returned to yzuk
yzuk collected $2.50 from pot
yzuk: doesn't show hand 
*** SUMMARY ***
Total pot $2.50 | Rake $0 
Seat 1: Powerpoint66 (big blind) folded before Flop
Seat 2: sta$igk folded before Flop (didn't bet)
Seat 3: m1lkdud folded before Flop (didn't bet)
Seat 4: BGS013 folded before Flop (didn't bet)
Seat 5: yzuk (button) collected ($2.50)
Seat 6: peak joker33 (small blind) folded before Flop



PokerStars Hand #254262945390:  Hold'em No Limit ($0.50/$1.00 USD) - 2025/01/08 16:24:54 WET [2025/01/08 11:24:54 ET]
Table 'Euforbo III' 6-max Seat #6 is the button
Seat 1: Powerpoint66 ($66.91 in chips) 
Seat 2: sta$igk ($116.53 in chips) 
Seat 3: m1lkdud ($133.68 in chips) 
Seat 4: BGS013 ($172.28 in chips) 
Seat 5: yzuk ($132.03 in chips) 
Seat 6: peak joker33 ($142.21 in chips) 
Powerpoint66: posts small blind $0.50
sta$igk: posts big blind $1
*** HOLE CARDS ***
m1lkdud: folds 
BGS013: folds 
yzuk: folds 
peak joker33: folds 
Powerpoint66: calls $0.50
sta$igk: checks 
*** FLOP *** [8c 2c Ad]
Powerpoint66: bets $1.90
sta$igk: calls $1.90
*** TURN *** [8c 2c Ad] [5c]
Powerpoint66: checks 
sta$igk: bets $1.38
Powerpoint66: folds 
Uncalled bet ($1.38) returned to sta$igk
sta$igk collected $5.51 from pot
sta$igk: doesn't show hand 
*** SUMMARY ***
Total pot $5.80 | Rake $0.29 
Board [8c 2c Ad 5c]
Seat 1: Powerpoint66 (small blind) folded on the Turn
Seat 2: sta$igk (big blind) collected ($5.51)
Seat 3: m1lkdud folded before Flop (didn't bet)
Seat 4: BGS013 folded before Flop (didn't bet)
Seat 5: yzuk folded before Flop (didn't bet)
Seat 6: peak joker33 (button) folded before Flop (didn't bet)



PokerStars Hand #254262954001:  Hold'em No Limit ($0.50/$1.00 USD) - 2025/01/08 16:25:31 WET [2025/01/08 11:25:31 ET]
Table 'Euforbo III' 6-max Seat #1 is the button
Seat 1: Powerpoint66 ($64.01 in chips) 
Seat 2: sta$igk ($119.14 in chips) 
Seat 3: m1lkdud ($133.68 in chips) 
Seat 4: BGS013 ($172.28 in chips) 
Seat 5: yzuk ($132.03 in chips) 
Seat 6: peak joker33 ($142.21 in chips) 
sta$igk: posts small blind $0.50
m1lkdud: posts big blind $1
*** HOLE CARDS ***
BGS013: raises $1 to $2
yzuk: folds 
peak joker33: folds 
Powerpoint66: calls $2
sta$igk: folds 
m1lkdud: folds 
*** FLOP *** [Ts Qc 4h]
BGS013: bets $1.36
Powerpoint66: folds 
Uncalled bet ($1.36) returned to BGS013
BGS013 collected $5.22 from pot
BGS013: doesn't show hand 
*** SUMMARY ***
Total pot $5.50 | Rake $0.28 
Board [Ts Qc 4h]
Seat 1: Powerpoint66 (button) folded on the Flop
Seat 2: sta$igk (small blind) folded before Flop
Seat 3: m1lkdud (big blind) folded before Flop
Seat 4: BGS013 collected ($5.22)
Seat 5: yzuk folded before Flop (didn't bet)
Seat 6: peak joker33 folded before Flop (didn't bet)



PokerStars Hand #254262957827:  Hold'em No Limit ($0.50/$1.00 USD) - 2025/01/08 16:25:46 WET [2025/01/08 11:25:46 ET]
Table 'Euforbo III' 6-max Seat #2 is the button
Seat 1: Powerpoint66 ($62.01 in chips) 
Seat 2: sta$igk ($118.64 in chips) 
Seat 3: m1lkdud ($132.68 in chips) 
Seat 4: BGS013 ($175.50 in chips) 
Seat 5: yzuk ($132.03 in chips) 
Seat 6: peak joker33 ($142.21 in chips) 
m1lkdud: posts small blind $0.50
BGS013: posts big blind $1
*** HOLE CARDS ***
yzuk: raises $1.50 to $2.50
peak joker33: folds 
Powerpoint66: folds 
sta$igk: folds 
m1lkdud: raises $7 to $9.50
BGS013: folds 
yzuk: raises $17.50 to $27
m1lkdud: raises $105.68 to $132.68 and is all-in
yzuk: calls $105.03 and is all-in
Uncalled bet ($0.65) returned to m1lkdud
*** FLOP *** [Ah 3h Td]
*** TURN *** [Ah 3h Td] [Js]
*** RIVER *** [Ah 3h Td Js] [2h]
*** SHOW DOWN ***
m1lkdud: shows [Qd Qs] (a pair of Queens)
yzuk: shows [Ac As] (three of a kind, Aces)
yzuk collected $262.56 from pot
*** SUMMARY ***
Total pot $265.06 | Rake $2.50 
Board [Ah 3h Td Js 2h]
Seat 1: Powerpoint66 folded before Flop (didn't bet)
Seat 2: sta$igk (button) folded before Flop (didn't bet)
Seat 3: m1lkdud (small blind) showed [Qd Qs] and lost with a pair of Queens
Seat 4: BGS013 (big blind) folded before Flop
Seat 5: yzuk showed [Ac As] and won ($262.56) with three of a kind, Aces
Seat 6: peak joker33 folded before Flop (didn't bet)



PokerStars Hand #254262966753:  Hold'em No Limit ($0.50/$1.00 USD) - 2025/01/08 16:26:24 WET [2025/01/08 11:26:24 ET]
Table 'Euforbo III' 6-max Seat #4 is the button
Seat 1: Powerpoint66 ($62.01 in chips) 
Seat 2: sta$igk ($118.64 in chips) 
Seat 4: BGS013 ($174.50 in chips) 
Seat 6: peak joker33 ($142.21 in chips) 
peak joker33: posts small blind $0.50
m1lkdud leaves the table
Powerpoint66: posts big blind $1
*** HOLE CARDS ***
sta$igk: folds 
BGS013: raises $1.50 to $2.50
peak joker33: calls $2
Powerpoint66: folds 
*** FLOP *** [6c As Ts]
peak joker33: checks 
sosatime96 joins the table at seat #3 
BGS013: bets $1.48
peak joker33: calls $1.48
*** TURN *** [6c As Ts] [3c]
peak joker33: checks 
BGS013: checks 
*** RIVER *** [6c As Ts 3c] [Td]
peak joker33: checks 
BGS013: bets $6.64
GuigaMan joins the table at seat #5 
peak joker33: folds 
Uncalled bet ($6.64) returned to BGS013
BGS013 collected $8.51 from pot
BGS013: doesn't show hand 
*** SUMMARY ***
Total pot $8.96 | Rake $0.45 
Board [6c As Ts 3c Td]
Seat 1: Powerpoint66 (big blind) folded before Flop
Seat 2: sta$igk folded before Flop (didn't bet)
Seat 4: BGS013 (button) collected ($8.51)
Seat 6: peak joker33 (small blind) folded on the River



PokerStars Hand #254262985197:  Hold'em No Limit ($0.50/$1.00 USD) - 2025/01/08 16:27:41 WET [2025/01/08 11:27:41 ET]
Table 'Euforbo III' 6-max Seat #6 is the button
Seat 2: sta$igk ($118.64 in chips) is sitting out
Seat 5: GuigaMan ($100 in chips) is sitting out
Seat 1: Powerpoint66 ($61.01 in chips) 
Seat 3: sosatime96 ($100 in chips) 
Seat 4: BGS013 ($179.03 in chips) 
Seat 6: peak joker33 ($138.23 in chips) 
Powerpoint66: posts small blind $0.50
sta$igk: is sitting out 
sosatime96: posts big blind $1
GuigaMan: sits out 
*** HOLE CARDS ***
BGS013: folds 
sta$igk leaves the table
peak joker33: raises $1.50 to $2.50
Powerpoint66: calls $2
BGS013 leaves the table
sosatime96: folds 
*** FLOP *** [7h 9c 6d]
Powerpoint66: checks 
peak joker33: bets $3.42
Powerpoint66: folds 
Uncalled bet ($3.42) returned to peak joker33
peak joker33 collected $5.70 from pot
peak joker33: doesn't show hand 
*** SUMMARY ***
Total pot $6 | Rake $0.30 
Board [7h 9c 6d]
Seat 2: sta$igk
Seat 5: GuigaMan
Seat 1: Powerpoint66 (small blind) folded on the Flop
Seat 3: sosatime96 (big blind) folded before Flop
Seat 4: BGS013 folded before Flop (didn't bet)
Seat 6: peak joker33 (button) collected ($5.70)



PokerStars Hand #254262993827:  Hold'em No Limit ($0.50/$1.00 USD) - 2025/01/08 16:28:18 WET [2025/01/08 11:28:18 ET]
Table 'Euforbo III' 6-max Seat #1 is the button
Seat 1: Powerpoint66 ($58.51 in chips) 
Seat 3: sosatime96 ($100 in chips) 
Seat 5: GuigaMan ($100 in chips) 
Seat 6: peak joker33 ($141.43 in chips) 
sosatime96: posts small blind $0.50
GuigaMan: posts big blind $1
*** HOLE CARDS ***
peak joker33: folds 
Powerpoint66: folds 
sosatime96: folds 
Uncalled bet ($0.50) returned to GuigaMan
GuigaMan collected $1 from pot
GuigaMan: doesn't show hand 
*** SUMMARY ***
Total pot $1 | Rake $0 
Seat 1: Powerpoint66 (button) folded before Flop (didn't bet)
Seat 3: sosatime96 (small blind) folded before Flop
Seat 5: GuigaMan (big blind) collected ($1)
Seat 6: peak joker33 folded before Flop (didn't bet)



PokerStars Hand #254262997409:  Hold'em No Limit ($0.50/$1.00 USD) - 2025/01/08 16:28:32 WET [2025/01/08 11:28:32 ET]
Table 'Euforbo III' 6-max Seat #3 is the button
Seat 6: peak joker33 ($141.43 in chips) is sitting out
Seat 1: Powerpoint66 ($58.51 in chips) 
Seat 3: sosatime96 ($100 in chips) 
Seat 5: GuigaMan ($100.50 in chips) 
GuigaMan: posts small blind $0.50
peak joker33: is sitting out 
Powerpoint66: posts big blind $1
*** HOLE CARDS ***
sosatime96: raises $1.50 to $2.50
GuigaMan: raises $8.50 to $11
Powerpoint66: folds 
sosatime96: folds 
Uncalled bet ($8.50) returned to GuigaMan
GuigaMan collected $6 from pot
GuigaMan: doesn't show hand 
*** SUMMARY ***
Total pot $6 | Rake $0 
Seat 6: peak joker33
Seat 1: Powerpoint66 (big blind) folded before Flop
Seat 3: sosatime96 (button) folded before Flop
Seat 5: GuigaMan (small blind) collected ($6)



PokerStars Hand #254263001216:  Hold'em No Limit ($0.50/$1.00 USD) - 2025/01/08 16:28:48 WET [2025/01/08 11:28:48 ET]
Table 'Euforbo III' 6-max Seat #5 is the button
Seat 6: peak joker33 ($141.43 in chips) is sitting out
Seat 1: Powerpoint66 ($57.51 in chips) 
Seat 3: sosatime96 ($100 in chips) 
Seat 5: GuigaMan ($104 in chips) 
Powerpoint66: posts small blind $0.50
sosatime96: posts big blind $1
*** HOLE CARDS ***
GuigaMan: folds 
Powerpoint66: calls $0.50
sosatime96: checks 
*** FLOP *** [4h 7h Kd]
Powerpoint66: bets $1.90
sosatime96: folds 
Uncalled bet ($1.90) returned to Powerpoint66
Powerpoint66 collected $1.88 from pot
*** SUMMARY ***
Total pot $2 | Rake $0.12 
Board [4h 7h Kd]
Seat 6: peak joker33
Seat 1: Powerpoint66 (small blind) collected ($1.88)
Seat 3: sosatime96 (big blind) folded on the Flop
Seat 5: GuigaMan (button) folded before Flop (didn't bet)



PokerStars Hand #254263005333:  Hold'em No Limit ($0.50/$1.00 USD) - 2025/01/08 16:29:06 WET [2025/01/08 11:29:06 ET]
Table 'Euforbo III' 6-max Seat #1 is the button
Seat 6: peak joker33 ($141.43 in chips) is sitting out
Seat 1: Powerpoint66 ($58.39 in chips) 
Seat 3: sosatime96 ($100 in chips) 
Seat 5: GuigaMan ($104 in chips) 
sosatime96: posts small blind $0.50
GuigaMan: posts big blind $1
peak joker33: sits out 
*** HOLE CARDS ***
Powerpoint66: folds 
sosatime96: folds 
Uncalled bet ($0.50) returned to GuigaMan
GuigaMan collected $1 from pot
GuigaMan: doesn't show hand 
*** SUMMARY ***
Total pot $1 | Rake $0 
Seat 6: peak joker33
Seat 1: Powerpoint66 (button) folded before Flop (didn't bet)
Seat 3: sosatime96 (small blind) folded before Flop
Seat 5: GuigaMan (big blind) collected ($1)



PokerStars Hand #254263008333:  Hold'em No Limit ($0.50/$1.00 USD) - 2025/01/08 16:29:18 WET [2025/01/08 11:29:18 ET]
Table 'Euforbo III' 6-max Seat #3 is the button
Seat 1: Powerpoint66 ($58.39 in chips) 
Seat 3: sosatime96 ($100 in chips) 
Seat 5: GuigaMan ($104.50 in chips) 
Seat 6: peak joker33 ($141.43 in chips) 
GuigaMan: posts small blind $0.50
peak joker33: posts big blind $1
*** HOLE CARDS ***
Powerpoint66: folds 
sosatime96: folds 
GuigaMan: raises $2 to $3
peak joker33: raises $6 to $9
GuigaMan: folds 
Uncalled bet ($6) returned to peak joker33
peak joker33 collected $6 from pot
peak joker33: doesn't show hand 
*** SUMMARY ***
Total pot $6 | Rake $0 
Seat 1: Powerpoint66 folded before Flop (didn't bet)
Seat 3: sosatime96 (button) folded before Flop (didn't bet)
Seat 5: GuigaMan (small blind) folded before Flop
Seat 6: peak joker33 (big blind) collected ($6)



PokerStars Hand #254263014301:  Hold'em No Limit ($0.50/$1.00 USD) - 2025/01/08 16:29:43 WET [2025/01/08 11:29:43 ET]
Table 'Euforbo III' 6-max Seat #5 is the button
Seat 1: Powerpoint66 ($58.39 in chips) 
Seat 3: sosatime96 ($100 in chips) 
Seat 5: GuigaMan ($101.50 in chips) 
Seat 6: peak joker33 ($144.43 in chips) 
peak joker33: posts small blind $0.50
Powerpoint66: posts big blind $1
*** HOLE CARDS ***
poker_soul11 joins the table at seat #4 
sosatime96: folds 
GuigaMan: folds 
peak joker33: raises $2 to $3
Powerpoint66: folds 
Uncalled bet ($2) returned to peak joker33
peak joker33 collected $2 from pot
peak joker33: doesn't show hand 
*** SUMMARY ***
Total pot $2 | Rake $0 
Seat 1: Powerpoint66 (big blind) folded before Flop
Seat 3: sosatime96 folded before Flop (didn't bet)
Seat 5: GuigaMan (button) folded before Flop (didn't bet)
Seat 6: peak joker33 (small blind) collected ($2)



PokerStars Hand #254263019567:  Hold'em No Limit ($0.50/$1.00 USD) - 2025/01/08 16:30:03 WET [2025/01/08 11:30:03 ET]
Table 'Euforbo III' 6-max Seat #6 is the button
Seat 4: poker_soul11 ($100 in chips) is sitting out
Seat 1: Powerpoint66 ($57.39 in chips) 
Seat 3: sosatime96 ($100 in chips) 
Seat 5: GuigaMan ($101.50 in chips) 
Seat 6: peak joker33 ($145.43 in chips) 
Powerpoint66: posts small blind $0.50
sosatime96: posts big blind $1
poker_soul11: sits out 
*** HOLE CARDS ***
GuigaMan: folds 
peak joker33: folds 
Powerpoint66: folds 
Uncalled bet ($0.50) returned to sosatime96
sosatime96 collected $1 from pot
sosatime96: doesn't show hand 
*** SUMMARY ***
Total pot $1 | Rake $0 
Seat 4: poker_soul11
Seat 1: Powerpoint66 (small blind) folded before Flop
Seat 3: sosatime96 (big blind) collected ($1)
Seat 5: GuigaMan folded before Flop (didn't bet)
Seat 6: peak joker33 (button) folded before Flop (didn't bet)



PokerStars Hand #254263021139:  Hold'em No Limit ($0.50/$1.00 USD) - 2025/01/08 16:30:10 WET [2025/01/08 11:30:10 ET]
Table 'Euforbo III' 6-max Seat #1 is the button
Seat 1: Powerpoint66 ($56.89 in chips) 
Seat 3: sosatime96 ($100.50 in chips) 
Seat 4: poker_soul11 ($100 in chips) 
Seat 5: GuigaMan ($101.50 in chips) 
Seat 6: peak joker33 ($145.43 in chips) 
sosatime96: posts small blind $0.50
poker_soul11: posts big blind $1
*** HOLE CARDS ***
GuigaMan: folds 
peak joker33: folds 
Powerpoint66 has timed out
Powerpoint66: folds 
sosatime96: folds 
Uncalled bet ($0.50) returned to poker_soul11
poker_soul11 collected $1 from pot
poker_soul11: doesn't show hand 
*** SUMMARY ***
Total pot $1 | Rake $0 
Seat 1: Powerpoint66 (button) folded before Flop (didn't bet)
Seat 3: sosatime96 (small blind) folded before Flop
Seat 4: poker_soul11 (big blind) collected ($1)
Seat 5: GuigaMan folded before Flop (didn't bet)
Seat 6: peak joker33 folded before Flop (didn't bet)



PokerStars Hand #254263026288:  Hold'em No Limit ($0.50/$1.00 USD) - 2025/01/08 16:30:31 WET [2025/01/08 11:30:31 ET]
Table 'Euforbo III' 6-max Seat #3 is the button
Seat 1: Powerpoint66 ($56.89 in chips) 
Seat 3: sosatime96 ($100 in chips) 
Seat 4: poker_soul11 ($100.50 in chips) 
Seat 5: GuigaMan ($101.50 in chips) 
Seat 6: peak joker33 ($145.43 in chips) 
poker_soul11: posts small blind $0.50
GuigaMan: posts big blind $1
*** HOLE CARDS ***
peak joker33: folds 
Powerpoint66: folds 
sosatime96: raises $1.50 to $2.50
poker_soul11: raises $9.50 to $12
GuigaMan: folds 
sosatime96: folds 
Uncalled bet ($9.50) returned to poker_soul11
poker_soul11 collected $6 from pot
poker_soul11: doesn't show hand 
*** SUMMARY ***
Total pot $6 | Rake $0 
Seat 1: Powerpoint66 folded before Flop (didn't bet)
Seat 3: sosatime96 (button) folded before Flop
Seat 4: poker_soul11 (small blind) collected ($6)
Seat 5: GuigaMan (big blind) folded before Flop
Seat 6: peak joker33 folded before Flop (didn't bet)



PokerStars Hand #254263033460:  Hold'em No Limit ($0.50/$1.00 USD) - 2025/01/08 16:31:00 WET [2025/01/08 11:31:00 ET]
Table 'Euforbo III' 6-max Seat #4 is the button
Seat 1: Powerpoint66 ($56.89 in chips) 
Seat 3: sosatime96 ($100 in chips) 
Seat 4: poker_soul11 ($104 in chips) 
Seat 5: GuigaMan ($100.50 in chips) 
Seat 6: peak joker33 ($145.43 in chips) 
GuigaMan: posts small blind $0.50
peak joker33: posts big blind $1
*** HOLE CARDS ***
xxxZeka joins the table at seat #2 
Powerpoint66: folds 
sosatime96: raises $1.30 to $2.30
poker_soul11: folds 
GuigaMan: folds 
peak joker33: folds 
Uncalled bet ($1.30) returned to sosatime96
sosatime96 collected $2.50 from pot
sosatime96: doesn't show hand 
*** SUMMARY ***
Total pot $2.50 | Rake $0 
Seat 1: Powerpoint66 folded before Flop (didn't bet)
Seat 3: sosatime96 collected ($2.50)
Seat 4: poker_soul11 (button) folded before Flop (didn't bet)
Seat 5: GuigaMan (small blind) folded before Flop
Seat 6: peak joker33 (big blind) folded before Flop



PokerStars Hand #254263037047:  Hold'em No Limit ($0.50/$1.00 USD) - 2025/01/08 16:31:15 WET [2025/01/08 11:31:15 ET]
Table 'Euforbo III' 6-max Seat #5 is the button
Seat 2: xxxZeka ($100 in chips) is sitting out
Seat 1: Powerpoint66 ($56.89 in chips) 
Seat 3: sosatime96 ($101.50 in chips) 
Seat 4: poker_soul11 ($104 in chips) 
Seat 5: GuigaMan ($100 in chips) 
Seat 6: peak joker33 ($144.43 in chips) 
peak joker33: posts small blind $0.50
Powerpoint66: posts big blind $1
xxxZeka: sits out 
*** HOLE CARDS ***
sosatime96: folds 
poker_soul11: folds 
GuigaMan: raises $1.10 to $2.10
peak joker33: folds 
Powerpoint66: folds 
Uncalled bet ($1.10) returned to GuigaMan
GuigaMan collected $2.50 from pot
GuigaMan: doesn't show hand 
*** SUMMARY ***
Total pot $2.50 | Rake $0 
Seat 2: xxxZeka
Seat 1: Powerpoint66 (big blind) folded before Flop
Seat 3: sosatime96 folded before Flop (didn't bet)
Seat 4: poker_soul11 folded before Flop (didn't bet)
Seat 5: GuigaMan (button) collected ($2.50)
Seat 6: peak joker33 (small blind) folded before Flop



PokerStars Hand #254263041149:  Hold'em No Limit ($0.50/$1.00 USD) - 2025/01/08 16:31:32 WET [2025/01/08 11:31:32 ET]
Table 'Euforbo III' 6-max Seat #6 is the button
Seat 1: Powerpoint66 ($55.89 in chips) 
Seat 2: xxxZeka ($100 in chips) 
Seat 3: sosatime96 ($101.50 in chips) 
Seat 4: poker_soul11 ($104 in chips) 
Seat 5: GuigaMan ($101.50 in chips) 
Seat 6: peak joker33 ($143.93 in chips) 
Powerpoint66: posts small blind $0.50
xxxZeka: posts big blind $1
*** HOLE CARDS ***
sosatime96: folds 
poker_soul11: folds 
GuigaMan: folds 
peak joker33: raises $1.50 to $2.50
Powerpoint66: folds 
xxxZeka: raises $10 to $12.50
peak joker33: folds 
Uncalled bet ($10) returned to xxxZeka
xxxZeka collected $5.50 from pot
xxxZeka: doesn't show hand 
*** SUMMARY ***
Total pot $5.50 | Rake $0 
Seat 1: Powerpoint66 (small blind) folded before Flop
Seat 2: xxxZeka (big blind) collected ($5.50)
Seat 3: sosatime96 folded before Flop (didn't bet)
Seat 4: poker_soul11 folded before Flop (didn't bet)
Seat 5: GuigaMan folded before Flop (didn't bet)
Seat 6: peak joker33 (button) folded before Flop



PokerStars Hand #254263047655:  Hold'em No Limit ($0.50/$1.00 USD) - 2025/01/08 16:31:58 WET [2025/01/08 11:31:58 ET]
Table 'Euforbo III' 6-max Seat #1 is the button
Seat 1: Powerpoint66 ($55.39 in chips) 
Seat 2: xxxZeka ($103 in chips) 
Seat 3: sosatime96 ($101.50 in chips) 
Seat 4: poker_soul11 ($104 in chips) 
Seat 5: GuigaMan ($101.50 in chips) 
Seat 6: peak joker33 ($141.43 in chips) 
xxxZeka: posts small blind $0.50
sosatime96: posts big blind $1
*** HOLE CARDS ***
poker_soul11: folds 
GuigaMan: folds 
peak joker33: raises $1.50 to $2.50
Powerpoint66: calls $2.50
xxxZeka: folds 
sosatime96: folds 
*** FLOP *** [8c Ad 2h]
peak joker33: bets $2.04
Powerpoint66: raises $2.96 to $5
peak joker33: calls $2.96
*** TURN *** [8c Ad 2h] [8h]
peak joker33: checks 
Powerpoint66: bets $7.84
peak joker33: folds 
Uncalled bet ($7.84) returned to Powerpoint66
Powerpoint66 collected $15.48 from pot
*** SUMMARY ***
Total pot $16.50 | Rake $1.02 
Board [8c Ad 2h 8h]
Seat 1: Powerpoint66 (button) collected ($15.48)
Seat 2: xxxZeka (small blind) folded before Flop
Seat 3: sosatime96 (big blind) folded before Flop
Seat 4: poker_soul11 folded before Flop (didn't bet)
Seat 5: GuigaMan folded before Flop (didn't bet)
Seat 6: peak joker33 folded on the Turn



PokerStars Hand #254263058774:  Hold'em No Limit ($0.50/$1.00 USD) - 2025/01/08 16:32:43 WET [2025/01/08 11:32:43 ET]
Table 'Euforbo III' 6-max Seat #2 is the button
Seat 1: Powerpoint66 ($63.37 in chips) 
Seat 2: xxxZeka ($102.50 in chips) 
Seat 3: sosatime96 ($100.50 in chips) 
Seat 4: poker_soul11 ($104 in chips) 
Seat 5: GuigaMan ($101.50 in chips) 
Seat 6: peak joker33 ($133.93 in chips) 
sosatime96: posts small blind $0.50
poker_soul11: posts big blind $1
*** HOLE CARDS ***
GuigaMan: folds 
peak joker33: folds 
Powerpoint66: folds 
xxxZeka: folds 
sosatime96: raises $2 to $3
poker_soul11: calls $2
*** FLOP *** [As 8h 5h]
sosatime96: checks 
poker_soul11: checks 
*** TURN *** [As 8h 5h] [8s]
sosatime96: checks 
poker_soul11: checks 
*** RIVER *** [As 8h 5h 8s] [2c]
sosatime96: bets $8.55
poker_soul11: folds 
Uncalled bet ($8.55) returned to sosatime96
sosatime96 collected $5.70 from pot
sosatime96: doesn't show hand 
*** SUMMARY ***
Total pot $6 | Rake $0.30 
Board [As 8h 5h 8s 2c]
Seat 1: Powerpoint66 folded before Flop (didn't bet)
Seat 2: xxxZeka (button) folded before Flop (didn't bet)
Seat 3: sosatime96 (small blind) collected ($5.70)
Seat 4: poker_soul11 (big blind) folded on the River
Seat 5: GuigaMan folded before Flop (didn't bet)
Seat 6: peak joker33 folded before Flop (didn't bet)



PokerStars Hand #254263077438:  Hold'em No Limit ($0.50/$1.00 USD) - 2025/01/08 16:34:00 WET [2025/01/08 11:34:00 ET]
Table 'Euforbo III' 6-max Seat #3 is the button
Seat 1: Powerpoint66 ($63.37 in chips) 
Seat 2: xxxZeka ($102.50 in chips) 
Seat 3: sosatime96 ($103.20 in chips) 
Seat 4: poker_soul11 ($101 in chips) 
Seat 5: GuigaMan ($101.50 in chips) 
Seat 6: peak joker33 ($133.93 in chips) 
poker_soul11: posts small blind $0.50
GuigaMan: posts big blind $1
*** HOLE CARDS ***
peak joker33: folds 
Powerpoint66: folds 
xxxZeka: folds 
sosatime96: raises $1.50 to $2.50
poker_soul11: folds 
GuigaMan: calls $1.50
*** FLOP *** [6h 5s Qs]
GuigaMan: checks 
sosatime96: bets $2.61
GuigaMan: folds 
Uncalled bet ($2.61) returned to sosatime96
sosatime96 collected $5.22 from pot
sosatime96: doesn't show hand 
*** SUMMARY ***
Total pot $5.50 | Rake $0.28 
Board [6h 5s Qs]
Seat 1: Powerpoint66 folded before Flop (didn't bet)
Seat 2: xxxZeka folded before Flop (didn't bet)
Seat 3: sosatime96 (button) collected ($5.22)
Seat 4: poker_soul11 (small blind) folded before Flop
Seat 5: GuigaMan (big blind) folded on the Flop
Seat 6: peak joker33 folded before Flop (didn't bet)



PokerStars Hand #254263090395:  Hold'em No Limit ($0.50/$1.00 USD) - 2025/01/08 16:34:52 WET [2025/01/08 11:34:52 ET]
Table 'Euforbo III' 6-max Seat #4 is the button
Seat 1: Powerpoint66 ($63.37 in chips) 
Seat 2: xxxZeka ($102.50 in chips) 
Seat 3: sosatime96 ($105.92 in chips) 
Seat 4: poker_soul11 ($100.50 in chips) 
Seat 5: GuigaMan ($100 in chips) 
Seat 6: peak joker33 ($133.93 in chips) 
GuigaMan: posts small blind $0.50
peak joker33: posts big blind $1
*** HOLE CARDS ***
Powerpoint66: folds 
xxxZeka: folds 
sosatime96: folds 
Powerpoint66 leaves the table
poker_soul11: raises $1.20 to $2.20
GuigaMan: folds 
peak joker33: raises $7.80 to $10
poker_soul11: raises $13 to $23
peak joker33: folds 
Uncalled bet ($13) returned to poker_soul11
poker_soul11 collected $20.50 from pot
poker_soul11: doesn't show hand 
*** SUMMARY ***
Total pot $20.50 | Rake $0 
Seat 1: Powerpoint66 folded before Flop (didn't bet)
Seat 2: xxxZeka folded before Flop (didn't bet)
Seat 3: sosatime96 folded before Flop (didn't bet)
Seat 4: poker_soul11 (button) collected ($20.50)
Seat 5: GuigaMan (small blind) folded before Flop
Seat 6: peak joker33 (big blind) folded before Flop



PokerStars Hand #254263099725:  Hold'em No Limit ($0.50/$1.00 USD) - 2025/01/08 16:35:30 WET [2025/01/08 11:35:30 ET]
Table 'Euforbo III' 6-max Seat #5 is the button
Seat 2: xxxZeka ($102.50 in chips) 
Seat 3: sosatime96 ($105.92 in chips) 
Seat 4: poker_soul11 ($111 in chips) 
Seat 5: GuigaMan ($100 in chips) 
Seat 6: peak joker33 ($123.93 in chips) 
peak joker33: posts small blind $0.50
xxxZeka: posts big blind $1
*** HOLE CARDS ***
sosatime96: raises $1.50 to $2.50
poker_soul11: folds 
GuigaMan: folds 
peak joker33: folds 
xxxZeka: calls $1.50
*** FLOP *** [3d 6s 2d]
xxxZeka: checks 
sosatime96: checks 
*** TURN *** [3d 6s 2d] [Qh]
xxxZeka: checks 
sosatime96: checks 
*** RIVER *** [3d 6s 2d Qh] [2h]
xxxZeka: checks 
sosatime96: checks 
*** SHOW DOWN ***
xxxZeka: shows [Jc Ad] (a pair of Deuces)
sosatime96: mucks hand 
xxxZeka collected $5.22 from pot
*** SUMMARY ***
Total pot $5.50 | Rake $0.28 
Board [3d 6s 2d Qh 2h]
Seat 2: xxxZeka (big blind) showed [Jc Ad] and won ($5.22) with a pair of Deuces
Seat 3: sosatime96 mucked
Seat 4: poker_soul11 folded before Flop (didn't bet)
Seat 5: GuigaMan (button) folded before Flop (didn't bet)
Seat 6: peak joker33 (small blind) folded before Flop



PokerStars Hand #254263117495:  Hold'em No Limit ($0.50/$1.00 USD) - 2025/01/08 16:36:42 WET [2025/01/08 11:36:42 ET]
Table 'Euforbo III' 6-max Seat #6 is the button
Seat 2: xxxZeka ($105.22 in chips) 
Seat 3: sosatime96 ($103.42 in chips) 
Seat 4: poker_soul11 ($111 in chips) 
Seat 5: GuigaMan ($100 in chips) 
Seat 6: peak joker33 ($123.43 in chips) 
xxxZeka: posts small blind $0.50
sosatime96: posts big blind $1
*** HOLE CARDS ***
tsvetkov032 joins the table at seat #1 
tsvetkov032 is disconnected 
poker_soul11: folds 
GuigaMan: raises $1.10 to $2.10
peak joker33: folds 
xxxZeka: folds 
sosatime96: calls $1.10
*** FLOP *** [Td 6c Js]
sosatime96: checks 
GuigaMan: bets $2.41
sosatime96: folds 
Uncalled bet ($2.41) returned to GuigaMan
GuigaMan collected $4.46 from pot
GuigaMan: doesn't show hand 
*** SUMMARY ***
Total pot $4.70 | Rake $0.24 
Board [Td 6c Js]
Seat 2: xxxZeka (small blind) folded before Flop
Seat 3: sosatime96 (big blind) folded on the Flop
Seat 4: poker_soul11 folded before Flop (didn't bet)
Seat 5: GuigaMan collected ($4.46)
Seat 6: peak joker33 (button) folded before Flop (didn't bet)



PokerStars Hand #254263128798:  Hold'em No Limit ($0.50/$1.00 USD) - 2025/01/08 16:37:27 WET [2025/01/08 11:37:27 ET]
Table 'Euforbo III' 6-max Seat #2 is the button
Seat 4: poker_soul11 ($111 in chips) is sitting out
Seat 1: tsvetkov032 ($50.94 in chips) 
Seat 2: xxxZeka ($104.72 in chips) 
Seat 3: sosatime96 ($101.32 in chips) 
Seat 5: GuigaMan ($102.36 in chips) 
Seat 6: peak joker33 ($123.43 in chips) 
sosatime96: posts small blind $0.50
poker_soul11: is sitting out 
GuigaMan: posts big blind $1
tsvetkov032: posts big blind $1
*** HOLE CARDS ***
peak joker33: folds 
tsvetkov032: checks 
poker_soul11 leaves the table
xxxZeka: raises $3 to $4
sosatime96: folds 
GuigaMan: folds 
tsvetkov032: folds 
Uncalled bet ($3) returned to xxxZeka
xxxZeka collected $3.50 from pot
xxxZeka: doesn't show hand 
sta$igk joins the table at seat #4 
*** SUMMARY ***
Total pot $3.50 | Rake $0 
Seat 4: poker_soul11
Seat 1: tsvetkov032 folded before Flop (didn't bet)
Seat 2: xxxZeka (button) collected ($3.50)
Seat 3: sosatime96 (small blind) folded before Flop
Seat 5: GuigaMan (big blind) folded before Flop
Seat 6: peak joker33 folded before Flop (didn't bet)



PokerStars Hand #254263132354:  Hold'em No Limit ($0.50/$1.00 USD) - 2025/01/08 16:37:41 WET [2025/01/08 11:37:41 ET]
Table 'Euforbo III' 6-max Seat #3 is the button
Seat 4: sta$igk ($118.64 in chips) is sitting out
Seat 1: tsvetkov032 ($49.94 in chips) 
Seat 2: xxxZeka ($107.22 in chips) 
Seat 3: sosatime96 ($100.82 in chips) 
Seat 5: GuigaMan ($101.36 in chips) 
Seat 6: peak joker33 ($123.43 in chips) 
GuigaMan: posts small blind $0.50
peak joker33: posts big blind $1
*** HOLE CARDS ***
tsvetkov032: folds 
xxxZeka: folds 
sosatime96: raises $1.50 to $2.50
GuigaMan: raises $8.50 to $11
peak joker33: folds 
sosatime96: calls $8.50
*** FLOP *** [8d Jh 5c]
GuigaMan: bets $11.80
sosatime96: folds 
Uncalled bet ($11.80) returned to GuigaMan
GuigaMan collected $21.85 from pot
GuigaMan: doesn't show hand 
*** SUMMARY ***
Total pot $23 | Rake $1.15 
Board [8d Jh 5c]
Seat 4: sta$igk
Seat 1: tsvetkov032 folded before Flop (didn't bet)
Seat 2: xxxZeka folded before Flop (didn't bet)
Seat 3: sosatime96 (button) folded on the Flop
Seat 5: GuigaMan (small blind) collected ($21.85)
Seat 6: peak joker33 (big blind) folded before Flop



PokerStars Hand #254263149342:  Hold'em No Limit ($0.50/$1.00 USD) - 2025/01/08 16:38:49 WET [2025/01/08 11:38:49 ET]
Table 'Euforbo III' 6-max Seat #5 is the button
Seat 4: sta$igk ($118.64 in chips) is sitting out
Seat 1: tsvetkov032 ($49.94 in chips) 
Seat 2: xxxZeka ($107.22 in chips) 
Seat 3: sosatime96 ($100 in chips) 
Seat 5: GuigaMan ($112.21 in chips) 
Seat 6: peak joker33 ($122.43 in chips) 
peak joker33: posts small blind $0.50
tsvetkov032: posts big blind $1
sta$igk: sits out 
*** HOLE CARDS ***
xxxZeka: folds 
sosatime96: folds 
GuigaMan: folds 
peak joker33: folds 
Uncalled bet ($0.50) returned to tsvetkov032
tsvetkov032 collected $1 from pot
*** SUMMARY ***
Total pot $1 | Rake $0 
Seat 4: sta$igk
Seat 1: tsvetkov032 (big blind) collected ($1)
Seat 2: xxxZeka folded before Flop (didn't bet)
Seat 3: sosatime96 folded before Flop (didn't bet)
Seat 5: GuigaMan (button) folded before Flop (didn't bet)
Seat 6: peak joker33 (small blind) folded before Flop



PokerStars Hand #254263155285:  Hold'em No Limit ($0.50/$1.00 USD) - 2025/01/08 16:39:13 WET [2025/01/08 11:39:13 ET]
Table 'Euforbo III' 6-max Seat #6 is the button
Seat 4: sta$igk ($118.64 in chips) is sitting out
Seat 1: tsvetkov032 ($50.44 in chips) 
Seat 2: xxxZeka ($107.22 in chips) 
Seat 3: sosatime96 ($100 in chips) 
Seat 5: GuigaMan ($112.21 in chips) 
Seat 6: peak joker33 ($121.93 in chips) 
tsvetkov032: posts small blind $0.50
xxxZeka: posts big blind $1
sta$igk: sits out 
*** HOLE CARDS ***
sosatime96: folds 
GuigaMan: folds 
peak joker33: raises $1.50 to $2.50
tsvetkov032: folds 
xxxZeka: folds 
Uncalled bet ($1.50) returned to peak joker33
peak joker33 collected $2.50 from pot
peak joker33: doesn't show hand 
*** SUMMARY ***
Total pot $2.50 | Rake $0 
Seat 4: sta$igk
Seat 1: tsvetkov032 (small blind) folded before Flop
Seat 2: xxxZeka (big blind) folded before Flop
Seat 3: sosatime96 folded before Flop (didn't bet)
Seat 5: GuigaMan folded before Flop (didn't bet)
Seat 6: peak joker33 (button) collected ($2.50)



PokerStars Hand #254263162068:  Hold'em No Limit ($0.50/$1.00 USD) - 2025/01/08 16:39:40 WET [2025/01/08 11:39:40 ET]
Table 'Euforbo III' 6-max Seat #1 is the button
Seat 4: sta$igk ($118.64 in chips) is sitting out
Seat 1: tsvetkov032 ($49.94 in chips) 
Seat 2: xxxZeka ($106.22 in chips) 
Seat 3: sosatime96 ($100 in chips) 
Seat 5: GuigaMan ($112.21 in chips) 
Seat 6: peak joker33 ($123.43 in chips) 
xxxZeka: posts small blind $0.50
sosatime96: posts big blind $1
sta$igk: sits out 
*** HOLE CARDS ***
GuigaMan: raises $1.10 to $2.10
peak joker33: raises $4.90 to $7
tsvetkov032: folds 
xxxZeka: folds 
sosatime96: folds 
GuigaMan: raises $14 to $21
peak joker33: raises $102.43 to $123.43 and is all-in
GuigaMan: folds 
Uncalled bet ($102.43) returned to peak joker33
peak joker33 collected $43.50 from pot
peak joker33: doesn't show hand 
*** SUMMARY ***
Total pot $43.50 | Rake $0 
Seat 4: sta$igk
Seat 1: tsvetkov032 (button) folded before Flop (didn't bet)
Seat 2: xxxZeka (small blind) folded before Flop
Seat 3: sosatime96 (big blind) folded before Flop
Seat 5: GuigaMan folded before Flop
Seat 6: peak joker33 collected ($43.50)



PokerStars Hand #254263174411:  Hold'em No Limit ($0.50/$1.00 USD) - 2025/01/08 16:40:30 WET [2025/01/08 11:40:30 ET]
Table 'Euforbo III' 6-max Seat #2 is the button
Seat 1: tsvetkov032 ($49.94 in chips) 
Seat 2: xxxZeka ($105.72 in chips) 
Seat 3: sosatime96 ($100 in chips) 
Seat 4: sta$igk ($118.64 in chips) 
Seat 5: GuigaMan ($100 in chips) 
Seat 6: peak joker33 ($145.93 in chips) 
sosatime96: posts small blind $0.50
sta$igk: posts big blind $1
*** HOLE CARDS ***
GuigaMan: folds 
peak joker33: folds 
tsvetkov032: calls $1
xxxZeka: raises $3 to $4
sosatime96: folds 
sta$igk: folds 
tsvetkov032: folds 
Uncalled bet ($3) returned to xxxZeka
xxxZeka collected $3.50 from pot
xxxZeka: doesn't show hand 
*** SUMMARY ***
Total pot $3.50 | Rake $0 
Seat 1: tsvetkov032 folded before Flop
Seat 2: xxxZeka (button) collected ($3.50)
Seat 3: sosatime96 (small blind) folded before Flop
Seat 4: sta$igk (big blind) folded before Flop
Seat 5: GuigaMan folded before Flop (didn't bet)
Seat 6: peak joker33 folded before Flop (didn't bet)



PokerStars Hand #254263182166:  Hold'em No Limit ($0.50/$1.00 USD) - 2025/01/08 16:41:01 WET [2025/01/08 11:41:01 ET]
Table 'Euforbo III' 6-max Seat #3 is the button
Seat 1: tsvetkov032 ($48.94 in chips) 
Seat 2: xxxZeka ($108.22 in chips) 
Seat 3: sosatime96 ($100 in chips) 
Seat 4: sta$igk ($117.64 in chips) 
Seat 5: GuigaMan ($100 in chips) 
Seat 6: peak joker33 ($145.93 in chips) 
sta$igk: posts small blind $0.50
GuigaMan: posts big blind $1
*** HOLE CARDS ***
peak joker33: folds 
tsvetkov032: calls $1
xxxZeka: folds 
sosatime96: folds 
sta$igk: folds 
GuigaMan: checks 
*** FLOP *** [4c 6h 8s]
GuigaMan: checks 
tsvetkov032: checks 
*** TURN *** [4c 6h 8s] [Th]
GuigaMan: checks 
tsvetkov032: bets $1
GuigaMan: folds 
Uncalled bet ($1) returned to tsvetkov032
tsvetkov032 collected $2.38 from pot
*** SUMMARY ***
Total pot $2.50 | Rake $0.12 
Board [4c 6h 8s Th]
Seat 1: tsvetkov032 collected ($2.38)
Seat 2: xxxZeka folded before Flop (didn't bet)
Seat 3: sosatime96 (button) folded before Flop (didn't bet)
Seat 4: sta$igk (small blind) folded before Flop
Seat 5: GuigaMan (big blind) folded on the Turn
Seat 6: peak joker33 folded before Flop (didn't bet)



PokerStars Hand #254263192979:  Hold'em No Limit ($0.50/$1.00 USD) - 2025/01/08 16:41:43 WET [2025/01/08 11:41:43 ET]
Table 'Euforbo III' 6-max Seat #4 is the button
Seat 1: tsvetkov032 ($50.32 in chips) 
Seat 2: xxxZeka ($108.22 in chips) 
Seat 3: sosatime96 ($100 in chips) 
Seat 4: sta$igk ($117.14 in chips) 
Seat 5: GuigaMan ($100 in chips) 
Seat 6: peak joker33 ($145.93 in chips) 
GuigaMan: posts small blind $0.50
peak joker33: posts big blind $1
*** HOLE CARDS ***
tsvetkov032: folds 
xxxZeka: folds 
sosatime96: folds 
sta$igk: raises $1.50 to $2.50
GuigaMan: folds 
peak joker33: folds 
Uncalled bet ($1.50) returned to sta$igk
sta$igk collected $2.50 from pot
sta$igk: doesn't show hand 
*** SUMMARY ***
Total pot $2.50 | Rake $0 
Seat 1: tsvetkov032 folded before Flop (didn't bet)
Seat 2: xxxZeka folded before Flop (didn't bet)
Seat 3: sosatime96 folded before Flop (didn't bet)
Seat 4: sta$igk (button) collected ($2.50)
Seat 5: GuigaMan (small blind) folded before Flop
Seat 6: peak joker33 (big blind) folded before Flop



PokerStars Hand #254263196504:  Hold'em No Limit ($0.50/$1.00 USD) - 2025/01/08 16:41:57 WET [2025/01/08 11:41:57 ET]
Table 'Euforbo III' 6-max Seat #5 is the button
Seat 1: tsvetkov032 ($50.32 in chips) 
Seat 2: xxxZeka ($108.22 in chips) 
Seat 3: sosatime96 ($100 in chips) 
Seat 4: sta$igk ($118.64 in chips) 
Seat 5: GuigaMan ($100 in chips) 
Seat 6: peak joker33 ($144.93 in chips) 
peak joker33: posts small blind $0.50
tsvetkov032: posts big blind $1
*** HOLE CARDS ***
xxxZeka: folds 
sosatime96: folds 
sta$igk: folds 
GuigaMan: raises $1.10 to $2.10
peak joker33: raises $7.90 to $10
tsvetkov032: folds 
GuigaMan: folds 
Uncalled bet ($7.90) returned to peak joker33
peak joker33 collected $5.20 from pot
peak joker33: doesn't show hand 
*** SUMMARY ***
Total pot $5.20 | Rake $0 
Seat 1: tsvetkov032 (big blind) folded before Flop
Seat 2: xxxZeka folded before Flop (didn't bet)
Seat 3: sosatime96 folded before Flop (didn't bet)
Seat 4: sta$igk folded before Flop (didn't bet)
Seat 5: GuigaMan (button) folded before Flop
Seat 6: peak joker33 (small blind) collected ($5.20)



PokerStars Hand #254263202995:  Hold'em No Limit ($0.50/$1.00 USD) - 2025/01/08 16:42:23 WET [2025/01/08 11:42:23 ET]
Table 'Euforbo III' 6-max Seat #6 is the button
Seat 1: tsvetkov032 ($49.32 in chips) 
Seat 2: xxxZeka ($108.22 in chips) 
Seat 3: sosatime96 ($100 in chips) 
Seat 4: sta$igk ($118.64 in chips) 
Seat 5: GuigaMan ($100 in chips) 
Seat 6: peak joker33 ($148.03 in chips) 
tsvetkov032: posts small blind $0.50
xxxZeka: posts big blind $1
*** HOLE CARDS ***
sosatime96: folds 
sta$igk: folds 
GuigaMan: folds 
peak joker33: raises $1.50 to $2.50
tsvetkov032: folds 
xxxZeka: folds 
Uncalled bet ($1.50) returned to peak joker33
peak joker33 collected $2.50 from pot
peak joker33: doesn't show hand 
*** SUMMARY ***
Total pot $2.50 | Rake $0 
Seat 1: tsvetkov032 (small blind) folded before Flop
Seat 2: xxxZeka (big blind) folded before Flop
Seat 3: sosatime96 folded before Flop (didn't bet)
Seat 4: sta$igk folded before Flop (didn't bet)
Seat 5: GuigaMan folded before Flop (didn't bet)
Seat 6: peak joker33 (button) collected ($2.50)



PokerStars Hand #254263208705:  Hold'em No Limit ($0.50/$1.00 USD) - 2025/01/08 16:42:46 WET [2025/01/08 11:42:46 ET]
Table 'Euforbo III' 6-max Seat #1 is the button
Seat 1: tsvetkov032 ($48.82 in chips) 
Seat 2: xxxZeka ($107.22 in chips) 
Seat 3: sosatime96 ($100 in chips) 
Seat 4: sta$igk ($118.64 in chips) 
Seat 5: GuigaMan ($100 in chips) 
Seat 6: peak joker33 ($149.53 in chips) 
xxxZeka: posts small blind $0.50
sosatime96: posts big blind $1
*** HOLE CARDS ***
sta$igk: folds 
GuigaMan: raises $1.10 to $2.10
peak joker33: folds 
tsvetkov032: folds 
xxxZeka: folds 
sosatime96: folds 
Uncalled bet ($1.10) returned to GuigaMan
GuigaMan collected $2.50 from pot
GuigaMan: doesn't show hand 
*** SUMMARY ***
Total pot $2.50 | Rake $0 
Seat 1: tsvetkov032 (button) folded before Flop (didn't bet)
Seat 2: xxxZeka (small blind) folded before Flop
Seat 3: sosatime96 (big blind) folded before Flop
Seat 4: sta$igk folded before Flop (didn't bet)
Seat 5: GuigaMan collected ($2.50)
Seat 6: peak joker33 folded before Flop (didn't bet)



PokerStars Hand #254263214536:  Hold'em No Limit ($0.50/$1.00 USD) - 2025/01/08 16:43:09 WET [2025/01/08 11:43:09 ET]
Table 'Euforbo III' 6-max Seat #2 is the button
Seat 1: tsvetkov032 ($48.82 in chips) 
Seat 2: xxxZeka ($106.72 in chips) 
Seat 3: sosatime96 ($100 in chips) 
Seat 4: sta$igk ($118.64 in chips) 
Seat 5: GuigaMan ($101.50 in chips) 
Seat 6: peak joker33 ($149.53 in chips) 
sosatime96: posts small blind $0.50
sta$igk: posts big blind $1
*** HOLE CARDS ***
GuigaMan: folds 
peak joker33: folds 
tsvetkov032: raises $2 to $3
xxxZeka: raises $5 to $8
sosatime96: folds 
sta$igk: folds 
tsvetkov032: calls $5
*** FLOP *** [9h Ts 2d]
tsvetkov032: checks 
xxxZeka: bets $10
tsvetkov032: calls $10
*** TURN *** [9h Ts 2d] [Js]
tsvetkov032: checks 
xxxZeka: bets $12
tsvetkov032: raises $12 to $24
xxxZeka: raises $12 to $36
tsvetkov032: calls $6.82 and is all-in
Uncalled bet ($5.18) returned to xxxZeka
*** RIVER *** [9h Ts 2d Js] [5d]
*** SHOW DOWN ***
tsvetkov032: shows [Jh Jc] (three of a kind, Jacks)
xxxZeka: shows [Kc Qc] (a straight, Nine to King)
xxxZeka collected $96.64 from pot
*** SUMMARY ***
Total pot $99.14 | Rake $2.50 
Board [9h Ts 2d Js 5d]
Seat 1: tsvetkov032 showed [Jh Jc] and lost with three of a kind, Jacks
Seat 2: xxxZeka (button) showed [Kc Qc] and won ($96.64) with a straight, Nine to King
Seat 3: sosatime96 (small blind) folded before Flop
Seat 4: sta$igk (big blind) folded before Flop
Seat 5: GuigaMan folded before Flop (didn't bet)
Seat 6: peak joker33 folded before Flop (didn't bet)



PokerStars Hand #254263237309:  Hold'em No Limit ($0.50/$1.00 USD) - 2025/01/08 16:44:40 WET [2025/01/08 11:44:40 ET]
Table 'Euforbo III' 6-max Seat #3 is the button
Seat 1: tsvetkov032 ($0 in chips) is sitting out
Seat 2: xxxZeka ($154.54 in chips) 
Seat 3: sosatime96 ($100 in chips) 
Seat 4: sta$igk ($117.64 in chips) 
Seat 5: GuigaMan ($101.50 in chips) 
Seat 6: peak joker33 ($149.53 in chips) 
sta$igk: posts small blind $0.50
GuigaMan: posts big blind $1
*** HOLE CARDS ***
peak joker33: folds 
xxxZeka: folds 
sosatime96: raises $1.50 to $2.50
tsvetkov032 is disconnected 
sta$igk: folds 
GuigaMan: calls $1.50
*** FLOP *** [7d Qs 8s]
GuigaMan: checks 
sosatime96: bets $3.92
GuigaMan: folds 
Uncalled bet ($3.92) returned to sosatime96
sosatime96 collected $5.22 from pot
sosatime96: doesn't show hand 
*** SUMMARY ***
Total pot $5.50 | Rake $0.28 
Board [7d Qs 8s]
Seat 1: tsvetkov032
Seat 2: xxxZeka folded before Flop (didn't bet)
Seat 3: sosatime96 (button) collected ($5.22)
Seat 4: sta$igk (small blind) folded before Flop
Seat 5: GuigaMan (big blind) folded on the Flop
Seat 6: peak joker33 folded before Flop (didn't bet)



PokerStars Hand #254263250321:  Hold'em No Limit ($0.50/$1.00 USD) - 2025/01/08 16:45:32 WET [2025/01/08 11:45:32 ET]
Table 'Euforbo III' 6-max Seat #4 is the button
Seat 1: tsvetkov032 ($0 in chips) is sitting out
Seat 2: xxxZeka ($154.54 in chips) 
Seat 3: sosatime96 ($102.72 in chips) 
Seat 4: sta$igk ($117.14 in chips) 
Seat 5: GuigaMan ($100 in chips) 
Seat 6: peak joker33 ($149.53 in chips) 
GuigaMan: posts small blind $0.50
peak joker33: posts big blind $1
*** HOLE CARDS ***
xxxZeka: folds 
sosatime96: raises $1.30 to $2.30
sta$igk: folds 
GuigaMan: folds 
peak joker33: folds 
Uncalled bet ($1.30) returned to sosatime96
sosatime96 collected $2.50 from pot
sosatime96: doesn't show hand 
*** SUMMARY ***
Total pot $2.50 | Rake $0 
Seat 1: tsvetkov032
Seat 2: xxxZeka folded before Flop (didn't bet)
Seat 3: sosatime96 collected ($2.50)
Seat 4: sta$igk (button) folded before Flop (didn't bet)
Seat 5: GuigaMan (small blind) folded before Flop
Seat 6: peak joker33 (big blind) folded before Flop



PokerStars Hand #254263256342:  Hold'em No Limit ($0.50/$1.00 USD) - 2025/01/08 16:45:55 WET [2025/01/08 11:45:55 ET]
Table 'Euforbo III' 6-max Seat #5 is the button
Seat 1: tsvetkov032 ($0 in chips) is sitting out
Seat 2: xxxZeka ($154.54 in chips) 
Seat 3: sosatime96 ($104.22 in chips) 
Seat 4: sta$igk ($117.14 in chips) 
Seat 5: GuigaMan ($100 in chips) 
Seat 6: peak joker33 ($148.53 in chips) 
peak joker33: posts small blind $0.50
xxxZeka: posts big blind $1
*** HOLE CARDS ***
sosatime96: folds 
sta$igk: raises $1.50 to $2.50
GuigaMan: folds 
peak joker33: folds 
xxxZeka: folds 
Uncalled bet ($1.50) returned to sta$igk
sta$igk collected $2.50 from pot
sta$igk: doesn't show hand 
*** SUMMARY ***
Total pot $2.50 | Rake $0 
Seat 1: tsvetkov032
Seat 2: xxxZeka (big blind) folded before Flop
Seat 3: sosatime96 folded before Flop (didn't bet)
Seat 4: sta$igk collected ($2.50)
Seat 5: GuigaMan (button) folded before Flop (didn't bet)
Seat 6: peak joker33 (small blind) folded before Flop



PokerStars Hand #254263260501:  Hold'em No Limit ($0.50/$1.00 USD) - 2025/01/08 16:46:12 WET [2025/01/08 11:46:12 ET]
Table 'Euforbo III' 6-max Seat #6 is the button
Seat 1: tsvetkov032 ($0 in chips) is sitting out
Seat 2: xxxZeka ($153.54 in chips) 
Seat 3: sosatime96 ($104.22 in chips) 
Seat 4: sta$igk ($118.64 in chips) 
Seat 5: GuigaMan ($100 in chips) 
Seat 6: peak joker33 ($148.03 in chips) 
xxxZeka: posts small blind $0.50
sosatime96: posts big blind $1
*** HOLE CARDS ***
sta$igk: folds 
GuigaMan: folds 
peak joker33: folds 
xxxZeka: raises $2 to $3
sosatime96: calls $2
*** FLOP *** [7s 8s Ah]
xxxZeka: checks 
sosatime96: checks 
*** TURN *** [7s 8s Ah] [7d]
xxxZeka: bets $1.88
sosatime96: calls $1.88
*** RIVER *** [7s 8s Ah 7d] [Ac]
xxxZeka: checks 
sosatime96: checks 
*** SHOW DOWN ***
xxxZeka: shows [Qs Jh] (two pair, Aces and Sevens)
sosatime96: shows [Kh 9d] (two pair, Aces and Sevens - King kicker)
sosatime96 collected $9.27 from pot
*** SUMMARY ***
Total pot $9.76 | Rake $0.49 
Board [7s 8s Ah 7d Ac]
Seat 1: tsvetkov032
Seat 2: xxxZeka (small blind) showed [Qs Jh] and lost with two pair, Aces and Sevens
Seat 3: sosatime96 (big blind) showed [Kh 9d] and won ($9.27) with two pair, Aces and Sevens
Seat 4: sta$igk folded before Flop (didn't bet)
Seat 5: GuigaMan folded before Flop (didn't bet)
Seat 6: peak joker33 (button) folded before Flop (didn't bet)



PokerStars Hand #254263281172:  Hold'em No Limit ($0.50/$1.00 USD) - 2025/01/08 16:47:34 WET [2025/01/08 11:47:34 ET]
Table 'Euforbo III' 6-max Seat #2 is the button
Seat 1: tsvetkov032 ($0 in chips) is sitting out
Seat 2: xxxZeka ($148.66 in chips) 
Seat 3: sosatime96 ($108.61 in chips) 
Seat 4: sta$igk ($118.64 in chips) 
Seat 5: GuigaMan ($100 in chips) 
Seat 6: peak joker33 ($148.03 in chips) 
sosatime96: posts small blind $0.50
sta$igk: posts big blind $1
*** HOLE CARDS ***
GuigaMan: folds 
peak joker33: raises $1.50 to $2.50
xxxZeka: folds 
sosatime96: folds 
sta$igk: calls $1.50
*** FLOP *** [4s 7c 5d]
sta$igk: checks 
peak joker33: bets $3.13
sta$igk: calls $3.13
*** TURN *** [4s 7c 5d] [9d]
sta$igk: checks 
peak joker33: bets $11.17
sta$igk: raises $25.13 to $36.30
peak joker33: raises $106.10 to $142.40 and is all-in
sta$igk: calls $76.71 and is all-in
Uncalled bet ($29.39) returned to peak joker33
*** RIVER *** [4s 7c 5d 9d] [Jd]
*** SHOW DOWN ***
sta$igk: shows [9s 9c] (three of a kind, Nines)
peak joker33: shows [Jc Js] (three of a kind, Jacks)
peak joker33 collected $235.28 from pot
*** SUMMARY ***
Total pot $237.78 | Rake $2.50 
Board [4s 7c 5d 9d Jd]
Seat 1: tsvetkov032
Seat 2: xxxZeka (button) folded before Flop (didn't bet)
Seat 3: sosatime96 (small blind) folded before Flop
Seat 4: sta$igk (big blind) showed [9s 9c] and lost with three of a kind, Nines
Seat 5: GuigaMan folded before Flop (didn't bet)
Seat 6: peak joker33 showed [Jc Js] and won ($235.28) with three of a kind, Jacks



PokerStars Hand #254263312295:  Hold'em No Limit ($0.50/$1.00 USD) - 2025/01/08 16:49:38 WET [2025/01/08 11:49:38 ET]
Table 'Euforbo III' 6-max Seat #3 is the button
Seat 1: tsvetkov032 ($0 in chips) is sitting out
Seat 2: xxxZeka ($148.66 in chips) 
Seat 3: sosatime96 ($108.11 in chips) 
Seat 4: sta$igk ($100 in chips) 
Seat 5: GuigaMan ($100 in chips) 
Seat 6: peak joker33 ($264.67 in chips) 
sta$igk: posts small blind $0.50
GuigaMan: posts big blind $1
*** HOLE CARDS ***
peak joker33: folds 
xxxZeka: folds 
sosatime96: folds 
sta$igk: folds 
Uncalled bet ($0.50) returned to GuigaMan
GuigaMan collected $1 from pot
GuigaMan: doesn't show hand 
*** SUMMARY ***
Total pot $1 | Rake $0 
Seat 1: tsvetkov032
Seat 2: xxxZeka folded before Flop (didn't bet)
Seat 3: sosatime96 (button) folded before Flop (didn't bet)
Seat 4: sta$igk (small blind) folded before Flop
Seat 5: GuigaMan (big blind) collected ($1)
Seat 6: peak joker33 folded before Flop (didn't bet)



PokerStars Hand #254263315643:  Hold'em No Limit ($0.50/$1.00 USD) - 2025/01/08 16:49:51 WET [2025/01/08 11:49:51 ET]
Table 'Euforbo III' 6-max Seat #4 is the button
Seat 1: tsvetkov032 ($0 in chips) is sitting out
Seat 2: xxxZeka ($148.66 in chips) 
Seat 3: sosatime96 ($108.11 in chips) 
Seat 4: sta$igk ($100 in chips) 
Seat 5: GuigaMan ($100.50 in chips) 
Seat 6: peak joker33 ($264.67 in chips) 
GuigaMan: posts small blind $0.50
peak joker33: posts big blind $1
*** HOLE CARDS ***
xxxZeka: folds 
sosatime96: raises $1.30 to $2.30
sta$igk: folds 
GuigaMan: folds 
peak joker33: raises $7.70 to $10
sosatime96: folds 
Uncalled bet ($7.70) returned to peak joker33
peak joker33 collected $5.10 from pot
peak joker33: doesn't show hand 
*** SUMMARY ***
Total pot $5.10 | Rake $0 
Seat 1: tsvetkov032
Seat 2: xxxZeka folded before Flop (didn't bet)
Seat 3: sosatime96 folded before Flop
Seat 4: sta$igk (button) folded before Flop (didn't bet)
Seat 5: GuigaMan (small blind) folded before Flop
Seat 6: peak joker33 (big blind) collected ($5.10)



PokerStars Hand #254263326421:  Hold'em No Limit ($0.50/$1.00 USD) - 2025/01/08 16:50:34 WET [2025/01/08 11:50:34 ET]
Table 'Euforbo III' 6-max Seat #5 is the button
Seat 1: tsvetkov032 ($0 in chips) is sitting out
Seat 2: xxxZeka ($148.66 in chips) 
Seat 3: sosatime96 ($105.81 in chips) 
Seat 4: sta$igk ($100 in chips) 
Seat 5: GuigaMan ($100 in chips) 
Seat 6: peak joker33 ($267.47 in chips) 
peak joker33: posts small blind $0.50
xxxZeka: posts big blind $1
*** HOLE CARDS ***
sosatime96: raises $1 to $2
sta$igk: folds 
GuigaMan: folds 
peak joker33: folds 
xxxZeka: folds 
Uncalled bet ($1) returned to sosatime96
sosatime96 collected $2.50 from pot
sosatime96: doesn't show hand 
*** SUMMARY ***
Total pot $2.50 | Rake $0 
Seat 1: tsvetkov032
Seat 2: xxxZeka (big blind) folded before Flop
Seat 3: sosatime96 collected ($2.50)
Seat 4: sta$igk folded before Flop (didn't bet)
Seat 5: GuigaMan (button) folded before Flop (didn't bet)
Seat 6: peak joker33 (small blind) folded before Flop



PokerStars Hand #254263332208:  Hold'em No Limit ($0.50/$1.00 USD) - 2025/01/08 16:50:57 WET [2025/01/08 11:50:57 ET]
Table 'Euforbo III' 6-max Seat #6 is the button
Seat 1: tsvetkov032 ($0 in chips) is sitting out
Seat 2: xxxZeka ($147.66 in chips) 
Seat 3: sosatime96 ($107.31 in chips) 
Seat 4: sta$igk ($100 in chips) 
Seat 5: GuigaMan ($100 in chips) 
Seat 6: peak joker33 ($266.97 in chips) 
xxxZeka: posts small blind $0.50
sosatime96: posts big blind $1
*** HOLE CARDS ***
sta$igk: folds 
GuigaMan: folds 
peak joker33: folds 
xxxZeka: raises $2 to $3
sosatime96: calls $2
*** FLOP *** [2h Ad 2d]
xxxZeka: checks 
sosatime96: checks 
*** TURN *** [2h Ad 2d] [Ks]
xxxZeka: bets $1.88
sosatime96: calls $1.88
*** RIVER *** [2h Ad 2d Ks] [7h]
xxxZeka: bets $6.12
sosatime96: calls $6.12
*** SHOW DOWN ***
xxxZeka: shows [Ac 7d] (two pair, Aces and Sevens)
sosatime96: mucks hand 
xxxZeka collected $20.90 from pot
*** SUMMARY ***
Total pot $22 | Rake $1.10 
Board [2h Ad 2d Ks 7h]
Seat 1: tsvetkov032
Seat 2: xxxZeka (small blind) showed [Ac 7d] and won ($20.90) with two pair, Aces and Sevens
Seat 3: sosatime96 (big blind) mucked
Seat 4: sta$igk folded before Flop (didn't bet)
Seat 5: GuigaMan folded before Flop (didn't bet)
Seat 6: peak joker33 (button) folded before Flop (didn't bet)



PokerStars Hand #254263353463:  Hold'em No Limit ($0.50/$1.00 USD) - 2025/01/08 16:52:21 WET [2025/01/08 11:52:21 ET]
Table 'Euforbo III' 6-max Seat #2 is the button
Seat 1: tsvetkov032 ($0 in chips) is sitting out
Seat 2: xxxZeka ($157.56 in chips) 
Seat 3: sosatime96 ($100 in chips) 
Seat 4: sta$igk ($100 in chips) 
Seat 5: GuigaMan ($100 in chips) 
Seat 6: peak joker33 ($266.97 in chips) 
sosatime96: posts small blind $0.50
sta$igk: posts big blind $1
*** HOLE CARDS ***
GuigaMan: raises $1.10 to $2.10
peak joker33: folds 
xxxZeka: folds 
sosatime96: folds 
sta$igk: folds 
Uncalled bet ($1.10) returned to GuigaMan
GuigaMan collected $2.50 from pot
GuigaMan: doesn't show hand 
*** SUMMARY ***
Total pot $2.50 | Rake $0 
Seat 1: tsvetkov032
Seat 2: xxxZeka (button) folded before Flop (didn't bet)
Seat 3: sosatime96 (small blind) folded before Flop
Seat 4: sta$igk (big blind) folded before Flop
Seat 5: GuigaMan collected ($2.50)
Seat 6: peak joker33 folded before Flop (didn't bet)



PokerStars Hand #254263357363:  Hold'em No Limit ($0.50/$1.00 USD) - 2025/01/08 16:52:36 WET [2025/01/08 11:52:36 ET]
Table 'Euforbo III' 6-max Seat #3 is the button
Seat 1: tsvetkov032 ($0 in chips) is sitting out
Seat 2: xxxZeka ($157.56 in chips) 
Seat 3: sosatime96 ($100 in chips) 
Seat 4: sta$igk ($100 in chips) 
Seat 5: GuigaMan ($101.50 in chips) 
Seat 6: peak joker33 ($266.97 in chips) 
sta$igk: posts small blind $0.50
GuigaMan: posts big blind $1
*** HOLE CARDS ***
peak joker33: folds 
xxxZeka: folds 
sosatime96: raises $1.50 to $2.50
sta$igk: folds 
GuigaMan: folds 
Uncalled bet ($1.50) returned to sosatime96
sosatime96 collected $2.50 from pot
sosatime96: doesn't show hand 
*** SUMMARY ***
Total pot $2.50 | Rake $0 
Seat 1: tsvetkov032
Seat 2: xxxZeka folded before Flop (didn't bet)
Seat 3: sosatime96 (button) collected ($2.50)
Seat 4: sta$igk (small blind) folded before Flop
Seat 5: GuigaMan (big blind) folded before Flop
Seat 6: peak joker33 folded before Flop (didn't bet)



PokerStars Hand #254263361377:  Hold'em No Limit ($0.50/$1.00 USD) - 2025/01/08 16:52:52 WET [2025/01/08 11:52:52 ET]
Table 'Euforbo III' 6-max Seat #4 is the button
Seat 1: tsvetkov032 ($0 in chips) is sitting out
Seat 2: xxxZeka ($157.56 in chips) 
Seat 3: sosatime96 ($101.50 in chips) 
Seat 4: sta$igk ($100 in chips) 
Seat 5: GuigaMan ($100.50 in chips) 
Seat 6: peak joker33 ($266.97 in chips) 
GuigaMan: posts small blind $0.50
peak joker33: posts big blind $1
*** HOLE CARDS ***
xxxZeka: folds 
sosatime96: raises $1.30 to $2.30
sta$igk: folds 
GuigaMan: folds 
peak joker33: folds 
Uncalled bet ($1.30) returned to sosatime96
sosatime96 collected $2.50 from pot
sosatime96: doesn't show hand 
*** SUMMARY ***
Total pot $2.50 | Rake $0 
Seat 1: tsvetkov032
Seat 2: xxxZeka folded before Flop (didn't bet)
Seat 3: sosatime96 collected ($2.50)
Seat 4: sta$igk (button) folded before Flop (didn't bet)
Seat 5: GuigaMan (small blind) folded before Flop
Seat 6: peak joker33 (big blind) folded before Flop



PokerStars Hand #254263365877:  Hold'em No Limit ($0.50/$1.00 USD) - 2025/01/08 16:53:10 WET [2025/01/08 11:53:10 ET]
Table 'Euforbo III' 6-max Seat #5 is the button
Seat 1: tsvetkov032 ($0 in chips) is sitting out
Seat 2: xxxZeka ($157.56 in chips) 
Seat 3: sosatime96 ($103 in chips) 
Seat 4: sta$igk ($100 in chips) 
Seat 5: GuigaMan ($100 in chips) 
Seat 6: peak joker33 ($265.97 in chips) 
peak joker33: posts small blind $0.50
xxxZeka: posts big blind $1
*** HOLE CARDS ***
sosatime96: folds 
sta$igk: raises $1.50 to $2.50
GuigaMan: folds 
peak joker33: folds 
xxxZeka: folds 
Uncalled bet ($1.50) returned to sta$igk
sta$igk collected $2.50 from pot
sta$igk: doesn't show hand 
*** SUMMARY ***
Total pot $2.50 | Rake $0 
Seat 1: tsvetkov032
Seat 2: xxxZeka (big blind) folded before Flop
Seat 3: sosatime96 folded before Flop (didn't bet)
Seat 4: sta$igk collected ($2.50)
Seat 5: GuigaMan (button) folded before Flop (didn't bet)
Seat 6: peak joker33 (small blind) folded before Flop



PokerStars Hand #254263370607:  Hold'em No Limit ($0.50/$1.00 USD) - 2025/01/08 16:53:29 WET [2025/01/08 11:53:29 ET]
Table 'Euforbo III' 6-max Seat #6 is the button
Seat 1: tsvetkov032 ($0 in chips) is sitting out
Seat 2: xxxZeka ($156.56 in chips) 
Seat 3: sosatime96 ($103 in chips) 
Seat 4: sta$igk ($101.50 in chips) 
Seat 5: GuigaMan ($100 in chips) 
Seat 6: peak joker33 ($265.47 in chips) 
xxxZeka: posts small blind $0.50
sosatime96: posts big blind $1
*** HOLE CARDS ***
sta$igk: folds 
GuigaMan: folds 
peak joker33: raises $1.50 to $2.50
xxxZeka: folds 
sosatime96: folds 
Uncalled bet ($1.50) returned to peak joker33
peak joker33 collected $2.50 from pot
peak joker33: doesn't show hand 
*** SUMMARY ***
Total pot $2.50 | Rake $0 
Seat 1: tsvetkov032
Seat 2: xxxZeka (small blind) folded before Flop
Seat 3: sosatime96 (big blind) folded before Flop
Seat 4: sta$igk folded before Flop (didn't bet)
Seat 5: GuigaMan folded before Flop (didn't bet)
Seat 6: peak joker33 (button) collected ($2.50)



PokerStars Hand #254263377199:  Hold'em No Limit ($0.50/$1.00 USD) - 2025/01/08 16:53:55 WET [2025/01/08 11:53:55 ET]
Table 'Euforbo III' 6-max Seat #2 is the button
Seat 1: tsvetkov032 ($0 in chips) is sitting out
Seat 2: xxxZeka ($156.06 in chips) 
Seat 3: sosatime96 ($102 in chips) 
Seat 4: sta$igk ($101.50 in chips) 
Seat 5: GuigaMan ($100 in chips) 
Seat 6: peak joker33 ($266.97 in chips) 
sosatime96: posts small blind $0.50
sta$igk: posts big blind $1
*** HOLE CARDS ***
GuigaMan: folds 
peak joker33: folds 
xxxZeka: folds 
sosatime96: folds 
Uncalled bet ($0.50) returned to sta$igk
sta$igk collected $1 from pot
sta$igk: doesn't show hand 
*** SUMMARY ***
Total pot $1 | Rake $0 
Seat 1: tsvetkov032
Seat 2: xxxZeka (button) folded before Flop (didn't bet)
Seat 3: sosatime96 (small blind) folded before Flop
Seat 4: sta$igk (big blind) collected ($1)
Seat 5: GuigaMan folded before Flop (didn't bet)
Seat 6: peak joker33 folded before Flop (didn't bet)



PokerStars Hand #254263382168:  Hold'em No Limit ($0.50/$1.00 USD) - 2025/01/08 16:54:15 WET [2025/01/08 11:54:15 ET]
Table 'Euforbo III' 6-max Seat #3 is the button
Seat 1: tsvetkov032 ($0 in chips) is sitting out
Seat 2: xxxZeka ($156.06 in chips) 
Seat 3: sosatime96 ($101.50 in chips) 
Seat 4: sta$igk ($102 in chips) 
Seat 5: GuigaMan ($100 in chips) 
Seat 6: peak joker33 ($266.97 in chips) 
sta$igk: posts small blind $0.50
GuigaMan: posts big blind $1
*** HOLE CARDS ***
peak joker33: folds 
xxxZeka: folds 
sosatime96: folds 
sta$igk: folds 
Uncalled bet ($0.50) returned to GuigaMan
GuigaMan collected $1 from pot
GuigaMan: doesn't show hand 
*** SUMMARY ***
Total pot $1 | Rake $0 
Seat 1: tsvetkov032
Seat 2: xxxZeka folded before Flop (didn't bet)
Seat 3: sosatime96 (button) folded before Flop (didn't bet)
Seat 4: sta$igk (small blind) folded before Flop
Seat 5: GuigaMan (big blind) collected ($1)
Seat 6: peak joker33 folded before Flop (didn't bet)



PokerStars Hand #254263389420:  Hold'em No Limit ($0.50/$1.00 USD) - 2025/01/08 16:54:44 WET [2025/01/08 11:54:44 ET]
Table 'Euforbo III' 6-max Seat #4 is the button
Seat 1: tsvetkov032 ($0 in chips) is sitting out
Seat 2: xxxZeka ($156.06 in chips) 
Seat 3: sosatime96 ($101.50 in chips) 
Seat 4: sta$igk ($101.50 in chips) 
Seat 5: GuigaMan ($100.50 in chips) 
Seat 6: peak joker33 ($266.97 in chips) 
GuigaMan: posts small blind $0.50
peak joker33: posts big blind $1
*** HOLE CARDS ***
xxxZeka: folds 
tsvetkov032 leaves the table
sosatime96: folds 
sta$igk: folds 
GuigaMan: folds 
Uncalled bet ($0.50) returned to peak joker33
peak joker33 collected $1 from pot
peak joker33: doesn't show hand 
*** SUMMARY ***
Total pot $1 | Rake $0 
Seat 1: tsvetkov032
Seat 2: xxxZeka folded before Flop (didn't bet)
Seat 3: sosatime96 folded before Flop (didn't bet)
Seat 4: sta$igk (button) folded before Flop (didn't bet)
Seat 5: GuigaMan (small blind) folded before Flop
Seat 6: peak joker33 (big blind) collected ($1)



PokerStars Hand #254263392998:  Hold'em No Limit ($0.50/$1.00 USD) - 2025/01/08 16:54:58 WET [2025/01/08 11:54:58 ET]
Table 'Euforbo III' 6-max Seat #5 is the button
Seat 2: xxxZeka ($156.06 in chips) 
Seat 3: sosatime96 ($101.50 in chips) 
Seat 4: sta$igk ($101.50 in chips) 
Seat 5: GuigaMan ($100 in chips) 
Seat 6: peak joker33 ($267.47 in chips) 
peak joker33: posts small blind $0.50
xxxZeka: posts big blind $1
*** HOLE CARDS ***
sosatime96: folds 
sta$igk: folds 
GuigaMan: folds 
peak joker33: raises $2 to $3
xxxZeka: calls $2
*** FLOP *** [Kh 4h Jh]
peak joker33: checks 
xxxZeka: bets $2
peak joker33: calls $2
*** TURN *** [Kh 4h Jh] [Ts]
peak joker33: checks 
xxxZeka: bets $7.32
peak joker33: calls $7.32
*** RIVER *** [Kh 4h Jh Ts] [2c]
peak joker33: checks 
xxxZeka: bets $30
peak joker33: folds 
Uncalled bet ($30) returned to xxxZeka
xxxZeka collected $23.41 from pot
xxxZeka: doesn't show hand 
*** SUMMARY ***
Total pot $24.64 | Rake $1.23 
Board [Kh 4h Jh Ts 2c]
Seat 2: xxxZeka (big blind) collected ($23.41)
Seat 3: sosatime96 folded before Flop (didn't bet)
Seat 4: sta$igk folded before Flop (didn't bet)
Seat 5: GuigaMan (button) folded before Flop (didn't bet)
Seat 6: peak joker33 (small blind) folded on the River



PokerStars Hand #254263413204:  Hold'em No Limit ($0.50/$1.00 USD) - 2025/01/08 16:56:41 WET [2025/01/08 11:56:41 ET]
Table 'Euforbo III' 6-max Seat #6 is the button
Seat 2: xxxZeka ($167.15 in chips) 
Seat 3: sosatime96 ($101.50 in chips) 
Seat 4: sta$igk ($101.50 in chips) 
Seat 5: GuigaMan ($100 in chips) 
Seat 6: peak joker33 ($255.15 in chips) 
xxxZeka: posts small blind $0.50
sosatime96: posts big blind $1
*** HOLE CARDS ***
sta$igk: folds 
GuigaMan: folds 
sta$igk leaves the table
peak joker33: folds 
xxxZeka: folds 
Uncalled bet ($0.50) returned to sosatime96
sosatime96 collected $1 from pot
sosatime96: doesn't show hand 
*** SUMMARY ***
Total pot $1 | Rake $0 
Seat 2: xxxZeka (small blind) folded before Flop
Seat 3: sosatime96 (big blind) collected ($1)
Seat 4: sta$igk folded before Flop (didn't bet)
Seat 5: GuigaMan folded before Flop (didn't bet)
Seat 6: peak joker33 (button) folded before Flop (didn't bet)



PokerStars Hand #254263418085:  Hold'em No Limit ($0.50/$1.00 USD) - 2025/01/08 16:57:07 WET [2025/01/08 11:57:07 ET]
Table 'Euforbo III' 6-max Seat #2 is the button
Seat 2: xxxZeka ($166.65 in chips) 
Seat 3: sosatime96 ($102 in chips) 
Seat 5: GuigaMan ($100 in chips) 
Seat 6: peak joker33 ($255.15 in chips) 
sosatime96: posts small blind $0.50
GuigaMan: posts big blind $1
*** HOLE CARDS ***
peak joker33: folds 
xxxZeka: folds 
sosatime96: folds 
Uncalled bet ($0.50) returned to GuigaMan
GuigaMan collected $1 from pot
GuigaMan: doesn't show hand 
*** SUMMARY ***
Total pot $1 | Rake $0 
Seat 2: xxxZeka (button) folded before Flop (didn't bet)
Seat 3: sosatime96 (small blind) folded before Flop
Seat 5: GuigaMan (big blind) collected ($1)
Seat 6: peak joker33 folded before Flop (didn't bet)



PokerStars Hand #254263421150:  Hold'em No Limit ($0.50/$1.00 USD) - 2025/01/08 16:57:23 WET [2025/01/08 11:57:23 ET]
Table 'Euforbo III' 6-max Seat #3 is the button
Seat 2: xxxZeka ($166.65 in chips) 
Seat 3: sosatime96 ($101.50 in chips) 
Seat 5: GuigaMan ($100.50 in chips) 
Seat 6: peak joker33 ($255.15 in chips) 
GuigaMan: posts small blind $0.50
peak joker33: posts big blind $1
*** HOLE CARDS ***
xxxZeka: folds 
sosatime96: folds 
GuigaMan: folds 
Uncalled bet ($0.50) returned to peak joker33
peak joker33 collected $1 from pot
peak joker33: doesn't show hand 
*** SUMMARY ***
Total pot $1 | Rake $0 
Seat 2: xxxZeka folded before Flop (didn't bet)
Seat 3: sosatime96 (button) folded before Flop (didn't bet)
Seat 5: GuigaMan (small blind) folded before Flop
Seat 6: peak joker33 (big blind) collected ($1)



PokerStars Hand #254263423535:  Hold'em No Limit ($0.50/$1.00 USD) - 2025/01/08 16:57:36 WET [2025/01/08 11:57:36 ET]
Table 'Euforbo III' 6-max Seat #5 is the button
Seat 2: xxxZeka ($166.65 in chips) is sitting out
Seat 3: sosatime96 ($101.50 in chips) 
Seat 5: GuigaMan ($100 in chips) 
Seat 6: peak joker33 ($255.65 in chips) 
peak joker33: posts small blind $0.50
xxxZeka: is sitting out 
sosatime96: posts big blind $1
*** HOLE CARDS ***
GuigaMan: folds 
peak joker33: folds 
Uncalled bet ($0.50) returned to sosatime96
sosatime96 collected $1 from pot
sosatime96: doesn't show hand 
*** SUMMARY ***
Total pot $1 | Rake $0 
Seat 2: xxxZeka
Seat 3: sosatime96 (big blind) collected ($1)
Seat 5: GuigaMan (button) folded before Flop (didn't bet)
Seat 6: peak joker33 (small blind) folded before Flop



PokerStars Hand #254263425981:  Hold'em No Limit ($0.50/$1.00 USD) - 2025/01/08 16:57:48 WET [2025/01/08 11:57:48 ET]
Table 'Euforbo III' 6-max Seat #6 is the button
Seat 2: xxxZeka ($166.65 in chips) is sitting out
Seat 3: sosatime96 ($102 in chips) 
Seat 5: GuigaMan ($100 in chips) 
Seat 6: peak joker33 ($255.15 in chips) 
sosatime96: posts small blind $0.50
GuigaMan: posts big blind $1
*** HOLE CARDS ***
peak joker33: folds 
sosatime96: folds 
Uncalled bet ($0.50) returned to GuigaMan
GuigaMan collected $1 from pot
GuigaMan: doesn't show hand 
*** SUMMARY ***
Total pot $1 | Rake $0 
Seat 2: xxxZeka
Seat 3: sosatime96 (small blind) folded before Flop
Seat 5: GuigaMan (big blind) collected ($1)
Seat 6: peak joker33 (button) folded before Flop (didn't bet)



PokerStars Hand #254263427083:  Hold'em No Limit ($0.50/$1.00 USD) - 2025/01/08 16:57:54 WET [2025/01/08 11:57:54 ET]
Table 'Euforbo III' 6-max Seat #3 is the button
Seat 2: xxxZeka ($166.65 in chips) is sitting out
Seat 3: sosatime96 ($101.50 in chips) 
Seat 5: GuigaMan ($100.50 in chips) 
Seat 6: peak joker33 ($255.15 in chips) 
GuigaMan: posts small blind $0.50
peak joker33: posts big blind $1
*** HOLE CARDS ***
sosatime96: folds 
xxxZeka leaves the table
GuigaMan: raises $2 to $3
peak joker33: calls $2
*** FLOP *** [Qh 2d 7h]
GuigaMan: checks 
peak joker33: bets $1.88
GuigaMan: folds 
Uncalled bet ($1.88) returned to peak joker33
peak joker33 collected $5.70 from pot
peak joker33: doesn't show hand 
*** SUMMARY ***
Total pot $6 | Rake $0.30 
Board [Qh 2d 7h]
Seat 2: xxxZeka
Seat 3: sosatime96 (button) folded before Flop (didn't bet)
Seat 5: GuigaMan (small blind) folded on the Flop
Seat 6: peak joker33 (big blind) collected ($5.70)



PokerStars Hand #254263435405:  Hold'em No Limit ($0.50/$1.00 USD) - 2025/01/08 16:58:37 WET [2025/01/08 11:58:37 ET]
Table 'Euforbo III' 6-max Seat #5 is the button
Seat 3: sosatime96 ($101.50 in chips) 
Seat 5: GuigaMan ($100 in chips) 
Seat 6: peak joker33 ($257.85 in chips) 
peak joker33: posts small blind $0.50
sosatime96: posts big blind $1
*** HOLE CARDS ***
GuigaMan: raises $1.10 to $2.10
peak joker33: folds 
sosatime96: folds 
Uncalled bet ($1.10) returned to GuigaMan
GuigaMan collected $2.50 from pot
GuigaMan: doesn't show hand 
*** SUMMARY ***
Total pot $2.50 | Rake $0 
Seat 3: sosatime96 (big blind) folded before Flop
Seat 5: GuigaMan (button) collected ($2.50)
Seat 6: peak joker33 (small blind) folded before Flop



PokerStars Hand #254263438226:  Hold'em No Limit ($0.50/$1.00 USD) - 2025/01/08 16:58:52 WET [2025/01/08 11:58:52 ET]
Table 'Euforbo III' 6-max Seat #3 is the button
Seat 5: GuigaMan ($101.50 in chips) is sitting out
Seat 3: sosatime96 ($100.50 in chips) 
Seat 6: peak joker33 ($257.35 in chips) 
sosatime96: posts small blind $0.50
GuigaMan: is sitting out 
peak joker33: posts big blind $1
*** HOLE CARDS ***
sosatime96: raises $1.50 to $2.50
peak joker33: raises $8.50 to $11
sosatime96: folds 
Uncalled bet ($8.50) returned to peak joker33
peak joker33 collected $5 from pot
peak joker33: doesn't show hand 
GuigaMan leaves the table
*** SUMMARY ***
Total pot $5 | Rake $0 
Seat 5: GuigaMan
Seat 3: sosatime96 (button) (small blind) folded before Flop
Seat 6: peak joker33 (big blind) collected ($5)



PokerStars Hand #254263442244:  Hold'em No Limit ($0.50/$1.00 USD) - 2025/01/08 16:59:12 WET [2025/01/08 11:59:12 ET]
Table 'Euforbo III' 6-max Seat #6 is the button
Seat 3: sosatime96 ($100 in chips) 
Seat 6: peak joker33 ($259.85 in chips) 
peak joker33: posts small blind $0.50
sosatime96: posts big blind $1
*** HOLE CARDS ***
peak joker33: folds 
Uncalled bet ($0.50) returned to sosatime96
sosatime96 collected $1 from pot
sosatime96: doesn't show hand 
*** SUMMARY ***
Total pot $1 | Rake $0 
Seat 3: sosatime96 (big blind) collected ($1)
Seat 6: peak joker33 (button) (small blind) folded before Flop



