PokerStars Hand #254262981201:  Hold'em No Limit ($0.50/$1.00 USD) - 2025/01/08 16:27:24 WET [2025/01/08 11:27:24 ET]
Table 'Stobbe II' 6-max Seat #3 is the button
Seat 2: app1e_j@ck ($10 in chips) is sitting out
Seat 1: rao999 ($100 in chips) 
Seat 3: Gfoer ($101 in chips) 
Seat 4: EvilReality ($100.50 in chips) 
Seat 5: big"mf"serg ($79.01 in chips) 
EvilReality: posts small blind $0.50
big"mf"serg: posts big blind $1
app1e_j@ck: sits out 
*** HOLE CARDS ***
rao999: folds 
Gfoer: raises $2 to $3
EvilReality: raises $7 to $10
big"mf"serg: calls $9
sta$igk joins the table at seat #6 
Gfoer: folds 
*** FLOP *** [7h 4s Qc]
EvilReality: checks 
big"mf"serg: bets $22
EvilReality: calls $22
*** TURN *** [7h 4s Qc] [8c]
EvilReality: checks 
big"mf"serg: checks 
*** RIVER *** [7h 4s Qc 8c] [Ad]
EvilReality: checks 
big"mf"serg: checks 
*** SHOW DOWN ***
EvilReality: shows [Jd Qd] (a pair of Queens)
big"mf"serg: shows [Kd Qs] (a pair of Queens - Ace+King kicker)
big"mf"serg collected $66 from pot
*** SUMMARY ***
Total pot $67 | Rake $1 
Board [7h 4s Qc 8c Ad]
Seat 2: app1e_j@ck
Seat 1: rao999 folded before Flop (didn't bet)
Seat 3: Gfoer (button) folded before Flop
Seat 4: EvilReality (small blind) showed [Jd Qd] and lost with a pair of Queens
Seat 5: big"mf"serg (big blind) showed [Kd Qs] and won ($66) with a pair of Queens



PokerStars Hand #254262996585:  Hold'em No Limit ($0.50/$1.00 USD) - 2025/01/08 16:28:29 WET [2025/01/08 11:28:29 ET]
Table 'Stobbe II' 6-max Seat #4 is the button
Seat 2: app1e_j@ck ($100 in chips) is sitting out
Seat 1: rao999 ($100 in chips) 
Seat 3: Gfoer ($100 in chips) 
Seat 4: EvilReality ($100 in chips) 
Seat 5: big"mf"serg ($113.01 in chips) 
Seat 6: sta$igk ($100 in chips) 
big"mf"serg: posts small blind $0.50
sta$igk: posts big blind $1
app1e_j@ck: sits out 
*** HOLE CARDS ***
rao999: folds 
Gfoer: folds 
EvilReality: folds 
big"mf"serg: calls $0.50
sta$igk: raises $3 to $4
big"mf"serg: calls $3
*** FLOP *** [2h Ah 6c]
big"mf"serg: checks 
sta$igk: bets $2.51
big"mf"serg: folds 
Uncalled bet ($2.51) returned to sta$igk
sta$igk collected $7.60 from pot
sta$igk: doesn't show hand 
*** SUMMARY ***
Total pot $8 | Rake $0.40 
Board [2h Ah 6c]
Seat 2: app1e_j@ck
Seat 1: rao999 folded before Flop (didn't bet)
Seat 3: Gfoer folded before Flop (didn't bet)
Seat 4: EvilReality (button) folded before Flop (didn't bet)
Seat 5: big"mf"serg (small blind) folded on the Flop
Seat 6: sta$igk (big blind) collected ($7.60)



PokerStars Hand #254263005064:  Hold'em No Limit ($0.50/$1.00 USD) - 2025/01/08 16:29:04 WET [2025/01/08 11:29:04 ET]
Table 'Stobbe II' 6-max Seat #5 is the button
Seat 2: app1e_j@ck ($100 in chips) is sitting out
Seat 1: rao999 ($100 in chips) 
Seat 3: Gfoer ($100 in chips) 
Seat 4: EvilReality ($100 in chips) 
Seat 5: big"mf"serg ($109.01 in chips) 
Seat 6: sta$igk ($103.60 in chips) 
sta$igk: posts small blind $0.50
rao999: posts big blind $1
app1e_j@ck: sits out 
*** HOLE CARDS ***
Gfoer: folds 
EvilReality: raises $1.50 to $2.50
big"mf"serg: calls $2.50
sta$igk: folds 
rao999: folds 
*** FLOP *** [Qd 8c 4h]
EvilReality: bets $3
big"mf"serg: folds 
Uncalled bet ($3) returned to EvilReality
EvilReality collected $6.18 from pot
EvilReality: doesn't show hand 
*** SUMMARY ***
Total pot $6.50 | Rake $0.32 
Board [Qd 8c 4h]
Seat 2: app1e_j@ck
Seat 1: rao999 (big blind) folded before Flop
Seat 3: Gfoer folded before Flop (didn't bet)
Seat 4: EvilReality collected ($6.18)
Seat 5: big"mf"serg (button) folded on the Flop
Seat 6: sta$igk (small blind) folded before Flop



PokerStars Hand #254263010195:  Hold'em No Limit ($0.50/$1.00 USD) - 2025/01/08 16:29:26 WET [2025/01/08 11:29:26 ET]
Table 'Stobbe II' 6-max Seat #6 is the button
Seat 1: rao999 ($100 in chips) 
Seat 2: app1e_j@ck ($100 in chips) 
Seat 3: Gfoer ($100 in chips) 
Seat 4: EvilReality ($103.68 in chips) 
Seat 5: big"mf"serg ($106.51 in chips) 
Seat 6: sta$igk ($103.10 in chips) 
rao999: posts small blind $0.50
app1e_j@ck: posts big blind $1
*** HOLE CARDS ***
Gfoer: raises $1.20 to $2.20
EvilReality: folds 
big"mf"serg: folds 
sta$igk: folds 
rao999: raises $9.80 to $12
app1e_j@ck: folds 
Gfoer: folds 
Uncalled bet ($9.80) returned to rao999
rao999 collected $5.40 from pot
rao999: doesn't show hand 
*** SUMMARY ***
Total pot $5.40 | Rake $0 
Seat 1: rao999 (small blind) collected ($5.40)
Seat 2: app1e_j@ck (big blind) folded before Flop
Seat 3: Gfoer folded before Flop
Seat 4: EvilReality folded before Flop (didn't bet)
Seat 5: big"mf"serg folded before Flop (didn't bet)
Seat 6: sta$igk (button) folded before Flop (didn't bet)



PokerStars Hand #254263019201:  Hold'em No Limit ($0.50/$1.00 USD) - 2025/01/08 16:30:02 WET [2025/01/08 11:30:02 ET]
Table 'Stobbe II' 6-max Seat #1 is the button
Seat 1: rao999 ($103.20 in chips) 
Seat 2: app1e_j@ck ($99 in chips) 
Seat 3: Gfoer ($100 in chips) 
Seat 4: EvilReality ($103.68 in chips) 
Seat 5: big"mf"serg ($106.51 in chips) 
Seat 6: sta$igk ($103.10 in chips) 
app1e_j@ck: posts small blind $0.50
Gfoer: posts big blind $1
*** HOLE CARDS ***
EvilReality: folds 
big"mf"serg: calls $1
sta$igk: raises $3 to $4
rao999: folds 
app1e_j@ck: calls $3.50
Gfoer: folds 
big"mf"serg: calls $3
*** FLOP *** [Tc Td 3h]
app1e_j@ck: checks 
big"mf"serg: checks 
sta$igk: bets $4.08
app1e_j@ck: folds 
big"mf"serg: folds 
Uncalled bet ($4.08) returned to sta$igk
sta$igk collected $12.35 from pot
sta$igk: doesn't show hand 
*** SUMMARY ***
Total pot $13 | Rake $0.65 
Board [Tc Td 3h]
Seat 1: rao999 (button) folded before Flop (didn't bet)
Seat 2: app1e_j@ck (small blind) folded on the Flop
Seat 3: Gfoer (big blind) folded before Flop
Seat 4: EvilReality folded before Flop (didn't bet)
Seat 5: big"mf"serg folded on the Flop
Seat 6: sta$igk collected ($12.35)



PokerStars Hand #254263031179:  Hold'em No Limit ($0.50/$1.00 USD) - 2025/01/08 16:30:51 WET [2025/01/08 11:30:51 ET]
Table 'Stobbe II' 6-max Seat #2 is the button
Seat 1: rao999 ($103.20 in chips) 
Seat 2: app1e_j@ck ($95 in chips) 
Seat 3: Gfoer ($100 in chips) 
Seat 4: EvilReality ($103.68 in chips) 
Seat 5: big"mf"serg ($102.51 in chips) 
Seat 6: sta$igk ($111.45 in chips) 
Gfoer: posts small blind $0.50
EvilReality: posts big blind $1
*** HOLE CARDS ***
big"mf"serg: folds 
sta$igk: folds 
rao999: folds 
app1e_j@ck: raises $1.50 to $2.50
Gfoer: folds 
EvilReality: calls $1.50
*** FLOP *** [9s Qh 2c]
EvilReality: checks 
app1e_j@ck: bets $1.72
EvilReality: folds 
Uncalled bet ($1.72) returned to app1e_j@ck
app1e_j@ck collected $5.22 from pot
app1e_j@ck: doesn't show hand 
*** SUMMARY ***
Total pot $5.50 | Rake $0.28 
Board [9s Qh 2c]
Seat 1: rao999 folded before Flop (didn't bet)
Seat 2: app1e_j@ck (button) collected ($5.22)
Seat 3: Gfoer (small blind) folded before Flop
Seat 4: EvilReality (big blind) folded on the Flop
Seat 5: big"mf"serg folded before Flop (didn't bet)
Seat 6: sta$igk folded before Flop (didn't bet)



PokerStars Hand #254263040385:  Hold'em No Limit ($0.50/$1.00 USD) - 2025/01/08 16:31:29 WET [2025/01/08 11:31:29 ET]
Table 'Stobbe II' 6-max Seat #3 is the button
Seat 1: rao999 ($103.20 in chips) 
Seat 2: app1e_j@ck ($97.72 in chips) 
Seat 3: Gfoer ($100 in chips) 
Seat 4: EvilReality ($101.18 in chips) 
Seat 5: big"mf"serg ($102.51 in chips) 
Seat 6: sta$igk ($111.45 in chips) 
EvilReality: posts small blind $0.50
big"mf"serg: posts big blind $1
*** HOLE CARDS ***
sta$igk: raises $1.50 to $2.50
rao999: folds 
app1e_j@ck: folds 
Gfoer: folds 
EvilReality: folds 
big"mf"serg: calls $1.50
*** FLOP *** [Js 6s 7h]
big"mf"serg: bets $5.22
sta$igk: folds 
Uncalled bet ($5.22) returned to big"mf"serg
big"mf"serg collected $5.22 from pot
*** SUMMARY ***
Total pot $5.50 | Rake $0.28 
Board [Js 6s 7h]
Seat 1: rao999 folded before Flop (didn't bet)
Seat 2: app1e_j@ck folded before Flop (didn't bet)
Seat 3: Gfoer (button) folded before Flop (didn't bet)
Seat 4: EvilReality (small blind) folded before Flop
Seat 5: big"mf"serg (big blind) collected ($5.22)
Seat 6: sta$igk folded on the Flop



PokerStars Hand #254263046149:  Hold'em No Limit ($0.50/$1.00 USD) - 2025/01/08 16:31:52 WET [2025/01/08 11:31:52 ET]
Table 'Stobbe II' 6-max Seat #4 is the button
Seat 1: rao999 ($103.20 in chips) 
Seat 2: app1e_j@ck ($97.72 in chips) 
Seat 3: Gfoer ($100 in chips) 
Seat 4: EvilReality ($100.68 in chips) 
Seat 5: big"mf"serg ($105.23 in chips) 
Seat 6: sta$igk ($108.95 in chips) 
big"mf"serg: posts small blind $0.50
sta$igk: posts big blind $1
*** HOLE CARDS ***
rao999: folds 
app1e_j@ck: folds 
Gfoer: folds 
EvilReality: raises $1.50 to $2.50
big"mf"serg: calls $2
sta$igk: folds 
*** FLOP *** [8d 6c 2d]
big"mf"serg: bets $5.70
EvilReality: calls $5.70
*** TURN *** [8d 6c 2d] [5d]
big"mf"serg: bets $8.27
EvilReality: folds 
Uncalled bet ($8.27) returned to big"mf"serg
big"mf"serg collected $16.53 from pot
*** SUMMARY ***
Total pot $17.40 | Rake $0.87 
Board [8d 6c 2d 5d]
Seat 1: rao999 folded before Flop (didn't bet)
Seat 2: app1e_j@ck folded before Flop (didn't bet)
Seat 3: Gfoer folded before Flop (didn't bet)
Seat 4: EvilReality (button) folded on the Turn
Seat 5: big"mf"serg (small blind) collected ($16.53)
Seat 6: sta$igk (big blind) folded before Flop



PokerStars Hand #254263053719:  Hold'em No Limit ($0.50/$1.00 USD) - 2025/01/08 16:32:23 WET [2025/01/08 11:32:23 ET]
Table 'Stobbe II' 6-max Seat #5 is the button
Seat 1: rao999 ($103.20 in chips) 
Seat 2: app1e_j@ck ($97.72 in chips) 
Seat 3: Gfoer ($100 in chips) 
Seat 4: EvilReality ($100 in chips) 
Seat 5: big"mf"serg ($113.56 in chips) 
Seat 6: sta$igk ($107.95 in chips) 
sta$igk: posts small blind $0.50
rao999: posts big blind $1
*** HOLE CARDS ***
app1e_j@ck: folds 
Gfoer: folds 
EvilReality: folds 
big"mf"serg: calls $1
sta$igk: folds 
rao999: checks 
*** FLOP *** [Js Kd 5h]
rao999: checks 
big"mf"serg: checks 
*** TURN *** [Js Kd 5h] [Th]
rao999: bets $1.79
big"mf"serg: calls $1.79
*** RIVER *** [Js Kd 5h Th] [4s]
rao999: bets $8.50
big"mf"serg: folds 
Uncalled bet ($8.50) returned to rao999
rao999 collected $5.78 from pot
rao999: doesn't show hand 
*** SUMMARY ***
Total pot $6.08 | Rake $0.30 
Board [Js Kd 5h Th 4s]
Seat 1: rao999 (big blind) collected ($5.78)
Seat 2: app1e_j@ck folded before Flop (didn't bet)
Seat 3: Gfoer folded before Flop (didn't bet)
Seat 4: EvilReality folded before Flop (didn't bet)
Seat 5: big"mf"serg (button) folded on the River
Seat 6: sta$igk (small blind) folded before Flop



PokerStars Hand #254263067277:  Hold'em No Limit ($0.50/$1.00 USD) - 2025/01/08 16:33:18 WET [2025/01/08 11:33:18 ET]
Table 'Stobbe II' 6-max Seat #6 is the button
Seat 1: rao999 ($106.19 in chips) 
Seat 2: app1e_j@ck ($97.72 in chips) 
Seat 3: Gfoer ($100 in chips) 
Seat 4: EvilReality ($100 in chips) 
Seat 5: big"mf"serg ($110.77 in chips) 
Seat 6: sta$igk ($107.45 in chips) 
rao999: posts small blind $0.50
app1e_j@ck: posts big blind $1
*** HOLE CARDS ***
Gfoer: folds 
EvilReality: raises $1.50 to $2.50
big"mf"serg: calls $2.50
sta$igk: folds 
rao999: folds 
app1e_j@ck: folds 
*** FLOP *** [8h 9d Qh]
EvilReality: checks 
big"mf"serg: checks 
*** TURN *** [8h 9d Qh] [2h]
EvilReality: bets $4.64
big"mf"serg: folds 
Uncalled bet ($4.64) returned to EvilReality
EvilReality collected $6.18 from pot
EvilReality: doesn't show hand 
*** SUMMARY ***
Total pot $6.50 | Rake $0.32 
Board [8h 9d Qh 2h]
Seat 1: rao999 (small blind) folded before Flop
Seat 2: app1e_j@ck (big blind) folded before Flop
Seat 3: Gfoer folded before Flop (didn't bet)
Seat 4: EvilReality collected ($6.18)
Seat 5: big"mf"serg folded on the Turn
Seat 6: sta$igk (button) folded before Flop (didn't bet)



PokerStars Hand #254263075424:  Hold'em No Limit ($0.50/$1.00 USD) - 2025/01/08 16:33:51 WET [2025/01/08 11:33:51 ET]
Table 'Stobbe II' 6-max Seat #1 is the button
Seat 1: rao999 ($105.69 in chips) 
Seat 2: app1e_j@ck ($96.72 in chips) 
Seat 3: Gfoer ($100 in chips) 
Seat 4: EvilReality ($103.68 in chips) 
Seat 5: big"mf"serg ($108.27 in chips) 
Seat 6: sta$igk ($107.45 in chips) 
app1e_j@ck: posts small blind $0.50
Gfoer: posts big blind $1
*** HOLE CARDS ***
EvilReality: folds 
EvilReality leaves the table
big"mf"serg: folds 
sta$igk: folds 
rao999: folds 
app1e_j@ck: folds 
Uncalled bet ($0.50) returned to Gfoer
Gfoer collected $1 from pot
Gfoer: doesn't show hand 
*** SUMMARY ***
Total pot $1 | Rake $0 
Seat 1: rao999 (button) folded before Flop (didn't bet)
Seat 2: app1e_j@ck (small blind) folded before Flop
Seat 3: Gfoer (big blind) collected ($1)
Seat 4: EvilReality folded before Flop (didn't bet)
Seat 5: big"mf"serg folded before Flop (didn't bet)
Seat 6: sta$igk folded before Flop (didn't bet)



PokerStars Hand #254263080800:  Hold'em No Limit ($0.50/$1.00 USD) - 2025/01/08 16:34:13 WET [2025/01/08 11:34:13 ET]
Table 'Stobbe II' 6-max Seat #2 is the button
Seat 1: rao999 ($105.69 in chips) 
Seat 2: app1e_j@ck ($96.22 in chips) 
Seat 3: Gfoer ($100.50 in chips) 
Seat 5: big"mf"serg ($108.27 in chips) 
Seat 6: sta$igk ($107.45 in chips) 
Gfoer: posts small blind $0.50
big"mf"serg: posts big blind $1
*** HOLE CARDS ***
sta$igk: folds 
rao999: folds 
app1e_j@ck: folds 
mr.Jckpot joins the table at seat #4 
Gfoer: raises $1.50 to $2.50
big"mf"serg: calls $1.50
*** FLOP *** [8c Ah 3c]
Gfoer: checks 
big"mf"serg: bets $4.75
Gfoer: folds 
Uncalled bet ($4.75) returned to big"mf"serg
big"mf"serg collected $4.75 from pot
*** SUMMARY ***
Total pot $5 | Rake $0.25 
Board [8c Ah 3c]
Seat 1: rao999 folded before Flop (didn't bet)
Seat 2: app1e_j@ck (button) folded before Flop (didn't bet)
Seat 3: Gfoer (small blind) folded on the Flop
Seat 5: big"mf"serg (big blind) collected ($4.75)
Seat 6: sta$igk folded before Flop (didn't bet)



PokerStars Hand #254263090128:  Hold'em No Limit ($0.50/$1.00 USD) - 2025/01/08 16:34:51 WET [2025/01/08 11:34:51 ET]
Table 'Stobbe II' 6-max Seat #3 is the button
Seat 4: mr.Jckpot ($100 in chips) is sitting out
Seat 1: rao999 ($105.69 in chips) 
Seat 2: app1e_j@ck ($96.22 in chips) 
Seat 3: Gfoer ($100 in chips) 
Seat 5: big"mf"serg ($110.52 in chips) 
Seat 6: sta$igk ($107.45 in chips) 
big"mf"serg: posts small blind $0.50
sta$igk: posts big blind $1
*** HOLE CARDS ***
rao999: folds 
app1e_j@ck: folds 
Gfoer: folds 
big"mf"serg: calls $0.50
sta$igk: raises $4 to $5
big"mf"serg: folds 
Uncalled bet ($4) returned to sta$igk
sta$igk collected $2 from pot
sta$igk: doesn't show hand 
*** SUMMARY ***
Total pot $2 | Rake $0 
Seat 4: mr.Jckpot
Seat 1: rao999 folded before Flop (didn't bet)
Seat 2: app1e_j@ck folded before Flop (didn't bet)
Seat 3: Gfoer (button) folded before Flop (didn't bet)
Seat 5: big"mf"serg (small blind) folded before Flop
Seat 6: sta$igk (big blind) collected ($2)



PokerStars Hand #254263094705:  Hold'em No Limit ($0.50/$1.00 USD) - 2025/01/08 16:35:09 WET [2025/01/08 11:35:09 ET]
Table 'Stobbe II' 6-max Seat #5 is the button
Seat 4: mr.Jckpot ($100 in chips) is sitting out
Seat 1: rao999 ($105.69 in chips) 
Seat 2: app1e_j@ck ($96.22 in chips) 
Seat 3: Gfoer ($100 in chips) 
Seat 5: big"mf"serg ($109.52 in chips) 
Seat 6: sta$igk ($108.45 in chips) 
sta$igk: posts small blind $0.50
rao999: posts big blind $1
mr.Jckpot: sits out 
*** HOLE CARDS ***
app1e_j@ck: folds 
Gfoer: folds 
big"mf"serg: calls $1
sta$igk: raises $4 to $5
rao999: raises $9 to $14
big"mf"serg: folds 
sta$igk: calls $9
*** FLOP *** [Ah 5s 4h]
sta$igk: checks 
big"mf"serg leaves the table
rao999: bets $10
sta$igk: raises $15.69 to $25.69
rao999: calls $15.69
*** TURN *** [Ah 5s 4h] [Qs]
sta$igk: bets $68.76 and is all-in
rao999: calls $66 and is all-in
Uncalled bet ($2.76) returned to sta$igk
*** RIVER *** [Ah 5s 4h Qs] [3d]
*** SHOW DOWN ***
sta$igk: shows [Ac 5c] (two pair, Aces and Fives)
rao999: shows [Qh Kh] (a pair of Queens)
sta$igk collected $209.88 from pot
rao999 cashed out the hand for $46.75 | Cash Out Fee $0.95
*** SUMMARY ***
Total pot $212.38 | Rake $2.50 
Board [Ah 5s 4h Qs 3d]
Seat 4: mr.Jckpot
Seat 1: rao999 (big blind) showed [Qh Kh] and lost with a pair of Queens (cashed out).
Seat 2: app1e_j@ck folded before Flop (didn't bet)
Seat 3: Gfoer folded before Flop (didn't bet)
Seat 5: big"mf"serg (button) folded before Flop
Seat 6: sta$igk (small blind) showed [Ac 5c] and won ($209.88) with two pair, Aces and Fives



PokerStars Hand #254263114855:  Hold'em No Limit ($0.50/$1.00 USD) - 2025/01/08 16:36:32 WET [2025/01/08 11:36:32 ET]
Table 'Stobbe II' 6-max Seat #6 is the button
Seat 4: mr.Jckpot ($100 in chips) is sitting out
Seat 1: rao999 ($100 in chips) 
Seat 2: app1e_j@ck ($96.22 in chips) 
Seat 3: Gfoer ($100 in chips) 
Seat 6: sta$igk ($212.64 in chips) 
rao999: posts small blind $0.50
app1e_j@ck: posts big blind $1
mr.Jckpot: sits out 
*** HOLE CARDS ***
Gfoer: folds 
sta$igk: raises $1.50 to $2.50
rao999: folds 
app1e_j@ck: folds 
Uncalled bet ($1.50) returned to sta$igk
sta$igk collected $2.50 from pot
sta$igk: doesn't show hand 
*** SUMMARY ***
Total pot $2.50 | Rake $0 
Seat 4: mr.Jckpot
Seat 1: rao999 (small blind) folded before Flop
Seat 2: app1e_j@ck (big blind) folded before Flop
Seat 3: Gfoer folded before Flop (didn't bet)
Seat 6: sta$igk (button) collected ($2.50)



PokerStars Hand #254263117627:  Hold'em No Limit ($0.50/$1.00 USD) - 2025/01/08 16:36:43 WET [2025/01/08 11:36:43 ET]
Table 'Stobbe II' 6-max Seat #1 is the button
Seat 3: Gfoer ($100 in chips) is sitting out
Seat 1: rao999 ($100 in chips) 
Seat 2: app1e_j@ck ($95.22 in chips) 
Seat 4: mr.Jckpot ($100 in chips) 
Seat 6: sta$igk ($214.14 in chips) 
app1e_j@ck: posts small blind $0.50
Gfoer: is sitting out 
mr.Jckpot: posts big blind $1
*** HOLE CARDS ***
sta$igk: folds 
Gfoer leaves the table
rao999: folds 
app1e_j@ck: folds 
Uncalled bet ($0.50) returned to mr.Jckpot
mr.Jckpot collected $1 from pot
mr.Jckpot: doesn't show hand 
blistein joins the table at seat #5 
*** SUMMARY ***
Total pot $1 | Rake $0 
Seat 3: Gfoer
Seat 1: rao999 (button) folded before Flop (didn't bet)
Seat 2: app1e_j@ck (small blind) folded before Flop
Seat 4: mr.Jckpot (big blind) collected ($1)
Seat 6: sta$igk folded before Flop (didn't bet)



PokerStars Hand #254263122732:  Hold'em No Limit ($0.50/$1.00 USD) - 2025/01/08 16:37:03 WET [2025/01/08 11:37:03 ET]
Table 'Stobbe II' 6-max Seat #2 is the button
Seat 1: rao999 ($100 in chips) 
Seat 2: app1e_j@ck ($94.72 in chips) 
Seat 4: mr.Jckpot ($100.50 in chips) 
Seat 5: blistein ($100 in chips) 
Seat 6: sta$igk ($214.14 in chips) 
mr.Jckpot: posts small blind $0.50
blistein: posts big blind $1
*** HOLE CARDS ***
sta$igk: folds 
rao999: folds 
app1e_j@ck: folds 
mr.Jckpot: folds 
Uncalled bet ($0.50) returned to blistein
blistein collected $1 from pot
blistein: doesn't show hand 
KolyoYKolev joins the table at seat #3 
KolyoYKolev is disconnected 
*** SUMMARY ***
Total pot $1 | Rake $0 
Seat 1: rao999 folded before Flop (didn't bet)
Seat 2: app1e_j@ck (button) folded before Flop (didn't bet)
Seat 4: mr.Jckpot (small blind) folded before Flop
Seat 5: blistein (big blind) collected ($1)
Seat 6: sta$igk folded before Flop (didn't bet)



PokerStars Hand #254263125341:  Hold'em No Limit ($0.50/$1.00 USD) - 2025/01/08 16:37:13 WET [2025/01/08 11:37:13 ET]
Table 'Stobbe II' 6-max Seat #4 is the button
Seat 1: rao999 ($100 in chips) 
Seat 2: app1e_j@ck ($94.72 in chips) 
Seat 3: KolyoYKolev ($50 in chips) 
Seat 4: mr.Jckpot ($100 in chips) 
Seat 5: blistein ($100.50 in chips) 
Seat 6: sta$igk ($214.14 in chips) 
blistein: posts small blind $0.50
sta$igk: posts big blind $1
KolyoYKolev is connected 
KolyoYKolev: posts big blind $1
*** HOLE CARDS ***
rao999: folds 
app1e_j@ck: folds 
KolyoYKolev: checks 
mr.Jckpot: raises $3 to $4
blistein: folds 
sta$igk: folds 
KolyoYKolev: calls $3
*** FLOP *** [4h 3d 7s]
KolyoYKolev is disconnected 
KolyoYKolev is connected 
KolyoYKolev: checks 
mr.Jckpot: bets $5.86
KolyoYKolev: calls $5.86
*** TURN *** [4h 3d 7s] [Kh]
KolyoYKolev: checks 
mr.Jckpot: bets $11.09
KolyoYKolev: calls $11.09
*** RIVER *** [4h 3d 7s Kh] [Th]
KolyoYKolev: checks 
mr.Jckpot: checks 
*** SHOW DOWN ***
KolyoYKolev: shows [3c 3h] (three of a kind, Threes)
mr.Jckpot: mucks hand 
KolyoYKolev collected $41.23 from pot
*** SUMMARY ***
Total pot $43.40 | Rake $2.17 
Board [4h 3d 7s Kh Th]
Seat 1: rao999 folded before Flop (didn't bet)
Seat 2: app1e_j@ck folded before Flop (didn't bet)
Seat 3: KolyoYKolev showed [3c 3h] and won ($41.23) with three of a kind, Threes
Seat 4: mr.Jckpot (button) mucked
Seat 5: blistein (small blind) folded before Flop
Seat 6: sta$igk (big blind) folded before Flop



PokerStars Hand #254263139119:  Hold'em No Limit ($0.50/$1.00 USD) - 2025/01/08 16:38:08 WET [2025/01/08 11:38:08 ET]
Table 'Stobbe II' 6-max Seat #5 is the button
Seat 1: rao999 ($100 in chips) is sitting out
Seat 2: app1e_j@ck ($94.72 in chips) 
Seat 3: KolyoYKolev ($70.28 in chips) 
Seat 4: mr.Jckpot ($100 in chips) 
Seat 5: blistein ($100 in chips) 
Seat 6: sta$igk ($213.14 in chips) 
sta$igk: posts small blind $0.50
rao999: is sitting out 
app1e_j@ck: posts big blind $1
*** HOLE CARDS ***
KolyoYKolev: calls $1
mr.Jckpot: folds 
blistein: folds 
sta$igk: folds 
app1e_j@ck: checks 
*** FLOP *** [3h 5s 9d]
app1e_j@ck: checks 
KolyoYKolev: bets $1
app1e_j@ck: folds 
Uncalled bet ($1) returned to KolyoYKolev
KolyoYKolev collected $2.38 from pot
*** SUMMARY ***
Total pot $2.50 | Rake $0.12 
Board [3h 5s 9d]
Seat 1: rao999
Seat 2: app1e_j@ck (big blind) folded on the Flop
Seat 3: KolyoYKolev collected ($2.38)
Seat 4: mr.Jckpot folded before Flop (didn't bet)
Seat 5: blistein (button) folded before Flop (didn't bet)
Seat 6: sta$igk (small blind) folded before Flop



PokerStars Hand #254263145519:  Hold'em No Limit ($0.50/$1.00 USD) - 2025/01/08 16:38:34 WET [2025/01/08 11:38:34 ET]
Table 'Stobbe II' 6-max Seat #6 is the button
Seat 1: rao999 ($100 in chips) is sitting out
Seat 2: app1e_j@ck ($93.72 in chips) 
Seat 3: KolyoYKolev ($71.66 in chips) 
Seat 4: mr.Jckpot ($100 in chips) 
Seat 5: blistein ($100 in chips) 
Seat 6: sta$igk ($212.64 in chips) 
app1e_j@ck: posts small blind $0.50
KolyoYKolev: posts big blind $1
*** HOLE CARDS ***
mr.Jckpot: folds 
blistein: raises $1.30 to $2.30
sta$igk: folds 
app1e_j@ck: folds 
KolyoYKolev: calls $1.30
*** FLOP *** [Th Ks 7h]
KolyoYKolev: checks 
blistein: bets $1.21
KolyoYKolev: calls $1.21
*** TURN *** [Th Ks 7h] [8s]
KolyoYKolev: checks 
blistein: bets $3.57
KolyoYKolev: folds 
Uncalled bet ($3.57) returned to blistein
blistein collected $7.14 from pot
blistein: doesn't show hand 
*** SUMMARY ***
Total pot $7.52 | Rake $0.38 
Board [Th Ks 7h 8s]
Seat 1: rao999
Seat 2: app1e_j@ck (small blind) folded before Flop
Seat 3: KolyoYKolev (big blind) folded on the Turn
Seat 4: mr.Jckpot folded before Flop (didn't bet)
Seat 5: blistein collected ($7.14)
Seat 6: sta$igk (button) folded before Flop (didn't bet)



PokerStars Hand #254263164053:  Hold'em No Limit ($0.50/$1.00 USD) - 2025/01/08 16:39:48 WET [2025/01/08 11:39:48 ET]
Table 'Stobbe II' 6-max Seat #2 is the button
Seat 1: rao999 ($100 in chips) is sitting out
Seat 2: app1e_j@ck ($93.22 in chips) 
Seat 3: KolyoYKolev ($68.15 in chips) 
Seat 4: mr.Jckpot ($100 in chips) 
Seat 5: blistein ($103.63 in chips) 
Seat 6: sta$igk ($212.64 in chips) 
KolyoYKolev: posts small blind $0.50
mr.Jckpot: posts big blind $1
*** HOLE CARDS ***
blistein: raises $1.20 to $2.20
sta$igk: folds 
app1e_j@ck: folds 
KolyoYKolev: folds 
mr.Jckpot: folds 
Uncalled bet ($1.20) returned to blistein
blistein collected $2.50 from pot
blistein: doesn't show hand 
*** SUMMARY ***
Total pot $2.50 | Rake $0 
Seat 1: rao999
Seat 2: app1e_j@ck (button) folded before Flop (didn't bet)
Seat 3: KolyoYKolev (small blind) folded before Flop
Seat 4: mr.Jckpot (big blind) folded before Flop
Seat 5: blistein collected ($2.50)
Seat 6: sta$igk folded before Flop (didn't bet)



PokerStars Hand #254263166364:  Hold'em No Limit ($0.50/$1.00 USD) - 2025/01/08 16:39:57 WET [2025/01/08 11:39:57 ET]
Table 'Stobbe II' 6-max Seat #3 is the button
Seat 1: rao999 ($100 in chips) is sitting out
Seat 2: app1e_j@ck ($93.22 in chips) 
Seat 3: KolyoYKolev ($67.65 in chips) 
Seat 4: mr.Jckpot ($100 in chips) 
Seat 5: blistein ($105.13 in chips) 
Seat 6: sta$igk ($212.64 in chips) 
mr.Jckpot: posts small blind $0.50
blistein: posts big blind $1
*** HOLE CARDS ***
sta$igk: folds 
app1e_j@ck: folds 
KolyoYKolev: folds 
mr.Jckpot: folds 
Uncalled bet ($0.50) returned to blistein
blistein collected $1 from pot
blistein: doesn't show hand 
*** SUMMARY ***
Total pot $1 | Rake $0 
Seat 1: rao999
Seat 2: app1e_j@ck folded before Flop (didn't bet)
Seat 3: KolyoYKolev (button) folded before Flop (didn't bet)
Seat 4: mr.Jckpot (small blind) folded before Flop
Seat 5: blistein (big blind) collected ($1)
Seat 6: sta$igk folded before Flop (didn't bet)



PokerStars Hand #254263168530:  Hold'em No Limit ($0.50/$1.00 USD) - 2025/01/08 16:40:06 WET [2025/01/08 11:40:06 ET]
Table 'Stobbe II' 6-max Seat #4 is the button
Seat 1: rao999 ($100 in chips) is sitting out
Seat 2: app1e_j@ck ($93.22 in chips) 
Seat 3: KolyoYKolev ($67.65 in chips) 
Seat 4: mr.Jckpot ($100 in chips) 
Seat 5: blistein ($105.63 in chips) 
Seat 6: sta$igk ($212.64 in chips) 
blistein: posts small blind $0.50
sta$igk: posts big blind $1
*** HOLE CARDS ***
app1e_j@ck: raises $1.50 to $2.50
KolyoYKolev: folds 
mr.Jckpot: folds 
blistein: folds 
sta$igk: calls $1.50
*** FLOP *** [9c 3h 2s]
sta$igk: checks 
app1e_j@ck: checks 
*** TURN *** [9c 3h 2s] [5c]
sta$igk: bets $3.92
app1e_j@ck: calls $3.92
*** RIVER *** [9c 3h 2s 5c] [Qc]
sta$igk: bets $4.18
app1e_j@ck: raises $12.68 to $16.86
sta$igk: folds 
Uncalled bet ($12.68) returned to app1e_j@ck
app1e_j@ck collected $20.62 from pot
app1e_j@ck: doesn't show hand 
*** SUMMARY ***
Total pot $21.70 | Rake $1.08 
Board [9c 3h 2s 5c Qc]
Seat 1: rao999
Seat 2: app1e_j@ck collected ($20.62)
Seat 3: KolyoYKolev folded before Flop (didn't bet)
Seat 4: mr.Jckpot (button) folded before Flop (didn't bet)
Seat 5: blistein (small blind) folded before Flop
Seat 6: sta$igk (big blind) folded on the River



PokerStars Hand #254263185299:  Hold'em No Limit ($0.50/$1.00 USD) - 2025/01/08 16:41:13 WET [2025/01/08 11:41:13 ET]
Table 'Stobbe II' 6-max Seat #5 is the button
Seat 1: rao999 ($100 in chips) is sitting out
Seat 2: app1e_j@ck ($103.24 in chips) 
Seat 3: KolyoYKolev ($67.65 in chips) 
Seat 4: mr.Jckpot ($100 in chips) 
Seat 5: blistein ($105.13 in chips) 
Seat 6: sta$igk ($202.04 in chips) 
sta$igk: posts small blind $0.50
app1e_j@ck: posts big blind $1
*** HOLE CARDS ***
rao999 leaves the table
KolyoYKolev: calls $1
mr.Jckpot: folds 
blistein: folds 
sta$igk: folds 
app1e_j@ck: checks 
*** FLOP *** [8s 7h 4h]
app1e_j@ck: checks 
KolyoYKolev: checks 
*** TURN *** [8s 7h 4h] [Qh]
app1e_j@ck: checks 
KolyoYKolev: checks 
*** RIVER *** [8s 7h 4h Qh] [Qd]
TheBraveGirl joins the table at seat #1 
app1e_j@ck: bets $1.59
KolyoYKolev: raises $1.59 to $3.18
app1e_j@ck: folds 
Uncalled bet ($1.59) returned to KolyoYKolev
KolyoYKolev collected $5.40 from pot
*** SUMMARY ***
Total pot $5.68 | Rake $0.28 
Board [8s 7h 4h Qh Qd]
Seat 1: rao999
Seat 2: app1e_j@ck (big blind) folded on the River
Seat 3: KolyoYKolev collected ($5.40)
Seat 4: mr.Jckpot folded before Flop (didn't bet)
Seat 5: blistein (button) folded before Flop (didn't bet)
Seat 6: sta$igk (small blind) folded before Flop



PokerStars Hand #254263196053:  Hold'em No Limit ($0.50/$1.00 USD) - 2025/01/08 16:41:56 WET [2025/01/08 11:41:56 ET]
Table 'Stobbe II' 6-max Seat #6 is the button
Seat 1: TheBraveGirl ($100 in chips) is sitting out
Seat 2: app1e_j@ck ($100.65 in chips) 
Seat 3: KolyoYKolev ($70.46 in chips) 
Seat 4: mr.Jckpot ($100 in chips) 
Seat 5: blistein ($105.13 in chips) 
Seat 6: sta$igk ($201.54 in chips) 
app1e_j@ck: posts small blind $0.50
KolyoYKolev: posts big blind $1
*** HOLE CARDS ***
mr.Jckpot: folds 
blistein: folds 
sta$igk: folds 
app1e_j@ck: folds 
Uncalled bet ($0.50) returned to KolyoYKolev
KolyoYKolev collected $1 from pot
*** SUMMARY ***
Total pot $1 | Rake $0 
Seat 1: TheBraveGirl
Seat 2: app1e_j@ck (small blind) folded before Flop
Seat 3: KolyoYKolev (big blind) collected ($1)
Seat 4: mr.Jckpot folded before Flop (didn't bet)
Seat 5: blistein folded before Flop (didn't bet)
Seat 6: sta$igk (button) folded before Flop (didn't bet)



PokerStars Hand #254263199681:  Hold'em No Limit ($0.50/$1.00 USD) - 2025/01/08 16:42:10 WET [2025/01/08 11:42:10 ET]
Table 'Stobbe II' 6-max Seat #2 is the button
Seat 1: TheBraveGirl ($100 in chips) is sitting out
Seat 2: app1e_j@ck ($100.15 in chips) 
Seat 3: KolyoYKolev ($70.96 in chips) 
Seat 4: mr.Jckpot ($100 in chips) 
Seat 5: blistein ($105.13 in chips) 
Seat 6: sta$igk ($201.54 in chips) 
KolyoYKolev: posts small blind $0.50
mr.Jckpot: posts big blind $1
TheBraveGirl: sits out 
*** HOLE CARDS ***
blistein: folds 
sta$igk: folds 
app1e_j@ck: folds 
KolyoYKolev: calls $0.50
mr.Jckpot: checks 
*** FLOP *** [Jh Qs 2s]
KolyoYKolev: checks 
mr.Jckpot: checks 
*** TURN *** [Jh Qs 2s] [2h]
KolyoYKolev: bets $2
mr.Jckpot: folds 
Uncalled bet ($2) returned to KolyoYKolev
KolyoYKolev collected $1.90 from pot
*** SUMMARY ***
Total pot $2 | Rake $0.10 
Board [Jh Qs 2s 2h]
Seat 1: TheBraveGirl
Seat 2: app1e_j@ck (button) folded before Flop (didn't bet)
Seat 3: KolyoYKolev (small blind) collected ($1.90)
Seat 4: mr.Jckpot (big blind) folded on the Turn
Seat 5: blistein folded before Flop (didn't bet)
Seat 6: sta$igk folded before Flop (didn't bet)



PokerStars Hand #254263207892:  Hold'em No Limit ($0.50/$1.00 USD) - 2025/01/08 16:42:43 WET [2025/01/08 11:42:43 ET]
Table 'Stobbe II' 6-max Seat #3 is the button
Seat 1: TheBraveGirl ($100 in chips) is sitting out
Seat 2: app1e_j@ck ($100.15 in chips) 
Seat 3: KolyoYKolev ($71.86 in chips) 
Seat 4: mr.Jckpot ($100 in chips) 
Seat 5: blistein ($105.13 in chips) 
Seat 6: sta$igk ($201.54 in chips) 
mr.Jckpot: posts small blind $0.50
blistein: posts big blind $1
TheBraveGirl: sits out 
*** HOLE CARDS ***
sta$igk: folds 
app1e_j@ck: folds 
KolyoYKolev: folds 
mr.Jckpot: raises $2 to $3
blistein: folds 
Uncalled bet ($2) returned to mr.Jckpot
mr.Jckpot collected $2 from pot
mr.Jckpot: doesn't show hand 
*** SUMMARY ***
Total pot $2 | Rake $0 
Seat 1: TheBraveGirl
Seat 2: app1e_j@ck folded before Flop (didn't bet)
Seat 3: KolyoYKolev (button) folded before Flop (didn't bet)
Seat 4: mr.Jckpot (small blind) collected ($2)
Seat 5: blistein (big blind) folded before Flop
Seat 6: sta$igk folded before Flop (didn't bet)



PokerStars Hand #254263211216:  Hold'em No Limit ($0.50/$1.00 USD) - 2025/01/08 16:42:56 WET [2025/01/08 11:42:56 ET]
Table 'Stobbe II' 6-max Seat #4 is the button
Seat 1: TheBraveGirl ($100 in chips) is sitting out
Seat 2: app1e_j@ck ($100.15 in chips) 
Seat 3: KolyoYKolev ($71.86 in chips) 
Seat 4: mr.Jckpot ($101 in chips) 
Seat 5: blistein ($104.13 in chips) 
Seat 6: sta$igk ($201.54 in chips) 
blistein: posts small blind $0.50
sta$igk: posts big blind $1
TheBraveGirl: sits out 
*** HOLE CARDS ***
app1e_j@ck: raises $1.50 to $2.50
KolyoYKolev: folds 
mr.Jckpot: folds 
blistein: folds 
sta$igk: folds 
Uncalled bet ($1.50) returned to app1e_j@ck
app1e_j@ck collected $2.50 from pot
app1e_j@ck: doesn't show hand 
*** SUMMARY ***
Total pot $2.50 | Rake $0 
Seat 1: TheBraveGirl
Seat 2: app1e_j@ck collected ($2.50)
Seat 3: KolyoYKolev folded before Flop (didn't bet)
Seat 4: mr.Jckpot (button) folded before Flop (didn't bet)
Seat 5: blistein (small blind) folded before Flop
Seat 6: sta$igk (big blind) folded before Flop



PokerStars Hand #254263214722:  Hold'em No Limit ($0.50/$1.00 USD) - 2025/01/08 16:43:10 WET [2025/01/08 11:43:10 ET]
Table 'Stobbe II' 6-max Seat #5 is the button
Seat 1: TheBraveGirl ($100 in chips) 
Seat 2: app1e_j@ck ($101.65 in chips) 
Seat 3: KolyoYKolev ($71.86 in chips) 
Seat 4: mr.Jckpot ($101 in chips) 
Seat 5: blistein ($103.63 in chips) 
Seat 6: sta$igk ($200.54 in chips) 
sta$igk: posts small blind $0.50
TheBraveGirl: posts big blind $1
*** HOLE CARDS ***
app1e_j@ck: folds 
KolyoYKolev: calls $1
mr.Jckpot: folds 
blistein: folds 
sta$igk: folds 
TheBraveGirl: checks 
*** FLOP *** [8h Ac 5h]
TheBraveGirl: checks 
KolyoYKolev: checks 
*** TURN *** [8h Ac 5h] [6c]
TheBraveGirl: bets $1.19
KolyoYKolev: calls $1.19
*** RIVER *** [8h Ac 5h 6c] [9c]
TheBraveGirl: bets $5.34
KolyoYKolev: raises $5.34 to $10.68
TheBraveGirl: folds 
Uncalled bet ($5.34) returned to KolyoYKolev
KolyoYKolev collected $14.78 from pot
*** SUMMARY ***
Total pot $15.56 | Rake $0.78 
Board [8h Ac 5h 6c 9c]
Seat 1: TheBraveGirl (big blind) folded on the River
Seat 2: app1e_j@ck folded before Flop (didn't bet)
Seat 3: KolyoYKolev collected ($14.78)
Seat 4: mr.Jckpot folded before Flop (didn't bet)
Seat 5: blistein (button) folded before Flop (didn't bet)
Seat 6: sta$igk (small blind) folded before Flop



PokerStars Hand #254263228447:  Hold'em No Limit ($0.50/$1.00 USD) - 2025/01/08 16:44:05 WET [2025/01/08 11:44:05 ET]
Table 'Stobbe II' 6-max Seat #6 is the button
Seat 1: TheBraveGirl ($100 in chips) 
Seat 2: app1e_j@ck ($101.65 in chips) 
Seat 3: KolyoYKolev ($79.11 in chips) 
Seat 4: mr.Jckpot ($101 in chips) 
Seat 5: blistein ($103.63 in chips) 
Seat 6: sta$igk ($200.04 in chips) 
TheBraveGirl: posts small blind $0.50
app1e_j@ck: posts big blind $1
*** HOLE CARDS ***
KolyoYKolev: calls $1
mr.Jckpot: folds 
blistein: folds 
sta$igk: folds 
TheBraveGirl: folds 
app1e_j@ck: raises $4 to $5
KolyoYKolev: calls $4
*** FLOP *** [9s Kd 7h]
app1e_j@ck: checks 
KolyoYKolev: checks 
*** TURN *** [9s Kd 7h] [5h]
app1e_j@ck: bets $3.29
KolyoYKolev: folds 
Uncalled bet ($3.29) returned to app1e_j@ck
app1e_j@ck collected $9.98 from pot
app1e_j@ck: doesn't show hand 
*** SUMMARY ***
Total pot $10.50 | Rake $0.52 
Board [9s Kd 7h 5h]
Seat 1: TheBraveGirl (small blind) folded before Flop
Seat 2: app1e_j@ck (big blind) collected ($9.98)
Seat 3: KolyoYKolev folded on the Turn
Seat 4: mr.Jckpot folded before Flop (didn't bet)
Seat 5: blistein folded before Flop (didn't bet)
Seat 6: sta$igk (button) folded before Flop (didn't bet)



PokerStars Hand #254263236445:  Hold'em No Limit ($0.50/$1.00 USD) - 2025/01/08 16:44:37 WET [2025/01/08 11:44:37 ET]
Table 'Stobbe II' 6-max Seat #1 is the button
Seat 1: TheBraveGirl ($100 in chips) 
Seat 2: app1e_j@ck ($106.63 in chips) 
Seat 3: KolyoYKolev ($74.11 in chips) 
Seat 4: mr.Jckpot ($101 in chips) 
Seat 5: blistein ($103.63 in chips) 
Seat 6: sta$igk ($200.04 in chips) 
app1e_j@ck: posts small blind $0.50
KolyoYKolev: posts big blind $1
*** HOLE CARDS ***
mr.Jckpot: folds 
blistein: raises $1.20 to $2.20
sta$igk: folds 
TheBraveGirl: folds 
app1e_j@ck: folds 
KolyoYKolev: calls $1.20
*** FLOP *** [Jh Tc 2h]
KolyoYKolev: checks 
blistein: bets $1.58
KolyoYKolev: calls $1.58
*** TURN *** [Jh Tc 2h] [5h]
KolyoYKolev: checks 
blistein: bets $5
KolyoYKolev: folds 
Uncalled bet ($5) returned to blistein
blistein collected $7.66 from pot
blistein: doesn't show hand 
*** SUMMARY ***
Total pot $8.06 | Rake $0.40 
Board [Jh Tc 2h 5h]
Seat 1: TheBraveGirl (button) folded before Flop (didn't bet)
Seat 2: app1e_j@ck (small blind) folded before Flop
Seat 3: KolyoYKolev (big blind) folded on the Turn
Seat 4: mr.Jckpot folded before Flop (didn't bet)
Seat 5: blistein collected ($7.66)
Seat 6: sta$igk folded before Flop (didn't bet)



PokerStars Hand #254263248615:  Hold'em No Limit ($0.50/$1.00 USD) - 2025/01/08 16:45:25 WET [2025/01/08 11:45:25 ET]
Table 'Stobbe II' 6-max Seat #2 is the button
Seat 1: TheBraveGirl ($100 in chips) 
Seat 2: app1e_j@ck ($106.13 in chips) 
Seat 3: KolyoYKolev ($70.33 in chips) 
Seat 4: mr.Jckpot ($101 in chips) 
Seat 5: blistein ($107.51 in chips) 
Seat 6: sta$igk ($200.04 in chips) 
KolyoYKolev: posts small blind $0.50
mr.Jckpot: posts big blind $1
*** HOLE CARDS ***
blistein: folds 
sta$igk: folds 
TheBraveGirl: folds 
app1e_j@ck: raises $1.50 to $2.50
KolyoYKolev: folds 
mr.Jckpot: folds 
Uncalled bet ($1.50) returned to app1e_j@ck
app1e_j@ck collected $2.50 from pot
app1e_j@ck: doesn't show hand 
*** SUMMARY ***
Total pot $2.50 | Rake $0 
Seat 1: TheBraveGirl folded before Flop (didn't bet)
Seat 2: app1e_j@ck (button) collected ($2.50)
Seat 3: KolyoYKolev (small blind) folded before Flop
Seat 4: mr.Jckpot (big blind) folded before Flop
Seat 5: blistein folded before Flop (didn't bet)
Seat 6: sta$igk folded before Flop (didn't bet)



PokerStars Hand #254263254278:  Hold'em No Limit ($0.50/$1.00 USD) - 2025/01/08 16:45:47 WET [2025/01/08 11:45:47 ET]
Table 'Stobbe II' 6-max Seat #3 is the button
Seat 1: TheBraveGirl ($100 in chips) 
Seat 2: app1e_j@ck ($107.63 in chips) 
Seat 3: KolyoYKolev ($69.83 in chips) 
Seat 4: mr.Jckpot ($100 in chips) 
Seat 5: blistein ($107.51 in chips) 
Seat 6: sta$igk ($200.04 in chips) 
mr.Jckpot: posts small blind $0.50
blistein: posts big blind $1
*** HOLE CARDS ***
sta$igk: raises $1.50 to $2.50
TheBraveGirl: folds 
app1e_j@ck: raises $5.50 to $8
KolyoYKolev: folds 
mr.Jckpot: folds 
blistein: folds 
sta$igk: raises $14 to $22
app1e_j@ck: folds 
Uncalled bet ($14) returned to sta$igk
sta$igk collected $17.50 from pot
sta$igk: doesn't show hand 
*** SUMMARY ***
Total pot $17.50 | Rake $0 
Seat 1: TheBraveGirl folded before Flop (didn't bet)
Seat 2: app1e_j@ck folded before Flop
Seat 3: KolyoYKolev (button) folded before Flop (didn't bet)
Seat 4: mr.Jckpot (small blind) folded before Flop
Seat 5: blistein (big blind) folded before Flop
Seat 6: sta$igk collected ($17.50)



PokerStars Hand #254263262728:  Hold'em No Limit ($0.50/$1.00 USD) - 2025/01/08 16:46:21 WET [2025/01/08 11:46:21 ET]
Table 'Stobbe II' 6-max Seat #4 is the button
Seat 1: TheBraveGirl ($100 in chips) 
Seat 2: app1e_j@ck ($99.63 in chips) 
Seat 3: KolyoYKolev ($69.83 in chips) 
Seat 4: mr.Jckpot ($100 in chips) 
Seat 5: blistein ($106.51 in chips) 
Seat 6: sta$igk ($209.54 in chips) 
blistein: posts small blind $0.50
sta$igk: posts big blind $1
*** HOLE CARDS ***
TheBraveGirl: folds 
app1e_j@ck: folds 
KolyoYKolev: calls $1
mr.Jckpot: folds 
blistein: folds 
sta$igk: checks 
*** FLOP *** [Qs 2d 8h]
sta$igk: checks 
KolyoYKolev: checks 
*** TURN *** [Qs 2d 8h] [9d]
sta$igk: bets $1.79
KolyoYKolev: calls $1.79
*** RIVER *** [Qs 2d 8h 9d] [Qd]
sta$igk: bets $4.34
KolyoYKolev: raises $4.34 to $8.68
sta$igk: calls $4.34
*** SHOW DOWN ***
KolyoYKolev: shows [Js 9c] (two pair, Queens and Nines)
sta$igk: shows [Qc 3s] (three of a kind, Queens)
sta$igk collected $22.27 from pot
*** SUMMARY ***
Total pot $23.44 | Rake $1.17 
Board [Qs 2d 8h 9d Qd]
Seat 1: TheBraveGirl folded before Flop (didn't bet)
Seat 2: app1e_j@ck folded before Flop (didn't bet)
Seat 3: KolyoYKolev showed [Js 9c] and lost with two pair, Queens and Nines
Seat 4: mr.Jckpot (button) folded before Flop (didn't bet)
Seat 5: blistein (small blind) folded before Flop
Seat 6: sta$igk (big blind) showed [Qc 3s] and won ($22.27) with three of a kind, Queens



PokerStars Hand #254263272164:  Hold'em No Limit ($0.50/$1.00 USD) - 2025/01/08 16:46:59 WET [2025/01/08 11:46:59 ET]
Table 'Stobbe II' 6-max Seat #5 is the button
Seat 1: TheBraveGirl ($100 in chips) 
Seat 2: app1e_j@ck ($99.63 in chips) 
Seat 3: KolyoYKolev ($58.36 in chips) 
Seat 4: mr.Jckpot ($100 in chips) 
Seat 5: blistein ($106.01 in chips) 
Seat 6: sta$igk ($220.34 in chips) 
sta$igk: posts small blind $0.50
TheBraveGirl: posts big blind $1
*** HOLE CARDS ***
app1e_j@ck: raises $1.50 to $2.50
KolyoYKolev: calls $2.50
mr.Jckpot: folds 
blistein: folds 
sta$igk: folds 
TheBraveGirl: raises $10.50 to $13
app1e_j@ck: folds 
KolyoYKolev: folds 
Uncalled bet ($10.50) returned to TheBraveGirl
TheBraveGirl collected $8 from pot
TheBraveGirl: doesn't show hand 
*** SUMMARY ***
Total pot $8 | Rake $0 
Seat 1: TheBraveGirl (big blind) collected ($8)
Seat 2: app1e_j@ck folded before Flop
Seat 3: KolyoYKolev folded before Flop
Seat 4: mr.Jckpot folded before Flop (didn't bet)
Seat 5: blistein (button) folded before Flop (didn't bet)
Seat 6: sta$igk (small blind) folded before Flop



PokerStars Hand #254263283971:  Hold'em No Limit ($0.50/$1.00 USD) - 2025/01/08 16:47:45 WET [2025/01/08 11:47:45 ET]
Table 'Stobbe II' 6-max Seat #6 is the button
Seat 1: TheBraveGirl ($105.50 in chips) 
Seat 2: app1e_j@ck ($97.13 in chips) 
Seat 3: KolyoYKolev ($55.86 in chips) 
Seat 4: mr.Jckpot ($100 in chips) 
Seat 5: blistein ($106.01 in chips) 
Seat 6: sta$igk ($219.84 in chips) 
TheBraveGirl: posts small blind $0.50
app1e_j@ck: posts big blind $1
*** HOLE CARDS ***
KolyoYKolev: calls $1
mr.Jckpot: folds 
blistein: folds 
sta$igk: folds 
TheBraveGirl: folds 
app1e_j@ck: checks 
*** FLOP *** [7s Qh 2h]
app1e_j@ck: checks 
KolyoYKolev: checks 
*** TURN *** [7s Qh 2h] [5h]
app1e_j@ck: checks 
KolyoYKolev: checks 
*** RIVER *** [7s Qh 2h 5h] [Th]
app1e_j@ck: checks 
KolyoYKolev: checks 
*** SHOW DOWN ***
app1e_j@ck: shows [Qd 4d] (a pair of Queens)
KolyoYKolev: mucks hand 
app1e_j@ck collected $2.38 from pot
*** SUMMARY ***
Total pot $2.50 | Rake $0.12 
Board [7s Qh 2h 5h Th]
Seat 1: TheBraveGirl (small blind) folded before Flop
Seat 2: app1e_j@ck (big blind) showed [Qd 4d] and won ($2.38) with a pair of Queens
Seat 3: KolyoYKolev mucked
Seat 4: mr.Jckpot folded before Flop (didn't bet)
Seat 5: blistein folded before Flop (didn't bet)
Seat 6: sta$igk (button) folded before Flop (didn't bet)



PokerStars Hand #254263292505:  Hold'em No Limit ($0.50/$1.00 USD) - 2025/01/08 16:48:19 WET [2025/01/08 11:48:19 ET]
Table 'Stobbe II' 6-max Seat #1 is the button
Seat 1: TheBraveGirl ($105 in chips) 
Seat 2: app1e_j@ck ($98.51 in chips) 
Seat 3: KolyoYKolev ($54.86 in chips) 
Seat 4: mr.Jckpot ($100 in chips) 
Seat 5: blistein ($106.01 in chips) 
Seat 6: sta$igk ($219.84 in chips) 
app1e_j@ck: posts small blind $0.50
KolyoYKolev: posts big blind $1
*** HOLE CARDS ***
mr.Jckpot: folds 
blistein: raises $1.20 to $2.20
sta$igk: folds 
TheBraveGirl: raises $5.30 to $7.50
app1e_j@ck: folds 
KolyoYKolev: folds 
blistein: raises $12.50 to $20
TheBraveGirl: folds 
Uncalled bet ($12.50) returned to blistein
blistein collected $16.50 from pot
blistein: doesn't show hand 
*** SUMMARY ***
Total pot $16.50 | Rake $0 
Seat 1: TheBraveGirl (button) folded before Flop
Seat 2: app1e_j@ck (small blind) folded before Flop
Seat 3: KolyoYKolev (big blind) folded before Flop
Seat 4: mr.Jckpot folded before Flop (didn't bet)
Seat 5: blistein collected ($16.50)
Seat 6: sta$igk folded before Flop (didn't bet)



PokerStars Hand #254263306433:  Hold'em No Limit ($0.50/$1.00 USD) - 2025/01/08 16:49:14 WET [2025/01/08 11:49:14 ET]
Table 'Stobbe II' 6-max Seat #2 is the button
Seat 1: TheBraveGirl ($100 in chips) 
Seat 2: app1e_j@ck ($98.01 in chips) 
Seat 3: KolyoYKolev ($53.86 in chips) 
Seat 4: mr.Jckpot ($100 in chips) 
Seat 5: blistein ($115.01 in chips) 
Seat 6: sta$igk ($219.84 in chips) 
KolyoYKolev: posts small blind $0.50
mr.Jckpot: posts big blind $1
*** HOLE CARDS ***
blistein: folds 
sta$igk: folds 
TheBraveGirl: folds 
app1e_j@ck: raises $1.50 to $2.50
KolyoYKolev: folds 
mr.Jckpot: folds 
Uncalled bet ($1.50) returned to app1e_j@ck
app1e_j@ck collected $2.50 from pot
app1e_j@ck: doesn't show hand 
*** SUMMARY ***
Total pot $2.50 | Rake $0 
Seat 1: TheBraveGirl folded before Flop (didn't bet)
Seat 2: app1e_j@ck (button) collected ($2.50)
Seat 3: KolyoYKolev (small blind) folded before Flop
Seat 4: mr.Jckpot (big blind) folded before Flop
Seat 5: blistein folded before Flop (didn't bet)
Seat 6: sta$igk folded before Flop (didn't bet)



PokerStars Hand #254263310818:  Hold'em No Limit ($0.50/$1.00 USD) - 2025/01/08 16:49:32 WET [2025/01/08 11:49:32 ET]
Table 'Stobbe II' 6-max Seat #3 is the button
Seat 1: TheBraveGirl ($100 in chips) 
Seat 2: app1e_j@ck ($99.51 in chips) 
Seat 3: KolyoYKolev ($53.36 in chips) 
Seat 4: mr.Jckpot ($100 in chips) 
Seat 5: blistein ($115.01 in chips) 
Seat 6: sta$igk ($219.84 in chips) 
mr.Jckpot: posts small blind $0.50
blistein: posts big blind $1
*** HOLE CARDS ***
sta$igk: folds 
TheBraveGirl: raises $1 to $2
app1e_j@ck: folds 
KolyoYKolev: folds 
mr.Jckpot: folds 
blistein: folds 
Uncalled bet ($1) returned to TheBraveGirl
TheBraveGirl collected $2.50 from pot
TheBraveGirl: doesn't show hand 
*** SUMMARY ***
Total pot $2.50 | Rake $0 
Seat 1: TheBraveGirl collected ($2.50)
Seat 2: app1e_j@ck folded before Flop (didn't bet)
Seat 3: KolyoYKolev (button) folded before Flop (didn't bet)
Seat 4: mr.Jckpot (small blind) folded before Flop
Seat 5: blistein (big blind) folded before Flop
Seat 6: sta$igk folded before Flop (didn't bet)



PokerStars Hand #254263313994:  Hold'em No Limit ($0.50/$1.00 USD) - 2025/01/08 16:49:45 WET [2025/01/08 11:49:45 ET]
Table 'Stobbe II' 6-max Seat #4 is the button
Seat 1: TheBraveGirl ($101.50 in chips) 
Seat 2: app1e_j@ck ($99.51 in chips) 
Seat 3: KolyoYKolev ($53.36 in chips) 
Seat 4: mr.Jckpot ($100 in chips) 
Seat 5: blistein ($114.01 in chips) 
Seat 6: sta$igk ($219.84 in chips) 
blistein: posts small blind $0.50
sta$igk: posts big blind $1
*** HOLE CARDS ***
TheBraveGirl: raises $1 to $2
app1e_j@ck: folds 
KolyoYKolev: calls $2
mr.Jckpot: folds 
blistein: folds 
sta$igk: folds 
*** FLOP *** [Js Td Jd]
TheBraveGirl: checks 
KolyoYKolev: checks 
*** TURN *** [Js Td Jd] [3h]
TheBraveGirl: bets $1.30
KolyoYKolev: raises $1.30 to $2.60
TheBraveGirl: calls $1.30
*** RIVER *** [Js Td Jd 3h] [5s]
TheBraveGirl: checks 
KolyoYKolev: bets $5
TheBraveGirl: calls $5
*** SHOW DOWN ***
KolyoYKolev: shows [8d 8c] (two pair, Jacks and Eights)
TheBraveGirl: mucks hand 
KolyoYKolev collected $19.66 from pot
*** SUMMARY ***
Total pot $20.70 | Rake $1.04 
Board [Js Td Jd 3h 5s]
Seat 1: TheBraveGirl mucked
Seat 2: app1e_j@ck folded before Flop (didn't bet)
Seat 3: KolyoYKolev showed [8d 8c] and won ($19.66) with two pair, Jacks and Eights
Seat 4: mr.Jckpot (button) folded before Flop (didn't bet)
Seat 5: blistein (small blind) folded before Flop
Seat 6: sta$igk (big blind) folded before Flop



PokerStars Hand #254263331025:  Hold'em No Limit ($0.50/$1.00 USD) - 2025/01/08 16:50:52 WET [2025/01/08 11:50:52 ET]
Table 'Stobbe II' 6-max Seat #5 is the button
Seat 1: TheBraveGirl ($100 in chips) 
Seat 2: app1e_j@ck ($99.51 in chips) 
Seat 3: KolyoYKolev ($63.42 in chips) 
Seat 4: mr.Jckpot ($100 in chips) 
Seat 5: blistein ($113.51 in chips) 
Seat 6: sta$igk ($218.84 in chips) 
sta$igk: posts small blind $0.50
TheBraveGirl: posts big blind $1
*** HOLE CARDS ***
app1e_j@ck: folds 
KolyoYKolev: calls $1
mr.Jckpot: raises $2.50 to $3.50
blistein: folds 
sta$igk: folds 
TheBraveGirl: raises $11 to $14.50
KolyoYKolev: folds 
mr.Jckpot: folds 
Uncalled bet ($11) returned to TheBraveGirl
TheBraveGirl collected $8.50 from pot
TheBraveGirl: doesn't show hand 
*** SUMMARY ***
Total pot $8.50 | Rake $0 
Seat 1: TheBraveGirl (big blind) collected ($8.50)
Seat 2: app1e_j@ck folded before Flop (didn't bet)
Seat 3: KolyoYKolev folded before Flop
Seat 4: mr.Jckpot folded before Flop
Seat 5: blistein (button) folded before Flop (didn't bet)
Seat 6: sta$igk (small blind) folded before Flop



PokerStars Hand #254263337543:  Hold'em No Limit ($0.50/$1.00 USD) - 2025/01/08 16:51:18 WET [2025/01/08 11:51:18 ET]
Table 'Stobbe II' 6-max Seat #6 is the button
Seat 1: TheBraveGirl ($105 in chips) 
Seat 2: app1e_j@ck ($99.51 in chips) 
Seat 3: KolyoYKolev ($62.42 in chips) 
Seat 4: mr.Jckpot ($100 in chips) 
Seat 5: blistein ($113.51 in chips) 
Seat 6: sta$igk ($218.34 in chips) 
TheBraveGirl: posts small blind $0.50
app1e_j@ck: posts big blind $1
*** HOLE CARDS ***
KolyoYKolev: calls $1
mr.Jckpot: folds 
blistein: folds 
sta$igk: folds 
TheBraveGirl: folds 
app1e_j@ck: checks 
*** FLOP *** [9s 9d 2c]
app1e_j@ck: bets $2.29
KolyoYKolev: folds 
Uncalled bet ($2.29) returned to app1e_j@ck
app1e_j@ck collected $2.38 from pot
app1e_j@ck: doesn't show hand 
*** SUMMARY ***
Total pot $2.50 | Rake $0.12 
Board [9s 9d 2c]
Seat 1: TheBraveGirl (small blind) folded before Flop
Seat 2: app1e_j@ck (big blind) collected ($2.38)
Seat 3: KolyoYKolev folded on the Flop
Seat 4: mr.Jckpot folded before Flop (didn't bet)
Seat 5: blistein folded before Flop (didn't bet)
Seat 6: sta$igk (button) folded before Flop (didn't bet)



PokerStars Hand #254263343083:  Hold'em No Limit ($0.50/$1.00 USD) - 2025/01/08 16:51:40 WET [2025/01/08 11:51:40 ET]
Table 'Stobbe II' 6-max Seat #1 is the button
Seat 1: TheBraveGirl ($104.50 in chips) 
Seat 2: app1e_j@ck ($100.89 in chips) 
Seat 3: KolyoYKolev ($61.42 in chips) 
Seat 4: mr.Jckpot ($100 in chips) 
Seat 5: blistein ($113.51 in chips) 
Seat 6: sta$igk ($218.34 in chips) 
app1e_j@ck: posts small blind $0.50
KolyoYKolev: posts big blind $1
*** HOLE CARDS ***
mr.Jckpot: folds 
blistein: raises $1.20 to $2.20
sta$igk: folds 
TheBraveGirl: folds 
app1e_j@ck: folds 
KolyoYKolev: folds 
Uncalled bet ($1.20) returned to blistein
blistein collected $2.50 from pot
blistein: doesn't show hand 
*** SUMMARY ***
Total pot $2.50 | Rake $0 
Seat 1: TheBraveGirl (button) folded before Flop (didn't bet)
Seat 2: app1e_j@ck (small blind) folded before Flop
Seat 3: KolyoYKolev (big blind) folded before Flop
Seat 4: mr.Jckpot folded before Flop (didn't bet)
Seat 5: blistein collected ($2.50)
Seat 6: sta$igk folded before Flop (didn't bet)



PokerStars Hand #254263347170:  Hold'em No Limit ($0.50/$1.00 USD) - 2025/01/08 16:51:56 WET [2025/01/08 11:51:56 ET]
Table 'Stobbe II' 6-max Seat #2 is the button
Seat 1: TheBraveGirl ($104.50 in chips) 
Seat 2: app1e_j@ck ($100.39 in chips) 
Seat 3: KolyoYKolev ($60.42 in chips) 
Seat 4: mr.Jckpot ($100 in chips) 
Seat 5: blistein ($115.01 in chips) 
Seat 6: sta$igk ($218.34 in chips) 
KolyoYKolev: posts small blind $0.50
mr.Jckpot: posts big blind $1
*** HOLE CARDS ***
blistein: folds 
sta$igk: raises $1.50 to $2.50
TheBraveGirl: raises $5 to $7.50
app1e_j@ck: folds 
KolyoYKolev: folds 
mr.Jckpot: folds 
sta$igk: folds 
Uncalled bet ($5) returned to TheBraveGirl
TheBraveGirl collected $6.50 from pot
TheBraveGirl: doesn't show hand 
*** SUMMARY ***
Total pot $6.50 | Rake $0 
Seat 1: TheBraveGirl collected ($6.50)
Seat 2: app1e_j@ck (button) folded before Flop (didn't bet)
Seat 3: KolyoYKolev (small blind) folded before Flop
Seat 4: mr.Jckpot (big blind) folded before Flop
Seat 5: blistein folded before Flop (didn't bet)
Seat 6: sta$igk folded before Flop



PokerStars Hand #254263351578:  Hold'em No Limit ($0.50/$1.00 USD) - 2025/01/08 16:52:13 WET [2025/01/08 11:52:13 ET]
Table 'Stobbe II' 6-max Seat #3 is the button
Seat 1: TheBraveGirl ($108.50 in chips) 
Seat 2: app1e_j@ck ($100.39 in chips) 
Seat 3: KolyoYKolev ($59.92 in chips) 
Seat 4: mr.Jckpot ($100 in chips) 
Seat 5: blistein ($115.01 in chips) 
Seat 6: sta$igk ($215.84 in chips) 
mr.Jckpot: posts small blind $0.50
blistein: posts big blind $1
*** HOLE CARDS ***
sta$igk: folds 
TheBraveGirl: raises $1 to $2
app1e_j@ck: folds 
KolyoYKolev: folds 
mr.Jckpot: raises $10 to $12
blistein: folds 
TheBraveGirl: folds 
Uncalled bet ($10) returned to mr.Jckpot
mr.Jckpot collected $5 from pot
mr.Jckpot: doesn't show hand 
*** SUMMARY ***
Total pot $5 | Rake $0 
Seat 1: TheBraveGirl folded before Flop
Seat 2: app1e_j@ck folded before Flop (didn't bet)
Seat 3: KolyoYKolev (button) folded before Flop (didn't bet)
Seat 4: mr.Jckpot (small blind) collected ($5)
Seat 5: blistein (big blind) folded before Flop
Seat 6: sta$igk folded before Flop (didn't bet)



PokerStars Hand #254263356714:  Hold'em No Limit ($0.50/$1.00 USD) - 2025/01/08 16:52:33 WET [2025/01/08 11:52:33 ET]
Table 'Stobbe II' 6-max Seat #4 is the button
Seat 1: TheBraveGirl ($106.50 in chips) 
Seat 2: app1e_j@ck ($100.39 in chips) 
Seat 3: KolyoYKolev ($59.92 in chips) 
Seat 4: mr.Jckpot ($103 in chips) 
Seat 5: blistein ($114.01 in chips) 
Seat 6: sta$igk ($215.84 in chips) 
blistein: posts small blind $0.50
sta$igk: posts big blind $1
*** HOLE CARDS ***
TheBraveGirl: folds 
app1e_j@ck: folds 
KolyoYKolev: calls $1
mr.Jckpot: folds 
blistein: folds 
sta$igk: checks 
*** FLOP *** [9h Jd 3d]
sta$igk: checks 
KolyoYKolev: checks 
*** TURN *** [9h Jd 3d] [Ks]
sta$igk: checks 
KolyoYKolev: checks 
*** RIVER *** [9h Jd 3d Ks] [8s]
sta$igk: bets $1.19
KolyoYKolev: folds 
Uncalled bet ($1.19) returned to sta$igk
sta$igk collected $2.38 from pot
sta$igk: doesn't show hand 
*** SUMMARY ***
Total pot $2.50 | Rake $0.12 
Board [9h Jd 3d Ks 8s]
Seat 1: TheBraveGirl folded before Flop (didn't bet)
Seat 2: app1e_j@ck folded before Flop (didn't bet)
Seat 3: KolyoYKolev folded on the River
Seat 4: mr.Jckpot (button) folded before Flop (didn't bet)
Seat 5: blistein (small blind) folded before Flop
Seat 6: sta$igk (big blind) collected ($2.38)



PokerStars Hand #254263365671:  Hold'em No Limit ($0.50/$1.00 USD) - 2025/01/08 16:53:09 WET [2025/01/08 11:53:09 ET]
Table 'Stobbe II' 6-max Seat #5 is the button
Seat 1: TheBraveGirl ($106.50 in chips) 
Seat 2: app1e_j@ck ($100.39 in chips) 
Seat 3: KolyoYKolev ($58.92 in chips) 
Seat 4: mr.Jckpot ($103 in chips) 
Seat 5: blistein ($113.51 in chips) 
Seat 6: sta$igk ($217.22 in chips) 
sta$igk: posts small blind $0.50
TheBraveGirl: posts big blind $1
*** HOLE CARDS ***
app1e_j@ck: folds 
KolyoYKolev: calls $1
mr.Jckpot: folds 
blistein: folds 
sta$igk: folds 
TheBraveGirl: checks 
*** FLOP *** [As Qd 9c]
TheBraveGirl: checks 
KolyoYKolev: checks 
*** TURN *** [As Qd 9c] [Ks]
TheBraveGirl: bets $1.19
KolyoYKolev: folds 
Uncalled bet ($1.19) returned to TheBraveGirl
TheBraveGirl collected $2.38 from pot
TheBraveGirl: doesn't show hand 
*** SUMMARY ***
Total pot $2.50 | Rake $0.12 
Board [As Qd 9c Ks]
Seat 1: TheBraveGirl (big blind) collected ($2.38)
Seat 2: app1e_j@ck folded before Flop (didn't bet)
Seat 3: KolyoYKolev folded on the Turn
Seat 4: mr.Jckpot folded before Flop (didn't bet)
Seat 5: blistein (button) folded before Flop (didn't bet)
Seat 6: sta$igk (small blind) folded before Flop



PokerStars Hand #254263374258:  Hold'em No Limit ($0.50/$1.00 USD) - 2025/01/08 16:53:43 WET [2025/01/08 11:53:43 ET]
Table 'Stobbe II' 6-max Seat #6 is the button
Seat 1: TheBraveGirl ($107.88 in chips) 
Seat 2: app1e_j@ck ($100.39 in chips) 
Seat 3: KolyoYKolev ($57.92 in chips) 
Seat 4: mr.Jckpot ($103 in chips) 
Seat 5: blistein ($113.51 in chips) 
Seat 6: sta$igk ($216.72 in chips) 
TheBraveGirl: posts small blind $0.50
app1e_j@ck: posts big blind $1
*** HOLE CARDS ***
KolyoYKolev: calls $1
mr.Jckpot: folds 
blistein: folds 
sta$igk: folds 
TheBraveGirl: folds 
app1e_j@ck: checks 
*** FLOP *** [Qh Ks 2c]
app1e_j@ck: checks 
KolyoYKolev: checks 
*** TURN *** [Qh Ks 2c] [9c]
app1e_j@ck: checks 
KolyoYKolev: bets $1
app1e_j@ck: calls $1
*** RIVER *** [Qh Ks 2c 9c] [3s]
app1e_j@ck: checks 
KolyoYKolev: bets $4.28
app1e_j@ck: folds 
Uncalled bet ($4.28) returned to KolyoYKolev
KolyoYKolev collected $4.28 from pot
*** SUMMARY ***
Total pot $4.50 | Rake $0.22 
Board [Qh Ks 2c 9c 3s]
Seat 1: TheBraveGirl (small blind) folded before Flop
Seat 2: app1e_j@ck (big blind) folded on the River
Seat 3: KolyoYKolev collected ($4.28)
Seat 4: mr.Jckpot folded before Flop (didn't bet)
Seat 5: blistein folded before Flop (didn't bet)
Seat 6: sta$igk (button) folded before Flop (didn't bet)



PokerStars Hand #254263396482:  Hold'em No Limit ($0.50/$1.00 USD) - 2025/01/08 16:55:13 WET [2025/01/08 11:55:13 ET]
Table 'Stobbe II' 6-max Seat #1 is the button
Seat 1: TheBraveGirl ($107.38 in chips) 
Seat 2: app1e_j@ck ($98.39 in chips) 
Seat 3: KolyoYKolev ($60.20 in chips) 
Seat 4: mr.Jckpot ($103 in chips) 
Seat 5: blistein ($113.51 in chips) 
Seat 6: sta$igk ($216.72 in chips) 
app1e_j@ck: posts small blind $0.50
KolyoYKolev: posts big blind $1
*** HOLE CARDS ***
mr.Jckpot: raises $1.50 to $2.50
blistein: folds 
sta$igk: folds 
TheBraveGirl: raises $5 to $7.50
app1e_j@ck: folds 
KolyoYKolev: folds 
mr.Jckpot: calls $5
*** FLOP *** [3c 4c Kh]
mr.Jckpot: checks 
TheBraveGirl: bets $5.18
mr.Jckpot: calls $5.18
*** TURN *** [3c 4c Kh] [7d]
mr.Jckpot: checks 
TheBraveGirl: bets $19.13
mr.Jckpot: calls $19.13
*** RIVER *** [3c 4c Kh 7d] [Th]
mr.Jckpot: checks 
TheBraveGirl: bets $75.57 and is all-in
mr.Jckpot: calls $71.19 and is all-in
Uncalled bet ($4.38) returned to TheBraveGirl
*** SHOW DOWN ***
TheBraveGirl: shows [Jd Ad] (high card Ace)
mr.Jckpot: shows [Qc Qh] (a pair of Queens)
mr.Jckpot collected $205 from pot
*** SUMMARY ***
Total pot $207.50 | Rake $2.50 
Board [3c 4c Kh 7d Th]
Seat 1: TheBraveGirl (button) showed [Jd Ad] and lost with high card Ace
Seat 2: app1e_j@ck (small blind) folded before Flop
Seat 3: KolyoYKolev (big blind) folded before Flop
Seat 4: mr.Jckpot showed [Qc Qh] and won ($205) with a pair of Queens
Seat 5: blistein folded before Flop (didn't bet)
Seat 6: sta$igk folded before Flop (didn't bet)



PokerStars Hand #254263411983:  Hold'em No Limit ($0.50/$1.00 USD) - 2025/01/08 16:56:35 WET [2025/01/08 11:56:35 ET]
Table 'Stobbe II' 6-max Seat #2 is the button
Seat 1: TheBraveGirl ($100 in chips) 
Seat 2: app1e_j@ck ($97.89 in chips) 
Seat 3: KolyoYKolev ($59.20 in chips) 
Seat 4: mr.Jckpot ($205 in chips) 
Seat 5: blistein ($113.51 in chips) 
Seat 6: sta$igk ($216.72 in chips) 
KolyoYKolev: posts small blind $0.50
mr.Jckpot: posts big blind $1
*** HOLE CARDS ***
blistein: raises $1.20 to $2.20
sta$igk: folds 
TheBraveGirl: folds 
app1e_j@ck: folds 
KolyoYKolev: calls $1.70
mr.Jckpot: folds 
*** FLOP *** [8s 6c 8d]
KolyoYKolev: checks 
blistein: bets $1.50
KolyoYKolev: folds 
Uncalled bet ($1.50) returned to blistein
blistein collected $5.13 from pot
blistein: doesn't show hand 
*** SUMMARY ***
Total pot $5.40 | Rake $0.27 
Board [8s 6c 8d]
Seat 1: TheBraveGirl folded before Flop (didn't bet)
Seat 2: app1e_j@ck (button) folded before Flop (didn't bet)
Seat 3: KolyoYKolev (small blind) folded on the Flop
Seat 4: mr.Jckpot (big blind) folded before Flop
Seat 5: blistein collected ($5.13)
Seat 6: sta$igk folded before Flop (didn't bet)



PokerStars Hand #254263419038:  Hold'em No Limit ($0.50/$1.00 USD) - 2025/01/08 16:57:12 WET [2025/01/08 11:57:12 ET]
Table 'Stobbe II' 6-max Seat #3 is the button
Seat 1: TheBraveGirl ($100 in chips) 
Seat 2: app1e_j@ck ($97.89 in chips) 
Seat 3: KolyoYKolev ($57 in chips) 
Seat 4: mr.Jckpot ($204 in chips) 
Seat 5: blistein ($116.44 in chips) 
Seat 6: sta$igk ($216.72 in chips) 
mr.Jckpot: posts small blind $0.50
blistein: posts big blind $1
*** HOLE CARDS ***
sta$igk: folds 
TheBraveGirl: folds 
app1e_j@ck: folds 
KolyoYKolev: folds 
mr.Jckpot: folds 
Uncalled bet ($0.50) returned to blistein
blistein collected $1 from pot
blistein: doesn't show hand 
*** SUMMARY ***
Total pot $1 | Rake $0 
Seat 1: TheBraveGirl folded before Flop (didn't bet)
Seat 2: app1e_j@ck folded before Flop (didn't bet)
Seat 3: KolyoYKolev (button) folded before Flop (didn't bet)
Seat 4: mr.Jckpot (small blind) folded before Flop
Seat 5: blistein (big blind) collected ($1)
Seat 6: sta$igk folded before Flop (didn't bet)



PokerStars Hand #254263421346:  Hold'em No Limit ($0.50/$1.00 USD) - 2025/01/08 16:57:24 WET [2025/01/08 11:57:24 ET]
Table 'Stobbe II' 6-max Seat #4 is the button
Seat 1: TheBraveGirl ($100 in chips) 
Seat 2: app1e_j@ck ($97.89 in chips) 
Seat 3: KolyoYKolev ($57 in chips) 
Seat 4: mr.Jckpot ($203.50 in chips) 
Seat 5: blistein ($116.94 in chips) 
Seat 6: sta$igk ($216.72 in chips) 
blistein: posts small blind $0.50
sta$igk: posts big blind $1
*** HOLE CARDS ***
TheBraveGirl: raises $1 to $2
app1e_j@ck: folds 
KolyoYKolev: calls $2
mr.Jckpot: folds 
blistein: folds 
sta$igk: calls $1
*** FLOP *** [7c 2d 6s]
sta$igk: checks 
TheBraveGirl: checks 
KolyoYKolev: checks 
*** TURN *** [7c 2d 6s] [2h]
sta$igk: checks 
TheBraveGirl: bets $3.09
KolyoYKolev: calls $3.09
sta$igk: calls $3.09
*** RIVER *** [7c 2d 6s 2h] [9c]
sta$igk: checks 
TheBraveGirl: checks 
KolyoYKolev: bets $7.49
sta$igk: raises $204.14 to $211.63 and is all-in
TheBraveGirl: folds 
KolyoYKolev: calls $44.42 and is all-in
Uncalled bet ($159.72) returned to sta$igk
*** SHOW DOWN ***
sta$igk: shows [2s 2c] (four of a kind, Deuces)
KolyoYKolev: shows [Th Tc] (two pair, Tens and Deuces)
sta$igk collected $117.09 from pot
*** SUMMARY ***
Total pot $119.59 | Rake $2.50 
Board [7c 2d 6s 2h 9c]
Seat 1: TheBraveGirl folded on the River
Seat 2: app1e_j@ck folded before Flop (didn't bet)
Seat 3: KolyoYKolev showed [Th Tc] and lost with two pair, Tens and Deuces
Seat 4: mr.Jckpot (button) folded before Flop (didn't bet)
Seat 5: blistein (small blind) folded before Flop
Seat 6: sta$igk (big blind) showed [2s 2c] and won ($117.09) with four of a kind, Deuces



PokerStars Hand #254263445010:  Hold'em No Limit ($0.50/$1.00 USD) - 2025/01/08 16:59:27 WET [2025/01/08 11:59:27 ET]
Table 'Stobbe II' 6-max Seat #5 is the button
Seat 3: KolyoYKolev ($0 in chips) is sitting out
Seat 1: TheBraveGirl ($100 in chips) 
Seat 2: app1e_j@ck ($97.89 in chips) 
Seat 4: mr.Jckpot ($203.50 in chips) 
Seat 5: blistein ($116.44 in chips) 
Seat 6: sta$igk ($276.81 in chips) 
sta$igk: posts small blind $0.50
TheBraveGirl: posts big blind $1
*** HOLE CARDS ***
app1e_j@ck: folds 
mr.Jckpot: raises $1.50 to $2.50
blistein: folds 
sta$igk: folds 
TheBraveGirl: calls $1.50
*** FLOP *** [2s 5s 8c]
TheBraveGirl: checks 
mr.Jckpot: checks 
*** TURN *** [2s 5s 8c] [Kc]
TheBraveGirl: checks 
mr.Jckpot: checks 
*** RIVER *** [2s 5s 8c Kc] [7d]
TheBraveGirl: bets $2.61
mr.Jckpot: folds 
Uncalled bet ($2.61) returned to TheBraveGirl
TheBraveGirl collected $5.22 from pot
TheBraveGirl: doesn't show hand 
*** SUMMARY ***
Total pot $5.50 | Rake $0.28 
Board [2s 5s 8c Kc 7d]
Seat 3: KolyoYKolev
Seat 1: TheBraveGirl (big blind) collected ($5.22)
Seat 2: app1e_j@ck folded before Flop (didn't bet)
Seat 4: mr.Jckpot folded on the River
Seat 5: blistein (button) folded before Flop (didn't bet)
Seat 6: sta$igk (small blind) folded before Flop



PokerStars Hand #254263455309:  Hold'em No Limit ($0.50/$1.00 USD) - 2025/01/08 17:00:19 WET [2025/01/08 12:00:19 ET]
Table 'Stobbe II' 6-max Seat #6 is the button
Seat 1: TheBraveGirl ($102.72 in chips) 
Seat 2: app1e_j@ck ($97.89 in chips) 
Seat 3: KolyoYKolev ($100 in chips) 
Seat 4: mr.Jckpot ($201 in chips) 
Seat 5: blistein ($116.44 in chips) 
Seat 6: sta$igk ($276.31 in chips) 
TheBraveGirl: posts small blind $0.50
app1e_j@ck: posts big blind $1
*** HOLE CARDS ***
KolyoYKolev: calls $1
mr.Jckpot: raises $2.50 to $3.50
blistein: folds 
sta$igk: folds 
TheBraveGirl: folds 
app1e_j@ck: folds 
KolyoYKolev: folds 
Uncalled bet ($2.50) returned to mr.Jckpot
mr.Jckpot collected $3.50 from pot
mr.Jckpot: doesn't show hand 
*** SUMMARY ***
Total pot $3.50 | Rake $0 
Seat 1: TheBraveGirl (small blind) folded before Flop
Seat 2: app1e_j@ck (big blind) folded before Flop
Seat 3: KolyoYKolev folded before Flop
Seat 4: mr.Jckpot collected ($3.50)
Seat 5: blistein folded before Flop (didn't bet)
Seat 6: sta$igk (button) folded before Flop (didn't bet)



PokerStars Hand #254263458286:  Hold'em No Limit ($0.50/$1.00 USD) - 2025/01/08 17:00:34 WET [2025/01/08 12:00:34 ET]
Table 'Stobbe II' 6-max Seat #1 is the button
Seat 1: TheBraveGirl ($102.22 in chips) 
Seat 2: app1e_j@ck ($96.89 in chips) 
Seat 3: KolyoYKolev ($99 in chips) 
Seat 4: mr.Jckpot ($203.50 in chips) 
Seat 5: blistein ($116.44 in chips) 
Seat 6: sta$igk ($276.31 in chips) 
app1e_j@ck: posts small blind $0.50
KolyoYKolev: posts big blind $1
*** HOLE CARDS ***
mr.Jckpot: folds 
blistein: folds 
sta$igk: folds 
TheBraveGirl: raises $2 to $3
app1e_j@ck: folds 
KolyoYKolev: folds 
Uncalled bet ($2) returned to TheBraveGirl
TheBraveGirl collected $2.50 from pot
TheBraveGirl: doesn't show hand 
*** SUMMARY ***
Total pot $2.50 | Rake $0 
Seat 1: TheBraveGirl (button) collected ($2.50)
Seat 2: app1e_j@ck (small blind) folded before Flop
Seat 3: KolyoYKolev (big blind) folded before Flop
Seat 4: mr.Jckpot folded before Flop (didn't bet)
Seat 5: blistein folded before Flop (didn't bet)
Seat 6: sta$igk folded before Flop (didn't bet)



PokerStars Hand #254263464402:  Hold'em No Limit ($0.50/$1.00 USD) - 2025/01/08 17:01:03 WET [2025/01/08 12:01:03 ET]
Table 'Stobbe II' 6-max Seat #2 is the button
Seat 1: TheBraveGirl ($103.72 in chips) 
Seat 2: app1e_j@ck ($96.39 in chips) 
Seat 3: KolyoYKolev ($98 in chips) 
Seat 4: mr.Jckpot ($203.50 in chips) 
Seat 5: blistein ($116.44 in chips) 
Seat 6: sta$igk ($276.31 in chips) 
KolyoYKolev: posts small blind $0.50
mr.Jckpot: posts big blind $1
*** HOLE CARDS ***
blistein: folds 
sta$igk: folds 
TheBraveGirl: folds 
app1e_j@ck: folds 
KolyoYKolev: calls $0.50
mr.Jckpot: checks 
*** FLOP *** [Ac Ad Qh]
KolyoYKolev: checks 
mr.Jckpot: checks 
*** TURN *** [Ac Ad Qh] [4c]
KolyoYKolev: checks 
mr.Jckpot: checks 
*** RIVER *** [Ac Ad Qh 4c] [2h]
KolyoYKolev: checks 
mr.Jckpot: bets $1
KolyoYKolev: folds 
Uncalled bet ($1) returned to mr.Jckpot
mr.Jckpot collected $1.90 from pot
mr.Jckpot: doesn't show hand 
*** SUMMARY ***
Total pot $2 | Rake $0.10 
Board [Ac Ad Qh 4c 2h]
Seat 1: TheBraveGirl folded before Flop (didn't bet)
Seat 2: app1e_j@ck (button) folded before Flop (didn't bet)
Seat 3: KolyoYKolev (small blind) folded on the River
Seat 4: mr.Jckpot (big blind) collected ($1.90)
Seat 5: blistein folded before Flop (didn't bet)
Seat 6: sta$igk folded before Flop (didn't bet)



PokerStars Hand #254263472267:  Hold'em No Limit ($0.50/$1.00 USD) - 2025/01/08 17:01:38 WET [2025/01/08 12:01:38 ET]
Table 'Stobbe II' 6-max Seat #3 is the button
Seat 1: TheBraveGirl ($103.72 in chips) 
Seat 2: app1e_j@ck ($96.39 in chips) 
Seat 3: KolyoYKolev ($97 in chips) 
Seat 4: mr.Jckpot ($204.40 in chips) 
Seat 5: blistein ($116.44 in chips) 
Seat 6: sta$igk ($276.31 in chips) 
mr.Jckpot: posts small blind $0.50
blistein: posts big blind $1
*** HOLE CARDS ***
sta$igk: folds 
TheBraveGirl: folds 
app1e_j@ck: folds 
KolyoYKolev: calls $1
mr.Jckpot: folds 
blistein: checks 
*** FLOP *** [Ah 4c 9h]
blistein: checks 
KolyoYKolev: checks 
*** TURN *** [Ah 4c 9h] [9d]
blistein: checks 
KolyoYKolev: checks 
*** RIVER *** [Ah 4c 9h 9d] [5h]
blistein: bets $1.50
KolyoYKolev: folds 
Uncalled bet ($1.50) returned to blistein
blistein collected $2.38 from pot
blistein: doesn't show hand 
*** SUMMARY ***
Total pot $2.50 | Rake $0.12 
Board [Ah 4c 9h 9d 5h]
Seat 1: TheBraveGirl folded before Flop (didn't bet)
Seat 2: app1e_j@ck folded before Flop (didn't bet)
Seat 3: KolyoYKolev (button) folded on the River
Seat 4: mr.Jckpot (small blind) folded before Flop
Seat 5: blistein (big blind) collected ($2.38)
Seat 6: sta$igk folded before Flop (didn't bet)



PokerStars Hand #254263480546:  Hold'em No Limit ($0.50/$1.00 USD) - 2025/01/08 17:02:14 WET [2025/01/08 12:02:14 ET]
Table 'Stobbe II' 6-max Seat #4 is the button
Seat 1: TheBraveGirl ($103.72 in chips) 
Seat 2: app1e_j@ck ($96.39 in chips) 
Seat 3: KolyoYKolev ($96 in chips) 
Seat 4: mr.Jckpot ($203.90 in chips) 
Seat 5: blistein ($117.82 in chips) 
Seat 6: sta$igk ($276.31 in chips) 
blistein: posts small blind $0.50
sta$igk: posts big blind $1
*** HOLE CARDS ***
TheBraveGirl: folds 
app1e_j@ck: folds 
KolyoYKolev: calls $1
mr.Jckpot: folds 
blistein: folds 
sta$igk: raises $4 to $5
KolyoYKolev: folds 
Uncalled bet ($4) returned to sta$igk
sta$igk collected $2.50 from pot
sta$igk: doesn't show hand 
*** SUMMARY ***
Total pot $2.50 | Rake $0 
Seat 1: TheBraveGirl folded before Flop (didn't bet)
Seat 2: app1e_j@ck folded before Flop (didn't bet)
Seat 3: KolyoYKolev folded before Flop
Seat 4: mr.Jckpot (button) folded before Flop (didn't bet)
Seat 5: blistein (small blind) folded before Flop
Seat 6: sta$igk (big blind) collected ($2.50)



PokerStars Hand #254263487350:  Hold'em No Limit ($0.50/$1.00 USD) - 2025/01/08 17:02:40 WET [2025/01/08 12:02:40 ET]
Table 'Stobbe II' 6-max Seat #5 is the button
Seat 1: TheBraveGirl ($103.72 in chips) 
Seat 2: app1e_j@ck ($96.39 in chips) 
Seat 3: KolyoYKolev ($95 in chips) 
Seat 4: mr.Jckpot ($203.90 in chips) 
Seat 5: blistein ($117.32 in chips) 
Seat 6: sta$igk ($277.81 in chips) 
sta$igk: posts small blind $0.50
TheBraveGirl: posts big blind $1
*** HOLE CARDS ***
app1e_j@ck: folds 
KolyoYKolev: folds 
mr.Jckpot: folds 
blistein: folds 
sta$igk: raises $2 to $3
TheBraveGirl: folds 
Uncalled bet ($2) returned to sta$igk
sta$igk collected $2 from pot
sta$igk: doesn't show hand 
*** SUMMARY ***
Total pot $2 | Rake $0 
Seat 1: TheBraveGirl (big blind) folded before Flop
Seat 2: app1e_j@ck folded before Flop (didn't bet)
Seat 3: KolyoYKolev folded before Flop (didn't bet)
Seat 4: mr.Jckpot folded before Flop (didn't bet)
Seat 5: blistein (button) folded before Flop (didn't bet)
Seat 6: sta$igk (small blind) collected ($2)



PokerStars Hand #254263490019:  Hold'em No Limit ($0.50/$1.00 USD) - 2025/01/08 17:02:51 WET [2025/01/08 12:02:51 ET]
Table 'Stobbe II' 6-max Seat #6 is the button
Seat 1: TheBraveGirl ($102.72 in chips) 
Seat 2: app1e_j@ck ($96.39 in chips) 
Seat 3: KolyoYKolev ($95 in chips) 
Seat 4: mr.Jckpot ($203.90 in chips) 
Seat 5: blistein ($117.32 in chips) 
Seat 6: sta$igk ($278.81 in chips) 
TheBraveGirl: posts small blind $0.50
app1e_j@ck: posts big blind $1
*** HOLE CARDS ***
KolyoYKolev: calls $1
mr.Jckpot: folds 
blistein: folds 
sta$igk: folds 
TheBraveGirl: folds 
app1e_j@ck: checks 
*** FLOP *** [3s Jh Kc]
app1e_j@ck: checks 
KolyoYKolev: checks 
*** TURN *** [3s Jh Kc] [9c]
app1e_j@ck: bets $2.29
KolyoYKolev: folds 
Uncalled bet ($2.29) returned to app1e_j@ck
app1e_j@ck collected $2.38 from pot
app1e_j@ck: doesn't show hand 
*** SUMMARY ***
Total pot $2.50 | Rake $0.12 
Board [3s Jh Kc 9c]
Seat 1: TheBraveGirl (small blind) folded before Flop
Seat 2: app1e_j@ck (big blind) collected ($2.38)
Seat 3: KolyoYKolev folded on the Turn
Seat 4: mr.Jckpot folded before Flop (didn't bet)
Seat 5: blistein folded before Flop (didn't bet)
Seat 6: sta$igk (button) folded before Flop (didn't bet)



PokerStars Hand #254263500432:  Hold'em No Limit ($0.50/$1.00 USD) - 2025/01/08 17:03:33 WET [2025/01/08 12:03:33 ET]
Table 'Stobbe II' 6-max Seat #1 is the button
Seat 1: TheBraveGirl ($102.22 in chips) 
Seat 2: app1e_j@ck ($97.77 in chips) 
Seat 3: KolyoYKolev ($94 in chips) 
Seat 4: mr.Jckpot ($203.90 in chips) 
Seat 5: blistein ($117.32 in chips) 
Seat 6: sta$igk ($278.81 in chips) 
app1e_j@ck: posts small blind $0.50
KolyoYKolev: posts big blind $1
*** HOLE CARDS ***
mr.Jckpot: folds 
blistein: folds 
sta$igk: folds 
TheBraveGirl: raises $1 to $2
app1e_j@ck: folds 
KolyoYKolev: folds 
Uncalled bet ($1) returned to TheBraveGirl
TheBraveGirl collected $2.50 from pot
TheBraveGirl: doesn't show hand 
*** SUMMARY ***
Total pot $2.50 | Rake $0 
Seat 1: TheBraveGirl (button) collected ($2.50)
Seat 2: app1e_j@ck (small blind) folded before Flop
Seat 3: KolyoYKolev (big blind) folded before Flop
Seat 4: mr.Jckpot folded before Flop (didn't bet)
Seat 5: blistein folded before Flop (didn't bet)
Seat 6: sta$igk folded before Flop (didn't bet)



PokerStars Hand #254263506267:  Hold'em No Limit ($0.50/$1.00 USD) - 2025/01/08 17:03:56 WET [2025/01/08 12:03:56 ET]
Table 'Stobbe II' 6-max Seat #2 is the button
Seat 1: TheBraveGirl ($103.72 in chips) 
Seat 2: app1e_j@ck ($97.27 in chips) 
Seat 3: KolyoYKolev ($93 in chips) 
Seat 4: mr.Jckpot ($203.90 in chips) 
Seat 5: blistein ($117.32 in chips) 
Seat 6: sta$igk ($278.81 in chips) 
KolyoYKolev: posts small blind $0.50
mr.Jckpot: posts big blind $1
*** HOLE CARDS ***
blistein: raises $1.20 to $2.20
sta$igk: folds 
TheBraveGirl: folds 
app1e_j@ck: folds 
KolyoYKolev: folds 
mr.Jckpot: calls $1.20
*** FLOP *** [5c 7d Jd]
mr.Jckpot: checks 
blistein: checks 
*** TURN *** [5c 7d Jd] [Ks]
mr.Jckpot: bets $3.08
blistein: calls $3.08
*** RIVER *** [5c 7d Jd Ks] [6s]
mr.Jckpot: checks 
blistein: bets $7.88
mr.Jckpot: calls $7.88
*** SHOW DOWN ***
blistein: shows [Kh Qh] (a pair of Kings)
mr.Jckpot: shows [Qc Kd] (a pair of Kings)
mr.Jckpot collected $12.74 from pot
blistein collected $12.74 from pot
*** SUMMARY ***
Total pot $26.82 | Rake $1.34 
Board [5c 7d Jd Ks 6s]
Seat 1: TheBraveGirl folded before Flop (didn't bet)
Seat 2: app1e_j@ck (button) folded before Flop (didn't bet)
Seat 3: KolyoYKolev (small blind) folded before Flop
Seat 4: mr.Jckpot (big blind) showed [Qc Kd] and won ($12.74) with a pair of Kings
Seat 5: blistein showed [Kh Qh] and won ($12.74) with a pair of Kings
Seat 6: sta$igk folded before Flop (didn't bet)



PokerStars Hand #254263521635:  Hold'em No Limit ($0.50/$1.00 USD) - 2025/01/08 17:04:56 WET [2025/01/08 12:04:56 ET]
Table 'Stobbe II' 6-max Seat #3 is the button
Seat 1: TheBraveGirl ($103.72 in chips) 
Seat 2: app1e_j@ck ($97.27 in chips) 
Seat 3: KolyoYKolev ($92.50 in chips) 
Seat 4: mr.Jckpot ($203.48 in chips) 
Seat 5: blistein ($116.90 in chips) 
Seat 6: sta$igk ($278.81 in chips) 
mr.Jckpot: posts small blind $0.50
blistein: posts big blind $1
*** HOLE CARDS ***
sta$igk: folds 
TheBraveGirl: raises $1 to $2
app1e_j@ck: folds 
KolyoYKolev: calls $2
mr.Jckpot: folds 
blistein: folds 
*** FLOP *** [Jc 8d Jd]
TheBraveGirl: checks 
KolyoYKolev: bets $1
TheBraveGirl: raises $5 to $6
KolyoYKolev: calls $5
*** TURN *** [Jc 8d Jd] [Jh]
TheBraveGirl: checks 
KolyoYKolev: checks 
*** RIVER *** [Jc 8d Jd Jh] [7s]
TheBraveGirl: checks 
KolyoYKolev: bets $8.31
TheBraveGirl: calls $8.31
*** SHOW DOWN ***
KolyoYKolev: shows [Ac As] (a full house, Jacks full of Aces)
TheBraveGirl: mucks hand 
KolyoYKolev collected $32.41 from pot
*** SUMMARY ***
Total pot $34.12 | Rake $1.71 
Board [Jc 8d Jd Jh 7s]
Seat 1: TheBraveGirl mucked
Seat 2: app1e_j@ck folded before Flop (didn't bet)
Seat 3: KolyoYKolev (button) showed [Ac As] and won ($32.41) with a full house, Jacks full of Aces
Seat 4: mr.Jckpot (small blind) folded before Flop
Seat 5: blistein (big blind) folded before Flop
Seat 6: sta$igk folded before Flop (didn't bet)



PokerStars Hand #254263540412:  Hold'em No Limit ($0.50/$1.00 USD) - 2025/01/08 17:06:09 WET [2025/01/08 12:06:09 ET]
Table 'Stobbe II' 6-max Seat #4 is the button
Seat 1: TheBraveGirl ($100 in chips) 
Seat 2: app1e_j@ck ($97.27 in chips) 
Seat 3: KolyoYKolev ($108.60 in chips) 
Seat 4: mr.Jckpot ($202.98 in chips) 
Seat 5: blistein ($115.90 in chips) 
Seat 6: sta$igk ($278.81 in chips) 
blistein: posts small blind $0.50
sta$igk: posts big blind $1
*** HOLE CARDS ***
TheBraveGirl: folds 
app1e_j@ck: folds 
KolyoYKolev: folds 
mr.Jckpot: folds 
blistein: folds 
Uncalled bet ($0.50) returned to sta$igk
sta$igk collected $1 from pot
sta$igk: doesn't show hand 
*** SUMMARY ***
Total pot $1 | Rake $0 
Seat 1: TheBraveGirl folded before Flop (didn't bet)
Seat 2: app1e_j@ck folded before Flop (didn't bet)
Seat 3: KolyoYKolev folded before Flop (didn't bet)
Seat 4: mr.Jckpot (button) folded before Flop (didn't bet)
Seat 5: blistein (small blind) folded before Flop
Seat 6: sta$igk (big blind) collected ($1)



PokerStars Hand #254263544554:  Hold'em No Limit ($0.50/$1.00 USD) - 2025/01/08 17:06:25 WET [2025/01/08 12:06:25 ET]
Table 'Stobbe II' 6-max Seat #5 is the button
Seat 1: TheBraveGirl ($100 in chips) 
Seat 2: app1e_j@ck ($97.27 in chips) 
Seat 3: KolyoYKolev ($108.60 in chips) 
Seat 4: mr.Jckpot ($202.98 in chips) 
Seat 5: blistein ($115.40 in chips) 
Seat 6: sta$igk ($279.31 in chips) 
sta$igk: posts small blind $0.50
TheBraveGirl: posts big blind $1
*** HOLE CARDS ***
app1e_j@ck: folds 
KolyoYKolev: calls $1
mr.Jckpot: folds 
blistein: raises $2.50 to $3.50
sta$igk: folds 
TheBraveGirl: folds 
KolyoYKolev: calls $2.50
*** FLOP *** [6d 9c Ah]
KolyoYKolev: checks 
blistein: checks 
*** TURN *** [6d 9c Ah] [Th]
KolyoYKolev: checks 
blistein: checks 
*** RIVER *** [6d 9c Ah Th] [9s]
KolyoYKolev: checks 
blistein: checks 
*** SHOW DOWN ***
KolyoYKolev: shows [7d 7c] (two pair, Nines and Sevens)
blistein: mucks hand 
KolyoYKolev collected $8.08 from pot
*** SUMMARY ***
Total pot $8.50 | Rake $0.42 
Board [6d 9c Ah Th 9s]
Seat 1: TheBraveGirl (big blind) folded before Flop
Seat 2: app1e_j@ck folded before Flop (didn't bet)
Seat 3: KolyoYKolev showed [7d 7c] and won ($8.08) with two pair, Nines and Sevens
Seat 4: mr.Jckpot folded before Flop (didn't bet)
Seat 5: blistein (button) mucked
Seat 6: sta$igk (small blind) folded before Flop



PokerStars Hand #254263560939:  Hold'em No Limit ($0.50/$1.00 USD) - 2025/01/08 17:07:30 WET [2025/01/08 12:07:30 ET]
Table 'Stobbe II' 6-max Seat #6 is the button
Seat 1: TheBraveGirl ($100 in chips) 
Seat 2: app1e_j@ck ($97.27 in chips) 
Seat 3: KolyoYKolev ($113.18 in chips) 
Seat 4: mr.Jckpot ($202.98 in chips) 
Seat 5: blistein ($111.90 in chips) 
Seat 6: sta$igk ($278.81 in chips) 
TheBraveGirl: posts small blind $0.50
app1e_j@ck: posts big blind $1
*** HOLE CARDS ***
KolyoYKolev: folds 
mr.Jckpot: folds 
blistein: folds 
sta$igk: folds 
TheBraveGirl: raises $2 to $3
app1e_j@ck: raises $6 to $9
TheBraveGirl: raises $12 to $21
app1e_j@ck: raises $76.27 to $97.27 and is all-in
TheBraveGirl: folds 
Uncalled bet ($76.27) returned to app1e_j@ck
app1e_j@ck collected $42 from pot
app1e_j@ck: doesn't show hand 
*** SUMMARY ***
Total pot $42 | Rake $0 
Seat 1: TheBraveGirl (small blind) folded before Flop
Seat 2: app1e_j@ck (big blind) collected ($42)
Seat 3: KolyoYKolev folded before Flop (didn't bet)
Seat 4: mr.Jckpot folded before Flop (didn't bet)
Seat 5: blistein folded before Flop (didn't bet)
Seat 6: sta$igk (button) folded before Flop (didn't bet)



PokerStars Hand #254263577036:  Hold'em No Limit ($0.50/$1.00 USD) - 2025/01/08 17:08:34 WET [2025/01/08 12:08:34 ET]
Table 'Stobbe II' 6-max Seat #1 is the button
Seat 1: TheBraveGirl ($100 in chips) 
Seat 2: app1e_j@ck ($118.27 in chips) 
Seat 3: KolyoYKolev ($113.18 in chips) 
Seat 4: mr.Jckpot ($202.98 in chips) 
Seat 5: blistein ($111.90 in chips) 
Seat 6: sta$igk ($278.81 in chips) 
app1e_j@ck: posts small blind $0.50
KolyoYKolev: posts big blind $1
*** HOLE CARDS ***
mr.Jckpot: folds 
blistein: folds 
sta$igk: folds 
TheBraveGirl: raises $2.50 to $3.50
app1e_j@ck: folds 
KolyoYKolev: calls $2.50
*** FLOP *** [5d 8c 3h]
KolyoYKolev: checks 
TheBraveGirl: checks 
*** TURN *** [5d 8c 3h] [As]
KolyoYKolev: checks 
TheBraveGirl: bets $3.56
KolyoYKolev: folds 
Uncalled bet ($3.56) returned to TheBraveGirl
TheBraveGirl collected $7.12 from pot
TheBraveGirl: doesn't show hand 
*** SUMMARY ***
Total pot $7.50 | Rake $0.38 
Board [5d 8c 3h As]
Seat 1: TheBraveGirl (button) collected ($7.12)
Seat 2: app1e_j@ck (small blind) folded before Flop
Seat 3: KolyoYKolev (big blind) folded on the Turn
Seat 4: mr.Jckpot folded before Flop (didn't bet)
Seat 5: blistein folded before Flop (didn't bet)
Seat 6: sta$igk folded before Flop (didn't bet)



PokerStars Hand #254263586611:  Hold'em No Limit ($0.50/$1.00 USD) - 2025/01/08 17:09:11 WET [2025/01/08 12:09:11 ET]
Table 'Stobbe II' 6-max Seat #2 is the button
Seat 1: TheBraveGirl ($103.62 in chips) 
Seat 2: app1e_j@ck ($117.77 in chips) 
Seat 3: KolyoYKolev ($109.68 in chips) 
Seat 4: mr.Jckpot ($202.98 in chips) 
Seat 5: blistein ($111.90 in chips) 
Seat 6: sta$igk ($278.81 in chips) 
KolyoYKolev: posts small blind $0.50
mr.Jckpot: posts big blind $1
*** HOLE CARDS ***
blistein: folds 
sta$igk: folds 
TheBraveGirl: folds 
app1e_j@ck: folds 
KolyoYKolev: calls $0.50
mr.Jckpot: checks 
*** FLOP *** [7d Th 5h]
KolyoYKolev: checks 
mr.Jckpot: bets $1
KolyoYKolev: calls $1
*** TURN *** [7d Th 5h] [3s]
KolyoYKolev: checks 
mr.Jckpot: checks 
*** RIVER *** [7d Th 5h 3s] [2h]
KolyoYKolev: checks 
mr.Jckpot: checks 
*** SHOW DOWN ***
KolyoYKolev: shows [Ah 3c] (a pair of Threes)
mr.Jckpot: mucks hand 
KolyoYKolev collected $3.80 from pot
*** SUMMARY ***
Total pot $4 | Rake $0.20 
Board [7d Th 5h 3s 2h]
Seat 1: TheBraveGirl folded before Flop (didn't bet)
Seat 2: app1e_j@ck (button) folded before Flop (didn't bet)
Seat 3: KolyoYKolev (small blind) showed [Ah 3c] and won ($3.80) with a pair of Threes
Seat 4: mr.Jckpot (big blind) mucked
Seat 5: blistein folded before Flop (didn't bet)
Seat 6: sta$igk folded before Flop (didn't bet)



PokerStars Hand #254263597936:  Hold'em No Limit ($0.50/$1.00 USD) - 2025/01/08 17:09:55 WET [2025/01/08 12:09:55 ET]
Table 'Stobbe II' 6-max Seat #3 is the button
Seat 1: TheBraveGirl ($103.62 in chips) 
Seat 2: app1e_j@ck ($117.77 in chips) 
Seat 3: KolyoYKolev ($111.48 in chips) 
Seat 4: mr.Jckpot ($200.98 in chips) 
Seat 5: blistein ($111.90 in chips) 
Seat 6: sta$igk ($278.81 in chips) 
mr.Jckpot: posts small blind $0.50
blistein: posts big blind $1
*** HOLE CARDS ***
sta$igk: folds 
TheBraveGirl: folds 
app1e_j@ck: raises $1.50 to $2.50
KolyoYKolev: folds 
mr.Jckpot: folds 
blistein: calls $1.50
*** FLOP *** [Kc Jd Js]
blistein: checks 
app1e_j@ck: bets $1.72
blistein: raises $4.30 to $6.02
app1e_j@ck: calls $4.30
*** TURN *** [Kc Jd Js] [4d]
blistein: bets $12.50
app1e_j@ck: folds 
Uncalled bet ($12.50) returned to blistein
blistein collected $16.66 from pot
blistein: doesn't show hand 
*** SUMMARY ***
Total pot $17.54 | Rake $0.88 
Board [Kc Jd Js 4d]
Seat 1: TheBraveGirl folded before Flop (didn't bet)
Seat 2: app1e_j@ck folded on the Turn
Seat 3: KolyoYKolev (button) folded before Flop (didn't bet)
Seat 4: mr.Jckpot (small blind) folded before Flop
Seat 5: blistein (big blind) collected ($16.66)
Seat 6: sta$igk folded before Flop (didn't bet)



PokerStars Hand #254263617547:  Hold'em No Limit ($0.50/$1.00 USD) - 2025/01/08 17:11:10 WET [2025/01/08 12:11:10 ET]
Table 'Stobbe II' 6-max Seat #4 is the button
Seat 1: TheBraveGirl ($103.62 in chips) 
Seat 2: app1e_j@ck ($109.25 in chips) 
Seat 3: KolyoYKolev ($111.48 in chips) 
Seat 4: mr.Jckpot ($200.48 in chips) 
Seat 5: blistein ($120.04 in chips) 
Seat 6: sta$igk ($278.81 in chips) 
blistein: posts small blind $0.50
sta$igk: posts big blind $1
*** HOLE CARDS ***
TheBraveGirl: raises $1 to $2
app1e_j@ck: folds 
KolyoYKolev: folds 
mr.Jckpot: folds 
blistein: folds 
sta$igk: folds 
Uncalled bet ($1) returned to TheBraveGirl
TheBraveGirl collected $2.50 from pot
TheBraveGirl: doesn't show hand 
*** SUMMARY ***
Total pot $2.50 | Rake $0 
Seat 1: TheBraveGirl collected ($2.50)
Seat 2: app1e_j@ck folded before Flop (didn't bet)
Seat 3: KolyoYKolev folded before Flop (didn't bet)
Seat 4: mr.Jckpot (button) folded before Flop (didn't bet)
Seat 5: blistein (small blind) folded before Flop
Seat 6: sta$igk (big blind) folded before Flop



PokerStars Hand #254263620490:  Hold'em No Limit ($0.50/$1.00 USD) - 2025/01/08 17:11:21 WET [2025/01/08 12:11:21 ET]
Table 'Stobbe II' 6-max Seat #5 is the button
Seat 1: TheBraveGirl ($105.12 in chips) 
Seat 2: app1e_j@ck ($109.25 in chips) 
Seat 3: KolyoYKolev ($111.48 in chips) 
Seat 4: mr.Jckpot ($200.48 in chips) 
Seat 5: blistein ($119.54 in chips) 
Seat 6: sta$igk ($277.81 in chips) 
sta$igk: posts small blind $0.50
TheBraveGirl: posts big blind $1
*** HOLE CARDS ***
app1e_j@ck: raises $1.50 to $2.50
KolyoYKolev: folds 
mr.Jckpot: folds 
blistein: folds 
sta$igk: folds 
TheBraveGirl: folds 
Uncalled bet ($1.50) returned to app1e_j@ck
app1e_j@ck collected $2.50 from pot
app1e_j@ck: doesn't show hand 
*** SUMMARY ***
Total pot $2.50 | Rake $0 
Seat 1: TheBraveGirl (big blind) folded before Flop
Seat 2: app1e_j@ck collected ($2.50)
Seat 3: KolyoYKolev folded before Flop (didn't bet)
Seat 4: mr.Jckpot folded before Flop (didn't bet)
Seat 5: blistein (button) folded before Flop (didn't bet)
Seat 6: sta$igk (small blind) folded before Flop



PokerStars Hand #254263623476:  Hold'em No Limit ($0.50/$1.00 USD) - 2025/01/08 17:11:32 WET [2025/01/08 12:11:32 ET]
Table 'Stobbe II' 6-max Seat #6 is the button
Seat 1: TheBraveGirl ($104.12 in chips) 
Seat 2: app1e_j@ck ($110.75 in chips) 
Seat 3: KolyoYKolev ($111.48 in chips) 
Seat 4: mr.Jckpot ($200.48 in chips) 
Seat 5: blistein ($119.54 in chips) 
Seat 6: sta$igk ($277.31 in chips) 
TheBraveGirl: posts small blind $0.50
app1e_j@ck: posts big blind $1
*** HOLE CARDS ***
KolyoYKolev: folds 
mr.Jckpot: folds 
blistein: folds 
sta$igk: raises $1.50 to $2.50
TheBraveGirl: folds 
app1e_j@ck: folds 
Uncalled bet ($1.50) returned to sta$igk
sta$igk collected $2.50 from pot
sta$igk: doesn't show hand 
*** SUMMARY ***
Total pot $2.50 | Rake $0 
Seat 1: TheBraveGirl (small blind) folded before Flop
Seat 2: app1e_j@ck (big blind) folded before Flop
Seat 3: KolyoYKolev folded before Flop (didn't bet)
Seat 4: mr.Jckpot folded before Flop (didn't bet)
Seat 5: blistein folded before Flop (didn't bet)
Seat 6: sta$igk (button) collected ($2.50)



PokerStars Hand #254263627031:  Hold'em No Limit ($0.50/$1.00 USD) - 2025/01/08 17:11:45 WET [2025/01/08 12:11:45 ET]
Table 'Stobbe II' 6-max Seat #1 is the button
Seat 1: TheBraveGirl ($103.62 in chips) 
Seat 2: app1e_j@ck ($109.75 in chips) 
Seat 3: KolyoYKolev ($111.48 in chips) 
Seat 4: mr.Jckpot ($200.48 in chips) 
Seat 5: blistein ($119.54 in chips) 
Seat 6: sta$igk ($278.81 in chips) 
app1e_j@ck: posts small blind $0.50
KolyoYKolev: posts big blind $1
*** HOLE CARDS ***
mr.Jckpot: folds 
blistein: raises $1.20 to $2.20
sta$igk: folds 
TheBraveGirl: folds 
app1e_j@ck: folds 
KolyoYKolev: folds 
Uncalled bet ($1.20) returned to blistein
blistein collected $2.50 from pot
blistein: doesn't show hand 
*** SUMMARY ***
Total pot $2.50 | Rake $0 
Seat 1: TheBraveGirl (button) folded before Flop (didn't bet)
Seat 2: app1e_j@ck (small blind) folded before Flop
Seat 3: KolyoYKolev (big blind) folded before Flop
Seat 4: mr.Jckpot folded before Flop (didn't bet)
Seat 5: blistein collected ($2.50)
Seat 6: sta$igk folded before Flop (didn't bet)



PokerStars Hand #254263634829:  Hold'em No Limit ($0.50/$1.00 USD) - 2025/01/08 17:12:14 WET [2025/01/08 12:12:14 ET]
Table 'Stobbe II' 6-max Seat #2 is the button
Seat 1: TheBraveGirl ($103.62 in chips) 
Seat 2: app1e_j@ck ($109.25 in chips) 
Seat 3: KolyoYKolev ($110.48 in chips) 
Seat 4: mr.Jckpot ($200.48 in chips) 
Seat 5: blistein ($121.04 in chips) 
Seat 6: sta$igk ($278.81 in chips) 
KolyoYKolev: posts small blind $0.50
mr.Jckpot: posts big blind $1
*** HOLE CARDS ***
blistein: folds 
sta$igk: folds 
TheBraveGirl: folds 
app1e_j@ck: raises $1.50 to $2.50
KolyoYKolev: folds 
mr.Jckpot: folds 
Uncalled bet ($1.50) returned to app1e_j@ck
app1e_j@ck collected $2.50 from pot
app1e_j@ck: doesn't show hand 
*** SUMMARY ***
Total pot $2.50 | Rake $0 
Seat 1: TheBraveGirl folded before Flop (didn't bet)
Seat 2: app1e_j@ck (button) collected ($2.50)
Seat 3: KolyoYKolev (small blind) folded before Flop
Seat 4: mr.Jckpot (big blind) folded before Flop
Seat 5: blistein folded before Flop (didn't bet)
Seat 6: sta$igk folded before Flop (didn't bet)



PokerStars Hand #254263638279:  Hold'em No Limit ($0.50/$1.00 USD) - 2025/01/08 17:12:27 WET [2025/01/08 12:12:27 ET]
Table 'Stobbe II' 6-max Seat #3 is the button
Seat 1: TheBraveGirl ($103.62 in chips) 
Seat 2: app1e_j@ck ($110.75 in chips) 
Seat 3: KolyoYKolev ($109.98 in chips) 
Seat 4: mr.Jckpot ($199.48 in chips) 
Seat 5: blistein ($121.04 in chips) 
Seat 6: sta$igk ($278.81 in chips) 
mr.Jckpot: posts small blind $0.50
blistein: posts big blind $1
*** HOLE CARDS ***
sta$igk: folds 
TheBraveGirl: folds 
app1e_j@ck: raises $1.50 to $2.50
KolyoYKolev: calls $2.50
mr.Jckpot: calls $2
blistein: folds 
*** FLOP *** [9s Ts 7c]
mr.Jckpot: checks 
app1e_j@ck: checks 
KolyoYKolev: checks 
*** TURN *** [9s Ts 7c] [7d]
mr.Jckpot: bets $4.44
app1e_j@ck: folds 
KolyoYKolev: calls $4.44
*** RIVER *** [9s Ts 7c 7d] [9d]
mr.Jckpot: bets $24.77
KolyoYKolev: folds 
Uncalled bet ($24.77) returned to mr.Jckpot
mr.Jckpot collected $16.51 from pot
mr.Jckpot: doesn't show hand 
*** SUMMARY ***
Total pot $17.38 | Rake $0.87 
Board [9s Ts 7c 7d 9d]
Seat 1: TheBraveGirl folded before Flop (didn't bet)
Seat 2: app1e_j@ck folded on the Turn
Seat 3: KolyoYKolev (button) folded on the River
Seat 4: mr.Jckpot (small blind) collected ($16.51)
Seat 5: blistein (big blind) folded before Flop
Seat 6: sta$igk folded before Flop (didn't bet)



PokerStars Hand #254263653853:  Hold'em No Limit ($0.50/$1.00 USD) - 2025/01/08 17:13:25 WET [2025/01/08 12:13:25 ET]
Table 'Stobbe II' 6-max Seat #4 is the button
Seat 1: TheBraveGirl ($103.62 in chips) 
Seat 2: app1e_j@ck ($108.25 in chips) 
Seat 3: KolyoYKolev ($103.04 in chips) 
Seat 4: mr.Jckpot ($209.05 in chips) 
Seat 5: blistein ($120.04 in chips) 
Seat 6: sta$igk ($278.81 in chips) 
blistein: posts small blind $0.50
sta$igk: posts big blind $1
*** HOLE CARDS ***
TheBraveGirl: folds 
app1e_j@ck: folds 
KolyoYKolev: folds 
mr.Jckpot: raises $1.50 to $2.50
blistein: folds 
sta$igk: folds 
Uncalled bet ($1.50) returned to mr.Jckpot
mr.Jckpot collected $2.50 from pot
mr.Jckpot: doesn't show hand 
*** SUMMARY ***
Total pot $2.50 | Rake $0 
Seat 1: TheBraveGirl folded before Flop (didn't bet)
Seat 2: app1e_j@ck folded before Flop (didn't bet)
Seat 3: KolyoYKolev folded before Flop (didn't bet)
Seat 4: mr.Jckpot (button) collected ($2.50)
Seat 5: blistein (small blind) folded before Flop
Seat 6: sta$igk (big blind) folded before Flop



PokerStars Hand #254263663121:  Hold'em No Limit ($0.50/$1.00 USD) - 2025/01/08 17:14:00 WET [2025/01/08 12:14:00 ET]
Table 'Stobbe II' 6-max Seat #5 is the button
Seat 1: TheBraveGirl ($103.62 in chips) 
Seat 2: app1e_j@ck ($108.25 in chips) 
Seat 3: KolyoYKolev ($103.04 in chips) 
Seat 4: mr.Jckpot ($210.55 in chips) 
Seat 5: blistein ($119.54 in chips) 
Seat 6: sta$igk ($277.81 in chips) 
sta$igk: posts small blind $0.50
TheBraveGirl: posts big blind $1
*** HOLE CARDS ***
app1e_j@ck: folds 
KolyoYKolev: folds 
mr.Jckpot: folds 
blistein: folds 
sta$igk: raises $2 to $3
TheBraveGirl: calls $2
*** FLOP *** [4h 7d 8s]
sta$igk: checks 
TheBraveGirl: checks 
*** TURN *** [4h 7d 8s] [6c]
sta$igk: checks 
TheBraveGirl: bets $4.28
sta$igk: folds 
Uncalled bet ($4.28) returned to TheBraveGirl
TheBraveGirl collected $5.70 from pot
TheBraveGirl: doesn't show hand 
*** SUMMARY ***
Total pot $6 | Rake $0.30 
Board [4h 7d 8s 6c]
Seat 1: TheBraveGirl (big blind) collected ($5.70)
Seat 2: app1e_j@ck folded before Flop (didn't bet)
Seat 3: KolyoYKolev folded before Flop (didn't bet)
Seat 4: mr.Jckpot folded before Flop (didn't bet)
Seat 5: blistein (button) folded before Flop (didn't bet)
Seat 6: sta$igk (small blind) folded on the Turn



PokerStars Hand #254263677464:  Hold'em No Limit ($0.50/$1.00 USD) - 2025/01/08 17:14:53 WET [2025/01/08 12:14:53 ET]
Table 'Stobbe II' 6-max Seat #6 is the button
Seat 1: TheBraveGirl ($106.32 in chips) 
Seat 2: app1e_j@ck ($108.25 in chips) 
Seat 3: KolyoYKolev ($103.04 in chips) 
Seat 4: mr.Jckpot ($210.55 in chips) 
Seat 5: blistein ($119.54 in chips) 
Seat 6: sta$igk ($274.81 in chips) 
TheBraveGirl: posts small blind $0.50
app1e_j@ck: posts big blind $1
*** HOLE CARDS ***
KolyoYKolev: folds 
mr.Jckpot: folds 
blistein: folds 
sta$igk: raises $1.50 to $2.50
TheBraveGirl: folds 
app1e_j@ck: calls $1.50
*** FLOP *** [Ah Qs 6s]
app1e_j@ck: checks 
sta$igk: bets $6.52
app1e_j@ck: calls $6.52
*** TURN *** [Ah Qs 6s] [8c]
app1e_j@ck: checks 
sta$igk: bets $22.01
app1e_j@ck: calls $22.01
*** RIVER *** [Ah Qs 6s 8c] [Jc]
app1e_j@ck: checks 
sta$igk: bets $40.24
app1e_j@ck: folds 
Uncalled bet ($40.24) returned to sta$igk
sta$igk collected $60.06 from pot
sta$igk: doesn't show hand 
*** SUMMARY ***
Total pot $62.56 | Rake $2.50 
Board [Ah Qs 6s 8c Jc]
Seat 1: TheBraveGirl (small blind) folded before Flop
Seat 2: app1e_j@ck (big blind) folded on the River
Seat 3: KolyoYKolev folded before Flop (didn't bet)
Seat 4: mr.Jckpot folded before Flop (didn't bet)
Seat 5: blistein folded before Flop (didn't bet)
Seat 6: sta$igk (button) collected ($60.06)



PokerStars Hand #254263706888:  Hold'em No Limit ($0.50/$1.00 USD) - 2025/01/08 17:16:41 WET [2025/01/08 12:16:41 ET]
Table 'Stobbe II' 6-max Seat #1 is the button
Seat 1: TheBraveGirl ($105.82 in chips) 
Seat 2: app1e_j@ck ($77.22 in chips) 
Seat 3: KolyoYKolev ($103.04 in chips) 
Seat 4: mr.Jckpot ($210.55 in chips) 
Seat 5: blistein ($119.54 in chips) 
Seat 6: sta$igk ($303.84 in chips) 
app1e_j@ck: posts small blind $0.50
KolyoYKolev: posts big blind $1
*** HOLE CARDS ***
mr.Jckpot: raises $1.50 to $2.50
blistein: folds 
sta$igk: raises $5.50 to $8
TheBraveGirl: folds 
app1e_j@ck: folds 
KolyoYKolev: calls $7
mr.Jckpot: calls $5.50
*** FLOP *** [8c Qc 7c]
KolyoYKolev: bets $2
mr.Jckpot: raises $5 to $7
sta$igk: folds 
KolyoYKolev: calls $5
*** TURN *** [8c Qc 7c] [6d]
KolyoYKolev: bets $5
mr.Jckpot: calls $5
*** RIVER *** [8c Qc 7c 6d] [9c]
KolyoYKolev: bets $46.08
mr.Jckpot: folds 
Uncalled bet ($46.08) returned to KolyoYKolev
KolyoYKolev collected $46.08 from pot
*** SUMMARY ***
Total pot $48.50 | Rake $2.42 
Board [8c Qc 7c 6d 9c]
Seat 1: TheBraveGirl (button) folded before Flop (didn't bet)
Seat 2: app1e_j@ck (small blind) folded before Flop
Seat 3: KolyoYKolev (big blind) collected ($46.08)
Seat 4: mr.Jckpot folded on the River
Seat 5: blistein folded before Flop (didn't bet)
Seat 6: sta$igk folded on the Flop



PokerStars Hand #254263725210:  Hold'em No Limit ($0.50/$1.00 USD) - 2025/01/08 17:17:47 WET [2025/01/08 12:17:47 ET]
Table 'Stobbe II' 6-max Seat #2 is the button
Seat 1: TheBraveGirl ($105.82 in chips) 
Seat 2: app1e_j@ck ($76.72 in chips) 
Seat 3: KolyoYKolev ($129.12 in chips) 
Seat 4: mr.Jckpot ($190.55 in chips) 
Seat 5: blistein ($119.54 in chips) 
Seat 6: sta$igk ($295.84 in chips) 
KolyoYKolev: posts small blind $0.50
mr.Jckpot: posts big blind $1
*** HOLE CARDS ***
blistein: folds 
sta$igk: folds 
TheBraveGirl: folds 
app1e_j@ck: raises $1.50 to $2.50
KolyoYKolev: calls $2
mr.Jckpot: folds 
*** FLOP *** [8s 9h 2d]
KolyoYKolev: checks 
app1e_j@ck: bets $5.28
KolyoYKolev: folds 
Uncalled bet ($5.28) returned to app1e_j@ck
app1e_j@ck collected $5.70 from pot
app1e_j@ck: doesn't show hand 
*** SUMMARY ***
Total pot $6 | Rake $0.30 
Board [8s 9h 2d]
Seat 1: TheBraveGirl folded before Flop (didn't bet)
Seat 2: app1e_j@ck (button) collected ($5.70)
Seat 3: KolyoYKolev (small blind) folded on the Flop
Seat 4: mr.Jckpot (big blind) folded before Flop
Seat 5: blistein folded before Flop (didn't bet)
Seat 6: sta$igk folded before Flop (didn't bet)



PokerStars Hand #254263734102:  Hold'em No Limit ($0.50/$1.00 USD) - 2025/01/08 17:18:19 WET [2025/01/08 12:18:19 ET]
Table 'Stobbe II' 6-max Seat #3 is the button
Seat 4: mr.Jckpot ($189.55 in chips) is sitting out
Seat 1: TheBraveGirl ($105.82 in chips) 
Seat 2: app1e_j@ck ($79.92 in chips) 
Seat 3: KolyoYKolev ($126.62 in chips) 
Seat 5: blistein ($119.54 in chips) 
Seat 6: sta$igk ($295.84 in chips) 
blistein: posts small blind $0.50
sta$igk: posts big blind $1
*** HOLE CARDS ***
TheBraveGirl: raises $1 to $2
app1e_j@ck: folds 
KolyoYKolev: folds 
blistein: folds 
sta$igk: folds 
Uncalled bet ($1) returned to TheBraveGirl
TheBraveGirl collected $2.50 from pot
TheBraveGirl: doesn't show hand 
*** SUMMARY ***
Total pot $2.50 | Rake $0 
Seat 4: mr.Jckpot
Seat 1: TheBraveGirl collected ($2.50)
Seat 2: app1e_j@ck folded before Flop (didn't bet)
Seat 3: KolyoYKolev (button) folded before Flop (didn't bet)
Seat 5: blistein (small blind) folded before Flop
Seat 6: sta$igk (big blind) folded before Flop



PokerStars Hand #254263741340:  Hold'em No Limit ($0.50/$1.00 USD) - 2025/01/08 17:18:45 WET [2025/01/08 12:18:45 ET]
Table 'Stobbe II' 6-max Seat #5 is the button
Seat 4: mr.Jckpot ($189.55 in chips) is sitting out
Seat 1: TheBraveGirl ($107.32 in chips) 
Seat 2: app1e_j@ck ($79.92 in chips) 
Seat 3: KolyoYKolev ($126.62 in chips) 
Seat 5: blistein ($119.04 in chips) 
Seat 6: sta$igk ($294.84 in chips) 
sta$igk: posts small blind $0.50
TheBraveGirl: posts big blind $1
*** HOLE CARDS ***
app1e_j@ck: folds 
KolyoYKolev: calls $1
blistein: raises $2.50 to $3.50
sta$igk: folds 
TheBraveGirl: folds 
KolyoYKolev: calls $2.50
*** FLOP *** [5h Th 5d]
KolyoYKolev: checks 
blistein: bets $2.02
KolyoYKolev: calls $2.02
*** TURN *** [5h Th 5d] [2d]
KolyoYKolev: checks 
blistein: bets $8
KolyoYKolev: calls $8
*** RIVER *** [5h Th 5d 2d] [3s]
KolyoYKolev: checks 
blistein: checks 
*** SHOW DOWN ***
KolyoYKolev: shows [4d 4c] (two pair, Fives and Fours)
blistein: mucks hand 
KolyoYKolev collected $27.11 from pot
*** SUMMARY ***
Total pot $28.54 | Rake $1.43 
Board [5h Th 5d 2d 3s]
Seat 4: mr.Jckpot
Seat 1: TheBraveGirl (big blind) folded before Flop
Seat 2: app1e_j@ck folded before Flop (didn't bet)
Seat 3: KolyoYKolev showed [4d 4c] and won ($27.11) with two pair, Fives and Fours
Seat 5: blistein (button) mucked
Seat 6: sta$igk (small blind) folded before Flop



PokerStars Hand #254263759603:  Hold'em No Limit ($0.50/$1.00 USD) - 2025/01/08 17:19:51 WET [2025/01/08 12:19:51 ET]
Table 'Stobbe II' 6-max Seat #6 is the button
Seat 4: mr.Jckpot ($189.55 in chips) is sitting out
Seat 1: TheBraveGirl ($106.32 in chips) 
Seat 2: app1e_j@ck ($79.92 in chips) 
Seat 3: KolyoYKolev ($140.21 in chips) 
Seat 5: blistein ($105.52 in chips) 
Seat 6: sta$igk ($294.34 in chips) 
TheBraveGirl: posts small blind $0.50
app1e_j@ck: posts big blind $1
mr.Jckpot: sits out 
*** HOLE CARDS ***
KolyoYKolev: calls $1
blistein: folds 
sta$igk: folds 
TheBraveGirl: folds 
app1e_j@ck: checks 
*** FLOP *** [5h 8d 2s]
app1e_j@ck: checks 
KolyoYKolev: checks 
*** TURN *** [5h 8d 2s] [Qc]
app1e_j@ck: checks 
KolyoYKolev: checks 
*** RIVER *** [5h 8d 2s Qc] [2d]
app1e_j@ck: bets $2.29
KolyoYKolev: folds 
Uncalled bet ($2.29) returned to app1e_j@ck
app1e_j@ck collected $2.38 from pot
app1e_j@ck: doesn't show hand 
*** SUMMARY ***
Total pot $2.50 | Rake $0.12 
Board [5h 8d 2s Qc 2d]
Seat 4: mr.Jckpot
Seat 1: TheBraveGirl (small blind) folded before Flop
Seat 2: app1e_j@ck (big blind) collected ($2.38)
Seat 3: KolyoYKolev folded on the River
Seat 5: blistein folded before Flop (didn't bet)
Seat 6: sta$igk (button) folded before Flop (didn't bet)



PokerStars Hand #254263767568:  Hold'em No Limit ($0.50/$1.00 USD) - 2025/01/08 17:20:20 WET [2025/01/08 12:20:20 ET]
Table 'Stobbe II' 6-max Seat #1 is the button
Seat 4: mr.Jckpot ($189.55 in chips) is sitting out
Seat 1: TheBraveGirl ($105.82 in chips) 
Seat 2: app1e_j@ck ($81.30 in chips) 
Seat 3: KolyoYKolev ($139.21 in chips) 
Seat 5: blistein ($105.52 in chips) 
Seat 6: sta$igk ($294.34 in chips) 
app1e_j@ck: posts small blind $0.50
KolyoYKolev: posts big blind $1
mr.Jckpot: sits out 
*** HOLE CARDS ***
blistein: folds 
sta$igk: raises $1.50 to $2.50
TheBraveGirl: folds 
app1e_j@ck: folds 
KolyoYKolev: folds 
Uncalled bet ($1.50) returned to sta$igk
sta$igk collected $2.50 from pot
sta$igk: doesn't show hand 
*** SUMMARY ***
Total pot $2.50 | Rake $0 
Seat 4: mr.Jckpot
Seat 1: TheBraveGirl (button) folded before Flop (didn't bet)
Seat 2: app1e_j@ck (small blind) folded before Flop
Seat 3: KolyoYKolev (big blind) folded before Flop
Seat 5: blistein folded before Flop (didn't bet)
Seat 6: sta$igk collected ($2.50)



PokerStars Hand #254263773482:  Hold'em No Limit ($0.50/$1.00 USD) - 2025/01/08 17:20:41 WET [2025/01/08 12:20:41 ET]
Table 'Stobbe II' 6-max Seat #2 is the button
Seat 1: TheBraveGirl ($105.82 in chips) 
Seat 2: app1e_j@ck ($80.80 in chips) 
Seat 3: KolyoYKolev ($138.21 in chips) 
Seat 4: mr.Jckpot ($189.55 in chips) 
Seat 5: blistein ($105.52 in chips) 
Seat 6: sta$igk ($295.84 in chips) 
KolyoYKolev: posts small blind $0.50
mr.Jckpot: posts big blind $1
*** HOLE CARDS ***
blistein: folds 
sta$igk: folds 
TheBraveGirl: folds 
app1e_j@ck: folds 
KolyoYKolev: calls $0.50
mr.Jckpot: checks 
*** FLOP *** [Jh Ts 3s]
KolyoYKolev: checks 
mr.Jckpot: checks 
*** TURN *** [Jh Ts 3s] [2h]
KolyoYKolev: checks 
mr.Jckpot: checks 
*** RIVER *** [Jh Ts 3s 2h] [Jc]
KolyoYKolev: bets $1
mr.Jckpot: folds 
Uncalled bet ($1) returned to KolyoYKolev
KolyoYKolev collected $1.90 from pot
*** SUMMARY ***
Total pot $2 | Rake $0.10 
Board [Jh Ts 3s 2h Jc]
Seat 1: TheBraveGirl folded before Flop (didn't bet)
Seat 2: app1e_j@ck (button) folded before Flop (didn't bet)
Seat 3: KolyoYKolev (small blind) collected ($1.90)
Seat 4: mr.Jckpot (big blind) folded on the River
Seat 5: blistein folded before Flop (didn't bet)
Seat 6: sta$igk folded before Flop (didn't bet)



PokerStars Hand #254263783629:  Hold'em No Limit ($0.50/$1.00 USD) - 2025/01/08 17:21:18 WET [2025/01/08 12:21:18 ET]
Table 'Stobbe II' 6-max Seat #3 is the button
Seat 1: TheBraveGirl ($105.82 in chips) 
Seat 2: app1e_j@ck ($80.80 in chips) 
Seat 3: KolyoYKolev ($139.11 in chips) 
Seat 4: mr.Jckpot ($188.55 in chips) 
Seat 5: blistein ($105.52 in chips) 
Seat 6: sta$igk ($295.84 in chips) 
mr.Jckpot: posts small blind $0.50
blistein: posts big blind $1
*** HOLE CARDS ***
sta$igk: folds 
TheBraveGirl: raises $1 to $2
app1e_j@ck: folds 
KolyoYKolev: folds 
mr.Jckpot: folds 
blistein: raises $9 to $11
TheBraveGirl: calls $9
*** FLOP *** [9d Kc 2d]
blistein: checks 
TheBraveGirl: checks 
*** TURN *** [9d Kc 2d] [Jh]
blistein: checks 
TheBraveGirl: bets $10.70
blistein: calls $10.70
*** RIVER *** [9d Kc 2d Jh] [5d]
blistein: checks 
TheBraveGirl: bets $31.27
blistein: folds 
Uncalled bet ($31.27) returned to TheBraveGirl
TheBraveGirl collected $41.70 from pot
TheBraveGirl: doesn't show hand 
*** SUMMARY ***
Total pot $43.90 | Rake $2.20 
Board [9d Kc 2d Jh 5d]
Seat 1: TheBraveGirl collected ($41.70)
Seat 2: app1e_j@ck folded before Flop (didn't bet)
Seat 3: KolyoYKolev (button) folded before Flop (didn't bet)
Seat 4: mr.Jckpot (small blind) folded before Flop
Seat 5: blistein (big blind) folded on the River
Seat 6: sta$igk folded before Flop (didn't bet)



PokerStars Hand #254263817069:  Hold'em No Limit ($0.50/$1.00 USD) - 2025/01/08 17:23:20 WET [2025/01/08 12:23:20 ET]
Table 'Stobbe II' 6-max Seat #4 is the button
Seat 1: TheBraveGirl ($125.82 in chips) 
Seat 2: app1e_j@ck ($80.80 in chips) 
Seat 3: KolyoYKolev ($139.11 in chips) 
Seat 4: mr.Jckpot ($188.05 in chips) 
Seat 5: blistein ($100 in chips) 
Seat 6: sta$igk ($295.84 in chips) 
blistein: posts small blind $0.50
sta$igk: posts big blind $1
*** HOLE CARDS ***
TheBraveGirl: raises $1 to $2
app1e_j@ck: folds 
KolyoYKolev: folds 
mr.Jckpot: folds 
blistein: raises $9 to $11
sta$igk: folds 
TheBraveGirl: calls $9
*** FLOP *** [3h 5c 6h]
blistein: checks 
TheBraveGirl: bets $5.47
blistein: raises $16.41 to $21.88
TheBraveGirl: folds 
Uncalled bet ($16.41) returned to blistein
blistein collected $32.24 from pot
blistein: doesn't show hand 
*** SUMMARY ***
Total pot $33.94 | Rake $1.70 
Board [3h 5c 6h]
Seat 1: TheBraveGirl folded on the Flop
Seat 2: app1e_j@ck folded before Flop (didn't bet)
Seat 3: KolyoYKolev folded before Flop (didn't bet)
Seat 4: mr.Jckpot (button) folded before Flop (didn't bet)
Seat 5: blistein (small blind) collected ($32.24)
Seat 6: sta$igk (big blind) folded before Flop



PokerStars Hand #254263837184:  Hold'em No Limit ($0.50/$1.00 USD) - 2025/01/08 17:24:34 WET [2025/01/08 12:24:34 ET]
Table 'Stobbe II' 6-max Seat #5 is the button
Seat 1: TheBraveGirl ($109.35 in chips) 
Seat 2: app1e_j@ck ($80.80 in chips) 
Seat 3: KolyoYKolev ($139.11 in chips) 
Seat 4: mr.Jckpot ($188.05 in chips) 
Seat 5: blistein ($115.77 in chips) 
Seat 6: sta$igk ($294.84 in chips) 
sta$igk: posts small blind $0.50
TheBraveGirl: posts big blind $1
*** HOLE CARDS ***
app1e_j@ck: folds 
KolyoYKolev: calls $1
mr.Jckpot: folds 
blistein: folds 
sta$igk: folds 
TheBraveGirl: checks 
*** FLOP *** [3c 2s Ah]
TheBraveGirl: checks 
KolyoYKolev: checks 
*** TURN *** [3c 2s Ah] [6s]
TheBraveGirl: checks 
KolyoYKolev: bets $1
TheBraveGirl: calls $1
*** RIVER *** [3c 2s Ah 6s] [4s]
TheBraveGirl: checks 
KolyoYKolev: bets $3
TheBraveGirl: calls $3
*** SHOW DOWN ***
KolyoYKolev: shows [As 4d] (two pair, Aces and Fours)
TheBraveGirl: mucks hand 
KolyoYKolev collected $9.98 from pot
*** SUMMARY ***
Total pot $10.50 | Rake $0.52 
Board [3c 2s Ah 6s 4s]
Seat 1: TheBraveGirl (big blind) mucked
Seat 2: app1e_j@ck folded before Flop (didn't bet)
Seat 3: KolyoYKolev showed [As 4d] and won ($9.98) with two pair, Aces and Fours
Seat 4: mr.Jckpot folded before Flop (didn't bet)
Seat 5: blistein (button) folded before Flop (didn't bet)
Seat 6: sta$igk (small blind) folded before Flop



PokerStars Hand #254263854408:  Hold'em No Limit ($0.50/$1.00 USD) - 2025/01/08 17:25:37 WET [2025/01/08 12:25:37 ET]
Table 'Stobbe II' 6-max Seat #6 is the button
Seat 1: TheBraveGirl ($104.35 in chips) 
Seat 2: app1e_j@ck ($80.80 in chips) 
Seat 3: KolyoYKolev ($144.09 in chips) 
Seat 4: mr.Jckpot ($188.05 in chips) 
Seat 5: blistein ($115.77 in chips) 
Seat 6: sta$igk ($294.34 in chips) 
TheBraveGirl: posts small blind $0.50
app1e_j@ck: posts big blind $1
*** HOLE CARDS ***
KolyoYKolev: calls $1
mr.Jckpot: folds 
blistein: raises $4 to $5
sta$igk: folds 
TheBraveGirl: folds 
app1e_j@ck: raises $10 to $15
KolyoYKolev: folds 
blistein: raises $100.77 to $115.77 and is all-in
app1e_j@ck: folds 
Uncalled bet ($100.77) returned to blistein
blistein collected $31.50 from pot
blistein: doesn't show hand 
*** SUMMARY ***
Total pot $31.50 | Rake $0 
Seat 1: TheBraveGirl (small blind) folded before Flop
Seat 2: app1e_j@ck (big blind) folded before Flop
Seat 3: KolyoYKolev folded before Flop
Seat 4: mr.Jckpot folded before Flop (didn't bet)
Seat 5: blistein collected ($31.50)
Seat 6: sta$igk (button) folded before Flop (didn't bet)



PokerStars Hand #254263864513:  Hold'em No Limit ($0.50/$1.00 USD) - 2025/01/08 17:26:13 WET [2025/01/08 12:26:13 ET]
Table 'Stobbe II' 6-max Seat #1 is the button
Seat 1: TheBraveGirl ($103.85 in chips) 
Seat 2: app1e_j@ck ($65.80 in chips) 
Seat 3: KolyoYKolev ($143.09 in chips) 
Seat 4: mr.Jckpot ($188.05 in chips) 
Seat 5: blistein ($132.27 in chips) 
Seat 6: sta$igk ($294.34 in chips) 
app1e_j@ck: posts small blind $0.50
KolyoYKolev: posts big blind $1
*** HOLE CARDS ***
mr.Jckpot: folds 
blistein: folds 
sta$igk: folds 
TheBraveGirl: raises $2 to $3
app1e_j@ck: folds 
KolyoYKolev: folds 
Uncalled bet ($2) returned to TheBraveGirl
TheBraveGirl collected $2.50 from pot
TheBraveGirl: doesn't show hand 
*** SUMMARY ***
Total pot $2.50 | Rake $0 
Seat 1: TheBraveGirl (button) collected ($2.50)
Seat 2: app1e_j@ck (small blind) folded before Flop
Seat 3: KolyoYKolev (big blind) folded before Flop
Seat 4: mr.Jckpot folded before Flop (didn't bet)
Seat 5: blistein folded before Flop (didn't bet)
Seat 6: sta$igk folded before Flop (didn't bet)



PokerStars Hand #254263868809:  Hold'em No Limit ($0.50/$1.00 USD) - 2025/01/08 17:26:29 WET [2025/01/08 12:26:29 ET]
Table 'Stobbe II' 6-max Seat #2 is the button
Seat 1: TheBraveGirl ($105.35 in chips) 
Seat 2: app1e_j@ck ($65.30 in chips) 
Seat 3: KolyoYKolev ($142.09 in chips) 
Seat 4: mr.Jckpot ($188.05 in chips) 
Seat 5: blistein ($132.27 in chips) 
Seat 6: sta$igk ($294.34 in chips) 
KolyoYKolev: posts small blind $0.50
mr.Jckpot: posts big blind $1
*** HOLE CARDS ***
blistein: folds 
sta$igk: folds 
TheBraveGirl: folds 
app1e_j@ck: folds 
KolyoYKolev: calls $0.50
mr.Jckpot: checks 
*** FLOP *** [5h Kh Kd]
KolyoYKolev: checks 
mr.Jckpot: checks 
*** TURN *** [5h Kh Kd] [9h]
KolyoYKolev: checks 
mr.Jckpot: checks 
*** RIVER *** [5h Kh Kd 9h] [3d]
KolyoYKolev: checks 
mr.Jckpot: checks 
*** SHOW DOWN ***
KolyoYKolev: shows [Qc Th] (a pair of Kings)
mr.Jckpot: mucks hand 
KolyoYKolev collected $1.90 from pot
*** SUMMARY ***
Total pot $2 | Rake $0.10 
Board [5h Kh Kd 9h 3d]
Seat 1: TheBraveGirl folded before Flop (didn't bet)
Seat 2: app1e_j@ck (button) folded before Flop (didn't bet)
Seat 3: KolyoYKolev (small blind) showed [Qc Th] and won ($1.90) with a pair of Kings
Seat 4: mr.Jckpot (big blind) mucked
Seat 5: blistein folded before Flop (didn't bet)
Seat 6: sta$igk folded before Flop (didn't bet)



PokerStars Hand #254263881207:  Hold'em No Limit ($0.50/$1.00 USD) - 2025/01/08 17:27:14 WET [2025/01/08 12:27:14 ET]
Table 'Stobbe II' 6-max Seat #3 is the button
Seat 1: TheBraveGirl ($105.35 in chips) 
Seat 2: app1e_j@ck ($65.30 in chips) 
Seat 3: KolyoYKolev ($142.99 in chips) 
Seat 4: mr.Jckpot ($187.05 in chips) 
Seat 5: blistein ($132.27 in chips) 
Seat 6: sta$igk ($294.34 in chips) 
mr.Jckpot: posts small blind $0.50
blistein: posts big blind $1
*** HOLE CARDS ***
sta$igk: folds 
TheBraveGirl: raises $1 to $2
app1e_j@ck: raises $7 to $9
KolyoYKolev: folds 
mr.Jckpot: folds 
blistein: folds 
TheBraveGirl: raises $96.35 to $105.35 and is all-in
app1e_j@ck: calls $56.30 and is all-in
Uncalled bet ($40.05) returned to TheBraveGirl
*** FIRST FLOP *** [Kd 9c 5h]
*** FIRST TURN *** [Kd 9c 5h] [Jh]
*** FIRST RIVER *** [Kd 9c 5h Jh] [8h]
*** SECOND FLOP *** [Ac Qd 3d]
*** SECOND TURN *** [Ac Qd 3d] [5s]
*** SECOND RIVER *** [Ac Qd 3d 5s] [7s]
*** FIRST SHOW DOWN ***
TheBraveGirl: shows [Qc Qs] (a pair of Queens)
app1e_j@ck: shows [Ks Kh] (three of a kind, Kings)
app1e_j@ck collected $64.80 from pot
*** SECOND SHOW DOWN ***
TheBraveGirl: shows [Qc Qs] (three of a kind, Queens)
app1e_j@ck: shows [Ks Kh] (a pair of Kings)
TheBraveGirl collected $64.80 from pot
*** SUMMARY ***
Total pot $132.10 | Rake $2.50 
Hand was run twice
FIRST Board [Kd 9c 5h Jh 8h]
SECOND Board [Ac Qd 3d 5s 7s]
Seat 1: TheBraveGirl showed [Qc Qs] and lost with a pair of Queens, and won ($64.80) with three of a kind, Queens
Seat 2: app1e_j@ck showed [Ks Kh] and won ($64.80) with three of a kind, Kings, and lost with a pair of Kings
Seat 3: KolyoYKolev (button) folded before Flop (didn't bet)
Seat 4: mr.Jckpot (small blind) folded before Flop
Seat 5: blistein (big blind) folded before Flop
Seat 6: sta$igk folded before Flop (didn't bet)



PokerStars Hand #254263889934:  Hold'em No Limit ($0.50/$1.00 USD) - 2025/01/08 17:27:46 WET [2025/01/08 12:27:46 ET]
Table 'Stobbe II' 6-max Seat #4 is the button
Seat 1: TheBraveGirl ($104.85 in chips) 
Seat 2: app1e_j@ck ($64.80 in chips) 
Seat 3: KolyoYKolev ($142.99 in chips) 
Seat 4: mr.Jckpot ($186.55 in chips) 
Seat 5: blistein ($131.27 in chips) 
Seat 6: sta$igk ($294.34 in chips) 
blistein: posts small blind $0.50
sta$igk: posts big blind $1
*** HOLE CARDS ***
TheBraveGirl: folds 
app1e_j@ck: folds 
KolyoYKolev: calls $1
mr.Jckpot: folds 
blistein: raises $3 to $4
sta$igk: folds 
KolyoYKolev: calls $3
*** FLOP *** [2c Kc 9c]
blistein: bets $2.14
KolyoYKolev: folds 
Uncalled bet ($2.14) returned to blistein
blistein collected $8.55 from pot
blistein: doesn't show hand 
*** SUMMARY ***
Total pot $9 | Rake $0.45 
Board [2c Kc 9c]
Seat 1: TheBraveGirl folded before Flop (didn't bet)
Seat 2: app1e_j@ck folded before Flop (didn't bet)
Seat 3: KolyoYKolev folded on the Flop
Seat 4: mr.Jckpot (button) folded before Flop (didn't bet)
Seat 5: blistein (small blind) collected ($8.55)
Seat 6: sta$igk (big blind) folded before Flop



PokerStars Hand #254263897335:  Hold'em No Limit ($0.50/$1.00 USD) - 2025/01/08 17:28:13 WET [2025/01/08 12:28:13 ET]
Table 'Stobbe II' 6-max Seat #5 is the button
Seat 1: TheBraveGirl ($104.85 in chips) 
Seat 2: app1e_j@ck ($64.80 in chips) 
Seat 3: KolyoYKolev ($138.99 in chips) 
Seat 4: mr.Jckpot ($186.55 in chips) 
Seat 5: blistein ($135.82 in chips) 
Seat 6: sta$igk ($293.34 in chips) 
sta$igk: posts small blind $0.50
TheBraveGirl: posts big blind $1
*** HOLE CARDS ***
app1e_j@ck: folds 
KolyoYKolev: folds 
mr.Jckpot: raises $1.50 to $2.50
blistein: folds 
sta$igk: folds 
TheBraveGirl: calls $1.50
*** FLOP *** [5h 3s 3h]
TheBraveGirl: checks 
mr.Jckpot: bets $1.72
TheBraveGirl: calls $1.72
*** TURN *** [5h 3s 3h] [7s]
TheBraveGirl: checks 
mr.Jckpot: checks 
*** RIVER *** [5h 3s 3h 7s] [7h]
TheBraveGirl: bets $12.73
mr.Jckpot: folds 
Uncalled bet ($12.73) returned to TheBraveGirl
TheBraveGirl collected $8.49 from pot
TheBraveGirl: doesn't show hand 
*** SUMMARY ***
Total pot $8.94 | Rake $0.45 
Board [5h 3s 3h 7s 7h]
Seat 1: TheBraveGirl (big blind) collected ($8.49)
Seat 2: app1e_j@ck folded before Flop (didn't bet)
Seat 3: KolyoYKolev folded before Flop (didn't bet)
Seat 4: mr.Jckpot folded on the River
Seat 5: blistein (button) folded before Flop (didn't bet)
Seat 6: sta$igk (small blind) folded before Flop



PokerStars Hand #254264028872:  Hold'em No Limit ($0.50/$1.00 USD) - 2025/01/08 17:36:04 WET [2025/01/08 12:36:04 ET]
Table 'Stobbe II' 6-max Seat #6 is the button
Seat 1: TheBraveGirl ($107.50 in chips) 
Seat 2: app1e_j@ck ($108.70 in chips) 
Seat 3: KolyoYKolev ($128.79 in chips) 
Seat 4: mr.Jckpot ($177.13 in chips) 
Seat 5: blistein ($118.75 in chips) 
Seat 6: sta$igk ($297.34 in chips) 
TheBraveGirl: posts small blind $0.50
app1e_j@ck: posts big blind $1
*** HOLE CARDS ***
KolyoYKolev: folds 
mr.Jckpot: raises $1.50 to $2.50
blistein: folds 
sta$igk: folds 
TheBraveGirl: folds 
app1e_j@ck: folds 
Uncalled bet ($1.50) returned to mr.Jckpot
mr.Jckpot collected $2.50 from pot
mr.Jckpot: doesn't show hand 
*** SUMMARY ***
Total pot $2.50 | Rake $0 
Seat 1: TheBraveGirl (small blind) folded before Flop
Seat 2: app1e_j@ck (big blind) folded before Flop
Seat 3: KolyoYKolev folded before Flop (didn't bet)
Seat 4: mr.Jckpot collected ($2.50)
Seat 5: blistein folded before Flop (didn't bet)
Seat 6: sta$igk (button) folded before Flop (didn't bet)



PokerStars Hand #254264032287:  Hold'em No Limit ($0.50/$1.00 USD) - 2025/01/08 17:36:16 WET [2025/01/08 12:36:16 ET]
Table 'Stobbe II' 6-max Seat #1 is the button
Seat 1: TheBraveGirl ($107 in chips) 
Seat 2: app1e_j@ck ($107.70 in chips) 
Seat 3: KolyoYKolev ($128.79 in chips) 
Seat 4: mr.Jckpot ($178.63 in chips) 
Seat 5: blistein ($118.75 in chips) 
Seat 6: sta$igk ($297.34 in chips) 
app1e_j@ck: posts small blind $0.50
KolyoYKolev: posts big blind $1
*** HOLE CARDS ***
mr.Jckpot: folds 
blistein: raises $1.20 to $2.20
sta$igk: folds 
TheBraveGirl: folds 
app1e_j@ck: folds 
KolyoYKolev: folds 
Uncalled bet ($1.20) returned to blistein
blistein collected $2.50 from pot
blistein: doesn't show hand 
*** SUMMARY ***
Total pot $2.50 | Rake $0 
Seat 1: TheBraveGirl (button) folded before Flop (didn't bet)
Seat 2: app1e_j@ck (small blind) folded before Flop
Seat 3: KolyoYKolev (big blind) folded before Flop
Seat 4: mr.Jckpot folded before Flop (didn't bet)
Seat 5: blistein collected ($2.50)
Seat 6: sta$igk folded before Flop (didn't bet)



PokerStars Hand #254264037102:  Hold'em No Limit ($0.50/$1.00 USD) - 2025/01/08 17:36:34 WET [2025/01/08 12:36:34 ET]
Table 'Stobbe II' 6-max Seat #2 is the button
Seat 1: TheBraveGirl ($107 in chips) 
Seat 2: app1e_j@ck ($107.20 in chips) 
Seat 3: KolyoYKolev ($127.79 in chips) 
Seat 4: mr.Jckpot ($178.63 in chips) 
Seat 5: blistein ($120.25 in chips) 
Seat 6: sta$igk ($297.34 in chips) 
KolyoYKolev: posts small blind $0.50
mr.Jckpot: posts big blind $1
*** HOLE CARDS ***
blistein: raises $1.20 to $2.20
sta$igk: folds 
TheBraveGirl: folds 
app1e_j@ck: folds 
KolyoYKolev: calls $1.70
mr.Jckpot: folds 
*** FLOP *** [2h 7s Ts]
KolyoYKolev: checks 
blistein: bets $1.74
KolyoYKolev: folds 
Uncalled bet ($1.74) returned to blistein
blistein collected $5.13 from pot
blistein: doesn't show hand 
*** SUMMARY ***
Total pot $5.40 | Rake $0.27 
Board [2h 7s Ts]
Seat 1: TheBraveGirl folded before Flop (didn't bet)
Seat 2: app1e_j@ck (button) folded before Flop (didn't bet)
Seat 3: KolyoYKolev (small blind) folded on the Flop
Seat 4: mr.Jckpot (big blind) folded before Flop
Seat 5: blistein collected ($5.13)
Seat 6: sta$igk folded before Flop (didn't bet)



PokerStars Hand #254264047635:  Hold'em No Limit ($0.50/$1.00 USD) - 2025/01/08 17:37:11 WET [2025/01/08 12:37:11 ET]
Table 'Stobbe II' 6-max Seat #3 is the button
Seat 1: TheBraveGirl ($107 in chips) 
Seat 2: app1e_j@ck ($107.20 in chips) 
Seat 3: KolyoYKolev ($125.59 in chips) 
Seat 4: mr.Jckpot ($177.63 in chips) 
Seat 5: blistein ($123.18 in chips) 
Seat 6: sta$igk ($297.34 in chips) 
mr.Jckpot: posts small blind $0.50
blistein: posts big blind $1
*** HOLE CARDS ***
sta$igk: raises $1.50 to $2.50
TheBraveGirl: folds 
app1e_j@ck: folds 
KolyoYKolev: folds 
mr.Jckpot: folds 
blistein: folds 
Uncalled bet ($1.50) returned to sta$igk
sta$igk collected $2.50 from pot
sta$igk: doesn't show hand 
*** SUMMARY ***
Total pot $2.50 | Rake $0 
Seat 1: TheBraveGirl folded before Flop (didn't bet)
Seat 2: app1e_j@ck folded before Flop (didn't bet)
Seat 3: KolyoYKolev (button) folded before Flop (didn't bet)
Seat 4: mr.Jckpot (small blind) folded before Flop
Seat 5: blistein (big blind) folded before Flop
Seat 6: sta$igk collected ($2.50)



PokerStars Hand #254264051776:  Hold'em No Limit ($0.50/$1.00 USD) - 2025/01/08 17:37:26 WET [2025/01/08 12:37:26 ET]
Table 'Stobbe II' 6-max Seat #4 is the button
Seat 1: TheBraveGirl ($107 in chips) 
Seat 2: app1e_j@ck ($107.20 in chips) 
Seat 3: KolyoYKolev ($125.59 in chips) 
Seat 4: mr.Jckpot ($177.13 in chips) 
Seat 5: blistein ($122.18 in chips) 
Seat 6: sta$igk ($298.84 in chips) 
blistein: posts small blind $0.50
sta$igk: posts big blind $1
*** HOLE CARDS ***
TheBraveGirl: raises $1 to $2
app1e_j@ck: folds 
KolyoYKolev: folds 
mr.Jckpot: folds 
blistein: folds 
sta$igk: folds 
Uncalled bet ($1) returned to TheBraveGirl
TheBraveGirl collected $2.50 from pot
TheBraveGirl: doesn't show hand 
*** SUMMARY ***
Total pot $2.50 | Rake $0 
Seat 1: TheBraveGirl collected ($2.50)
Seat 2: app1e_j@ck folded before Flop (didn't bet)
Seat 3: KolyoYKolev folded before Flop (didn't bet)
Seat 4: mr.Jckpot (button) folded before Flop (didn't bet)
Seat 5: blistein (small blind) folded before Flop
Seat 6: sta$igk (big blind) folded before Flop



PokerStars Hand #254264058955:  Hold'em No Limit ($0.50/$1.00 USD) - 2025/01/08 17:37:51 WET [2025/01/08 12:37:51 ET]
Table 'Stobbe II' 6-max Seat #5 is the button
Seat 1: TheBraveGirl ($108.50 in chips) 
Seat 2: app1e_j@ck ($107.20 in chips) 
Seat 3: KolyoYKolev ($125.59 in chips) 
Seat 4: mr.Jckpot ($177.13 in chips) 
Seat 5: blistein ($121.68 in chips) 
Seat 6: sta$igk ($297.84 in chips) 
sta$igk: posts small blind $0.50
TheBraveGirl: posts big blind $1
*** HOLE CARDS ***
app1e_j@ck: folds 
KolyoYKolev: folds 
mr.Jckpot: folds 
blistein: folds 
sta$igk: raises $2 to $3
TheBraveGirl: calls $2
*** FLOP *** [8c Ac 9h]
sta$igk: checks 
TheBraveGirl: bets $4.28
sta$igk: calls $4.28
*** TURN *** [8c Ac 9h] [Qs]
sta$igk: checks 
TheBraveGirl: checks 
*** RIVER *** [8c Ac 9h Qs] [3h]
sta$igk: checks 
TheBraveGirl: checks 
*** SHOW DOWN ***
sta$igk: shows [Th Ad] (a pair of Aces)
TheBraveGirl: mucks hand 
sta$igk collected $13.83 from pot
*** SUMMARY ***
Total pot $14.56 | Rake $0.73 
Board [8c Ac 9h Qs 3h]
Seat 1: TheBraveGirl (big blind) mucked
Seat 2: app1e_j@ck folded before Flop (didn't bet)
Seat 3: KolyoYKolev folded before Flop (didn't bet)
Seat 4: mr.Jckpot folded before Flop (didn't bet)
Seat 5: blistein (button) folded before Flop (didn't bet)
Seat 6: sta$igk (small blind) showed [Th Ad] and won ($13.83) with a pair of Aces



PokerStars Hand #254264082295:  Hold'em No Limit ($0.50/$1.00 USD) - 2025/01/08 17:39:14 WET [2025/01/08 12:39:14 ET]
Table 'Stobbe II' 6-max Seat #6 is the button
Seat 1: TheBraveGirl ($101.22 in chips) 
Seat 2: app1e_j@ck ($107.20 in chips) 
Seat 3: KolyoYKolev ($125.59 in chips) 
Seat 4: mr.Jckpot ($177.13 in chips) 
Seat 5: blistein ($121.68 in chips) 
Seat 6: sta$igk ($304.39 in chips) 
TheBraveGirl: posts small blind $0.50
app1e_j@ck: posts big blind $1
*** HOLE CARDS ***
KolyoYKolev: folds 
mr.Jckpot: folds 
blistein: folds 
sta$igk: raises $1.50 to $2.50
TheBraveGirl: folds 
app1e_j@ck: folds 
Uncalled bet ($1.50) returned to sta$igk
sta$igk collected $2.50 from pot
sta$igk: doesn't show hand 
*** SUMMARY ***
Total pot $2.50 | Rake $0 
Seat 1: TheBraveGirl (small blind) folded before Flop
Seat 2: app1e_j@ck (big blind) folded before Flop
Seat 3: KolyoYKolev folded before Flop (didn't bet)
Seat 4: mr.Jckpot folded before Flop (didn't bet)
Seat 5: blistein folded before Flop (didn't bet)
Seat 6: sta$igk (button) collected ($2.50)



PokerStars Hand #254264087484:  Hold'em No Limit ($0.50/$1.00 USD) - 2025/01/08 17:39:32 WET [2025/01/08 12:39:32 ET]
Table 'Stobbe II' 6-max Seat #1 is the button
Seat 1: TheBraveGirl ($100.72 in chips) 
Seat 2: app1e_j@ck ($106.20 in chips) 
Seat 3: KolyoYKolev ($125.59 in chips) 
Seat 4: mr.Jckpot ($177.13 in chips) 
Seat 5: blistein ($121.68 in chips) 
Seat 6: sta$igk ($305.89 in chips) 
app1e_j@ck: posts small blind $0.50
KolyoYKolev: posts big blind $1
*** HOLE CARDS ***
mr.Jckpot: folds 
blistein: folds 
sta$igk: folds 
TheBraveGirl: raises $4 to $5
app1e_j@ck: folds 
KolyoYKolev: folds 
Uncalled bet ($4) returned to TheBraveGirl
TheBraveGirl collected $2.50 from pot
TheBraveGirl: doesn't show hand 
*** SUMMARY ***
Total pot $2.50 | Rake $0 
Seat 1: TheBraveGirl (button) collected ($2.50)
Seat 2: app1e_j@ck (small blind) folded before Flop
Seat 3: KolyoYKolev (big blind) folded before Flop
Seat 4: mr.Jckpot folded before Flop (didn't bet)
Seat 5: blistein folded before Flop (didn't bet)
Seat 6: sta$igk folded before Flop (didn't bet)



PokerStars Hand #254264093734:  Hold'em No Limit ($0.50/$1.00 USD) - 2025/01/08 17:39:54 WET [2025/01/08 12:39:54 ET]
Table 'Stobbe II' 6-max Seat #2 is the button
Seat 4: mr.Jckpot ($177.13 in chips) is sitting out
Seat 1: TheBraveGirl ($102.22 in chips) 
Seat 2: app1e_j@ck ($105.70 in chips) 
Seat 3: KolyoYKolev ($124.59 in chips) 
Seat 5: blistein ($121.68 in chips) 
Seat 6: sta$igk ($305.89 in chips) 
KolyoYKolev: posts small blind $0.50
mr.Jckpot: is sitting out 
blistein: posts big blind $1
*** HOLE CARDS ***
sta$igk: folds 
TheBraveGirl: folds 
mr.Jckpot leaves the table
app1e_j@ck: folds 
KolyoYKolev: calls $0.50
tintin641 joins the table at seat #4 
blistein: checks 
*** FLOP *** [8s Qh Qs]
KolyoYKolev: checks 
blistein: bets $1
KolyoYKolev: calls $1
*** TURN *** [8s Qh Qs] [3h]
KolyoYKolev: bets $2
blistein: calls $2
*** RIVER *** [8s Qh Qs 3h] [Th]
KolyoYKolev: bets $1
blistein: calls $1
*** SHOW DOWN ***
KolyoYKolev: shows [Ac Qc] (three of a kind, Queens)
blistein: mucks hand 
KolyoYKolev collected $9.50 from pot
*** SUMMARY ***
Total pot $10 | Rake $0.50 
Board [8s Qh Qs 3h Th]
Seat 4: mr.Jckpot
Seat 1: TheBraveGirl folded before Flop (didn't bet)
Seat 2: app1e_j@ck (button) folded before Flop (didn't bet)
Seat 3: KolyoYKolev (small blind) showed [Ac Qc] and won ($9.50) with three of a kind, Queens
Seat 5: blistein (big blind) mucked
Seat 6: sta$igk folded before Flop (didn't bet)



PokerStars Hand #254264107224:  Hold'em No Limit ($0.50/$1.00 USD) - 2025/01/08 17:40:43 WET [2025/01/08 12:40:43 ET]
Table 'Stobbe II' 6-max Seat #3 is the button
Seat 4: tintin641 ($100 in chips) is sitting out
Seat 1: TheBraveGirl ($102.22 in chips) 
Seat 2: app1e_j@ck ($105.70 in chips) 
Seat 3: KolyoYKolev ($129.09 in chips) 
Seat 5: blistein ($116.68 in chips) 
Seat 6: sta$igk ($305.89 in chips) 
blistein: posts small blind $0.50
sta$igk: posts big blind $1
*** HOLE CARDS ***
TheBraveGirl: folds 
app1e_j@ck: raises $1.50 to $2.50
KolyoYKolev: calls $2.50
blistein: folds 
sta$igk: folds 
*** FLOP *** [Ac 4s 3c]
app1e_j@ck: checks 
KolyoYKolev: bets $1
app1e_j@ck: folds 
Uncalled bet ($1) returned to KolyoYKolev
KolyoYKolev collected $6.18 from pot
*** SUMMARY ***
Total pot $6.50 | Rake $0.32 
Board [Ac 4s 3c]
Seat 4: tintin641
Seat 1: TheBraveGirl folded before Flop (didn't bet)
Seat 2: app1e_j@ck folded on the Flop
Seat 3: KolyoYKolev (button) collected ($6.18)
Seat 5: blistein (small blind) folded before Flop
Seat 6: sta$igk (big blind) folded before Flop



PokerStars Hand #254264118027:  Hold'em No Limit ($0.50/$1.00 USD) - 2025/01/08 17:41:21 WET [2025/01/08 12:41:21 ET]
Table 'Stobbe II' 6-max Seat #5 is the button
Seat 4: tintin641 ($100 in chips) is sitting out
Seat 1: TheBraveGirl ($102.22 in chips) 
Seat 2: app1e_j@ck ($103.20 in chips) 
Seat 3: KolyoYKolev ($132.77 in chips) 
Seat 5: blistein ($116.18 in chips) 
Seat 6: sta$igk ($304.89 in chips) 
sta$igk: posts small blind $0.50
TheBraveGirl: posts big blind $1
tintin641: sits out 
*** HOLE CARDS ***
app1e_j@ck: folds 
KolyoYKolev: calls $1
blistein: folds 
sta$igk: raises $4 to $5
TheBraveGirl: folds 
KolyoYKolev: calls $4
*** FLOP *** [3h Kh Ks]
sta$igk: bets $2.61
KolyoYKolev: calls $2.61
*** TURN *** [3h Kh Ks] [7h]
sta$igk: checks 
KolyoYKolev: checks 
*** RIVER *** [3h Kh Ks 7h] [8d]
sta$igk: bets $13.10
KolyoYKolev: folds 
Uncalled bet ($13.10) returned to sta$igk
sta$igk collected $15.41 from pot
sta$igk: doesn't show hand 
*** SUMMARY ***
Total pot $16.22 | Rake $0.81 
Board [3h Kh Ks 7h 8d]
Seat 4: tintin641
Seat 1: TheBraveGirl (big blind) folded before Flop
Seat 2: app1e_j@ck folded before Flop (didn't bet)
Seat 3: KolyoYKolev folded on the River
Seat 5: blistein (button) folded before Flop (didn't bet)
Seat 6: sta$igk (small blind) collected ($15.41)



PokerStars Hand #254264134194:  Hold'em No Limit ($0.50/$1.00 USD) - 2025/01/08 17:42:19 WET [2025/01/08 12:42:19 ET]
Table 'Stobbe II' 6-max Seat #6 is the button
Seat 4: tintin641 ($100 in chips) is sitting out
Seat 1: TheBraveGirl ($101.22 in chips) 
Seat 2: app1e_j@ck ($103.20 in chips) 
Seat 3: KolyoYKolev ($125.16 in chips) 
Seat 5: blistein ($116.18 in chips) 
Seat 6: sta$igk ($312.69 in chips) 
TheBraveGirl: posts small blind $0.50
app1e_j@ck: posts big blind $1
tintin641: sits out 
*** HOLE CARDS ***
KolyoYKolev: folds 
blistein: folds 
sta$igk: folds 
TheBraveGirl: raises $2 to $3
app1e_j@ck: calls $2
*** FLOP *** [8h 2h 3d]
TheBraveGirl: bets $1.43
app1e_j@ck: folds 
Uncalled bet ($1.43) returned to TheBraveGirl
TheBraveGirl collected $5.70 from pot
TheBraveGirl: doesn't show hand 
*** SUMMARY ***
Total pot $6 | Rake $0.30 
Board [8h 2h 3d]
Seat 4: tintin641
Seat 1: TheBraveGirl (small blind) collected ($5.70)
Seat 2: app1e_j@ck (big blind) folded on the Flop
Seat 3: KolyoYKolev folded before Flop (didn't bet)
Seat 5: blistein folded before Flop (didn't bet)
Seat 6: sta$igk (button) folded before Flop (didn't bet)



PokerStars Hand #254264141203:  Hold'em No Limit ($0.50/$1.00 USD) - 2025/01/08 17:42:44 WET [2025/01/08 12:42:44 ET]
Table 'Stobbe II' 6-max Seat #1 is the button
Seat 4: tintin641 ($100 in chips) is sitting out
Seat 1: TheBraveGirl ($103.92 in chips) 
Seat 2: app1e_j@ck ($100.20 in chips) 
Seat 3: KolyoYKolev ($125.16 in chips) 
Seat 5: blistein ($116.18 in chips) 
Seat 6: sta$igk ($312.69 in chips) 
app1e_j@ck: posts small blind $0.50
KolyoYKolev: posts big blind $1
tintin641: sits out 
*** HOLE CARDS ***
blistein: folds 
sta$igk: raises $1.50 to $2.50
TheBraveGirl: folds 
app1e_j@ck: folds 
KolyoYKolev: calls $1.50
*** FLOP *** [3s 8h 2s]
KolyoYKolev: checks 
sta$igk: bets $6.52
KolyoYKolev: folds 
Uncalled bet ($6.52) returned to sta$igk
sta$igk collected $5.22 from pot
sta$igk: doesn't show hand 
*** SUMMARY ***
Total pot $5.50 | Rake $0.28 
Board [3s 8h 2s]
Seat 4: tintin641
Seat 1: TheBraveGirl (button) folded before Flop (didn't bet)
Seat 2: app1e_j@ck (small blind) folded before Flop
Seat 3: KolyoYKolev (big blind) folded on the Flop
Seat 5: blistein folded before Flop (didn't bet)
Seat 6: sta$igk collected ($5.22)



PokerStars Hand #254264149036:  Hold'em No Limit ($0.50/$1.00 USD) - 2025/01/08 17:43:13 WET [2025/01/08 12:43:13 ET]
Table 'Stobbe II' 6-max Seat #2 is the button
Seat 1: TheBraveGirl ($103.92 in chips) 
Seat 2: app1e_j@ck ($99.70 in chips) 
Seat 3: KolyoYKolev ($122.66 in chips) 
Seat 4: tintin641 ($100 in chips) 
Seat 5: blistein ($116.18 in chips) 
Seat 6: sta$igk ($315.41 in chips) 
KolyoYKolev: posts small blind $0.50
tintin641: posts big blind $1
*** HOLE CARDS ***
blistein: folds 
sta$igk: folds 
TheBraveGirl: folds 
app1e_j@ck: folds 
KolyoYKolev: calls $0.50
tintin641: raises $3 to $4
KolyoYKolev: calls $3
*** FLOP *** [7s As 7h]
KolyoYKolev: checks 
tintin641: checks 
*** TURN *** [7s As 7h] [7c]
KolyoYKolev: bets $1
tintin641: calls $1
*** RIVER *** [7s As 7h 7c] [Kd]
KolyoYKolev: bets $1
tintin641: raises $8.63 to $9.63
KolyoYKolev: folds 
Uncalled bet ($8.63) returned to tintin641
tintin641 collected $11.40 from pot
tintin641: doesn't show hand 
*** SUMMARY ***
Total pot $12 | Rake $0.60 
Board [7s As 7h 7c Kd]
Seat 1: TheBraveGirl folded before Flop (didn't bet)
Seat 2: app1e_j@ck (button) folded before Flop (didn't bet)
Seat 3: KolyoYKolev (small blind) folded on the River
Seat 4: tintin641 (big blind) collected ($11.40)
Seat 5: blistein folded before Flop (didn't bet)
Seat 6: sta$igk folded before Flop (didn't bet)



PokerStars Hand #254264167194:  Hold'em No Limit ($0.50/$1.00 USD) - 2025/01/08 17:44:17 WET [2025/01/08 12:44:17 ET]
Table 'Stobbe II' 6-max Seat #3 is the button
Seat 1: TheBraveGirl ($103.92 in chips) 
Seat 2: app1e_j@ck ($99.70 in chips) 
Seat 3: KolyoYKolev ($116.66 in chips) 
Seat 4: tintin641 ($105.40 in chips) 
Seat 5: blistein ($116.18 in chips) 
Seat 6: sta$igk ($315.41 in chips) 
tintin641: posts small blind $0.50
blistein: posts big blind $1
*** HOLE CARDS ***
sta$igk: folds 
TheBraveGirl: folds 
app1e_j@ck: folds 
KolyoYKolev: calls $1
tintin641: calls $0.50
blistein: checks 
*** FLOP *** [2s Qh Kd]
tintin641: checks 
blistein: checks 
KolyoYKolev: checks 
*** TURN *** [2s Qh Kd] [7s]
tintin641: checks 
blistein: bets $2.14
KolyoYKolev: calls $2.14
tintin641: calls $2.14
*** RIVER *** [2s Qh Kd 7s] [9c]
tintin641: checks 
blistein: bets $6
KolyoYKolev: calls $6
tintin641: folds 
*** SHOW DOWN ***
blistein: shows [Kc 4c] (a pair of Kings)
KolyoYKolev: shows [Qd 7h] (two pair, Queens and Sevens)
KolyoYKolev collected $20.35 from pot
*** SUMMARY ***
Total pot $21.42 | Rake $1.07 
Board [2s Qh Kd 7s 9c]
Seat 1: TheBraveGirl folded before Flop (didn't bet)
Seat 2: app1e_j@ck folded before Flop (didn't bet)
Seat 3: KolyoYKolev (button) showed [Qd 7h] and won ($20.35) with two pair, Queens and Sevens
Seat 4: tintin641 (small blind) folded on the River
Seat 5: blistein (big blind) showed [Kc 4c] and lost with a pair of Kings
Seat 6: sta$igk folded before Flop (didn't bet)



PokerStars Hand #254264190570:  Hold'em No Limit ($0.50/$1.00 USD) - 2025/01/08 17:45:40 WET [2025/01/08 12:45:40 ET]
Table 'Stobbe II' 6-max Seat #4 is the button
Seat 1: TheBraveGirl ($103.92 in chips) 
Seat 2: app1e_j@ck ($99.70 in chips) 
Seat 3: KolyoYKolev ($127.87 in chips) 
Seat 4: tintin641 ($102.26 in chips) 
Seat 5: blistein ($107.04 in chips) 
Seat 6: sta$igk ($315.41 in chips) 
blistein: posts small blind $0.50
sta$igk: posts big blind $1
*** HOLE CARDS ***
TheBraveGirl: folds 
app1e_j@ck has timed out
app1e_j@ck: folds 
KolyoYKolev: calls $1
tintin641: folds 
blistein: folds 
sta$igk: checks 
*** FLOP *** [Th Qs Ah]
sta$igk: checks 
KolyoYKolev: checks 
*** TURN *** [Th Qs Ah] [Jh]
sta$igk: checks 
KolyoYKolev: bets $2.38
sta$igk: folds 
Uncalled bet ($2.38) returned to KolyoYKolev
KolyoYKolev collected $2.38 from pot
*** SUMMARY ***
Total pot $2.50 | Rake $0.12 
Board [Th Qs Ah Jh]
Seat 1: TheBraveGirl folded before Flop (didn't bet)
Seat 2: app1e_j@ck folded before Flop (didn't bet)
Seat 3: KolyoYKolev collected ($2.38)
Seat 4: tintin641 (button) folded before Flop (didn't bet)
Seat 5: blistein (small blind) folded before Flop
Seat 6: sta$igk (big blind) folded on the Turn



PokerStars Hand #254264212459:  Hold'em No Limit ($0.50/$1.00 USD) - 2025/01/08 17:46:57 WET [2025/01/08 12:46:57 ET]
Table 'Stobbe II' 6-max Seat #5 is the button
Seat 1: TheBraveGirl ($103.92 in chips) 
Seat 2: app1e_j@ck ($99.70 in chips) 
Seat 3: KolyoYKolev ($129.25 in chips) 
Seat 4: tintin641 ($102.26 in chips) 
Seat 5: blistein ($106.54 in chips) 
Seat 6: sta$igk ($314.41 in chips) 
sta$igk: posts small blind $0.50
TheBraveGirl: posts big blind $1
*** HOLE CARDS ***
app1e_j@ck: raises $1.50 to $2.50
KolyoYKolev: folds 
tintin641: folds 
blistein: folds 
sta$igk: folds 
TheBraveGirl: folds 
Uncalled bet ($1.50) returned to app1e_j@ck
app1e_j@ck collected $2.50 from pot
app1e_j@ck: doesn't show hand 
*** SUMMARY ***
Total pot $2.50 | Rake $0 
Seat 1: TheBraveGirl (big blind) folded before Flop
Seat 2: app1e_j@ck collected ($2.50)
Seat 3: KolyoYKolev folded before Flop (didn't bet)
Seat 4: tintin641 folded before Flop (didn't bet)
Seat 5: blistein (button) folded before Flop (didn't bet)
Seat 6: sta$igk (small blind) folded before Flop



PokerStars Hand #254264218471:  Hold'em No Limit ($0.50/$1.00 USD) - 2025/01/08 17:47:18 WET [2025/01/08 12:47:18 ET]
Table 'Stobbe II' 6-max Seat #6 is the button
Seat 1: TheBraveGirl ($102.92 in chips) 
Seat 2: app1e_j@ck ($101.20 in chips) 
Seat 3: KolyoYKolev ($129.25 in chips) 
Seat 4: tintin641 ($102.26 in chips) 
Seat 5: blistein ($106.54 in chips) 
Seat 6: sta$igk ($313.91 in chips) 
TheBraveGirl: posts small blind $0.50
app1e_j@ck: posts big blind $1
*** HOLE CARDS ***
KolyoYKolev: folds 
tintin641: folds 
blistein: raises $1.30 to $2.30
sta$igk: raises $5.70 to $8
TheBraveGirl: folds 
app1e_j@ck: folds 
blistein: folds 
Uncalled bet ($5.70) returned to sta$igk
sta$igk collected $6.10 from pot
sta$igk: doesn't show hand 
*** SUMMARY ***
Total pot $6.10 | Rake $0 
Seat 1: TheBraveGirl (small blind) folded before Flop
Seat 2: app1e_j@ck (big blind) folded before Flop
Seat 3: KolyoYKolev folded before Flop (didn't bet)
Seat 4: tintin641 folded before Flop (didn't bet)
Seat 5: blistein folded before Flop
Seat 6: sta$igk (button) collected ($6.10)



PokerStars Hand #254264223843:  Hold'em No Limit ($0.50/$1.00 USD) - 2025/01/08 17:47:38 WET [2025/01/08 12:47:38 ET]
Table 'Stobbe II' 6-max Seat #1 is the button
Seat 1: TheBraveGirl ($102.42 in chips) 
Seat 2: app1e_j@ck ($100.20 in chips) 
Seat 3: KolyoYKolev ($129.25 in chips) 
Seat 4: tintin641 ($102.26 in chips) 
Seat 5: blistein ($104.24 in chips) 
Seat 6: sta$igk ($317.71 in chips) 
app1e_j@ck: posts small blind $0.50
KolyoYKolev: posts big blind $1
*** HOLE CARDS ***
tintin641: folds 
blistein: folds 
sta$igk: raises $1.50 to $2.50
TheBraveGirl: calls $2.50
app1e_j@ck: folds 
KolyoYKolev: calls $1.50
*** FLOP *** [Qd 8c 2h]
KolyoYKolev: checks 
sta$igk: bets $2.51
TheBraveGirl: calls $2.51
KolyoYKolev: calls $2.51
*** TURN *** [Qd 8c 2h] [4d]
KolyoYKolev: checks 
sta$igk: checks 
TheBraveGirl: checks 
*** RIVER *** [Qd 8c 2h 4d] [4s]
KolyoYKolev: checks 
sta$igk: bets $7.38
TheBraveGirl: folds 
KolyoYKolev: calls $7.38
*** SHOW DOWN ***
sta$igk: shows [Qh Js] (two pair, Queens and Fours)
KolyoYKolev: mucks hand 
sta$igk collected $28.78 from pot
*** SUMMARY ***
Total pot $30.29 | Rake $1.51 
Board [Qd 8c 2h 4d 4s]
Seat 1: TheBraveGirl (button) folded on the River
Seat 2: app1e_j@ck (small blind) folded before Flop
Seat 3: KolyoYKolev (big blind) mucked
Seat 4: tintin641 folded before Flop (didn't bet)
Seat 5: blistein folded before Flop (didn't bet)
Seat 6: sta$igk showed [Qh Js] and won ($28.78) with two pair, Queens and Fours



PokerStars Hand #254264249488:  Hold'em No Limit ($0.50/$1.00 USD) - 2025/01/08 17:49:09 WET [2025/01/08 12:49:09 ET]
Table 'Stobbe II' 6-max Seat #2 is the button
Seat 1: TheBraveGirl ($100 in chips) 
Seat 2: app1e_j@ck ($99.70 in chips) 
Seat 3: KolyoYKolev ($116.86 in chips) 
Seat 4: tintin641 ($102.26 in chips) 
Seat 5: blistein ($104.24 in chips) 
Seat 6: sta$igk ($334.10 in chips) 
KolyoYKolev: posts small blind $0.50
tintin641: posts big blind $1
*** HOLE CARDS ***
blistein: folds 
sta$igk: folds 
TheBraveGirl: folds 
app1e_j@ck: raises $1.50 to $2.50
KolyoYKolev: folds 
tintin641: folds 
Uncalled bet ($1.50) returned to app1e_j@ck
app1e_j@ck collected $2.50 from pot
app1e_j@ck: doesn't show hand 
*** SUMMARY ***
Total pot $2.50 | Rake $0 
Seat 1: TheBraveGirl folded before Flop (didn't bet)
Seat 2: app1e_j@ck (button) collected ($2.50)
Seat 3: KolyoYKolev (small blind) folded before Flop
Seat 4: tintin641 (big blind) folded before Flop
Seat 5: blistein folded before Flop (didn't bet)
Seat 6: sta$igk folded before Flop (didn't bet)



PokerStars Hand #254264253006:  Hold'em No Limit ($0.50/$1.00 USD) - 2025/01/08 17:49:21 WET [2025/01/08 12:49:21 ET]
Table 'Stobbe II' 6-max Seat #3 is the button
Seat 1: TheBraveGirl ($100 in chips) 
Seat 2: app1e_j@ck ($101.20 in chips) 
Seat 3: KolyoYKolev ($116.36 in chips) 
Seat 4: tintin641 ($101.26 in chips) 
Seat 5: blistein ($104.24 in chips) 
Seat 6: sta$igk ($334.10 in chips) 
tintin641: posts small blind $0.50
blistein: posts big blind $1
*** HOLE CARDS ***
sta$igk: folds 
TheBraveGirl: folds 
app1e_j@ck: folds 
KolyoYKolev: calls $1
tintin641: folds 
blistein: raises $3.50 to $4.50
KolyoYKolev: folds 
Uncalled bet ($3.50) returned to blistein
blistein collected $2.50 from pot
blistein: doesn't show hand 
*** SUMMARY ***
Total pot $2.50 | Rake $0 
Seat 1: TheBraveGirl folded before Flop (didn't bet)
Seat 2: app1e_j@ck folded before Flop (didn't bet)
Seat 3: KolyoYKolev (button) folded before Flop
Seat 4: tintin641 (small blind) folded before Flop
Seat 5: blistein (big blind) collected ($2.50)
Seat 6: sta$igk folded before Flop (didn't bet)



PokerStars Hand #254264258931:  Hold'em No Limit ($0.50/$1.00 USD) - 2025/01/08 17:49:41 WET [2025/01/08 12:49:41 ET]
Table 'Stobbe II' 6-max Seat #4 is the button
Seat 1: TheBraveGirl ($100 in chips) 
Seat 2: app1e_j@ck ($101.20 in chips) 
Seat 3: KolyoYKolev ($115.36 in chips) 
Seat 4: tintin641 ($100.76 in chips) 
Seat 5: blistein ($105.74 in chips) 
Seat 6: sta$igk ($334.10 in chips) 
blistein: posts small blind $0.50
sta$igk: posts big blind $1
*** HOLE CARDS ***
TheBraveGirl: folds 
app1e_j@ck: raises $1.50 to $2.50
KolyoYKolev: calls $2.50
tintin641: folds 
blistein: folds 
sta$igk: calls $1.50
*** FLOP *** [6c Th 4h]
sta$igk: checks 
app1e_j@ck: checks 
KolyoYKolev: checks 
*** TURN *** [6c Th 4h] [8c]
sta$igk: bets $5.70
app1e_j@ck: folds 
KolyoYKolev: folds 
Uncalled bet ($5.70) returned to sta$igk
sta$igk collected $7.60 from pot
sta$igk: doesn't show hand 
*** SUMMARY ***
Total pot $8 | Rake $0.40 
Board [6c Th 4h 8c]
Seat 1: TheBraveGirl folded before Flop (didn't bet)
Seat 2: app1e_j@ck folded on the Turn
Seat 3: KolyoYKolev folded on the Turn
Seat 4: tintin641 (button) folded before Flop (didn't bet)
Seat 5: blistein (small blind) folded before Flop
Seat 6: sta$igk (big blind) collected ($7.60)



PokerStars Hand #254264282917:  Hold'em No Limit ($0.50/$1.00 USD) - 2025/01/08 17:51:06 WET [2025/01/08 12:51:06 ET]
Table 'Stobbe II' 6-max Seat #5 is the button
Seat 1: TheBraveGirl ($100 in chips) 
Seat 2: app1e_j@ck ($98.70 in chips) 
Seat 3: KolyoYKolev ($112.86 in chips) 
Seat 4: tintin641 ($100.76 in chips) 
Seat 5: blistein ($105.24 in chips) 
Seat 6: sta$igk ($339.20 in chips) 
sta$igk: posts small blind $0.50
TheBraveGirl: posts big blind $1
*** HOLE CARDS ***
app1e_j@ck: raises $1.50 to $2.50
KolyoYKolev: folds 
tintin641: folds 
blistein: folds 
sta$igk: folds 
TheBraveGirl: folds 
Uncalled bet ($1.50) returned to app1e_j@ck
app1e_j@ck collected $2.50 from pot
app1e_j@ck: doesn't show hand 
*** SUMMARY ***
Total pot $2.50 | Rake $0 
Seat 1: TheBraveGirl (big blind) folded before Flop
Seat 2: app1e_j@ck collected ($2.50)
Seat 3: KolyoYKolev folded before Flop (didn't bet)
Seat 4: tintin641 folded before Flop (didn't bet)
Seat 5: blistein (button) folded before Flop (didn't bet)
Seat 6: sta$igk (small blind) folded before Flop



PokerStars Hand #254264287765:  Hold'em No Limit ($0.50/$1.00 USD) - 2025/01/08 17:51:23 WET [2025/01/08 12:51:23 ET]
Table 'Stobbe II' 6-max Seat #6 is the button
Seat 1: TheBraveGirl ($100 in chips) 
Seat 2: app1e_j@ck ($100.20 in chips) 
Seat 3: KolyoYKolev ($112.86 in chips) 
Seat 4: tintin641 ($100.76 in chips) 
Seat 5: blistein ($105.24 in chips) 
Seat 6: sta$igk ($338.70 in chips) 
TheBraveGirl: posts small blind $0.50
app1e_j@ck: posts big blind $1
*** HOLE CARDS ***
KolyoYKolev: calls $1
tintin641: raises $3 to $4
blistein: folds 
sta$igk: folds 
TheBraveGirl: raises $10.50 to $14.50
app1e_j@ck: folds 
KolyoYKolev: folds 
tintin641: folds 
Uncalled bet ($10.50) returned to TheBraveGirl
TheBraveGirl collected $10 from pot
TheBraveGirl: doesn't show hand 
*** SUMMARY ***
Total pot $10 | Rake $0 
Seat 1: TheBraveGirl (small blind) collected ($10)
Seat 2: app1e_j@ck (big blind) folded before Flop
Seat 3: KolyoYKolev folded before Flop
Seat 4: tintin641 folded before Flop
Seat 5: blistein folded before Flop (didn't bet)
Seat 6: sta$igk (button) folded before Flop (didn't bet)



PokerStars Hand #254264294891:  Hold'em No Limit ($0.50/$1.00 USD) - 2025/01/08 17:51:48 WET [2025/01/08 12:51:48 ET]
Table 'Stobbe II' 6-max Seat #1 is the button
Seat 1: TheBraveGirl ($106 in chips) 
Seat 2: app1e_j@ck ($99.20 in chips) 
Seat 3: KolyoYKolev ($111.86 in chips) 
Seat 4: tintin641 ($100 in chips) 
Seat 5: blistein ($105.24 in chips) 
Seat 6: sta$igk ($338.70 in chips) 
app1e_j@ck: posts small blind $0.50
KolyoYKolev: posts big blind $1
*** HOLE CARDS ***
tintin641: folds 
blistein: raises $1.20 to $2.20
sta$igk: folds 
TheBraveGirl: folds 
app1e_j@ck: folds 
KolyoYKolev: calls $1.20
*** FLOP *** [9d 6c 8c]
KolyoYKolev: bets $1
blistein: folds 
Uncalled bet ($1) returned to KolyoYKolev
KolyoYKolev collected $4.66 from pot
*** SUMMARY ***
Total pot $4.90 | Rake $0.24 
Board [9d 6c 8c]
Seat 1: TheBraveGirl (button) folded before Flop (didn't bet)
Seat 2: app1e_j@ck (small blind) folded before Flop
Seat 3: KolyoYKolev (big blind) collected ($4.66)
Seat 4: tintin641 folded before Flop (didn't bet)
Seat 5: blistein folded on the Flop
Seat 6: sta$igk folded before Flop (didn't bet)



PokerStars Hand #254264305222:  Hold'em No Limit ($0.50/$1.00 USD) - 2025/01/08 17:52:25 WET [2025/01/08 12:52:25 ET]
Table 'Stobbe II' 6-max Seat #2 is the button
Seat 1: TheBraveGirl ($106 in chips) 
Seat 2: app1e_j@ck ($98.70 in chips) 
Seat 3: KolyoYKolev ($114.32 in chips) 
Seat 4: tintin641 ($100 in chips) 
Seat 5: blistein ($103.04 in chips) 
Seat 6: sta$igk ($338.70 in chips) 
KolyoYKolev: posts small blind $0.50
tintin641: posts big blind $1
*** HOLE CARDS ***
blistein: folds 
sta$igk: raises $1.50 to $2.50
TheBraveGirl: folds 
app1e_j@ck: folds 
KolyoYKolev: calls $2
tintin641: folds 
*** FLOP *** [4c 2c Qc]
KolyoYKolev: checks 
sta$igk: bets $1.88
KolyoYKolev: folds 
Uncalled bet ($1.88) returned to sta$igk
sta$igk collected $5.70 from pot
sta$igk: doesn't show hand 
*** SUMMARY ***
Total pot $6 | Rake $0.30 
Board [4c 2c Qc]
Seat 1: TheBraveGirl folded before Flop (didn't bet)
Seat 2: app1e_j@ck (button) folded before Flop (didn't bet)
Seat 3: KolyoYKolev (small blind) folded on the Flop
Seat 4: tintin641 (big blind) folded before Flop
Seat 5: blistein folded before Flop (didn't bet)
Seat 6: sta$igk collected ($5.70)



PokerStars Hand #254264314380:  Hold'em No Limit ($0.50/$1.00 USD) - 2025/01/08 17:52:57 WET [2025/01/08 12:52:57 ET]
Table 'Stobbe II' 6-max Seat #3 is the button
Seat 1: TheBraveGirl ($106 in chips) 
Seat 2: app1e_j@ck ($98.70 in chips) 
Seat 3: KolyoYKolev ($111.82 in chips) 
Seat 4: tintin641 ($100 in chips) 
Seat 5: blistein ($103.04 in chips) 
Seat 6: sta$igk ($341.90 in chips) 
tintin641: posts small blind $0.50
blistein: posts big blind $1
*** HOLE CARDS ***
sta$igk: folds 
TheBraveGirl: folds 
app1e_j@ck: folds 
KolyoYKolev: folds 
tintin641: raises $2 to $3
blistein: raises $7 to $10
tintin641: folds 
Uncalled bet ($7) returned to blistein
blistein collected $6 from pot
blistein: doesn't show hand 
*** SUMMARY ***
Total pot $6 | Rake $0 
Seat 1: TheBraveGirl folded before Flop (didn't bet)
Seat 2: app1e_j@ck folded before Flop (didn't bet)
Seat 3: KolyoYKolev (button) folded before Flop (didn't bet)
Seat 4: tintin641 (small blind) folded before Flop
Seat 5: blistein (big blind) collected ($6)
Seat 6: sta$igk folded before Flop (didn't bet)



PokerStars Hand #254264325136:  Hold'em No Limit ($0.50/$1.00 USD) - 2025/01/08 17:53:35 WET [2025/01/08 12:53:35 ET]
Table 'Stobbe II' 6-max Seat #4 is the button
Seat 1: TheBraveGirl ($106 in chips) 
Seat 2: app1e_j@ck ($98.70 in chips) 
Seat 3: KolyoYKolev ($111.82 in chips) 
Seat 4: tintin641 ($100 in chips) 
Seat 5: blistein ($106.04 in chips) 
Seat 6: sta$igk ($341.90 in chips) 
blistein: posts small blind $0.50
sta$igk: posts big blind $1
*** HOLE CARDS ***
TheBraveGirl: folds 
app1e_j@ck: folds 
KolyoYKolev: folds 
tintin641: folds 
blistein: raises $2 to $3
sta$igk: calls $2
*** FLOP *** [5s 5d 3h]
blistein: checks 
sta$igk: checks 
*** TURN *** [5s 5d 3h] [3d]
blistein: checks 
sta$igk: checks 
*** RIVER *** [5s 5d 3h 3d] [7s]
blistein: checks 
sta$igk: bets $4.28
blistein: folds 
Uncalled bet ($4.28) returned to sta$igk
sta$igk collected $5.70 from pot
sta$igk: doesn't show hand 
*** SUMMARY ***
Total pot $6 | Rake $0.30 
Board [5s 5d 3h 3d 7s]
Seat 1: TheBraveGirl folded before Flop (didn't bet)
Seat 2: app1e_j@ck folded before Flop (didn't bet)
Seat 3: KolyoYKolev folded before Flop (didn't bet)
Seat 4: tintin641 (button) folded before Flop (didn't bet)
Seat 5: blistein (small blind) folded on the River
Seat 6: sta$igk (big blind) collected ($5.70)



PokerStars Hand #254264349656:  Hold'em No Limit ($0.50/$1.00 USD) - 2025/01/08 17:55:02 WET [2025/01/08 12:55:02 ET]
Table 'Stobbe II' 6-max Seat #5 is the button
Seat 1: TheBraveGirl ($106 in chips) 
Seat 2: app1e_j@ck ($98.70 in chips) 
Seat 3: KolyoYKolev ($111.82 in chips) 
Seat 4: tintin641 ($100 in chips) 
Seat 5: blistein ($103.04 in chips) 
Seat 6: sta$igk ($344.60 in chips) 
sta$igk: posts small blind $0.50
TheBraveGirl: posts big blind $1
*** HOLE CARDS ***
app1e_j@ck: raises $1.50 to $2.50
KolyoYKolev: folds 
tintin641: folds 
blistein: folds 
sta$igk: raises $8.50 to $11
TheBraveGirl: folds 
app1e_j@ck: raises $87.70 to $98.70 and is all-in
sta$igk: folds [Qs Ks]
Uncalled bet ($87.70) returned to app1e_j@ck
app1e_j@ck collected $23 from pot
app1e_j@ck: doesn't show hand 
*** SUMMARY ***
Total pot $23 | Rake $0 
Seat 1: TheBraveGirl (big blind) folded before Flop
Seat 2: app1e_j@ck collected ($23)
Seat 3: KolyoYKolev folded before Flop (didn't bet)
Seat 4: tintin641 folded before Flop (didn't bet)
Seat 5: blistein (button) folded before Flop (didn't bet)
Seat 6: sta$igk (small blind) folded before Flop



PokerStars Hand #254264359423:  Hold'em No Limit ($0.50/$1.00 USD) - 2025/01/08 17:55:48 WET [2025/01/08 12:55:48 ET]
Table 'Stobbe II' 6-max Seat #6 is the button
Seat 1: TheBraveGirl ($105 in chips) 
Seat 2: app1e_j@ck ($110.70 in chips) 
Seat 3: KolyoYKolev ($111.82 in chips) 
Seat 4: tintin641 ($100 in chips) 
Seat 5: blistein ($103.04 in chips) 
Seat 6: sta$igk ($333.60 in chips) 
TheBraveGirl: posts small blind $0.50
app1e_j@ck: posts big blind $1
*** HOLE CARDS ***
KolyoYKolev: calls $1
tintin641: folds 
blistein: folds 
sta$igk: raises $3 to $4
TheBraveGirl: folds 
app1e_j@ck: folds 
KolyoYKolev: calls $3
*** FLOP *** [7h Qd 5d]
KolyoYKolev: checks 
sta$igk: bets $2.98
KolyoYKolev: calls $2.98
*** TURN *** [7h Qd 5d] [8h]
KolyoYKolev: checks 
sta$igk: checks 
*** RIVER *** [7h Qd 5d 8h] [8c]
KolyoYKolev: bets $14.69
sta$igk: folds 
Uncalled bet ($14.69) returned to KolyoYKolev
KolyoYKolev collected $14.69 from pot
*** SUMMARY ***
Total pot $15.46 | Rake $0.77 
Board [7h Qd 5d 8h 8c]
Seat 1: TheBraveGirl (small blind) folded before Flop
Seat 2: app1e_j@ck (big blind) folded before Flop
Seat 3: KolyoYKolev collected ($14.69)
Seat 4: tintin641 folded before Flop (didn't bet)
Seat 5: blistein folded before Flop (didn't bet)
Seat 6: sta$igk (button) folded on the River



PokerStars Hand #254264498600:  Hold'em No Limit ($0.50/$1.00 USD) - 2025/01/08 18:05:26 WET [2025/01/08 13:05:26 ET]
Table 'Stobbe II' 6-max Seat #4 is the button
Seat 1: TheBraveGirl ($105.22 in chips) 
Seat 2: app1e_j@ck ($109.20 in chips) 
Seat 3: KolyoYKolev ($114.21 in chips) 
Seat 4: tintin641 ($103.80 in chips) 
Seat 5: blistein ($104.50 in chips) 
Seat 6: sta$igk ($353.32 in chips) 
blistein: posts small blind $0.50
sta$igk: posts big blind $1
*** HOLE CARDS ***
TheBraveGirl: raises $1 to $2
app1e_j@ck: folds 
KolyoYKolev: folds 
tintin641: folds 
blistein: folds 
sta$igk: folds 
Uncalled bet ($1) returned to TheBraveGirl
TheBraveGirl collected $2.50 from pot
TheBraveGirl: doesn't show hand 
*** SUMMARY ***
Total pot $2.50 | Rake $0 
Seat 1: TheBraveGirl collected ($2.50)
Seat 2: app1e_j@ck folded before Flop (didn't bet)
Seat 3: KolyoYKolev folded before Flop (didn't bet)
Seat 4: tintin641 (button) folded before Flop (didn't bet)
Seat 5: blistein (small blind) folded before Flop
Seat 6: sta$igk (big blind) folded before Flop



PokerStars Hand #254264502864:  Hold'em No Limit ($0.50/$1.00 USD) - 2025/01/08 18:05:41 WET [2025/01/08 13:05:41 ET]
Table 'Stobbe II' 6-max Seat #5 is the button
Seat 1: TheBraveGirl ($106.72 in chips) 
Seat 2: app1e_j@ck ($109.20 in chips) 
Seat 3: KolyoYKolev ($114.21 in chips) 
Seat 4: tintin641 ($103.80 in chips) 
Seat 5: blistein ($104 in chips) 
Seat 6: sta$igk ($352.32 in chips) 
sta$igk: posts small blind $0.50
TheBraveGirl: posts big blind $1
*** HOLE CARDS ***
app1e_j@ck: raises $1.50 to $2.50
KolyoYKolev: calls $2.50
tintin641: folds 
blistein: folds 
sta$igk: folds 
TheBraveGirl: folds 
*** FLOP *** [9c 8c Qs]
app1e_j@ck: bets $2.04
KolyoYKolev: calls $2.04
*** TURN *** [9c 8c Qs] [3h]
app1e_j@ck: bets $6.70
KolyoYKolev: folds 
Uncalled bet ($6.70) returned to app1e_j@ck
app1e_j@ck collected $10.05 from pot
app1e_j@ck: doesn't show hand 
*** SUMMARY ***
Total pot $10.58 | Rake $0.53 
Board [9c 8c Qs 3h]
Seat 1: TheBraveGirl (big blind) folded before Flop
Seat 2: app1e_j@ck collected ($10.05)
Seat 3: KolyoYKolev folded on the Turn
Seat 4: tintin641 folded before Flop (didn't bet)
Seat 5: blistein (button) folded before Flop (didn't bet)
Seat 6: sta$igk (small blind) folded before Flop



PokerStars Hand #254264512772:  Hold'em No Limit ($0.50/$1.00 USD) - 2025/01/08 18:06:15 WET [2025/01/08 13:06:15 ET]
Table 'Stobbe II' 6-max Seat #6 is the button
Seat 1: TheBraveGirl ($105.72 in chips) 
Seat 2: app1e_j@ck ($114.71 in chips) 
Seat 3: KolyoYKolev ($109.67 in chips) 
Seat 4: tintin641 ($103.80 in chips) 
Seat 5: blistein ($104 in chips) 
Seat 6: sta$igk ($351.82 in chips) 
TheBraveGirl: posts small blind $0.50
app1e_j@ck: posts big blind $1
*** HOLE CARDS ***
KolyoYKolev: calls $1
tintin641: folds 
blistein: folds 
sta$igk: folds 
TheBraveGirl: folds 
app1e_j@ck: raises $2.50 to $3.50
KolyoYKolev: folds 
Uncalled bet ($2.50) returned to app1e_j@ck
app1e_j@ck collected $2.50 from pot
app1e_j@ck: doesn't show hand 
*** SUMMARY ***
Total pot $2.50 | Rake $0 
Seat 1: TheBraveGirl (small blind) folded before Flop
Seat 2: app1e_j@ck (big blind) collected ($2.50)
Seat 3: KolyoYKolev folded before Flop
Seat 4: tintin641 folded before Flop (didn't bet)
Seat 5: blistein folded before Flop (didn't bet)
Seat 6: sta$igk (button) folded before Flop (didn't bet)



PokerStars Hand #254264518096:  Hold'em No Limit ($0.50/$1.00 USD) - 2025/01/08 18:06:33 WET [2025/01/08 13:06:33 ET]
Table 'Stobbe II' 6-max Seat #1 is the button
Seat 1: TheBraveGirl ($105.22 in chips) 
Seat 2: app1e_j@ck ($116.21 in chips) 
Seat 3: KolyoYKolev ($108.67 in chips) 
Seat 4: tintin641 ($103.80 in chips) 
Seat 5: blistein ($104 in chips) 
Seat 6: sta$igk ($351.82 in chips) 
app1e_j@ck: posts small blind $0.50
KolyoYKolev: posts big blind $1
*** HOLE CARDS ***
tintin641: folds 
blistein: folds 
sta$igk: raises $1.50 to $2.50
TheBraveGirl: folds 
app1e_j@ck: folds 
KolyoYKolev: folds 
Uncalled bet ($1.50) returned to sta$igk
sta$igk collected $2.50 from pot
sta$igk: doesn't show hand 
*** SUMMARY ***
Total pot $2.50 | Rake $0 
Seat 1: TheBraveGirl (button) folded before Flop (didn't bet)
Seat 2: app1e_j@ck (small blind) folded before Flop
Seat 3: KolyoYKolev (big blind) folded before Flop
Seat 4: tintin641 folded before Flop (didn't bet)
Seat 5: blistein folded before Flop (didn't bet)
Seat 6: sta$igk collected ($2.50)



PokerStars Hand #254264522207:  Hold'em No Limit ($0.50/$1.00 USD) - 2025/01/08 18:06:47 WET [2025/01/08 13:06:47 ET]
Table 'Stobbe II' 6-max Seat #2 is the button
Seat 1: TheBraveGirl ($105.22 in chips) 
Seat 2: app1e_j@ck ($115.71 in chips) 
Seat 3: KolyoYKolev ($107.67 in chips) 
Seat 4: tintin641 ($103.80 in chips) 
Seat 5: blistein ($104 in chips) 
Seat 6: sta$igk ($353.32 in chips) 
KolyoYKolev: posts small blind $0.50
tintin641: posts big blind $1
*** HOLE CARDS ***
blistein: folds 
sta$igk: folds 
TheBraveGirl: raises $1 to $2
app1e_j@ck: folds 
KolyoYKolev: folds 
tintin641: folds 
Uncalled bet ($1) returned to TheBraveGirl
TheBraveGirl collected $2.50 from pot
TheBraveGirl: doesn't show hand 
*** SUMMARY ***
Total pot $2.50 | Rake $0 
Seat 1: TheBraveGirl collected ($2.50)
Seat 2: app1e_j@ck (button) folded before Flop (didn't bet)
Seat 3: KolyoYKolev (small blind) folded before Flop
Seat 4: tintin641 (big blind) folded before Flop
Seat 5: blistein folded before Flop (didn't bet)
Seat 6: sta$igk folded before Flop (didn't bet)



PokerStars Hand #254264525848:  Hold'em No Limit ($0.50/$1.00 USD) - 2025/01/08 18:07:00 WET [2025/01/08 13:07:00 ET]
Table 'Stobbe II' 6-max Seat #3 is the button
Seat 1: TheBraveGirl ($106.72 in chips) 
Seat 2: app1e_j@ck ($115.71 in chips) 
Seat 3: KolyoYKolev ($107.17 in chips) 
Seat 4: tintin641 ($102.80 in chips) 
Seat 5: blistein ($104 in chips) 
Seat 6: sta$igk ($353.32 in chips) 
tintin641: posts small blind $0.50
blistein: posts big blind $1
*** HOLE CARDS ***
sta$igk: folds 
TheBraveGirl: folds 
app1e_j@ck: folds 
KolyoYKolev: calls $1
tintin641: calls $0.50
blistein: checks 
*** FLOP *** [Ac 9s 9d]
tintin641: checks 
blistein: checks 
KolyoYKolev: checks 
*** TURN *** [Ac 9s 9d] [Ah]
tintin641: checks 
blistein: checks 
KolyoYKolev: bets $1
tintin641: calls $1
blistein: folds 
*** RIVER *** [Ac 9s 9d Ah] [6h]
tintin641: checks 
KolyoYKolev: bets $5
tintin641: raises $25 to $30
KolyoYKolev: calls $25
*** SHOW DOWN ***
tintin641: shows [Ad 5c] (a full house, Aces full of Nines)
KolyoYKolev: mucks hand 
tintin641 collected $62.50 from pot
*** SUMMARY ***
Total pot $65 | Rake $2.50 
Board [Ac 9s 9d Ah 6h]
Seat 1: TheBraveGirl folded before Flop (didn't bet)
Seat 2: app1e_j@ck folded before Flop (didn't bet)
Seat 3: KolyoYKolev (button) mucked
Seat 4: tintin641 (small blind) showed [Ad 5c] and won ($62.50) with a full house, Aces full of Nines
Seat 5: blistein (big blind) folded on the Turn
Seat 6: sta$igk folded before Flop (didn't bet)



PokerStars Hand #254264555900:  Hold'em No Limit ($0.50/$1.00 USD) - 2025/01/08 18:08:42 WET [2025/01/08 13:08:42 ET]
Table 'Stobbe II' 6-max Seat #4 is the button
Seat 1: TheBraveGirl ($106.72 in chips) 
Seat 2: app1e_j@ck ($115.71 in chips) 
Seat 3: KolyoYKolev ($75.17 in chips) 
Seat 4: tintin641 ($133.30 in chips) 
Seat 5: blistein ($103 in chips) 
Seat 6: sta$igk ($353.32 in chips) 
blistein: posts small blind $0.50
sta$igk: posts big blind $1
*** HOLE CARDS ***
TheBraveGirl: folds 
app1e_j@ck: folds 
KolyoYKolev: calls $1
tintin641: folds 
blistein: folds 
sta$igk: checks 
*** FLOP *** [3c 8d As]
sta$igk: checks 
KolyoYKolev: checks 
*** TURN *** [3c 8d As] [7h]
sta$igk: checks 
KolyoYKolev: checks 
*** RIVER *** [3c 8d As 7h] [Th]
sta$igk: bets $2.38
KolyoYKolev: calls $2.38
*** SHOW DOWN ***
sta$igk: shows [2d Kc] (high card Ace)
KolyoYKolev: shows [Ad 9c] (a pair of Aces)
KolyoYKolev collected $6.90 from pot
*** SUMMARY ***
Total pot $7.26 | Rake $0.36 
Board [3c 8d As 7h Th]
Seat 1: TheBraveGirl folded before Flop (didn't bet)
Seat 2: app1e_j@ck folded before Flop (didn't bet)
Seat 3: KolyoYKolev showed [Ad 9c] and won ($6.90) with a pair of Aces
Seat 4: tintin641 (button) folded before Flop (didn't bet)
Seat 5: blistein (small blind) folded before Flop
Seat 6: sta$igk (big blind) showed [2d Kc] and lost with high card Ace



PokerStars Hand #254264572077:  Hold'em No Limit ($0.50/$1.00 USD) - 2025/01/08 18:09:38 WET [2025/01/08 13:09:38 ET]
Table 'Stobbe II' 6-max Seat #5 is the button
Seat 1: TheBraveGirl ($106.72 in chips) 
Seat 2: app1e_j@ck ($115.71 in chips) 
Seat 3: KolyoYKolev ($78.69 in chips) 
Seat 4: tintin641 ($133.30 in chips) 
Seat 5: blistein ($102.50 in chips) 
Seat 6: sta$igk ($349.94 in chips) 
sta$igk: posts small blind $0.50
TheBraveGirl: posts big blind $1
*** HOLE CARDS ***
app1e_j@ck: folds 
KolyoYKolev: calls $1
tintin641: folds 
blistein: raises $2.50 to $3.50
sta$igk: raises $10.50 to $14
TheBraveGirl: folds 
KolyoYKolev: folds 
blistein: calls $10.50
*** FLOP *** [Td 2s 8c]
sta$igk: bets $9.41
blistein: calls $9.41
*** TURN *** [Td 2s 8c] [Ks]
sta$igk: bets $15.31
blistein: calls $15.31
*** RIVER *** [Td 2s 8c Ks] [9h]
sta$igk: checks 
blistein: bets $63.78 and is all-in
sta$igk: calls $63.78
*** SHOW DOWN ***
blistein: shows [Ah Qh] (high card Ace)
sta$igk: shows [Kd Qs] (a pair of Kings)
sta$igk collected $204.50 from pot
*** SUMMARY ***
Total pot $207 | Rake $2.50 
Board [Td 2s 8c Ks 9h]
Seat 1: TheBraveGirl (big blind) folded before Flop
Seat 2: app1e_j@ck folded before Flop (didn't bet)
Seat 3: KolyoYKolev folded before Flop
Seat 4: tintin641 folded before Flop (didn't bet)
Seat 5: blistein (button) showed [Ah Qh] and lost with high card Ace
Seat 6: sta$igk (small blind) showed [Kd Qs] and won ($204.50) with a pair of Kings



PokerStars Hand #254264607078:  Hold'em No Limit ($0.50/$1.00 USD) - 2025/01/08 18:11:38 WET [2025/01/08 13:11:38 ET]
Table 'Stobbe II' 6-max Seat #6 is the button
Seat 1: TheBraveGirl ($105.72 in chips) 
Seat 2: app1e_j@ck ($115.71 in chips) 
Seat 3: KolyoYKolev ($77.69 in chips) 
Seat 4: tintin641 ($133.30 in chips) 
Seat 5: blistein ($100 in chips) 
Seat 6: sta$igk ($451.94 in chips) 
TheBraveGirl: posts small blind $0.50
app1e_j@ck: posts big blind $1
*** HOLE CARDS ***
KolyoYKolev: raises $1 to $2
tintin641: folds 
blistein: folds 
sta$igk: folds 
TheBraveGirl: folds 
app1e_j@ck: folds 
Uncalled bet ($1) returned to KolyoYKolev
KolyoYKolev collected $2.50 from pot
*** SUMMARY ***
Total pot $2.50 | Rake $0 
Seat 1: TheBraveGirl (small blind) folded before Flop
Seat 2: app1e_j@ck (big blind) folded before Flop
Seat 3: KolyoYKolev collected ($2.50)
Seat 4: tintin641 folded before Flop (didn't bet)
Seat 5: blistein folded before Flop (didn't bet)
Seat 6: sta$igk (button) folded before Flop (didn't bet)



PokerStars Hand #254264612930:  Hold'em No Limit ($0.50/$1.00 USD) - 2025/01/08 18:11:57 WET [2025/01/08 13:11:57 ET]
Table 'Stobbe II' 6-max Seat #1 is the button
Seat 1: TheBraveGirl ($105.22 in chips) 
Seat 2: app1e_j@ck ($114.71 in chips) 
Seat 3: KolyoYKolev ($79.19 in chips) 
Seat 4: tintin641 ($133.30 in chips) 
Seat 5: blistein ($100 in chips) 
Seat 6: sta$igk ($451.94 in chips) 
app1e_j@ck: posts small blind $0.50
KolyoYKolev: posts big blind $1
*** HOLE CARDS ***
tintin641: raises $1.50 to $2.50
blistein: folds 
sta$igk: folds 
TheBraveGirl: folds 
app1e_j@ck: folds 
KolyoYKolev: calls $1.50
*** FLOP *** [3h Kd 5d]
KolyoYKolev: checks 
tintin641: bets $1.72
KolyoYKolev: folds 
Uncalled bet ($1.72) returned to tintin641
tintin641 collected $5.22 from pot
tintin641: doesn't show hand 
*** SUMMARY ***
Total pot $5.50 | Rake $0.28 
Board [3h Kd 5d]
Seat 1: TheBraveGirl (button) folded before Flop (didn't bet)
Seat 2: app1e_j@ck (small blind) folded before Flop
Seat 3: KolyoYKolev (big blind) folded on the Flop
Seat 4: tintin641 collected ($5.22)
Seat 5: blistein folded before Flop (didn't bet)
Seat 6: sta$igk folded before Flop (didn't bet)



PokerStars Hand #254264622448:  Hold'em No Limit ($0.50/$1.00 USD) - 2025/01/08 18:12:30 WET [2025/01/08 13:12:30 ET]
Table 'Stobbe II' 6-max Seat #2 is the button
Seat 1: TheBraveGirl ($105.22 in chips) 
Seat 2: app1e_j@ck ($114.21 in chips) 
Seat 3: KolyoYKolev ($76.69 in chips) 
Seat 4: tintin641 ($136.02 in chips) 
Seat 5: blistein ($100 in chips) 
Seat 6: sta$igk ($451.94 in chips) 
KolyoYKolev: posts small blind $0.50
tintin641: posts big blind $1
*** HOLE CARDS ***
blistein: folds 
sta$igk: raises $1.50 to $2.50
TheBraveGirl: folds 
app1e_j@ck: folds 
KolyoYKolev: folds 
tintin641: raises $10 to $12.50
sta$igk: folds 
Uncalled bet ($10) returned to tintin641
tintin641 collected $5.50 from pot
tintin641: doesn't show hand 
*** SUMMARY ***
Total pot $5.50 | Rake $0 
Seat 1: TheBraveGirl folded before Flop (didn't bet)
Seat 2: app1e_j@ck (button) folded before Flop (didn't bet)
Seat 3: KolyoYKolev (small blind) folded before Flop
Seat 4: tintin641 (big blind) collected ($5.50)
Seat 5: blistein folded before Flop (didn't bet)
Seat 6: sta$igk folded before Flop



PokerStars Hand #254264628724:  Hold'em No Limit ($0.50/$1.00 USD) - 2025/01/08 18:12:51 WET [2025/01/08 13:12:51 ET]
Table 'Stobbe II' 6-max Seat #3 is the button
Seat 1: TheBraveGirl ($105.22 in chips) 
Seat 2: app1e_j@ck ($114.21 in chips) 
Seat 3: KolyoYKolev ($76.19 in chips) 
Seat 4: tintin641 ($139.02 in chips) 
Seat 5: blistein ($100 in chips) 
Seat 6: sta$igk ($449.44 in chips) 
tintin641: posts small blind $0.50
blistein: posts big blind $1
*** HOLE CARDS ***
sta$igk: raises $1.50 to $2.50
TheBraveGirl: folds 
app1e_j@ck: folds 
KolyoYKolev: folds 
tintin641: folds 
blistein: folds 
Uncalled bet ($1.50) returned to sta$igk
sta$igk collected $2.50 from pot
sta$igk: doesn't show hand 
*** SUMMARY ***
Total pot $2.50 | Rake $0 
Seat 1: TheBraveGirl folded before Flop (didn't bet)
Seat 2: app1e_j@ck folded before Flop (didn't bet)
Seat 3: KolyoYKolev (button) folded before Flop (didn't bet)
Seat 4: tintin641 (small blind) folded before Flop
Seat 5: blistein (big blind) folded before Flop
Seat 6: sta$igk collected ($2.50)



PokerStars Hand #254264633224:  Hold'em No Limit ($0.50/$1.00 USD) - 2025/01/08 18:13:06 WET [2025/01/08 13:13:06 ET]
Table 'Stobbe II' 6-max Seat #4 is the button
Seat 1: TheBraveGirl ($105.22 in chips) 
Seat 2: app1e_j@ck ($114.21 in chips) 
Seat 3: KolyoYKolev ($76.19 in chips) 
Seat 4: tintin641 ($138.52 in chips) 
Seat 5: blistein ($100 in chips) 
Seat 6: sta$igk ($450.94 in chips) 
blistein: posts small blind $0.50
sta$igk: posts big blind $1
*** HOLE CARDS ***
TheBraveGirl: folds 
app1e_j@ck: raises $1.50 to $2.50
KolyoYKolev: folds 
tintin641: folds 
blistein: folds 
sta$igk: folds 
Uncalled bet ($1.50) returned to app1e_j@ck
app1e_j@ck collected $2.50 from pot
app1e_j@ck: doesn't show hand 
*** SUMMARY ***
Total pot $2.50 | Rake $0 
Seat 1: TheBraveGirl folded before Flop (didn't bet)
Seat 2: app1e_j@ck collected ($2.50)
Seat 3: KolyoYKolev folded before Flop (didn't bet)
Seat 4: tintin641 (button) folded before Flop (didn't bet)
Seat 5: blistein (small blind) folded before Flop
Seat 6: sta$igk (big blind) folded before Flop



PokerStars Hand #254264637352:  Hold'em No Limit ($0.50/$1.00 USD) - 2025/01/08 18:13:19 WET [2025/01/08 13:13:19 ET]
Table 'Stobbe II' 6-max Seat #5 is the button
Seat 1: TheBraveGirl ($105.22 in chips) 
Seat 2: app1e_j@ck ($115.71 in chips) 
Seat 3: KolyoYKolev ($76.19 in chips) 
Seat 4: tintin641 ($138.52 in chips) 
Seat 5: blistein ($100 in chips) 
Seat 6: sta$igk ($449.94 in chips) 
sta$igk: posts small blind $0.50
TheBraveGirl: posts big blind $1
*** HOLE CARDS ***
app1e_j@ck: folds 
KolyoYKolev: calls $1
tintin641: raises $3 to $4
blistein: folds 
sta$igk: folds 
TheBraveGirl: folds 
KolyoYKolev: folds 
Uncalled bet ($3) returned to tintin641
tintin641 collected $3.50 from pot
tintin641: doesn't show hand 
*** SUMMARY ***
Total pot $3.50 | Rake $0 
Seat 1: TheBraveGirl (big blind) folded before Flop
Seat 2: app1e_j@ck folded before Flop (didn't bet)
Seat 3: KolyoYKolev folded before Flop
Seat 4: tintin641 collected ($3.50)
Seat 5: blistein (button) folded before Flop (didn't bet)
Seat 6: sta$igk (small blind) folded before Flop



PokerStars Hand #254264645061:  Hold'em No Limit ($0.50/$1.00 USD) - 2025/01/08 18:13:45 WET [2025/01/08 13:13:45 ET]
Table 'Stobbe II' 6-max Seat #6 is the button
Seat 1: TheBraveGirl ($104.22 in chips) 
Seat 2: app1e_j@ck ($115.71 in chips) 
Seat 3: KolyoYKolev ($75.19 in chips) 
Seat 4: tintin641 ($141.02 in chips) 
Seat 5: blistein ($100 in chips) 
Seat 6: sta$igk ($449.44 in chips) 
TheBraveGirl: posts small blind $0.50
app1e_j@ck: posts big blind $1
*** HOLE CARDS ***
KolyoYKolev: calls $1
tintin641: raises $3 to $4
blistein: raises $7 to $11
sta$igk: folds 
TheBraveGirl: folds 
app1e_j@ck: folds 
KolyoYKolev: folds 
tintin641: folds 
Uncalled bet ($7) returned to blistein
blistein collected $10.50 from pot
blistein: doesn't show hand 
*** SUMMARY ***
Total pot $10.50 | Rake $0 
Seat 1: TheBraveGirl (small blind) folded before Flop
Seat 2: app1e_j@ck (big blind) folded before Flop
Seat 3: KolyoYKolev folded before Flop
Seat 4: tintin641 folded before Flop
Seat 5: blistein collected ($10.50)
Seat 6: sta$igk (button) folded before Flop (didn't bet)



PokerStars Hand #254264654710:  Hold'em No Limit ($0.50/$1.00 USD) - 2025/01/08 18:14:18 WET [2025/01/08 13:14:18 ET]
Table 'Stobbe II' 6-max Seat #1 is the button
Seat 1: TheBraveGirl ($103.72 in chips) 
Seat 2: app1e_j@ck ($114.71 in chips) 
Seat 3: KolyoYKolev ($74.19 in chips) 
Seat 4: tintin641 ($137.02 in chips) 
Seat 5: blistein ($106.50 in chips) 
Seat 6: sta$igk ($449.44 in chips) 
app1e_j@ck: posts small blind $0.50
KolyoYKolev: posts big blind $1
*** HOLE CARDS ***
tintin641: folds 
blistein: raises $1.20 to $2.20
sta$igk: folds 
TheBraveGirl: folds 
app1e_j@ck: folds 
KolyoYKolev: folds 
Uncalled bet ($1.20) returned to blistein
blistein collected $2.50 from pot
blistein: doesn't show hand 
*** SUMMARY ***
Total pot $2.50 | Rake $0 
Seat 1: TheBraveGirl (button) folded before Flop (didn't bet)
Seat 2: app1e_j@ck (small blind) folded before Flop
Seat 3: KolyoYKolev (big blind) folded before Flop
Seat 4: tintin641 folded before Flop (didn't bet)
Seat 5: blistein collected ($2.50)
Seat 6: sta$igk folded before Flop (didn't bet)



PokerStars Hand #254264657725:  Hold'em No Limit ($0.50/$1.00 USD) - 2025/01/08 18:14:28 WET [2025/01/08 13:14:28 ET]
Table 'Stobbe II' 6-max Seat #2 is the button
Seat 1: TheBraveGirl ($103.72 in chips) 
Seat 2: app1e_j@ck ($114.21 in chips) 
Seat 3: KolyoYKolev ($73.19 in chips) 
Seat 4: tintin641 ($137.02 in chips) 
Seat 5: blistein ($108 in chips) 
Seat 6: sta$igk ($449.44 in chips) 
KolyoYKolev: posts small blind $0.50
tintin641: posts big blind $1
*** HOLE CARDS ***
blistein: folds 
sta$igk: folds 
TheBraveGirl: folds 
app1e_j@ck: folds 
KolyoYKolev: calls $0.50
tintin641: checks 
*** FLOP *** [Jd Th 4d]
KolyoYKolev: checks 
tintin641: checks 
*** TURN *** [Jd Th 4d] [Ah]
KolyoYKolev: checks 
tintin641: checks 
*** RIVER *** [Jd Th 4d Ah] [Kd]
KolyoYKolev: checks 
tintin641: bets $1.43
KolyoYKolev: folds 
Uncalled bet ($1.43) returned to tintin641
tintin641 collected $1.90 from pot
tintin641: doesn't show hand 
*** SUMMARY ***
Total pot $2 | Rake $0.10 
Board [Jd Th 4d Ah Kd]
Seat 1: TheBraveGirl folded before Flop (didn't bet)
Seat 2: app1e_j@ck (button) folded before Flop (didn't bet)
Seat 3: KolyoYKolev (small blind) folded on the River
Seat 4: tintin641 (big blind) collected ($1.90)
Seat 5: blistein folded before Flop (didn't bet)
Seat 6: sta$igk folded before Flop (didn't bet)



PokerStars Hand #254264680709:  Hold'em No Limit ($0.50/$1.00 USD) - 2025/01/08 18:15:46 WET [2025/01/08 13:15:46 ET]
Table 'Stobbe II' 6-max Seat #3 is the button
Seat 1: TheBraveGirl ($103.72 in chips) 
Seat 2: app1e_j@ck ($114.21 in chips) 
Seat 3: KolyoYKolev ($72.19 in chips) 
Seat 4: tintin641 ($137.92 in chips) 
Seat 5: blistein ($108 in chips) 
Seat 6: sta$igk ($449.44 in chips) 
tintin641: posts small blind $0.50
blistein: posts big blind $1
*** HOLE CARDS ***
sta$igk: folds 
TheBraveGirl: folds 
app1e_j@ck: folds 
KolyoYKolev: folds 
tintin641: folds 
Uncalled bet ($0.50) returned to blistein
blistein collected $1 from pot
blistein: doesn't show hand 
*** SUMMARY ***
Total pot $1 | Rake $0 
Seat 1: TheBraveGirl folded before Flop (didn't bet)
Seat 2: app1e_j@ck folded before Flop (didn't bet)
Seat 3: KolyoYKolev (button) folded before Flop (didn't bet)
Seat 4: tintin641 (small blind) folded before Flop
Seat 5: blistein (big blind) collected ($1)
Seat 6: sta$igk folded before Flop (didn't bet)



PokerStars Hand #254264683628:  Hold'em No Limit ($0.50/$1.00 USD) - 2025/01/08 18:15:56 WET [2025/01/08 13:15:56 ET]
Table 'Stobbe II' 6-max Seat #4 is the button
Seat 1: TheBraveGirl ($103.72 in chips) 
Seat 2: app1e_j@ck ($114.21 in chips) 
Seat 3: KolyoYKolev ($72.19 in chips) 
Seat 4: tintin641 ($137.42 in chips) 
Seat 5: blistein ($108.50 in chips) 
Seat 6: sta$igk ($449.44 in chips) 
blistein: posts small blind $0.50
sta$igk: posts big blind $1
*** HOLE CARDS ***
TheBraveGirl: folds 
app1e_j@ck: folds 
KolyoYKolev: calls $1
tintin641: folds 
blistein: folds 
sta$igk: checks 
*** FLOP *** [6s 7h 3d]
sta$igk: checks 
KolyoYKolev: checks 
*** TURN *** [6s 7h 3d] [Qh]
sta$igk: checks 
KolyoYKolev: checks 
*** RIVER *** [6s 7h 3d Qh] [Jd]
sta$igk: checks 
KolyoYKolev: checks 
*** SHOW DOWN ***
sta$igk: shows [Th 3c] (a pair of Threes)
KolyoYKolev: mucks hand 
sta$igk collected $2.38 from pot
*** SUMMARY ***
Total pot $2.50 | Rake $0.12 
Board [6s 7h 3d Qh Jd]
Seat 1: TheBraveGirl folded before Flop (didn't bet)
Seat 2: app1e_j@ck folded before Flop (didn't bet)
Seat 3: KolyoYKolev mucked
Seat 4: tintin641 (button) folded before Flop (didn't bet)
Seat 5: blistein (small blind) folded before Flop
Seat 6: sta$igk (big blind) showed [Th 3c] and won ($2.38) with a pair of Threes



PokerStars Hand #254264698562:  Hold'em No Limit ($0.50/$1.00 USD) - 2025/01/08 18:16:46 WET [2025/01/08 13:16:46 ET]
Table 'Stobbe II' 6-max Seat #5 is the button
Seat 1: TheBraveGirl ($103.72 in chips) 
Seat 2: app1e_j@ck ($114.21 in chips) 
Seat 3: KolyoYKolev ($71.19 in chips) 
Seat 4: tintin641 ($137.42 in chips) 
Seat 5: blistein ($108 in chips) 
Seat 6: sta$igk ($450.82 in chips) 
sta$igk: posts small blind $0.50
TheBraveGirl: posts big blind $1
*** HOLE CARDS ***
app1e_j@ck: raises $1.50 to $2.50
KolyoYKolev: folds 
tintin641: folds 
blistein: folds 
sta$igk: folds 
TheBraveGirl: folds 
Uncalled bet ($1.50) returned to app1e_j@ck
app1e_j@ck collected $2.50 from pot
app1e_j@ck: doesn't show hand 
*** SUMMARY ***
Total pot $2.50 | Rake $0 
Seat 1: TheBraveGirl (big blind) folded before Flop
Seat 2: app1e_j@ck collected ($2.50)
Seat 3: KolyoYKolev folded before Flop (didn't bet)
Seat 4: tintin641 folded before Flop (didn't bet)
Seat 5: blistein (button) folded before Flop (didn't bet)
Seat 6: sta$igk (small blind) folded before Flop



PokerStars Hand #254264704051:  Hold'em No Limit ($0.50/$1.00 USD) - 2025/01/08 18:17:05 WET [2025/01/08 13:17:05 ET]
Table 'Stobbe II' 6-max Seat #6 is the button
Seat 1: TheBraveGirl ($102.72 in chips) 
Seat 2: app1e_j@ck ($115.71 in chips) 
Seat 3: KolyoYKolev ($71.19 in chips) 
Seat 4: tintin641 ($137.42 in chips) 
Seat 5: blistein ($108 in chips) 
Seat 6: sta$igk ($450.32 in chips) 
TheBraveGirl: posts small blind $0.50
app1e_j@ck: posts big blind $1
*** HOLE CARDS ***
KolyoYKolev: folds 
tintin641: folds 
blistein: folds 
sta$igk: raises $1.50 to $2.50
TheBraveGirl: folds 
app1e_j@ck: folds 
Uncalled bet ($1.50) returned to sta$igk
sta$igk collected $2.50 from pot
sta$igk: doesn't show hand 
*** SUMMARY ***
Total pot $2.50 | Rake $0 
Seat 1: TheBraveGirl (small blind) folded before Flop
Seat 2: app1e_j@ck (big blind) folded before Flop
Seat 3: KolyoYKolev folded before Flop (didn't bet)
Seat 4: tintin641 folded before Flop (didn't bet)
Seat 5: blistein folded before Flop (didn't bet)
Seat 6: sta$igk (button) collected ($2.50)



PokerStars Hand #254264708564:  Hold'em No Limit ($0.50/$1.00 USD) - 2025/01/08 18:17:20 WET [2025/01/08 13:17:20 ET]
Table 'Stobbe II' 6-max Seat #1 is the button
Seat 1: TheBraveGirl ($102.22 in chips) 
Seat 2: app1e_j@ck ($114.71 in chips) 
Seat 3: KolyoYKolev ($71.19 in chips) 
Seat 4: tintin641 ($137.42 in chips) 
Seat 5: blistein ($108 in chips) 
Seat 6: sta$igk ($451.82 in chips) 
app1e_j@ck: posts small blind $0.50
KolyoYKolev: posts big blind $1
*** HOLE CARDS ***
tintin641: raises $1.50 to $2.50
blistein: folds 
sta$igk: folds 
TheBraveGirl: folds 
app1e_j@ck: folds 
KolyoYKolev: folds 
Uncalled bet ($1.50) returned to tintin641
tintin641 collected $2.50 from pot
tintin641: doesn't show hand 
*** SUMMARY ***
Total pot $2.50 | Rake $0 
Seat 1: TheBraveGirl (button) folded before Flop (didn't bet)
Seat 2: app1e_j@ck (small blind) folded before Flop
Seat 3: KolyoYKolev (big blind) folded before Flop
Seat 4: tintin641 collected ($2.50)
Seat 5: blistein folded before Flop (didn't bet)
Seat 6: sta$igk folded before Flop (didn't bet)



PokerStars Hand #254264712442:  Hold'em No Limit ($0.50/$1.00 USD) - 2025/01/08 18:17:33 WET [2025/01/08 13:17:33 ET]
Table 'Stobbe II' 6-max Seat #2 is the button
Seat 1: TheBraveGirl ($102.22 in chips) 
Seat 2: app1e_j@ck ($114.21 in chips) 
Seat 3: KolyoYKolev ($70.19 in chips) 
Seat 4: tintin641 ($138.92 in chips) 
Seat 5: blistein ($108 in chips) 
Seat 6: sta$igk ($451.82 in chips) 
KolyoYKolev: posts small blind $0.50
tintin641: posts big blind $1
*** HOLE CARDS ***
blistein: raises $1.20 to $2.20
sta$igk: raises $5.30 to $7.50
TheBraveGirl: folds 
app1e_j@ck: folds 
KolyoYKolev: folds 
tintin641: folds 
blistein: calls $5.30
*** FLOP *** [3c 2h 7c]
blistein: checks 
sta$igk: bets $11.76
blistein: folds 
Uncalled bet ($11.76) returned to sta$igk
sta$igk collected $15.68 from pot
sta$igk: doesn't show hand 
*** SUMMARY ***
Total pot $16.50 | Rake $0.82 
Board [3c 2h 7c]
Seat 1: TheBraveGirl folded before Flop (didn't bet)
Seat 2: app1e_j@ck (button) folded before Flop (didn't bet)
Seat 3: KolyoYKolev (small blind) folded before Flop
Seat 4: tintin641 (big blind) folded before Flop
Seat 5: blistein folded on the Flop
Seat 6: sta$igk collected ($15.68)



PokerStars Hand #254264727266:  Hold'em No Limit ($0.50/$1.00 USD) - 2025/01/08 18:18:23 WET [2025/01/08 13:18:23 ET]
Table 'Stobbe II' 6-max Seat #3 is the button
Seat 1: TheBraveGirl ($102.22 in chips) 
Seat 2: app1e_j@ck ($114.21 in chips) 
Seat 3: KolyoYKolev ($69.69 in chips) 
Seat 4: tintin641 ($137.92 in chips) 
Seat 5: blistein ($100.50 in chips) 
Seat 6: sta$igk ($460 in chips) 
tintin641: posts small blind $0.50
blistein: posts big blind $1
*** HOLE CARDS ***
sta$igk: raises $1.50 to $2.50
TheBraveGirl: folds 
app1e_j@ck: folds 
KolyoYKolev: folds 
tintin641: folds 
blistein: folds 
Uncalled bet ($1.50) returned to sta$igk
sta$igk collected $2.50 from pot
sta$igk: doesn't show hand 
*** SUMMARY ***
Total pot $2.50 | Rake $0 
Seat 1: TheBraveGirl folded before Flop (didn't bet)
Seat 2: app1e_j@ck folded before Flop (didn't bet)
Seat 3: KolyoYKolev (button) folded before Flop (didn't bet)
Seat 4: tintin641 (small blind) folded before Flop
Seat 5: blistein (big blind) folded before Flop
Seat 6: sta$igk collected ($2.50)



PokerStars Hand #254264733222:  Hold'em No Limit ($0.50/$1.00 USD) - 2025/01/08 18:18:43 WET [2025/01/08 13:18:43 ET]
Table 'Stobbe II' 6-max Seat #4 is the button
Seat 1: TheBraveGirl ($102.22 in chips) 
Seat 2: app1e_j@ck ($114.21 in chips) 
Seat 3: KolyoYKolev ($69.69 in chips) 
Seat 4: tintin641 ($137.42 in chips) 
Seat 5: blistein ($100 in chips) 
Seat 6: sta$igk ($461.50 in chips) 
blistein: posts small blind $0.50
sta$igk: posts big blind $1
*** HOLE CARDS ***
TheBraveGirl: folds 
app1e_j@ck: folds 
KolyoYKolev: calls $1
tintin641: folds 
blistein: calls $0.50
sta$igk: checks 
*** FLOP *** [3h 7h 8s]
blistein: checks 
sta$igk: checks 
KolyoYKolev: checks 
*** TURN *** [3h 7h 8s] [6d]
blistein: bets $4.49
sta$igk: calls $4.49
KolyoYKolev: folds 
*** RIVER *** [3h 7h 8s 6d] [Th]
blistein: bets $8.54
sta$igk: calls $8.54
*** SHOW DOWN ***
blistein: shows [Td 9d] (a straight, Six to Ten)
sta$igk: mucks hand 
blistein collected $27.61 from pot
*** SUMMARY ***
Total pot $29.06 | Rake $1.45 
Board [3h 7h 8s 6d Th]
Seat 1: TheBraveGirl folded before Flop (didn't bet)
Seat 2: app1e_j@ck folded before Flop (didn't bet)
Seat 3: KolyoYKolev folded on the Turn
Seat 4: tintin641 (button) folded before Flop (didn't bet)
Seat 5: blistein (small blind) showed [Td 9d] and won ($27.61) with a straight, Six to Ten
Seat 6: sta$igk (big blind) mucked



PokerStars Hand #254264761113:  Hold'em No Limit ($0.50/$1.00 USD) - 2025/01/08 18:20:17 WET [2025/01/08 13:20:17 ET]
Table 'Stobbe II' 6-max Seat #5 is the button
Seat 1: TheBraveGirl ($102.22 in chips) 
Seat 2: app1e_j@ck ($114.21 in chips) 
Seat 3: KolyoYKolev ($68.69 in chips) 
Seat 4: tintin641 ($137.42 in chips) 
Seat 5: blistein ($113.58 in chips) 
Seat 6: sta$igk ($447.47 in chips) 
sta$igk: posts small blind $0.50
TheBraveGirl: posts big blind $1
*** HOLE CARDS ***
app1e_j@ck: folds 
KolyoYKolev: calls $1
tintin641: folds 
blistein: raises $2.50 to $3.50
sta$igk: folds 
TheBraveGirl: calls $2.50
KolyoYKolev: calls $2.50
*** FLOP *** [Kc Ad Qd]
TheBraveGirl: checks 
KolyoYKolev: checks 
blistein: bets $2.61
TheBraveGirl: calls $2.61
KolyoYKolev: calls $2.61
*** TURN *** [Kc Ad Qd] [4c]
TheBraveGirl: checks 
KolyoYKolev: checks 
blistein: bets $11.99
TheBraveGirl: calls $11.99
KolyoYKolev: calls $11.99
*** RIVER *** [Kc Ad Qd 4c] [3c]
TheBraveGirl: checks 
KolyoYKolev: checks 
blistein: checks 
*** SHOW DOWN ***
TheBraveGirl: shows [Ac 6c] (a flush, Ace high)
KolyoYKolev: mucks hand 
blistein: mucks hand 
TheBraveGirl collected $52.30 from pot
*** SUMMARY ***
Total pot $54.80 | Rake $2.50 
Board [Kc Ad Qd 4c 3c]
Seat 1: TheBraveGirl (big blind) showed [Ac 6c] and won ($52.30) with a flush, Ace high
Seat 2: app1e_j@ck folded before Flop (didn't bet)
Seat 3: KolyoYKolev mucked
Seat 4: tintin641 folded before Flop (didn't bet)
Seat 5: blistein (button) mucked
Seat 6: sta$igk (small blind) folded before Flop



PokerStars Hand #254264783184:  Hold'em No Limit ($0.50/$1.00 USD) - 2025/01/08 18:21:31 WET [2025/01/08 13:21:31 ET]
Table 'Stobbe II' 6-max Seat #6 is the button
Seat 1: TheBraveGirl ($136.42 in chips) 
Seat 2: app1e_j@ck ($114.21 in chips) 
Seat 3: KolyoYKolev ($50.59 in chips) 
Seat 4: tintin641 ($137.42 in chips) 
Seat 5: blistein ($100 in chips) 
Seat 6: sta$igk ($446.97 in chips) 
TheBraveGirl: posts small blind $0.50
app1e_j@ck: posts big blind $1
*** HOLE CARDS ***
KolyoYKolev: calls $1
tintin641: folds 
blistein: folds 
sta$igk: folds 
TheBraveGirl: folds 
app1e_j@ck: checks 
*** FLOP *** [Tc 8c 7d]
app1e_j@ck: checks 
KolyoYKolev: checks 
*** TURN *** [Tc 8c 7d] [Qc]
app1e_j@ck: checks 
KolyoYKolev: checks 
*** RIVER *** [Tc 8c 7d Qc] [3d]
app1e_j@ck: checks 
KolyoYKolev: checks 
*** SHOW DOWN ***
app1e_j@ck: shows [8d 4c] (a pair of Eights)
KolyoYKolev: mucks hand 
app1e_j@ck collected $2.38 from pot
*** SUMMARY ***
Total pot $2.50 | Rake $0.12 
Board [Tc 8c 7d Qc 3d]
Seat 1: TheBraveGirl (small blind) folded before Flop
Seat 2: app1e_j@ck (big blind) showed [8d 4c] and won ($2.38) with a pair of Eights
Seat 3: KolyoYKolev mucked
Seat 4: tintin641 folded before Flop (didn't bet)
Seat 5: blistein folded before Flop (didn't bet)
Seat 6: sta$igk (button) folded before Flop (didn't bet)



PokerStars Hand #254264795116:  Hold'em No Limit ($0.50/$1.00 USD) - 2025/01/08 18:22:11 WET [2025/01/08 13:22:11 ET]
Table 'Stobbe II' 6-max Seat #1 is the button
Seat 1: TheBraveGirl ($135.92 in chips) 
Seat 2: app1e_j@ck ($115.59 in chips) 
Seat 3: KolyoYKolev ($49.59 in chips) 
Seat 4: tintin641 ($137.42 in chips) 
Seat 5: blistein ($100 in chips) 
Seat 6: sta$igk ($446.97 in chips) 
app1e_j@ck: posts small blind $0.50
KolyoYKolev: posts big blind $1
*** HOLE CARDS ***
tintin641: folds 
blistein: folds 
sta$igk: folds 
TheBraveGirl: folds 
app1e_j@ck: raises $2 to $3
KolyoYKolev: calls $2
*** FLOP *** [9c Js Tc]
app1e_j@ck: bets $4.28
KolyoYKolev: folds 
Uncalled bet ($4.28) returned to app1e_j@ck
app1e_j@ck collected $5.70 from pot
app1e_j@ck: doesn't show hand 
*** SUMMARY ***
Total pot $6 | Rake $0.30 
Board [9c Js Tc]
Seat 1: TheBraveGirl (button) folded before Flop (didn't bet)
Seat 2: app1e_j@ck (small blind) collected ($5.70)
Seat 3: KolyoYKolev (big blind) folded on the Flop
Seat 4: tintin641 folded before Flop (didn't bet)
Seat 5: blistein folded before Flop (didn't bet)
Seat 6: sta$igk folded before Flop (didn't bet)



PokerStars Hand #254264803191:  Hold'em No Limit ($0.50/$1.00 USD) - 2025/01/08 18:22:38 WET [2025/01/08 13:22:38 ET]
Table 'Stobbe II' 6-max Seat #2 is the button
Seat 1: TheBraveGirl ($135.92 in chips) 
Seat 2: app1e_j@ck ($118.29 in chips) 
Seat 3: KolyoYKolev ($46.59 in chips) 
Seat 4: tintin641 ($137.42 in chips) 
Seat 5: blistein ($100 in chips) 
Seat 6: sta$igk ($446.97 in chips) 
KolyoYKolev: posts small blind $0.50
tintin641: posts big blind $1
*** HOLE CARDS ***
blistein: folds 
sta$igk: folds 
TheBraveGirl: folds 
app1e_j@ck: raises $1.50 to $2.50
KolyoYKolev: folds 
tintin641: folds 
Uncalled bet ($1.50) returned to app1e_j@ck
KolyoYKolev leaves the table
app1e_j@ck collected $2.50 from pot
app1e_j@ck: doesn't show hand 
*** SUMMARY ***
Total pot $2.50 | Rake $0 
Seat 1: TheBraveGirl folded before Flop (didn't bet)
Seat 2: app1e_j@ck (button) collected ($2.50)
Seat 3: KolyoYKolev (small blind) folded before Flop
Seat 4: tintin641 (big blind) folded before Flop
Seat 5: blistein folded before Flop (didn't bet)
Seat 6: sta$igk folded before Flop (didn't bet)



PokerStars Hand #254264807709:  Hold'em No Limit ($0.50/$1.00 USD) - 2025/01/08 18:22:53 WET [2025/01/08 13:22:53 ET]
Table 'Stobbe II' 6-max Seat #4 is the button
Seat 6: sta$igk ($446.97 in chips) is sitting out
Seat 1: TheBraveGirl ($135.92 in chips) 
Seat 2: app1e_j@ck ($119.79 in chips) 
Seat 4: tintin641 ($136.42 in chips) 
Seat 5: blistein ($100 in chips) 
blistein: posts small blind $0.50
sta$igk: is sitting out 
TheBraveGirl: posts big blind $1
*** HOLE CARDS ***
Alpha$tunZ joins the table at seat #3 
app1e_j@ck: folds 
sta$igk leaves the table
tintin641: folds 
blistein: raises $2 to $3
TheBraveGirl: folds 
Uncalled bet ($2) returned to blistein
blistein collected $2 from pot
blistein: doesn't show hand 
*** SUMMARY ***
Total pot $2 | Rake $0 
Seat 6: sta$igk
Seat 1: TheBraveGirl (big blind) folded before Flop
Seat 2: app1e_j@ck folded before Flop (didn't bet)
Seat 4: tintin641 (button) folded before Flop (didn't bet)
Seat 5: blistein (small blind) collected ($2)



PokerStars Hand #254264373531:  Hold'em No Limit ($0.50/$1.00 USD) - 2025/01/08 17:56:57 WET [2025/01/08 12:56:57 ET]
Table 'Stobbe II' 6-max Seat #1 is the button
Seat 1: TheBraveGirl ($104.50 in chips) 
Seat 2: app1e_j@ck ($109.70 in chips) 
Seat 3: KolyoYKolev ($119.53 in chips) 
Seat 4: tintin641 ($100 in chips) 
Seat 5: blistein ($103.04 in chips) 
Seat 6: sta$igk ($326.62 in chips) 
app1e_j@ck: posts small blind $0.50
KolyoYKolev: posts big blind $1
*** HOLE CARDS ***
tintin641: folds 
blistein: raises $1.20 to $2.20
sta$igk: folds 
TheBraveGirl: folds 
app1e_j@ck: folds 
KolyoYKolev: folds 
Uncalled bet ($1.20) returned to blistein
blistein collected $2.50 from pot
blistein: doesn't show hand 
*** SUMMARY ***
Total pot $2.50 | Rake $0 
Seat 1: TheBraveGirl (button) folded before Flop (didn't bet)
Seat 2: app1e_j@ck (small blind) folded before Flop
Seat 3: KolyoYKolev (big blind) folded before Flop
Seat 4: tintin641 folded before Flop (didn't bet)
Seat 5: blistein collected ($2.50)
Seat 6: sta$igk folded before Flop (didn't bet)



PokerStars Hand #254264378114:  Hold'em No Limit ($0.50/$1.00 USD) - 2025/01/08 17:57:20 WET [2025/01/08 12:57:20 ET]
Table 'Stobbe II' 6-max Seat #2 is the button
Seat 1: TheBraveGirl ($104.50 in chips) 
Seat 2: app1e_j@ck ($109.20 in chips) 
Seat 3: KolyoYKolev ($118.53 in chips) 
Seat 4: tintin641 ($100 in chips) 
Seat 5: blistein ($104.54 in chips) 
Seat 6: sta$igk ($326.62 in chips) 
KolyoYKolev: posts small blind $0.50
tintin641: posts big blind $1
*** HOLE CARDS ***
blistein: folds 
sta$igk: folds 
TheBraveGirl: folds 
app1e_j@ck: raises $1.50 to $2.50
KolyoYKolev: folds 
tintin641: folds 
Uncalled bet ($1.50) returned to app1e_j@ck
app1e_j@ck collected $2.50 from pot
app1e_j@ck: doesn't show hand 
*** SUMMARY ***
Total pot $2.50 | Rake $0 
Seat 1: TheBraveGirl folded before Flop (didn't bet)
Seat 2: app1e_j@ck (button) collected ($2.50)
Seat 3: KolyoYKolev (small blind) folded before Flop
Seat 4: tintin641 (big blind) folded before Flop
Seat 5: blistein folded before Flop (didn't bet)
Seat 6: sta$igk folded before Flop (didn't bet)



PokerStars Hand #254264383442:  Hold'em No Limit ($0.50/$1.00 USD) - 2025/01/08 17:57:45 WET [2025/01/08 12:57:45 ET]
Table 'Stobbe II' 6-max Seat #3 is the button
Seat 1: TheBraveGirl ($104.50 in chips) 
Seat 2: app1e_j@ck ($110.70 in chips) 
Seat 3: KolyoYKolev ($118.03 in chips) 
Seat 4: tintin641 ($100 in chips) 
Seat 5: blistein ($104.54 in chips) 
Seat 6: sta$igk ($326.62 in chips) 
tintin641: posts small blind $0.50
blistein: posts big blind $1
*** HOLE CARDS ***
sta$igk: folds 
TheBraveGirl: folds 
app1e_j@ck: raises $1.50 to $2.50
KolyoYKolev: folds 
tintin641: folds 
blistein: folds 
Uncalled bet ($1.50) returned to app1e_j@ck
app1e_j@ck collected $2.50 from pot
app1e_j@ck: doesn't show hand 
*** SUMMARY ***
Total pot $2.50 | Rake $0 
Seat 1: TheBraveGirl folded before Flop (didn't bet)
Seat 2: app1e_j@ck collected ($2.50)
Seat 3: KolyoYKolev (button) folded before Flop (didn't bet)
Seat 4: tintin641 (small blind) folded before Flop
Seat 5: blistein (big blind) folded before Flop
Seat 6: sta$igk folded before Flop (didn't bet)



PokerStars Hand #254264386602:  Hold'em No Limit ($0.50/$1.00 USD) - 2025/01/08 17:58:01 WET [2025/01/08 12:58:01 ET]
Table 'Stobbe II' 6-max Seat #4 is the button
Seat 1: TheBraveGirl ($104.50 in chips) 
Seat 2: app1e_j@ck ($112.20 in chips) 
Seat 3: KolyoYKolev ($118.03 in chips) 
Seat 4: tintin641 ($100 in chips) 
Seat 5: blistein ($103.54 in chips) 
Seat 6: sta$igk ($326.62 in chips) 
blistein: posts small blind $0.50
sta$igk: posts big blind $1
*** HOLE CARDS ***
TheBraveGirl: folds 
app1e_j@ck: folds 
KolyoYKolev: folds 
tintin641: folds 
blistein: folds 
Uncalled bet ($0.50) returned to sta$igk
sta$igk collected $1 from pot
sta$igk: doesn't show hand 
*** SUMMARY ***
Total pot $1 | Rake $0 
Seat 1: TheBraveGirl folded before Flop (didn't bet)
Seat 2: app1e_j@ck folded before Flop (didn't bet)
Seat 3: KolyoYKolev folded before Flop (didn't bet)
Seat 4: tintin641 (button) folded before Flop (didn't bet)
Seat 5: blistein (small blind) folded before Flop
Seat 6: sta$igk (big blind) collected ($1)



PokerStars Hand #254264812732:  Hold'em No Limit ($0.50/$1.00 USD) - 2025/01/08 18:23:10 WET [2025/01/08 13:23:10 ET]
Table 'Stobbe II' 6-max Seat #5 is the button
Seat 2: app1e_j@ck ($119.79 in chips) is sitting out
Seat 1: TheBraveGirl ($134.92 in chips) 
Seat 3: Alpha$tunZ ($100 in chips) 
Seat 4: tintin641 ($136.42 in chips) 
Seat 5: blistein ($101 in chips) 
TheBraveGirl: posts small blind $0.50
app1e_j@ck: is sitting out 
Alpha$tunZ: posts big blind $1
*** HOLE CARDS ***
app1e_j@ck leaves the table
tintin641: folds 
rossieboy222 joins the table at seat #6 
rossieboy222 is disconnected 
blistein: folds 
TheBraveGirl: folds 
Uncalled bet ($0.50) returned to Alpha$tunZ
Alpha$tunZ collected $1 from pot
Alpha$tunZ: doesn't show hand 
*** SUMMARY ***
Total pot $1 | Rake $0 
Seat 2: app1e_j@ck
Seat 1: TheBraveGirl (small blind) folded before Flop
Seat 3: Alpha$tunZ (big blind) collected ($1)
Seat 4: tintin641 folded before Flop (didn't bet)
Seat 5: blistein (button) folded before Flop (didn't bet)



PokerStars Hand #254264816626:  Hold'em No Limit ($0.50/$1.00 USD) - 2025/01/08 18:23:24 WET [2025/01/08 13:23:24 ET]
Table 'Stobbe II' 6-max Seat #1 is the button
Seat 4: tintin641 ($136.42 in chips) is sitting out
Seat 5: blistein ($101 in chips) is sitting out
Seat 1: TheBraveGirl ($134.42 in chips) 
Seat 3: Alpha$tunZ ($100.50 in chips) 
Seat 6: rossieboy222 ($15.67 in chips) 
Alpha$tunZ: posts small blind $0.50
tintin641: is sitting out 
blistein: is sitting out 
rossieboy222: posts big blind $1
*** HOLE CARDS ***
tintin641 leaves the table
TheBraveGirl: folds 
blistein leaves the table
Alpha$tunZ: folds 
Uncalled bet ($0.50) returned to rossieboy222
rossieboy222 collected $1 from pot
*** SUMMARY ***
Total pot $1 | Rake $0 
Seat 4: tintin641
Seat 5: blistein
Seat 1: TheBraveGirl (button) folded before Flop (didn't bet)
Seat 3: Alpha$tunZ (small blind) folded before Flop
Seat 6: rossieboy222 (big blind) collected ($1)



