PokerStars Hand #254265788948:  Hold'em No Limit ($0.50/$1.00 USD) - 2025/01/08 19:18:31 WET [2025/01/08 14:18:31 ET]
Table 'Orestes III' 6-max Seat #1 is the button
Seat 4: Zvst ($26 in chips) is sitting out
Seat 1: MLGDan333 ($18.39 in chips) 
Seat 2: Gfoer ($100 in chips) 
Seat 3: NOTfishON ($100 in chips) 
Gfoer: posts small blind $0.50
NOTfishON: posts big blind $1
Zvst: sits out 
*** HOLE CARDS ***
MLGDan333: calls $1
Gfoer: folds 
MaRKiToScoK joins the table at seat #6 
NOTfishON: checks 
*** FLOP *** [5d 7h 2h]
NOTfishON: checks 
MaRKiToScoK leaves the table
MLGDan333: bets $17.39 and is all-in
JollyMac124 joins the table at seat #6 
Alinyr joins the table at seat #5 
NOTfishON has timed out
NOTfishON: folds 
Uncalled bet ($17.39) returned to MLGDan333
MLGDan333 collected $2.38 from pot
MLGDan333: doesn't show hand 
*** SUMMARY ***
Total pot $2.50 | Rake $0.12 
Board [5d 7h 2h]
Seat 4: Zvst
Seat 1: MLGDan333 (button) collected ($2.38)
Seat 2: Gfoer (small blind) folded before Flop
Seat 3: NOTfishON (big blind) folded on the Flop



PokerStars Hand #254265808096:  Hold'em No Limit ($0.50/$1.00 USD) - 2025/01/08 19:19:33 WET [2025/01/08 14:19:33 ET]
Table 'Orestes III' 6-max Seat #2 is the button
Seat 5: Alinyr ($100 in chips) is sitting out
Seat 1: MLGDan333 ($19.77 in chips) 
Seat 2: Gfoer ($100 in chips) 
Seat 3: NOTfishON ($100 in chips) 
Seat 4: Zvst ($26 in chips) 
Seat 6: JollyMac124 ($100 in chips) 
NOTfishON: posts small blind $0.50
Zvst: posts big blind $1
Alinyr: sits out 
JollyMac124: posts big blind $1
*** HOLE CARDS ***
JollyMac124: checks 
MLGDan333: raises $1 to $2
Gfoer: folds 
NOTfishON: folds 
Zvst: folds 
JollyMac124: calls $1
*** FLOP *** [Tc 4c Th]
JollyMac124: checks 
MLGDan333: bets $5.22
JollyMac124: folds 
Uncalled bet ($5.22) returned to MLGDan333
MLGDan333 collected $5.22 from pot
MLGDan333: doesn't show hand 
*** SUMMARY ***
Total pot $5.50 | Rake $0.28 
Board [Tc 4c Th]
Seat 5: Alinyr
Seat 1: MLGDan333 collected ($5.22)
Seat 2: Gfoer (button) folded before Flop (didn't bet)
Seat 3: NOTfishON (small blind) folded before Flop
Seat 4: Zvst (big blind) folded before Flop
Seat 6: JollyMac124 folded on the Flop



PokerStars Hand #254265817830:  Hold'em No Limit ($0.50/$1.00 USD) - 2025/01/08 19:20:05 WET [2025/01/08 14:20:05 ET]
Table 'Orestes III' 6-max Seat #3 is the button
Seat 1: MLGDan333 ($22.99 in chips) 
Seat 2: Gfoer ($100 in chips) 
Seat 3: NOTfishON ($100 in chips) 
Seat 4: Zvst ($26 in chips) 
Seat 5: Alinyr ($100 in chips) 
Seat 6: JollyMac124 ($98 in chips) 
Zvst: posts small blind $0.50
Alinyr: posts big blind $1
*** HOLE CARDS ***
JollyMac124: raises $1 to $2
MLGDan333: folds 
Gfoer: folds 
NOTfishON: folds 
Zvst: folds 
Alinyr: folds 
Uncalled bet ($1) returned to JollyMac124
JollyMac124 collected $2.50 from pot
*** SUMMARY ***
Total pot $2.50 | Rake $0 
Seat 1: MLGDan333 folded before Flop (didn't bet)
Seat 2: Gfoer folded before Flop (didn't bet)
Seat 3: NOTfishON (button) folded before Flop (didn't bet)
Seat 4: Zvst (small blind) folded before Flop
Seat 5: Alinyr (big blind) folded before Flop
Seat 6: JollyMac124 collected ($2.50)



PokerStars Hand #254265821723:  Hold'em No Limit ($0.50/$1.00 USD) - 2025/01/08 19:20:18 WET [2025/01/08 14:20:18 ET]
Table 'Orestes III' 6-max Seat #4 is the button
Seat 1: MLGDan333 ($22.99 in chips) 
Seat 2: Gfoer ($100 in chips) 
Seat 3: NOTfishON ($100 in chips) 
Seat 4: Zvst ($26 in chips) 
Seat 5: Alinyr ($100 in chips) 
Seat 6: JollyMac124 ($99.50 in chips) 
Alinyr: posts small blind $0.50
JollyMac124: posts big blind $1
*** HOLE CARDS ***
MLGDan333: raises $2.50 to $3.50
Gfoer: folds 
NOTfishON: raises $7.80 to $11.30
Zvst: folds 
Alinyr: folds 
JollyMac124: folds 
MLGDan333: calls $7.80
*** FLOP *** [Ts 9s 4s]
MLGDan333: bets $11.69 and is all-in
NOTfishON: calls $11.69
*** FIRST TURN *** [Ts 9s 4s] [Qd]
*** FIRST RIVER *** [Ts 9s 4s Qd] [9c]
*** SECOND TURN *** [Ts 9s 4s] [Jh]
*** SECOND RIVER *** [Ts 9s 4s Jh] [5d]
*** FIRST SHOW DOWN ***
MLGDan333: shows [Ac Js] (a pair of Nines)
NOTfishON: shows [8c 8h] (two pair, Nines and Eights)
NOTfishON collected $22.56 from pot
*** SECOND SHOW DOWN ***
MLGDan333: shows [Ac Js] (a pair of Jacks)
NOTfishON: shows [8c 8h] (a pair of Eights)
MLGDan333 collected $22.55 from pot
*** SUMMARY ***
Total pot $47.48 | Rake $2.37 
Hand was run twice
FIRST Board [Ts 9s 4s Qd 9c]
SECOND Board [Ts 9s 4s Jh 5d]
Seat 1: MLGDan333 showed [Ac Js] and lost with a pair of Nines, and won ($22.55) with a pair of Jacks
Seat 2: Gfoer folded before Flop (didn't bet)
Seat 3: NOTfishON showed [8c 8h] and won ($22.56) with two pair, Nines and Eights, and lost with a pair of Eights
Seat 4: Zvst (button) folded before Flop (didn't bet)
Seat 5: Alinyr (small blind) folded before Flop
Seat 6: JollyMac124 (big blind) folded before Flop



PokerStars Hand #254265833577:  Hold'em No Limit ($0.50/$1.00 USD) - 2025/01/08 19:20:57 WET [2025/01/08 14:20:57 ET]
Table 'Orestes III' 6-max Seat #5 is the button
Seat 1: MLGDan333 ($22.55 in chips) 
Seat 2: Gfoer ($100 in chips) 
Seat 3: NOTfishON ($100 in chips) 
Seat 4: Zvst ($26 in chips) 
Seat 5: Alinyr ($100 in chips) 
Seat 6: JollyMac124 ($98.50 in chips) 
JollyMac124: posts small blind $0.50
MLGDan333: posts big blind $1
*** HOLE CARDS ***
Gfoer: folds 
NOTfishON: raises $1.10 to $2.10
Zvst: folds 
Alinyr: folds 
JollyMac124: folds 
MLGDan333: folds 
Uncalled bet ($1.10) returned to NOTfishON
NOTfishON collected $2.50 from pot
*** SUMMARY ***
Total pot $2.50 | Rake $0 
Seat 1: MLGDan333 (big blind) folded before Flop
Seat 2: Gfoer folded before Flop (didn't bet)
Seat 3: NOTfishON collected ($2.50)
Seat 4: Zvst folded before Flop (didn't bet)
Seat 5: Alinyr (button) folded before Flop (didn't bet)
Seat 6: JollyMac124 (small blind) folded before Flop



PokerStars Hand #254265840079:  Hold'em No Limit ($0.50/$1.00 USD) - 2025/01/08 19:21:19 WET [2025/01/08 14:21:19 ET]
Table 'Orestes III' 6-max Seat #6 is the button
Seat 1: MLGDan333 ($21.55 in chips) 
Seat 2: Gfoer ($100 in chips) 
Seat 3: NOTfishON ($101.50 in chips) 
Seat 4: Zvst ($26 in chips) 
Seat 5: Alinyr ($100 in chips) 
Seat 6: JollyMac124 ($98 in chips) 
MLGDan333: posts small blind $0.50
Gfoer: posts big blind $1
*** HOLE CARDS ***
NOTfishON: folds 
Zvst: folds 
Alinyr: raises $1.28 to $2.28
JollyMac124: folds 
MLGDan333: raises $5.56 to $7.84
Gfoer: folds 
Alinyr: raises $92.16 to $100 and is all-in
MLGDan333: calls $13.71 and is all-in
Uncalled bet ($78.45) returned to Alinyr
*** FIRST FLOP *** [Th 5h 2s]
*** FIRST TURN *** [Th 5h 2s] [8s]
*** FIRST RIVER *** [Th 5h 2s 8s] [7d]
*** SECOND FLOP *** [2h 6d Qd]
*** SECOND TURN *** [2h 6d Qd] [4h]
*** SECOND RIVER *** [2h 6d Qd 4h] [5c]
*** FIRST SHOW DOWN ***
MLGDan333: shows [Ad Js] (high card Ace)
Alinyr: shows [Ac Jh] (high card Ace)
MLGDan333 collected $10.48 from pot
Alinyr collected $10.47 from pot
*** SECOND SHOW DOWN ***
MLGDan333: shows [Ad Js] (high card Ace)
Alinyr: shows [Ac Jh] (high card Ace)
MLGDan333 collected $10.48 from pot
Alinyr collected $10.47 from pot
*** SUMMARY ***
Total pot $44.10 | Rake $2.20 
Hand was run twice
FIRST Board [Th 5h 2s 8s 7d]
SECOND Board [2h 6d Qd 4h 5c]
Seat 1: MLGDan333 (small blind) showed [Ad Js] and won ($10.48) with high card Ace, and won ($10.48) with high card Ace
Seat 2: Gfoer (big blind) folded before Flop
Seat 3: NOTfishON folded before Flop (didn't bet)
Seat 4: Zvst folded before Flop (didn't bet)
Seat 5: Alinyr showed [Ac Jh] and won ($10.47) with high card Ace, and won ($10.47) with high card Ace
Seat 6: JollyMac124 (button) folded before Flop (didn't bet)



PokerStars Hand #254265849739:  Hold'em No Limit ($0.50/$1.00 USD) - 2025/01/08 19:21:51 WET [2025/01/08 14:21:51 ET]
Table 'Orestes III' 6-max Seat #1 is the button
Seat 1: MLGDan333 ($20.96 in chips) 
Seat 2: Gfoer ($100 in chips) 
Seat 3: NOTfishON ($101.50 in chips) 
Seat 4: Zvst ($26 in chips) 
Seat 5: Alinyr ($100 in chips) 
Seat 6: JollyMac124 ($98 in chips) 
Gfoer: posts small blind $0.50
NOTfishON: posts big blind $1
*** HOLE CARDS ***
Zvst: folds 
Alinyr: folds 
JollyMac124: folds 
MLGDan333: folds 
Gfoer: folds 
Uncalled bet ($0.50) returned to NOTfishON
NOTfishON collected $1 from pot
*** SUMMARY ***
Total pot $1 | Rake $0 
Seat 1: MLGDan333 (button) folded before Flop (didn't bet)
Seat 2: Gfoer (small blind) folded before Flop
Seat 3: NOTfishON (big blind) collected ($1)
Seat 4: Zvst folded before Flop (didn't bet)
Seat 5: Alinyr folded before Flop (didn't bet)
Seat 6: JollyMac124 folded before Flop (didn't bet)



PokerStars Hand #254265853157:  Hold'em No Limit ($0.50/$1.00 USD) - 2025/01/08 19:22:02 WET [2025/01/08 14:22:02 ET]
Table 'Orestes III' 6-max Seat #2 is the button
Seat 1: MLGDan333 ($20.96 in chips) 
Seat 2: Gfoer ($100 in chips) 
Seat 3: NOTfishON ($102 in chips) 
Seat 4: Zvst ($26 in chips) 
Seat 5: Alinyr ($100 in chips) 
Seat 6: JollyMac124 ($98 in chips) 
NOTfishON: posts small blind $0.50
Zvst: posts big blind $1
*** HOLE CARDS ***
Alinyr: folds 
JollyMac124: raises $2 to $3
MLGDan333: calls $3
Gfoer: folds 
NOTfishON: raises $13 to $16
Zvst: folds 
JollyMac124: folds 
MLGDan333: folds 
Uncalled bet ($13) returned to NOTfishON
NOTfishON collected $10 from pot
*** SUMMARY ***
Total pot $10 | Rake $0 
Seat 1: MLGDan333 folded before Flop
Seat 2: Gfoer (button) folded before Flop (didn't bet)
Seat 3: NOTfishON (small blind) collected ($10)
Seat 4: Zvst (big blind) folded before Flop
Seat 5: Alinyr folded before Flop (didn't bet)
Seat 6: JollyMac124 folded before Flop



PokerStars Hand #254265863431:  Hold'em No Limit ($0.50/$1.00 USD) - 2025/01/08 19:22:36 WET [2025/01/08 14:22:36 ET]
Table 'Orestes III' 6-max Seat #3 is the button
Seat 1: MLGDan333 ($17.96 in chips) 
Seat 2: Gfoer ($100 in chips) 
Seat 3: NOTfishON ($109 in chips) 
Seat 4: Zvst ($26 in chips) 
Seat 5: Alinyr ($100 in chips) 
Seat 6: JollyMac124 ($95 in chips) 
Zvst: posts small blind $0.50
Alinyr: posts big blind $1
*** HOLE CARDS ***
JollyMac124: folds 
MLGDan333: folds 
Gfoer: folds 
NOTfishON: raises $1.50 to $2.50
Zvst: folds 
Alinyr: folds 
Uncalled bet ($1.50) returned to NOTfishON
NOTfishON collected $2.50 from pot
*** SUMMARY ***
Total pot $2.50 | Rake $0 
Seat 1: MLGDan333 folded before Flop (didn't bet)
Seat 2: Gfoer folded before Flop (didn't bet)
Seat 3: NOTfishON (button) collected ($2.50)
Seat 4: Zvst (small blind) folded before Flop
Seat 5: Alinyr (big blind) folded before Flop
Seat 6: JollyMac124 folded before Flop (didn't bet)



PokerStars Hand #254265877824:  Hold'em No Limit ($0.50/$1.00 USD) - 2025/01/08 19:23:24 WET [2025/01/08 14:23:24 ET]
Table 'Orestes III' 6-max Seat #4 is the button
Seat 1: MLGDan333 ($17.96 in chips) 
Seat 2: Gfoer ($100 in chips) 
Seat 3: NOTfishON ($110.50 in chips) 
Seat 4: Zvst ($26 in chips) 
Seat 5: Alinyr ($100 in chips) 
Seat 6: JollyMac124 ($95 in chips) 
Alinyr: posts small blind $0.50
JollyMac124: posts big blind $1
*** HOLE CARDS ***
MLGDan333: raises $2.50 to $3.50
Gfoer: folds 
NOTfishON: folds 
Zvst: folds 
Alinyr: folds 
JollyMac124: folds 
Uncalled bet ($2.50) returned to MLGDan333
MLGDan333 collected $2.50 from pot
MLGDan333: doesn't show hand 
*** SUMMARY ***
Total pot $2.50 | Rake $0 
Seat 1: MLGDan333 collected ($2.50)
Seat 2: Gfoer folded before Flop (didn't bet)
Seat 3: NOTfishON folded before Flop (didn't bet)
Seat 4: Zvst (button) folded before Flop (didn't bet)
Seat 5: Alinyr (small blind) folded before Flop
Seat 6: JollyMac124 (big blind) folded before Flop



PokerStars Hand #254265884282:  Hold'em No Limit ($0.50/$1.00 USD) - 2025/01/08 19:23:45 WET [2025/01/08 14:23:45 ET]
Table 'Orestes III' 6-max Seat #5 is the button
Seat 1: MLGDan333 ($19.46 in chips) 
Seat 2: Gfoer ($100 in chips) 
Seat 3: NOTfishON ($110.50 in chips) 
Seat 4: Zvst ($26 in chips) 
Seat 5: Alinyr ($100 in chips) 
Seat 6: JollyMac124 ($94 in chips) 
JollyMac124: posts small blind $0.50
MLGDan333: posts big blind $1
*** HOLE CARDS ***
Gfoer: folds 
NOTfishON: folds 
Zvst: folds 
Alinyr: raises $1.50 to $2.50
JollyMac124: folds 
MLGDan333: raises $16.96 to $19.46 and is all-in
Alinyr: calls $16.96
*** FIRST FLOP *** [Kd Kc 9s]
*** FIRST TURN *** [Kd Kc 9s] [8d]
*** FIRST RIVER *** [Kd Kc 9s 8d] [6c]
*** SECOND FLOP *** [9d 6d 8h]
*** SECOND TURN *** [9d 6d 8h] [Jh]
*** SECOND RIVER *** [9d 6d 8h Jh] [4c]
*** FIRST SHOW DOWN ***
MLGDan333: shows [Th Td] (two pair, Kings and Tens)
Alinyr: shows [3c Ac] (a pair of Kings)
MLGDan333 collected $18.73 from pot
*** SECOND SHOW DOWN ***
MLGDan333: shows [Th Td] (a pair of Tens)
Alinyr: shows [3c Ac] (high card Ace)
MLGDan333 collected $18.72 from pot
*** SUMMARY ***
Total pot $39.42 | Rake $1.97 
Hand was run twice
FIRST Board [Kd Kc 9s 8d 6c]
SECOND Board [9d 6d 8h Jh 4c]
Seat 1: MLGDan333 (big blind) showed [Th Td] and won ($18.73) with two pair, Kings and Tens, and won ($18.72) with a pair of Tens
Seat 2: Gfoer folded before Flop (didn't bet)
Seat 3: NOTfishON folded before Flop (didn't bet)
Seat 4: Zvst folded before Flop (didn't bet)
Seat 5: Alinyr (button) showed [3c Ac] and lost with a pair of Kings, and lost with high card Ace
Seat 6: JollyMac124 (small blind) folded before Flop



PokerStars Hand #254265897440:  Hold'em No Limit ($0.50/$1.00 USD) - 2025/01/08 19:24:28 WET [2025/01/08 14:24:28 ET]
Table 'Orestes III' 6-max Seat #6 is the button
Seat 1: MLGDan333 ($37.45 in chips) 
Seat 2: Gfoer ($100 in chips) 
Seat 3: NOTfishON ($110.50 in chips) 
Seat 4: Zvst ($26 in chips) 
Seat 5: Alinyr ($100 in chips) 
Seat 6: JollyMac124 ($93.50 in chips) 
MLGDan333: posts small blind $0.50
Gfoer: posts big blind $1
*** HOLE CARDS ***
NOTfishON: raises $1.10 to $2.10
Zvst: folds 
Alinyr: calls $2.10
JollyMac124: folds 
MLGDan333: calls $1.60
Gfoer: folds 
*** FLOP *** [2c 9s Jh]
MLGDan333: bets $35.35 and is all-in
NOTfishON: folds 
Alinyr: folds 
Uncalled bet ($35.35) returned to MLGDan333
MLGDan333 collected $6.94 from pot
MLGDan333: doesn't show hand 
*** SUMMARY ***
Total pot $7.30 | Rake $0.36 
Board [2c 9s Jh]
Seat 1: MLGDan333 (small blind) collected ($6.94)
Seat 2: Gfoer (big blind) folded before Flop
Seat 3: NOTfishON folded on the Flop
Seat 4: Zvst folded before Flop (didn't bet)
Seat 5: Alinyr folded on the Flop
Seat 6: JollyMac124 (button) folded before Flop (didn't bet)



PokerStars Hand #254265907358:  Hold'em No Limit ($0.50/$1.00 USD) - 2025/01/08 19:25:01 WET [2025/01/08 14:25:01 ET]
Table 'Orestes III' 6-max Seat #1 is the button
Seat 3: NOTfishON ($108.40 in chips) is sitting out
Seat 1: MLGDan333 ($42.29 in chips) 
Seat 2: Gfoer ($100 in chips) 
Seat 4: Zvst ($38 in chips) 
Seat 5: Alinyr ($100 in chips) 
Seat 6: JollyMac124 ($93.50 in chips) 
Gfoer: posts small blind $0.50
NOTfishON: is sitting out 
Zvst: posts big blind $1
*** HOLE CARDS ***
Alinyr: raises $1.05 to $2.05
JollyMac124: folds 
MLGDan333: calls $2.05
Gfoer: folds 
Zvst: folds 
*** FLOP *** [Js 2s Ts]
Alinyr: checks 
MLGDan333: checks 
*** TURN *** [Js 2s Ts] [Ac]
Alinyr: bets $2.71
MLGDan333: folds 
Uncalled bet ($2.71) returned to Alinyr
Alinyr collected $5.32 from pot
Alinyr: doesn't show hand 
*** SUMMARY ***
Total pot $5.60 | Rake $0.28 
Board [Js 2s Ts Ac]
Seat 3: NOTfishON
Seat 1: MLGDan333 (button) folded on the Turn
Seat 2: Gfoer (small blind) folded before Flop
Seat 4: Zvst (big blind) folded before Flop
Seat 5: Alinyr collected ($5.32)
Seat 6: JollyMac124 folded before Flop (didn't bet)



PokerStars Hand #254265914780:  Hold'em No Limit ($0.50/$1.00 USD) - 2025/01/08 19:25:26 WET [2025/01/08 14:25:26 ET]
Table 'Orestes III' 6-max Seat #2 is the button
Seat 3: NOTfishON ($108.40 in chips) is sitting out
Seat 1: MLGDan333 ($40.24 in chips) 
Seat 2: Gfoer ($100 in chips) 
Seat 4: Zvst ($37 in chips) 
Seat 5: Alinyr ($103.27 in chips) 
Seat 6: JollyMac124 ($93.50 in chips) 
Zvst: posts small blind $0.50
Alinyr: posts big blind $1
*** HOLE CARDS ***
JollyMac124: folds 
MLGDan333: calls $1
Gfoer: folds 
Zvst: folds 
Alinyr: checks 
*** FLOP *** [Th 3h Jh]
Alinyr: checks 
MLGDan333: checks 
*** TURN *** [Th 3h Jh] [Ah]
Alinyr: checks 
MLGDan333: checks 
*** RIVER *** [Th 3h Jh Ah] [9d]
Alinyr: checks 
MLGDan333: checks 
*** SHOW DOWN ***
Alinyr: shows [7h 9c] (a flush, Ace high)
MLGDan333: mucks hand 
Alinyr collected $2.38 from pot
*** SUMMARY ***
Total pot $2.50 | Rake $0.12 
Board [Th 3h Jh Ah 9d]
Seat 3: NOTfishON
Seat 1: MLGDan333 mucked
Seat 2: Gfoer (button) folded before Flop (didn't bet)
Seat 4: Zvst (small blind) folded before Flop
Seat 5: Alinyr (big blind) showed [7h 9c] and won ($2.38) with a flush, Ace high
Seat 6: JollyMac124 folded before Flop (didn't bet)



PokerStars Hand #254265922874:  Hold'em No Limit ($0.50/$1.00 USD) - 2025/01/08 19:25:52 WET [2025/01/08 14:25:52 ET]
Table 'Orestes III' 6-max Seat #4 is the button
Seat 3: NOTfishON ($108.40 in chips) is sitting out
Seat 1: MLGDan333 ($39.24 in chips) 
Seat 2: Gfoer ($100 in chips) 
Seat 4: Zvst ($36.50 in chips) 
Seat 5: Alinyr ($104.65 in chips) 
Seat 6: JollyMac124 ($93.50 in chips) 
Alinyr: posts small blind $0.50
JollyMac124: posts big blind $1
*** HOLE CARDS ***
MLGDan333: calls $1
Gfoer: folds 
Zvst: folds 
Alinyr: folds 
JollyMac124: checks 
*** FLOP *** [Js Qh 2s]
JollyMac124: checks 
MLGDan333: checks 
*** TURN *** [Js Qh 2s] [3c]
JollyMac124: checks 
MLGDan333: checks 
*** RIVER *** [Js Qh 2s 3c] [Jh]
JollyMac124: checks 
MLGDan333: checks 
*** SHOW DOWN ***
JollyMac124: shows [4d Kd] (a pair of Jacks)
MLGDan333: shows [Ac 5s] (a pair of Jacks - Ace kicker)
MLGDan333 collected $2.38 from pot
*** SUMMARY ***
Total pot $2.50 | Rake $0.12 
Board [Js Qh 2s 3c Jh]
Seat 3: NOTfishON
Seat 1: MLGDan333 showed [Ac 5s] and won ($2.38) with a pair of Jacks
Seat 2: Gfoer folded before Flop (didn't bet)
Seat 4: Zvst (button) folded before Flop (didn't bet)
Seat 5: Alinyr (small blind) folded before Flop
Seat 6: JollyMac124 (big blind) showed [4d Kd] and lost with a pair of Jacks



PokerStars Hand #254265934556:  Hold'em No Limit ($0.50/$1.00 USD) - 2025/01/08 19:26:31 WET [2025/01/08 14:26:31 ET]
Table 'Orestes III' 6-max Seat #5 is the button
Seat 3: NOTfishON ($108.40 in chips) is sitting out
Seat 1: MLGDan333 ($40.62 in chips) 
Seat 2: Gfoer ($100 in chips) 
Seat 4: Zvst ($36.50 in chips) 
Seat 5: Alinyr ($104.15 in chips) 
Seat 6: JollyMac124 ($92.50 in chips) 
JollyMac124: posts small blind $0.50
MLGDan333: posts big blind $1
*** HOLE CARDS ***
Gfoer: folds 
Zvst: folds 
Alinyr: folds 
JollyMac124: raises $1 to $2
MLGDan333: calls $1
*** FLOP *** [2s Ts 7s]
JollyMac124: bets $1.90
MLGDan333: folds 
Uncalled bet ($1.90) returned to JollyMac124
JollyMac124 collected $3.80 from pot
*** SUMMARY ***
Total pot $4 | Rake $0.20 
Board [2s Ts 7s]
Seat 3: NOTfishON
Seat 1: MLGDan333 (big blind) folded on the Flop
Seat 2: Gfoer folded before Flop (didn't bet)
Seat 4: Zvst folded before Flop (didn't bet)
Seat 5: Alinyr (button) folded before Flop (didn't bet)
Seat 6: JollyMac124 (small blind) collected ($3.80)



PokerStars Hand #254265940354:  Hold'em No Limit ($0.50/$1.00 USD) - 2025/01/08 19:26:51 WET [2025/01/08 14:26:51 ET]
Table 'Orestes III' 6-max Seat #6 is the button
Seat 3: NOTfishON ($108.40 in chips) is sitting out
Seat 1: MLGDan333 ($38.62 in chips) 
Seat 2: Gfoer ($100 in chips) 
Seat 4: Zvst ($36.50 in chips) 
Seat 5: Alinyr ($104.15 in chips) 
Seat 6: JollyMac124 ($94.30 in chips) 
MLGDan333: posts small blind $0.50
Gfoer: posts big blind $1
*** HOLE CARDS ***
Zvst: folds 
Alinyr: raises $1.28 to $2.28
JollyMac124: folds 
MLGDan333: calls $1.78
Gfoer: calls $1.28
*** FLOP *** [7c Kc Ah]
MLGDan333: bets $6.50
Gfoer: folds 
Alinyr: calls $6.50
*** TURN *** [7c Kc Ah] [2h]
MLGDan333: bets $29.84 and is all-in
Alinyr: folds 
Uncalled bet ($29.84) returned to MLGDan333
MLGDan333 collected $18.85 from pot
MLGDan333: doesn't show hand 
*** SUMMARY ***
Total pot $19.84 | Rake $0.99 
Board [7c Kc Ah 2h]
Seat 3: NOTfishON
Seat 1: MLGDan333 (small blind) collected ($18.85)
Seat 2: Gfoer (big blind) folded on the Flop
Seat 4: Zvst folded before Flop (didn't bet)
Seat 5: Alinyr folded on the Turn
Seat 6: JollyMac124 (button) folded before Flop (didn't bet)



PokerStars Hand #254265957679:  Hold'em No Limit ($0.50/$1.00 USD) - 2025/01/08 19:27:47 WET [2025/01/08 14:27:47 ET]
Table 'Orestes III' 6-max Seat #1 is the button
Seat 3: NOTfishON ($108.40 in chips) is sitting out
Seat 1: MLGDan333 ($48.69 in chips) 
Seat 2: Gfoer ($100 in chips) 
Seat 4: Zvst ($36.50 in chips) 
Seat 5: Alinyr ($100 in chips) 
Seat 6: JollyMac124 ($94.30 in chips) 
Gfoer: posts small blind $0.50
Zvst: posts big blind $1
*** HOLE CARDS ***
Alinyr: folds 
JollyMac124: folds 
MLGDan333: folds 
Gfoer: raises $1.50 to $2.50
Zvst: calls $1.50
*** FLOP *** [5c 9d Jd]
Gfoer: checks 
Zvst: bets $4.17
Gfoer: folds 
Uncalled bet ($4.17) returned to Zvst
Zvst collected $4.75 from pot
Zvst: doesn't show hand 
*** SUMMARY ***
Total pot $5 | Rake $0.25 
Board [5c 9d Jd]
Seat 3: NOTfishON
Seat 1: MLGDan333 (button) folded before Flop (didn't bet)
Seat 2: Gfoer (small blind) folded on the Flop
Seat 4: Zvst (big blind) collected ($4.75)
Seat 5: Alinyr folded before Flop (didn't bet)
Seat 6: JollyMac124 folded before Flop (didn't bet)



PokerStars Hand #254265969744:  Hold'em No Limit ($0.50/$1.00 USD) - 2025/01/08 19:28:27 WET [2025/01/08 14:28:27 ET]
Table 'Orestes III' 6-max Seat #2 is the button
Seat 3: NOTfishON ($108.40 in chips) is sitting out
Seat 1: MLGDan333 ($48.69 in chips) 
Seat 2: Gfoer ($100 in chips) 
Seat 4: Zvst ($38.75 in chips) 
Seat 5: Alinyr ($100 in chips) 
Seat 6: JollyMac124 ($94.30 in chips) 
Zvst: posts small blind $0.50
Alinyr: posts big blind $1
*** HOLE CARDS ***
JollyMac124: folds 
MLGDan333: raises $2.50 to $3.50
Gfoer: folds 
Zvst: folds 
Alinyr: raises $11.50 to $15
MLGDan333: calls $11.50
*** FLOP *** [7d 2h 6c]
Alinyr: bets $9.56
MLGDan333: calls $9.56
*** TURN *** [7d 2h 6c] [Qc]
Alinyr: checks 
MLGDan333: checks 
*** RIVER *** [7d 2h 6c Qc] [5s]
Alinyr: bets $75.44 and is all-in
MLGDan333: folds 
Uncalled bet ($75.44) returned to Alinyr
Alinyr collected $47.14 from pot
Alinyr: doesn't show hand 
*** SUMMARY ***
Total pot $49.62 | Rake $2.48 
Board [7d 2h 6c Qc 5s]
Seat 3: NOTfishON
Seat 1: MLGDan333 folded on the River
Seat 2: Gfoer (button) folded before Flop (didn't bet)
Seat 4: Zvst (small blind) folded before Flop
Seat 5: Alinyr (big blind) collected ($47.14)
Seat 6: JollyMac124 folded before Flop (didn't bet)



PokerStars Hand #254265983607:  Hold'em No Limit ($0.50/$1.00 USD) - 2025/01/08 19:29:13 WET [2025/01/08 14:29:13 ET]
Table 'Orestes III' 6-max Seat #4 is the button
Seat 3: NOTfishON ($108.40 in chips) is sitting out
Seat 1: MLGDan333 ($24.13 in chips) 
Seat 2: Gfoer ($100 in chips) 
Seat 4: Zvst ($99.50 in chips) 
Seat 5: Alinyr ($122.58 in chips) 
Seat 6: JollyMac124 ($94.30 in chips) 
Alinyr: posts small blind $0.50
JollyMac124: posts big blind $1
*** HOLE CARDS ***
MLGDan333: folds 
Gfoer: raises $1.20 to $2.20
Zvst: folds 
Alinyr: folds 
JollyMac124: calls $1.20
*** FLOP *** [Jd 9h 3s]
JollyMac124: checks 
Gfoer: checks 
*** TURN *** [Jd 9h 3s] [Qs]
JollyMac124: bets $2.33
Gfoer: folds 
Uncalled bet ($2.33) returned to JollyMac124
JollyMac124 collected $4.66 from pot
*** SUMMARY ***
Total pot $4.90 | Rake $0.24 
Board [Jd 9h 3s Qs]
Seat 3: NOTfishON
Seat 1: MLGDan333 folded before Flop (didn't bet)
Seat 2: Gfoer folded on the Turn
Seat 4: Zvst (button) folded before Flop (didn't bet)
Seat 5: Alinyr (small blind) folded before Flop
Seat 6: JollyMac124 (big blind) collected ($4.66)



PokerStars Hand #254265993603:  Hold'em No Limit ($0.50/$1.00 USD) - 2025/01/08 19:29:46 WET [2025/01/08 14:29:46 ET]
Table 'Orestes III' 6-max Seat #5 is the button
Seat 3: NOTfishON ($108.40 in chips) is sitting out
Seat 1: MLGDan333 ($24.13 in chips) 
Seat 2: Gfoer ($100 in chips) 
Seat 4: Zvst ($99.50 in chips) 
Seat 5: Alinyr ($122.08 in chips) 
Seat 6: JollyMac124 ($96.76 in chips) 
JollyMac124: posts small blind $0.50
MLGDan333: posts big blind $1
*** HOLE CARDS ***
Gfoer: folds 
Zvst: folds 
Alinyr: raises $1.50 to $2.50
JollyMac124: calls $2
MLGDan333: folds 
*** FLOP *** [7s 2s Tc]
JollyMac124: checks 
Alinyr: bets $1.88
JollyMac124: calls $1.88
*** TURN *** [7s 2s Tc] [3h]
JollyMac124: checks 
Alinyr: bets $9.36
JollyMac124: calls $9.36
*** RIVER *** [7s 2s Tc 3h] [5h]
JollyMac124: checks 
Alinyr: bets $27.33
JollyMac124: calls $27.33
*** SHOW DOWN ***
Alinyr: shows [Ad Th] (a pair of Tens)
JollyMac124: mucks hand 
Alinyr collected $80.64 from pot
*** SUMMARY ***
Total pot $83.14 | Rake $2.50 
Board [7s 2s Tc 3h 5h]
Seat 3: NOTfishON
Seat 1: MLGDan333 (big blind) folded before Flop
Seat 2: Gfoer folded before Flop (didn't bet)
Seat 4: Zvst folded before Flop (didn't bet)
Seat 5: Alinyr (button) showed [Ad Th] and won ($80.64) with a pair of Tens
Seat 6: JollyMac124 (small blind) mucked



PokerStars Hand #254266019178:  Hold'em No Limit ($0.50/$1.00 USD) - 2025/01/08 19:31:09 WET [2025/01/08 14:31:09 ET]
Table 'Orestes III' 6-max Seat #6 is the button
Seat 3: NOTfishON ($108.40 in chips) is sitting out
Seat 1: MLGDan333 ($23.13 in chips) 
Seat 2: Gfoer ($100 in chips) 
Seat 4: Zvst ($99.50 in chips) 
Seat 5: Alinyr ($161.65 in chips) 
Seat 6: JollyMac124 ($55.69 in chips) 
MLGDan333: posts small blind $0.50
Gfoer: posts big blind $1
*** HOLE CARDS ***
Zvst: folds 
Alinyr: folds 
JollyMac124: raises $2 to $3
MLGDan333: folds 
Gfoer: folds 
Uncalled bet ($2) returned to JollyMac124
JollyMac124 collected $2.50 from pot
*** SUMMARY ***
Total pot $2.50 | Rake $0 
Seat 3: NOTfishON
Seat 1: MLGDan333 (small blind) folded before Flop
Seat 2: Gfoer (big blind) folded before Flop
Seat 4: Zvst folded before Flop (didn't bet)
Seat 5: Alinyr folded before Flop (didn't bet)
Seat 6: JollyMac124 (button) collected ($2.50)



PokerStars Hand #254266022782:  Hold'em No Limit ($0.50/$1.00 USD) - 2025/01/08 19:31:21 WET [2025/01/08 14:31:21 ET]
Table 'Orestes III' 6-max Seat #1 is the button
Seat 3: NOTfishON ($108.40 in chips) is sitting out
Seat 1: MLGDan333 ($22.63 in chips) 
Seat 2: Gfoer ($100 in chips) 
Seat 4: Zvst ($99.50 in chips) 
Seat 5: Alinyr ($161.65 in chips) 
Seat 6: JollyMac124 ($57.19 in chips) 
Gfoer: posts small blind $0.50
Zvst: posts big blind $1
*** HOLE CARDS ***
Alinyr: raises $1.05 to $2.05
JollyMac124: folds 
MLGDan333: folds 
Gfoer: folds 
Zvst: folds 
Uncalled bet ($1.05) returned to Alinyr
Alinyr collected $2.50 from pot
Alinyr: doesn't show hand 
*** SUMMARY ***
Total pot $2.50 | Rake $0 
Seat 3: NOTfishON
Seat 1: MLGDan333 (button) folded before Flop (didn't bet)
Seat 2: Gfoer (small blind) folded before Flop
Seat 4: Zvst (big blind) folded before Flop
Seat 5: Alinyr collected ($2.50)
Seat 6: JollyMac124 folded before Flop (didn't bet)



PokerStars Hand #254266029907:  Hold'em No Limit ($0.50/$1.00 USD) - 2025/01/08 19:31:44 WET [2025/01/08 14:31:44 ET]
Table 'Orestes III' 6-max Seat #2 is the button
Seat 3: NOTfishON ($108.40 in chips) is sitting out
Seat 1: MLGDan333 ($22.63 in chips) 
Seat 2: Gfoer ($100 in chips) 
Seat 4: Zvst ($98.50 in chips) 
Seat 5: Alinyr ($163.15 in chips) 
Seat 6: JollyMac124 ($57.19 in chips) 
Zvst: posts small blind $0.50
Alinyr: posts big blind $1
*** HOLE CARDS ***
JollyMac124: folds 
MLGDan333: calls $1
Gfoer: folds 
Zvst: folds 
Alinyr: raises $5 to $6
MLGDan333: folds 
Uncalled bet ($5) returned to Alinyr
Alinyr collected $2.50 from pot
Alinyr: doesn't show hand 
*** SUMMARY ***
Total pot $2.50 | Rake $0 
Seat 3: NOTfishON
Seat 1: MLGDan333 folded before Flop
Seat 2: Gfoer (button) folded before Flop (didn't bet)
Seat 4: Zvst (small blind) folded before Flop
Seat 5: Alinyr (big blind) collected ($2.50)
Seat 6: JollyMac124 folded before Flop (didn't bet)



PokerStars Hand #254266037738:  Hold'em No Limit ($0.50/$1.00 USD) - 2025/01/08 19:32:09 WET [2025/01/08 14:32:09 ET]
Table 'Orestes III' 6-max Seat #4 is the button
Seat 3: NOTfishON ($108.40 in chips) is sitting out
Seat 1: MLGDan333 ($21.63 in chips) 
Seat 2: Gfoer ($100 in chips) 
Seat 4: Zvst ($98 in chips) 
Seat 5: Alinyr ($164.65 in chips) 
Seat 6: JollyMac124 ($57.19 in chips) 
Alinyr: posts small blind $0.50
JollyMac124: posts big blind $1
NOTfishON: sits out 
*** HOLE CARDS ***
MLGDan333: calls $1
Gfoer: raises $3.50 to $4.50
Zvst: folds 
Alinyr: folds 
JollyMac124: calls $3.50
MLGDan333: calls $3.50
*** FLOP *** [Kd 7d 4h]
JollyMac124: checks 
MLGDan333: checks 
Gfoer: checks 
*** TURN *** [Kd 7d 4h] [Kc]
JollyMac124: checks 
MLGDan333: checks 
Gfoer: checks 
*** RIVER *** [Kd 7d 4h Kc] [6d]
JollyMac124: checks 
MLGDan333: checks 
Gfoer: checks 
*** SHOW DOWN ***
JollyMac124: shows [Ac Jd] (a pair of Kings)
MLGDan333: mucks hand 
Gfoer: shows [Jh As] (a pair of Kings)
JollyMac124 collected $6.65 from pot
Gfoer collected $6.65 from pot
*** SUMMARY ***
Total pot $14 | Rake $0.70 
Board [Kd 7d 4h Kc 6d]
Seat 3: NOTfishON
Seat 1: MLGDan333 mucked
Seat 2: Gfoer showed [Jh As] and won ($6.65) with a pair of Kings
Seat 4: Zvst (button) folded before Flop (didn't bet)
Seat 5: Alinyr (small blind) folded before Flop
Seat 6: JollyMac124 (big blind) showed [Ac Jd] and won ($6.65) with a pair of Kings



PokerStars Hand #254266056427:  Hold'em No Limit ($0.50/$1.00 USD) - 2025/01/08 19:33:10 WET [2025/01/08 14:33:10 ET]
Table 'Orestes III' 6-max Seat #5 is the button
Seat 3: NOTfishON ($108.40 in chips) is sitting out
Seat 1: MLGDan333 ($17.13 in chips) 
Seat 2: Gfoer ($102.15 in chips) 
Seat 4: Zvst ($98 in chips) 
Seat 5: Alinyr ($164.15 in chips) 
Seat 6: JollyMac124 ($59.34 in chips) 
JollyMac124: posts small blind $0.50
MLGDan333: posts big blind $1
NOTfishON: sits out 
*** HOLE CARDS ***
Gfoer: folds 
Zvst: folds 
Alinyr: raises $1.50 to $2.50
JollyMac124: folds 
MLGDan333: calls $1.50
*** FLOP *** [6d 7d 4d]
MLGDan333: bets $14.63 and is all-in
Alinyr: folds 
Uncalled bet ($14.63) returned to MLGDan333
MLGDan333 collected $5.22 from pot
MLGDan333: doesn't show hand 
*** SUMMARY ***
Total pot $5.50 | Rake $0.28 
Board [6d 7d 4d]
Seat 3: NOTfishON
Seat 1: MLGDan333 (big blind) collected ($5.22)
Seat 2: Gfoer folded before Flop (didn't bet)
Seat 4: Zvst folded before Flop (didn't bet)
Seat 5: Alinyr (button) folded on the Flop
Seat 6: JollyMac124 (small blind) folded before Flop



PokerStars Hand #254266063716:  Hold'em No Limit ($0.50/$1.00 USD) - 2025/01/08 19:33:34 WET [2025/01/08 14:33:34 ET]
Table 'Orestes III' 6-max Seat #6 is the button
Seat 3: NOTfishON ($108.40 in chips) is sitting out
Seat 1: MLGDan333 ($19.85 in chips) 
Seat 2: Gfoer ($102.15 in chips) 
Seat 4: Zvst ($98 in chips) 
Seat 5: Alinyr ($161.65 in chips) 
Seat 6: JollyMac124 ($58.84 in chips) 
MLGDan333: posts small blind $0.50
Gfoer: posts big blind $1
NOTfishON: sits out 
*** HOLE CARDS ***
Zvst: folds 
Alinyr: folds 
JollyMac124: raises $2 to $3
MLGDan333: raises $16.85 to $19.85 and is all-in
Gfoer: folds 
JollyMac124: folds 
Uncalled bet ($16.85) returned to MLGDan333
MLGDan333 collected $7 from pot
MLGDan333: doesn't show hand 
*** SUMMARY ***
Total pot $7 | Rake $0 
Seat 3: NOTfishON
Seat 1: MLGDan333 (small blind) collected ($7)
Seat 2: Gfoer (big blind) folded before Flop
Seat 4: Zvst folded before Flop (didn't bet)
Seat 5: Alinyr folded before Flop (didn't bet)
Seat 6: JollyMac124 (button) folded before Flop



PokerStars Hand #254266071552:  Hold'em No Limit ($0.50/$1.00 USD) - 2025/01/08 19:33:59 WET [2025/01/08 14:33:59 ET]
Table 'Orestes III' 6-max Seat #1 is the button
Seat 1: MLGDan333 ($23.85 in chips) 
Seat 2: Gfoer ($101.15 in chips) 
Seat 3: NOTfishON ($108.40 in chips) 
Seat 4: Zvst ($98 in chips) 
Seat 5: Alinyr ($161.65 in chips) 
Seat 6: JollyMac124 ($55.84 in chips) 
Gfoer: posts small blind $0.50
NOTfishON: posts big blind $1
*** HOLE CARDS ***
Zvst: folds 
Alinyr: folds 
JollyMac124: folds 
MLGDan333: raises $22.85 to $23.85 and is all-in
Gfoer: folds 
NOTfishON: folds 
Uncalled bet ($22.85) returned to MLGDan333
MLGDan333 collected $2.50 from pot
MLGDan333: doesn't show hand 
*** SUMMARY ***
Total pot $2.50 | Rake $0 
Seat 1: MLGDan333 (button) collected ($2.50)
Seat 2: Gfoer (small blind) folded before Flop
Seat 3: NOTfishON (big blind) folded before Flop
Seat 4: Zvst folded before Flop (didn't bet)
Seat 5: Alinyr folded before Flop (didn't bet)
Seat 6: JollyMac124 folded before Flop (didn't bet)



PokerStars Hand #254266074569:  Hold'em No Limit ($0.50/$1.00 USD) - 2025/01/08 19:34:09 WET [2025/01/08 14:34:09 ET]
Table 'Orestes III' 6-max Seat #2 is the button
Seat 1: MLGDan333 ($25.35 in chips) 
Seat 2: Gfoer ($100.65 in chips) 
Seat 3: NOTfishON ($107.40 in chips) 
Seat 4: Zvst ($98 in chips) 
Seat 5: Alinyr ($161.65 in chips) 
Seat 6: JollyMac124 ($55.84 in chips) 
NOTfishON: posts small blind $0.50
Zvst: posts big blind $1
*** HOLE CARDS ***
Alinyr: folds 
JollyMac124: folds 
MLGDan333: raises $24.35 to $25.35 and is all-in
Gfoer: folds 
NOTfishON: folds 
Zvst: folds 
Uncalled bet ($24.35) returned to MLGDan333
MLGDan333 collected $2.50 from pot
MLGDan333: doesn't show hand 
*** SUMMARY ***
Total pot $2.50 | Rake $0 
Seat 1: MLGDan333 collected ($2.50)
Seat 2: Gfoer (button) folded before Flop (didn't bet)
Seat 3: NOTfishON (small blind) folded before Flop
Seat 4: Zvst (big blind) folded before Flop
Seat 5: Alinyr folded before Flop (didn't bet)
Seat 6: JollyMac124 folded before Flop (didn't bet)



PokerStars Hand #254266079329:  Hold'em No Limit ($0.50/$1.00 USD) - 2025/01/08 19:34:25 WET [2025/01/08 14:34:25 ET]
Table 'Orestes III' 6-max Seat #3 is the button
Seat 1: MLGDan333 ($26.85 in chips) 
Seat 2: Gfoer ($100.65 in chips) 
Seat 3: NOTfishON ($106.90 in chips) 
Seat 4: Zvst ($97 in chips) 
Seat 5: Alinyr ($161.65 in chips) 
Seat 6: JollyMac124 ($55.84 in chips) 
Zvst: posts small blind $0.50
Alinyr: posts big blind $1
*** HOLE CARDS ***
JollyMac124: folds 
MLGDan333: folds 
Gfoer: folds 
NOTfishON: folds 
Zvst: folds 
Uncalled bet ($0.50) returned to Alinyr
Alinyr collected $1 from pot
Alinyr: doesn't show hand 
*** SUMMARY ***
Total pot $1 | Rake $0 
Seat 1: MLGDan333 folded before Flop (didn't bet)
Seat 2: Gfoer folded before Flop (didn't bet)
Seat 3: NOTfishON (button) folded before Flop (didn't bet)
Seat 4: Zvst (small blind) folded before Flop
Seat 5: Alinyr (big blind) collected ($1)
Seat 6: JollyMac124 folded before Flop (didn't bet)



PokerStars Hand #254266083273:  Hold'em No Limit ($0.50/$1.00 USD) - 2025/01/08 19:34:38 WET [2025/01/08 14:34:38 ET]
Table 'Orestes III' 6-max Seat #4 is the button
Seat 1: MLGDan333 ($26.85 in chips) 
Seat 2: Gfoer ($100.65 in chips) 
Seat 3: NOTfishON ($106.90 in chips) 
Seat 4: Zvst ($96.50 in chips) 
Seat 5: Alinyr ($162.15 in chips) 
Seat 6: JollyMac124 ($55.84 in chips) 
Alinyr: posts small blind $0.50
JollyMac124: posts big blind $1
*** HOLE CARDS ***
MLGDan333: calls $1
Gfoer: folds 
NOTfishON: raises $2.90 to $3.90
Zvst: folds 
Alinyr: folds 
JollyMac124: calls $2.90
MLGDan333: calls $2.90
*** FLOP *** [9h 6s Qc]
JollyMac124: checks 
MLGDan333: bets $11.59
NOTfishON: folds 
JollyMac124: calls $11.59
*** TURN *** [9h 6s Qc] [7d]
JollyMac124: checks 
MLGDan333 is disconnected 
MLGDan333 is connected 
MLGDan333: checks 
*** RIVER *** [9h 6s Qc 7d] [2s]
JollyMac124: bets $6
MLGDan333: raises $5.36 to $11.36 and is all-in
JollyMac124: calls $5.36
*** SHOW DOWN ***
MLGDan333: shows [Jh 9s] (a pair of Nines)
JollyMac124: shows [6h 6c] (three of a kind, Sixes)
JollyMac124 collected $55.60 from pot
*** SUMMARY ***
Total pot $58.10 | Rake $2.50 
Board [9h 6s Qc 7d 2s]
Seat 1: MLGDan333 showed [Jh 9s] and lost with a pair of Nines
Seat 2: Gfoer folded before Flop (didn't bet)
Seat 3: NOTfishON folded on the Flop
Seat 4: Zvst (button) folded before Flop (didn't bet)
Seat 5: Alinyr (small blind) folded before Flop
Seat 6: JollyMac124 (big blind) showed [6h 6c] and won ($55.60) with three of a kind, Sixes



PokerStars Hand #254266111187:  Hold'em No Limit ($0.50/$1.00 USD) - 2025/01/08 19:36:09 WET [2025/01/08 14:36:09 ET]
Table 'Orestes III' 6-max Seat #5 is the button
Seat 1: MLGDan333 ($0 in chips) is sitting out
Seat 2: Gfoer ($100.65 in chips) 
Seat 3: NOTfishON ($103 in chips) 
Seat 4: Zvst ($96.50 in chips) 
Seat 5: Alinyr ($161.65 in chips) 
Seat 6: JollyMac124 ($84.59 in chips) 
JollyMac124: posts small blind $0.50
Gfoer: posts big blind $1
*** HOLE CARDS ***
NOTfishON: folds 
Zvst: raises $1.50 to $2.50
Alinyr: folds 
MLGDan333 leaves the table
JollyMac124: folds 
Gfoer: folds 
Uncalled bet ($1.50) returned to Zvst
Zvst collected $2.50 from pot
Zvst: doesn't show hand 
*** SUMMARY ***
Total pot $2.50 | Rake $0 
Seat 1: MLGDan333
Seat 2: Gfoer (big blind) folded before Flop
Seat 3: NOTfishON folded before Flop (didn't bet)
Seat 4: Zvst collected ($2.50)
Seat 5: Alinyr (button) folded before Flop (didn't bet)
Seat 6: JollyMac124 (small blind) folded before Flop



PokerStars Hand #254266117735:  Hold'em No Limit ($0.50/$1.00 USD) - 2025/01/08 19:36:30 WET [2025/01/08 14:36:30 ET]
Table 'Orestes III' 6-max Seat #6 is the button
Seat 3: NOTfishON ($103 in chips) is sitting out
Seat 4: Zvst ($98 in chips) is sitting out
Seat 2: Gfoer ($100 in chips) 
Seat 5: Alinyr ($161.65 in chips) 
Seat 6: JollyMac124 ($84.09 in chips) 
Gfoer: posts small blind $0.50
NOTfishON: is sitting out 
Zvst: is sitting out 
Alinyr: posts big blind $1
*** HOLE CARDS ***
NOTfishON leaves the table
Zvst leaves the table
JollyMac124: folds 
Gfoer: folds 
Uncalled bet ($0.50) returned to Alinyr
Alinyr collected $1 from pot
Alinyr: doesn't show hand 
*** SUMMARY ***
Total pot $1 | Rake $0 
Seat 3: NOTfishON
Seat 4: Zvst
Seat 2: Gfoer (small blind) folded before Flop
Seat 5: Alinyr (big blind) collected ($1)
Seat 6: JollyMac124 (button) folded before Flop (didn't bet)



PokerStars Hand #254266122834:  Hold'em No Limit ($0.50/$1.00 USD) - 2025/01/08 19:36:46 WET [2025/01/08 14:36:46 ET]
Table 'Orestes III' 6-max Seat #2 is the button
Seat 2: Gfoer ($100 in chips) 
Seat 5: Alinyr ($162.15 in chips) 
Seat 6: JollyMac124 ($84.09 in chips) 
Alinyr: posts small blind $0.50
JollyMac124: posts big blind $1
*** HOLE CARDS ***
Gfoer: folds 
Alinyr: folds 
Uncalled bet ($0.50) returned to JollyMac124
JollyMac124 collected $1 from pot
*** SUMMARY ***
Total pot $1 | Rake $0 
Seat 2: Gfoer (button) folded before Flop (didn't bet)
Seat 5: Alinyr (small blind) folded before Flop
Seat 6: JollyMac124 (big blind) collected ($1)



PokerStars Hand #254266131746:  Hold'em No Limit ($0.50/$1.00 USD) - 2025/01/08 19:37:16 WET [2025/01/08 14:37:16 ET]
Table 'Orestes III' 6-max Seat #6 is the button
Seat 2: EvilReality ($100 in chips) 
Seat 6: JollyMac124 ($84.59 in chips) 
JollyMac124: posts small blind $0.50
EvilReality: posts big blind $1
*** HOLE CARDS ***
JollyMac124: raises $1 to $2
EvilReality: calls $1
*** FLOP *** [7h Qh 9c]
EvilReality: checks 
JollyMac124: bets $1.90
EvilReality: calls $1.90
*** TURN *** [7h Qh 9c] [Kh]
EvilReality: checks 
JollyMac124: bets $4
EvilReality: folds 
Uncalled bet ($4) returned to JollyMac124
JollyMac124 collected $7.41 from pot
*** SUMMARY ***
Total pot $7.80 | Rake $0.39 
Board [7h Qh 9c Kh]
Seat 2: EvilReality (big blind) folded on the Turn
Seat 6: JollyMac124 (button) (small blind) collected ($7.41)



PokerStars Hand #254266141479:  Hold'em No Limit ($0.50/$1.00 USD) - 2025/01/08 19:37:47 WET [2025/01/08 14:37:47 ET]
Table 'Orestes III' 6-max Seat #2 is the button
Seat 2: EvilReality ($100 in chips) 
Seat 6: JollyMac124 ($88.10 in chips) 
EvilReality: posts small blind $0.50
JollyMac124: posts big blind $1
*** HOLE CARDS ***
EvilReality: raises $1.50 to $2.50
JollyMac124: calls $1.50
*** FLOP *** [2s 5d 9d]
JollyMac124: checks 
EvilReality: bets $2.85
nastja336 joins the table at seat #1 
JollyMac124: folds 
Uncalled bet ($2.85) returned to EvilReality
EvilReality collected $4.75 from pot
EvilReality: doesn't show hand 
*** SUMMARY ***
Total pot $5 | Rake $0.25 
Board [2s 5d 9d]
Seat 2: EvilReality (button) (small blind) collected ($4.75)
Seat 6: JollyMac124 (big blind) folded on the Flop



PokerStars Hand #254266147138:  Hold'em No Limit ($0.50/$1.00 USD) - 2025/01/08 19:38:06 WET [2025/01/08 14:38:06 ET]
Table 'Orestes III' 6-max Seat #2 is the button
Seat 1: nastja336 ($100 in chips) 
Seat 2: EvilReality ($102.25 in chips) 
Seat 6: JollyMac124 ($85.60 in chips) 
JollyMac124: posts small blind $0.50
nastja336: posts big blind $1
*** HOLE CARDS ***
EvilReality: raises $1.50 to $2.50
JollyMac124: folds 
nastja336: calls $1.50
*** FLOP *** [8h 2s 9d]
nastja336: checks 
EvilReality: bets $2.50
nastja336: calls $2.50
*** TURN *** [8h 2s 9d] [3c]
nastja336: checks 
EvilReality: bets $5.99
nastja336: folds 
Uncalled bet ($5.99) returned to EvilReality
EvilReality collected $9.98 from pot
EvilReality: doesn't show hand 
*** SUMMARY ***
Total pot $10.50 | Rake $0.52 
Board [8h 2s 9d 3c]
Seat 1: nastja336 (big blind) folded on the Turn
Seat 2: EvilReality (button) collected ($9.98)
Seat 6: JollyMac124 (small blind) folded before Flop



PokerStars Hand #254266163192:  Hold'em No Limit ($0.50/$1.00 USD) - 2025/01/08 19:38:59 WET [2025/01/08 14:38:59 ET]
Table 'Orestes III' 6-max Seat #1 is the button
Seat 1: nastja336 ($100 in chips) 
Seat 6: JollyMac124 ($85.10 in chips) 
nastja336: posts small blind $0.50
JollyMac124: posts big blind $1
*** HOLE CARDS ***
nastja336: folds 
Uncalled bet ($0.50) returned to JollyMac124
JollyMac124 collected $1 from pot
*** SUMMARY ***
Total pot $1 | Rake $0 
Seat 1: nastja336 (button) (small blind) folded before Flop
Seat 6: JollyMac124 (big blind) collected ($1)



PokerStars Hand #254266164962:  Hold'em No Limit ($0.50/$1.00 USD) - 2025/01/08 19:39:05 WET [2025/01/08 14:39:05 ET]
Table 'Orestes III' 6-max Seat #6 is the button
Seat 1: nastja336 ($100 in chips) 
Seat 6: JollyMac124 ($85.60 in chips) 
JollyMac124: posts small blind $0.50
nastja336: posts big blind $1
*** HOLE CARDS ***
AigarsK joins the table at seat #5 
JollyMac124: calls $0.50
nastja336: raises $4 to $5
JollyMac124: folds 
Uncalled bet ($4) returned to nastja336
nastja336 collected $2 from pot
nastja336: doesn't show hand 
*** SUMMARY ***
Total pot $2 | Rake $0 
Seat 1: nastja336 (big blind) collected ($2)
Seat 6: JollyMac124 (button) (small blind) folded before Flop



PokerStars Hand #254266168611:  Hold'em No Limit ($0.50/$1.00 USD) - 2025/01/08 19:39:16 WET [2025/01/08 14:39:16 ET]
Table 'Orestes III' 6-max Seat #6 is the button
Seat 1: nastja336 ($101 in chips) 
Seat 5: AigarsK ($10 in chips) 
Seat 6: JollyMac124 ($84.60 in chips) 
nastja336: posts small blind $0.50
AigarsK: posts big blind $1
*** HOLE CARDS ***
JollyMac124: raises $1 to $2
nastja336: folds 
AigarsK: folds 
Uncalled bet ($1) returned to JollyMac124
JollyMac124 collected $2.50 from pot
*** SUMMARY ***
Total pot $2.50 | Rake $0 
Seat 1: nastja336 (small blind) folded before Flop
Seat 5: AigarsK (big blind) folded before Flop
Seat 6: JollyMac124 (button) collected ($2.50)



PokerStars Hand #254266172160:  Hold'em No Limit ($0.50/$1.00 USD) - 2025/01/08 19:39:28 WET [2025/01/08 14:39:28 ET]
Table 'Orestes III' 6-max Seat #1 is the button
Seat 1: nastja336 ($100.50 in chips) 
Seat 5: AigarsK ($9 in chips) 
Seat 6: JollyMac124 ($86.10 in chips) 
AigarsK: posts small blind $0.50
JollyMac124: posts big blind $1
*** HOLE CARDS ***
nastja336: raises $1.50 to $2.50
AigarsK: folds 
JollyMac124: calls $1.50
*** FLOP *** [6c 5h Js]
JollyMac124: checks 
nastja336: bets $1.72
JollyMac124: calls $1.72
*** TURN *** [6c 5h Js] [Qh]
JollyMac124: checks 
nastja336: bets $12
JollyMac124: folds 
Uncalled bet ($12) returned to nastja336
nastja336 collected $8.49 from pot
nastja336: doesn't show hand 
*** SUMMARY ***
Total pot $8.94 | Rake $0.45 
Board [6c 5h Js Qh]
Seat 1: nastja336 (button) collected ($8.49)
Seat 5: AigarsK (small blind) folded before Flop
Seat 6: JollyMac124 (big blind) folded on the Turn



PokerStars Hand #254266180952:  Hold'em No Limit ($0.50/$1.00 USD) - 2025/01/08 19:39:56 WET [2025/01/08 14:39:56 ET]
Table 'Orestes III' 6-max Seat #6 is the button
Seat 1: nastja336 ($104.77 in chips) is sitting out
Seat 5: AigarsK ($8.50 in chips) 
Seat 6: JollyMac124 ($81.88 in chips) 
JollyMac124: posts small blind $0.50
nastja336: is sitting out 
AigarsK: posts big blind $1
*** HOLE CARDS ***
nastja336 leaves the table
JollyMac124: raises $1 to $2
AigarsK: folds 
Uncalled bet ($1) returned to JollyMac124
JollyMac124 collected $2 from pot
*** SUMMARY ***
Total pot $2 | Rake $0 
Seat 1: nastja336
Seat 5: AigarsK (big blind) folded before Flop
Seat 6: JollyMac124 (button) (small blind) collected ($2)



PokerStars Hand #254266183721:  Hold'em No Limit ($0.50/$1.00 USD) - 2025/01/08 19:40:06 WET [2025/01/08 14:40:06 ET]
Table 'Orestes III' 6-max Seat #5 is the button
Seat 5: AigarsK ($7.50 in chips) 
Seat 6: JollyMac124 ($82.88 in chips) 
AigarsK: posts small blind $0.50
JollyMac124: posts big blind $1
*** HOLE CARDS ***
AigarsK: raises $6.50 to $7.50 and is all-in
JollyMac124: folds 
Uncalled bet ($6.50) returned to AigarsK
AigarsK collected $2 from pot
AigarsK: doesn't show hand 
*** SUMMARY ***
Total pot $2 | Rake $0 
Seat 5: AigarsK (button) (small blind) collected ($2)
Seat 6: JollyMac124 (big blind) folded before Flop



PokerStars Hand #254266188391:  Hold'em No Limit ($0.50/$1.00 USD) - 2025/01/08 19:40:21 WET [2025/01/08 14:40:21 ET]
Table 'Orestes III' 6-max Seat #6 is the button
Seat 5: AigarsK ($8.50 in chips) 
Seat 6: JollyMac124 ($81.88 in chips) 
JollyMac124: posts small blind $0.50
AigarsK: posts big blind $1
*** HOLE CARDS ***
JollyMac124: calls $0.50
AigarsK: checks 
*** FLOP *** [Tc Ad 2c]
AigarsK: checks 
JollyMac124: bets $1
AigarsK: calls $1
*** TURN *** [Tc Ad 2c] [Jc]
AigarsK: bets $3.80
JollyMac124: folds 
Uncalled bet ($3.80) returned to AigarsK
AigarsK collected $3.80 from pot
AigarsK: doesn't show hand 
*** SUMMARY ***
Total pot $4 | Rake $0.20 
Board [Tc Ad 2c Jc]
Seat 5: AigarsK (big blind) collected ($3.80)
Seat 6: JollyMac124 (button) (small blind) folded on the Turn



PokerStars Hand #254266195089:  Hold'em No Limit ($0.50/$1.00 USD) - 2025/01/08 19:40:43 WET [2025/01/08 14:40:43 ET]
Table 'Orestes III' 6-max Seat #5 is the button
Seat 5: AigarsK ($10.30 in chips) 
Seat 6: JollyMac124 ($79.88 in chips) 
AigarsK: posts small blind $0.50
JollyMac124: posts big blind $1
*** HOLE CARDS ***
AigarsK: folds 
Uncalled bet ($0.50) returned to JollyMac124
JollyMac124 collected $1 from pot
*** SUMMARY ***
Total pot $1 | Rake $0 
Seat 5: AigarsK (button) (small blind) folded before Flop
Seat 6: JollyMac124 (big blind) collected ($1)



PokerStars Hand #254266197306:  Hold'em No Limit ($0.50/$1.00 USD) - 2025/01/08 19:40:50 WET [2025/01/08 14:40:50 ET]
Table 'Orestes III' 6-max Seat #6 is the button
Seat 5: AigarsK ($9.80 in chips) 
Seat 6: JollyMac124 ($80.38 in chips) 
JollyMac124: posts small blind $0.50
AigarsK: posts big blind $1
*** HOLE CARDS ***
JollyMac124: raises $2 to $3
AigarsK: calls $2
*** FLOP *** [Kh Qd Kd]
AigarsK: checks 
JollyMac124: bets $5.70
AigarsK: folds 
Uncalled bet ($5.70) returned to JollyMac124
JollyMac124 collected $5.70 from pot
*** SUMMARY ***
Total pot $6 | Rake $0.30 
Board [Kh Qd Kd]
Seat 5: AigarsK (big blind) folded on the Flop
Seat 6: JollyMac124 (button) (small blind) collected ($5.70)



PokerStars Hand #254266203616:  Hold'em No Limit ($0.50/$1.00 USD) - 2025/01/08 19:41:11 WET [2025/01/08 14:41:11 ET]
Table 'Orestes III' 6-max Seat #5 is the button
Seat 5: AigarsK ($6.80 in chips) 
Seat 6: JollyMac124 ($83.08 in chips) 
AigarsK: posts small blind $0.50
JollyMac124: posts big blind $1
*** HOLE CARDS ***
AigarsK: raises $5.80 to $6.80 and is all-in
JollyMac124: folds 
Uncalled bet ($5.80) returned to AigarsK
AigarsK collected $2 from pot
AigarsK: doesn't show hand 
*** SUMMARY ***
Total pot $2 | Rake $0 
Seat 5: AigarsK (button) (small blind) collected ($2)
Seat 6: JollyMac124 (big blind) folded before Flop



PokerStars Hand #254266206583:  Hold'em No Limit ($0.50/$1.00 USD) - 2025/01/08 19:41:21 WET [2025/01/08 14:41:21 ET]
Table 'Orestes III' 6-max Seat #6 is the button
Seat 5: AigarsK ($7.80 in chips) 
Seat 6: JollyMac124 ($82.08 in chips) 
JollyMac124: posts small blind $0.50
AigarsK: posts big blind $1
*** HOLE CARDS ***
JollyMac124: calls $0.50
AigarsK: checks 
*** FLOP *** [Qh Js 8s]
AigarsK: checks 
JollyMac124: bets $1
AigarsK: calls $1
*** TURN *** [Qh Js 8s] [3c]
AigarsK: checks 
JollyMac124: checks 
*** RIVER *** [Qh Js 8s 3c] [Ks]
AigarsK: checks 
JollyMac124: checks 
*** SHOW DOWN ***
AigarsK: shows [7c 9s] (high card King)
JollyMac124: shows [8c Th] (a pair of Eights)
JollyMac124 collected $3.80 from pot
*** SUMMARY ***
Total pot $4 | Rake $0.20 
Board [Qh Js 8s 3c Ks]
Seat 5: AigarsK (big blind) showed [7c 9s] and lost with high card King
Seat 6: JollyMac124 (button) (small blind) showed [8c Th] and won ($3.80) with a pair of Eights



PokerStars Hand #254266387723:  Hold'em No Limit ($0.50/$1.00 USD) - 2025/01/08 19:51:13 WET [2025/01/08 14:51:13 ET]
Table 'Orestes III' 6-max Seat #3 is the button
Seat 1: tukeiron ($107.72 in chips) 
Seat 2: DEraser ($39.50 in chips) 
Seat 3: steepfell ($100 in chips) 
Seat 4: Cougars001 ($98.75 in chips) 
Seat 5: M1k_DP ($104.40 in chips) 
Seat 6: magzi777 ($100 in chips) 
Cougars001: posts small blind $0.50
M1k_DP: posts big blind $1
*** HOLE CARDS ***
magzi777: raises $1.50 to $2.50
tukeiron: folds 
DEraser: folds 
steepfell: folds 
Cougars001: folds 
M1k_DP: folds 
Uncalled bet ($1.50) returned to magzi777
magzi777 collected $2.50 from pot
*** SUMMARY ***
Total pot $2.50 | Rake $0 
Seat 1: tukeiron folded before Flop (didn't bet)
Seat 2: DEraser folded before Flop (didn't bet)
Seat 3: steepfell (button) folded before Flop (didn't bet)
Seat 4: Cougars001 (small blind) folded before Flop
Seat 5: M1k_DP (big blind) folded before Flop
Seat 6: magzi777 collected ($2.50)



PokerStars Hand #254266392866:  Hold'em No Limit ($0.50/$1.00 USD) - 2025/01/08 19:51:29 WET [2025/01/08 14:51:29 ET]
Table 'Orestes III' 6-max Seat #4 is the button
Seat 1: tukeiron ($107.72 in chips) 
Seat 2: DEraser ($39.50 in chips) 
Seat 3: steepfell ($100 in chips) 
Seat 4: Cougars001 ($98.25 in chips) 
Seat 5: M1k_DP ($103.40 in chips) 
Seat 6: magzi777 ($101.50 in chips) 
M1k_DP: posts small blind $0.50
magzi777: posts big blind $1
*** HOLE CARDS ***
tukeiron: raises $1.20 to $2.20
DEraser: folds 
steepfell: folds 
Cougars001: raises $5.90 to $8.10
M1k_DP: folds 
magzi777: folds 
tukeiron: folds 
Uncalled bet ($5.90) returned to Cougars001
Cougars001 collected $5.90 from pot
*** SUMMARY ***
Total pot $5.90 | Rake $0 
Seat 1: tukeiron folded before Flop
Seat 2: DEraser folded before Flop (didn't bet)
Seat 3: steepfell folded before Flop (didn't bet)
Seat 4: Cougars001 (button) collected ($5.90)
Seat 5: M1k_DP (small blind) folded before Flop
Seat 6: magzi777 (big blind) folded before Flop



PokerStars Hand #254266399134:  Hold'em No Limit ($0.50/$1.00 USD) - 2025/01/08 19:51:49 WET [2025/01/08 14:51:49 ET]
Table 'Orestes III' 6-max Seat #5 is the button
Seat 1: tukeiron ($105.52 in chips) 
Seat 2: DEraser ($39.50 in chips) 
Seat 3: steepfell ($100 in chips) 
Seat 4: Cougars001 ($101.95 in chips) 
Seat 5: M1k_DP ($102.90 in chips) 
Seat 6: magzi777 ($100.50 in chips) 
magzi777: posts small blind $0.50
tukeiron: posts big blind $1
*** HOLE CARDS ***
DEraser: folds 
steepfell: folds 
Cougars001: folds 
M1k_DP: raises $1.50 to $2.50
magzi777: folds 
tukeiron: calls $1.50
*** FLOP *** [4s Tc 6h]
tukeiron: checks 
M1k_DP: checks 
*** TURN *** [4s Tc 6h] [Kd]
tukeiron: checks 
M1k_DP: bets $3.92
tukeiron: folds 
Uncalled bet ($3.92) returned to M1k_DP
M1k_DP collected $5.22 from pot
M1k_DP: doesn't show hand 
*** SUMMARY ***
Total pot $5.50 | Rake $0.28 
Board [4s Tc 6h Kd]
Seat 1: tukeiron (big blind) folded on the Turn
Seat 2: DEraser folded before Flop (didn't bet)
Seat 3: steepfell folded before Flop (didn't bet)
Seat 4: Cougars001 folded before Flop (didn't bet)
Seat 5: M1k_DP (button) collected ($5.22)
Seat 6: magzi777 (small blind) folded before Flop



PokerStars Hand #254266417686:  Hold'em No Limit ($0.50/$1.00 USD) - 2025/01/08 19:52:50 WET [2025/01/08 14:52:50 ET]
Table 'Orestes III' 6-max Seat #6 is the button
Seat 1: tukeiron ($103.02 in chips) 
Seat 2: DEraser ($39.50 in chips) 
Seat 3: steepfell ($100 in chips) 
Seat 4: Cougars001 ($101.95 in chips) 
Seat 5: M1k_DP ($105.62 in chips) 
Seat 6: magzi777 ($100 in chips) 
tukeiron: posts small blind $0.50
DEraser: posts big blind $1
*** HOLE CARDS ***
steepfell: folds 
Cougars001: folds 
M1k_DP: raises $1.50 to $2.50
magzi777: folds 
tukeiron: folds 
DEraser: folds 
Uncalled bet ($1.50) returned to M1k_DP
M1k_DP collected $2.50 from pot
M1k_DP: doesn't show hand 
*** SUMMARY ***
Total pot $2.50 | Rake $0 
Seat 1: tukeiron (small blind) folded before Flop
Seat 2: DEraser (big blind) folded before Flop
Seat 3: steepfell folded before Flop (didn't bet)
Seat 4: Cougars001 folded before Flop (didn't bet)
Seat 5: M1k_DP collected ($2.50)
Seat 6: magzi777 (button) folded before Flop (didn't bet)



PokerStars Hand #254266423224:  Hold'em No Limit ($0.50/$1.00 USD) - 2025/01/08 19:53:08 WET [2025/01/08 14:53:08 ET]
Table 'Orestes III' 6-max Seat #1 is the button
Seat 1: tukeiron ($102.52 in chips) 
Seat 2: DEraser ($38.50 in chips) 
Seat 3: steepfell ($100 in chips) 
Seat 4: Cougars001 ($101.95 in chips) 
Seat 5: M1k_DP ($107.12 in chips) 
Seat 6: magzi777 ($100 in chips) 
DEraser: posts small blind $0.50
steepfell: posts big blind $1
*** HOLE CARDS ***
Cougars001: folds 
M1k_DP: folds 
magzi777: folds 
tukeiron: folds 
DEraser: folds 
Uncalled bet ($0.50) returned to steepfell
steepfell collected $1 from pot
steepfell: doesn't show hand 
*** SUMMARY ***
Total pot $1 | Rake $0 
Seat 1: tukeiron (button) folded before Flop (didn't bet)
Seat 2: DEraser (small blind) folded before Flop
Seat 3: steepfell (big blind) collected ($1)
Seat 4: Cougars001 folded before Flop (didn't bet)
Seat 5: M1k_DP folded before Flop (didn't bet)
Seat 6: magzi777 folded before Flop (didn't bet)



PokerStars Hand #254266426971:  Hold'em No Limit ($0.50/$1.00 USD) - 2025/01/08 19:53:20 WET [2025/01/08 14:53:20 ET]
Table 'Orestes III' 6-max Seat #2 is the button
Seat 1: tukeiron ($102.52 in chips) 
Seat 2: DEraser ($38 in chips) 
Seat 3: steepfell ($100.50 in chips) 
Seat 4: Cougars001 ($101.95 in chips) 
Seat 5: M1k_DP ($107.12 in chips) 
Seat 6: magzi777 ($100 in chips) 
steepfell: posts small blind $0.50
Cougars001: posts big blind $1
*** HOLE CARDS ***
M1k_DP: folds 
magzi777: raises $1.50 to $2.50
tukeiron: folds 
DEraser: folds 
steepfell: folds 
Cougars001: calls $1.50
*** FLOP *** [2s Td 9c]
Cougars001: checks 
magzi777: bets $1.50
Cougars001: calls $1.50
*** TURN *** [2s Td 9c] [2d]
Cougars001: checks 
magzi777: checks 
*** RIVER *** [2s Td 9c 2d] [9h]
Cougars001: bets $6.04
magzi777: calls $6.04
*** SHOW DOWN ***
Cougars001: shows [8s Qs] (two pair, Nines and Deuces)
magzi777: shows [Ad Js] (two pair, Nines and Deuces - Ace kicker)
magzi777 collected $19.55 from pot
*** SUMMARY ***
Total pot $20.58 | Rake $1.03 
Board [2s Td 9c 2d 9h]
Seat 1: tukeiron folded before Flop (didn't bet)
Seat 2: DEraser (button) folded before Flop (didn't bet)
Seat 3: steepfell (small blind) folded before Flop
Seat 4: Cougars001 (big blind) showed [8s Qs] and lost with two pair, Nines and Deuces
Seat 5: M1k_DP folded before Flop (didn't bet)
Seat 6: magzi777 showed [Ad Js] and won ($19.55) with two pair, Nines and Deuces



PokerStars Hand #254266443502:  Hold'em No Limit ($0.50/$1.00 USD) - 2025/01/08 19:54:13 WET [2025/01/08 14:54:13 ET]
Table 'Orestes III' 6-max Seat #3 is the button
Seat 1: tukeiron ($102.52 in chips) 
Seat 2: DEraser ($38 in chips) 
Seat 3: steepfell ($100 in chips) 
Seat 4: Cougars001 ($91.91 in chips) 
Seat 5: M1k_DP ($107.12 in chips) 
Seat 6: magzi777 ($109.51 in chips) 
Cougars001: posts small blind $0.50
M1k_DP: posts big blind $1
*** HOLE CARDS ***
magzi777: raises $1.50 to $2.50
tukeiron: folds 
DEraser: folds 
steepfell: folds 
Cougars001: folds 
M1k_DP: calls $1.50
*** FLOP *** [Jc Ad 6c]
M1k_DP: checks 
magzi777: bets $1.50
M1k_DP: folds 
Uncalled bet ($1.50) returned to magzi777
magzi777 collected $5.22 from pot
*** SUMMARY ***
Total pot $5.50 | Rake $0.28 
Board [Jc Ad 6c]
Seat 1: tukeiron folded before Flop (didn't bet)
Seat 2: DEraser folded before Flop (didn't bet)
Seat 3: steepfell (button) folded before Flop (didn't bet)
Seat 4: Cougars001 (small blind) folded before Flop
Seat 5: M1k_DP (big blind) folded on the Flop
Seat 6: magzi777 collected ($5.22)



PokerStars Hand #254266453853:  Hold'em No Limit ($0.50/$1.00 USD) - 2025/01/08 19:54:47 WET [2025/01/08 14:54:47 ET]
Table 'Orestes III' 6-max Seat #4 is the button
Seat 1: tukeiron ($102.52 in chips) 
Seat 2: DEraser ($38 in chips) 
Seat 3: steepfell ($100 in chips) 
Seat 4: Cougars001 ($91.41 in chips) 
Seat 5: M1k_DP ($104.62 in chips) 
Seat 6: magzi777 ($112.23 in chips) 
M1k_DP: posts small blind $0.50
magzi777: posts big blind $1
*** HOLE CARDS ***
tukeiron: folds 
DEraser: folds 
steepfell: folds 
Cougars001: raises $2.50 to $3.50
M1k_DP: folds 
magzi777: calls $2.50
*** FLOP *** [Ks 2d Qd]
magzi777: checks 
Cougars001: bets $7.12
magzi777: folds 
Uncalled bet ($7.12) returned to Cougars001
Cougars001 collected $7.12 from pot
*** SUMMARY ***
Total pot $7.50 | Rake $0.38 
Board [Ks 2d Qd]
Seat 1: tukeiron folded before Flop (didn't bet)
Seat 2: DEraser folded before Flop (didn't bet)
Seat 3: steepfell folded before Flop (didn't bet)
Seat 4: Cougars001 (button) collected ($7.12)
Seat 5: M1k_DP (small blind) folded before Flop
Seat 6: magzi777 (big blind) folded on the Flop



PokerStars Hand #254266463248:  Hold'em No Limit ($0.50/$1.00 USD) - 2025/01/08 19:55:21 WET [2025/01/08 14:55:21 ET]
Table 'Orestes III' 6-max Seat #5 is the button
Seat 1: tukeiron ($102.52 in chips) 
Seat 2: DEraser ($38 in chips) 
Seat 3: steepfell ($100 in chips) 
Seat 4: Cougars001 ($95.03 in chips) 
Seat 5: M1k_DP ($104.12 in chips) 
Seat 6: magzi777 ($108.73 in chips) 
magzi777: posts small blind $0.50
tukeiron: posts big blind $1
*** HOLE CARDS ***
DEraser: folds 
steepfell: raises $1.50 to $2.50
Cougars001: raises $1.50 to $4
M1k_DP: folds 
magzi777: folds 
tukeiron: folds 
steepfell: calls $1.50
*** FLOP *** [Qd 4s 3s]
steepfell: checks 
Cougars001: bets $9.02
steepfell: calls $9.02
*** TURN *** [Qd 4s 3s] [Td]
steepfell: checks 
Cougars001: checks 
*** RIVER *** [Qd 4s 3s Td] [Ks]
steepfell: bets $20.50
Cougars001: calls $20.50
*** SHOW DOWN ***
steepfell: shows [Kd Qs] (two pair, Kings and Queens)
Cougars001: shows [Ac Jc] (a straight, Ten to Ace)
Cougars001 collected $66.04 from pot
*** SUMMARY ***
Total pot $68.54 | Rake $2.50 
Board [Qd 4s 3s Td Ks]
Seat 1: tukeiron (big blind) folded before Flop
Seat 2: DEraser folded before Flop (didn't bet)
Seat 3: steepfell showed [Kd Qs] and lost with two pair, Kings and Queens
Seat 4: Cougars001 showed [Ac Jc] and won ($66.04) with a straight, Ten to Ace
Seat 5: M1k_DP (button) folded before Flop (didn't bet)
Seat 6: magzi777 (small blind) folded before Flop



PokerStars Hand #254266473430:  Hold'em No Limit ($0.50/$1.00 USD) - 2025/01/08 19:56:08 WET [2025/01/08 14:56:08 ET]
Table 'Orestes III' 6-max Seat #6 is the button
Seat 1: tukeiron ($101.52 in chips) 
Seat 2: DEraser ($38 in chips) 
Seat 3: steepfell ($100 in chips) 
Seat 4: Cougars001 ($127.55 in chips) 
Seat 5: M1k_DP ($104.12 in chips) 
Seat 6: magzi777 ($108.23 in chips) 
tukeiron: posts small blind $0.50
DEraser: posts big blind $1
*** HOLE CARDS ***
steepfell: folds 
Cougars001: calls $1
M1k_DP: folds 
magzi777: folds 
tukeiron: raises $3 to $4
DEraser: folds 
Cougars001: calls $3
*** FLOP *** [Tc 6d 3c]
tukeiron: bets $2.82
Cougars001: calls $2.82
*** TURN *** [Tc 6d 3c] [Td]
tukeiron: bets $4.59
Cougars001: folds 
Uncalled bet ($4.59) returned to tukeiron
tukeiron collected $13.91 from pot
*** SUMMARY ***
Total pot $14.64 | Rake $0.73 
Board [Tc 6d 3c Td]
Seat 1: tukeiron (small blind) collected ($13.91)
Seat 2: DEraser (big blind) folded before Flop
Seat 3: steepfell folded before Flop (didn't bet)
Seat 4: Cougars001 folded on the Turn
Seat 5: M1k_DP folded before Flop (didn't bet)
Seat 6: magzi777 (button) folded before Flop (didn't bet)



PokerStars Hand #254266481092:  Hold'em No Limit ($0.50/$1.00 USD) - 2025/01/08 19:56:42 WET [2025/01/08 14:56:42 ET]
Table 'Orestes III' 6-max Seat #1 is the button
Seat 1: tukeiron ($108.61 in chips) 
Seat 2: DEraser ($37 in chips) 
Seat 3: steepfell ($100 in chips) 
Seat 4: Cougars001 ($120.73 in chips) 
Seat 5: M1k_DP ($104.12 in chips) 
Seat 6: magzi777 ($108.23 in chips) 
DEraser: posts small blind $0.50
steepfell: posts big blind $1
*** HOLE CARDS ***
Cougars001: raises $2.50 to $3.50
M1k_DP: folds 
magzi777: folds 
tukeiron: folds 
DEraser: folds 
steepfell: folds 
Uncalled bet ($2.50) returned to Cougars001
Cougars001 collected $2.50 from pot
*** SUMMARY ***
Total pot $2.50 | Rake $0 
Seat 1: tukeiron (button) folded before Flop (didn't bet)
Seat 2: DEraser (small blind) folded before Flop
Seat 3: steepfell (big blind) folded before Flop
Seat 4: Cougars001 collected ($2.50)
Seat 5: M1k_DP folded before Flop (didn't bet)
Seat 6: magzi777 folded before Flop (didn't bet)



PokerStars Hand #254266484131:  Hold'em No Limit ($0.50/$1.00 USD) - 2025/01/08 19:56:56 WET [2025/01/08 14:56:56 ET]
Table 'Orestes III' 6-max Seat #2 is the button
Seat 1: tukeiron ($108.61 in chips) 
Seat 2: DEraser ($36.50 in chips) 
Seat 3: steepfell ($100 in chips) 
Seat 4: Cougars001 ($122.23 in chips) 
Seat 5: M1k_DP ($104.12 in chips) 
Seat 6: magzi777 ($108.23 in chips) 
steepfell: posts small blind $0.50
Cougars001: posts big blind $1
*** HOLE CARDS ***
M1k_DP: folds 
magzi777: folds 
tukeiron: folds 
DEraser: folds 
steepfell: raises $2 to $3
Cougars001: calls $2
*** FLOP *** [6d 6h Ac]
steepfell: checks 
Cougars001: bets $5.70
steepfell: folds 
Uncalled bet ($5.70) returned to Cougars001
Cougars001 collected $5.70 from pot
*** SUMMARY ***
Total pot $6 | Rake $0.30 
Board [6d 6h Ac]
Seat 1: tukeiron folded before Flop (didn't bet)
Seat 2: DEraser (button) folded before Flop (didn't bet)
Seat 3: steepfell (small blind) folded on the Flop
Seat 4: Cougars001 (big blind) collected ($5.70)
Seat 5: M1k_DP folded before Flop (didn't bet)
Seat 6: magzi777 folded before Flop (didn't bet)



PokerStars Hand #254266488851:  Hold'em No Limit ($0.50/$1.00 USD) - 2025/01/08 19:57:18 WET [2025/01/08 14:57:18 ET]
Table 'Orestes III' 6-max Seat #3 is the button
Seat 1: tukeiron ($108.61 in chips) 
Seat 2: DEraser ($36.50 in chips) 
Seat 3: steepfell ($100 in chips) 
Seat 4: Cougars001 ($124.93 in chips) 
Seat 5: M1k_DP ($104.12 in chips) 
Seat 6: magzi777 ($108.23 in chips) 
Cougars001: posts small blind $0.50
M1k_DP: posts big blind $1
*** HOLE CARDS ***
magzi777: folds 
tukeiron: raises $2.50 to $3.50
DEraser: folds 
steepfell: folds 
Cougars001: calls $3
M1k_DP: folds 
*** FLOP *** [2c 5s Td]
Cougars001: checks 
tukeiron: bets $2.51
Cougars001: calls $2.51
*** TURN *** [2c 5s Td] [3s]
Cougars001: bets $6.19
tukeiron: folds 
Uncalled bet ($6.19) returned to Cougars001
Cougars001 collected $12.37 from pot
*** SUMMARY ***
Total pot $13.02 | Rake $0.65 
Board [2c 5s Td 3s]
Seat 1: tukeiron folded on the Turn
Seat 2: DEraser folded before Flop (didn't bet)
Seat 3: steepfell (button) folded before Flop (didn't bet)
Seat 4: Cougars001 (small blind) collected ($12.37)
Seat 5: M1k_DP (big blind) folded before Flop
Seat 6: magzi777 folded before Flop (didn't bet)



PokerStars Hand #254266501160:  Hold'em No Limit ($0.50/$1.00 USD) - 2025/01/08 19:58:13 WET [2025/01/08 14:58:13 ET]
Table 'Orestes III' 6-max Seat #4 is the button
Seat 1: tukeiron ($102.60 in chips) 
Seat 2: DEraser ($36.50 in chips) 
Seat 3: steepfell ($100 in chips) 
Seat 4: Cougars001 ($131.29 in chips) 
Seat 5: M1k_DP ($103.12 in chips) 
Seat 6: magzi777 ($108.23 in chips) 
M1k_DP: posts small blind $0.50
magzi777: posts big blind $1
*** HOLE CARDS ***
tukeiron: folds 
DEraser: folds 
steepfell: folds 
Cougars001: folds 
M1k_DP: folds 
Uncalled bet ($0.50) returned to magzi777
magzi777 collected $1 from pot
*** SUMMARY ***
Total pot $1 | Rake $0 
Seat 1: tukeiron folded before Flop (didn't bet)
Seat 2: DEraser folded before Flop (didn't bet)
Seat 3: steepfell folded before Flop (didn't bet)
Seat 4: Cougars001 (button) folded before Flop (didn't bet)
Seat 5: M1k_DP (small blind) folded before Flop
Seat 6: magzi777 (big blind) collected ($1)



PokerStars Hand #254266503795:  Hold'em No Limit ($0.50/$1.00 USD) - 2025/01/08 19:58:25 WET [2025/01/08 14:58:25 ET]
Table 'Orestes III' 6-max Seat #5 is the button
Seat 1: tukeiron ($102.60 in chips) 
Seat 2: DEraser ($36.50 in chips) 
Seat 3: steepfell ($100 in chips) 
Seat 4: Cougars001 ($131.29 in chips) 
Seat 5: M1k_DP ($102.62 in chips) 
Seat 6: magzi777 ($108.73 in chips) 
magzi777: posts small blind $0.50
tukeiron: posts big blind $1
*** HOLE CARDS ***
DEraser: folds 
steepfell: folds 
Cougars001: folds 
M1k_DP: folds 
magzi777: raises $2 to $3
tukeiron: folds 
Uncalled bet ($2) returned to magzi777
magzi777 collected $2 from pot
*** SUMMARY ***
Total pot $2 | Rake $0 
Seat 1: tukeiron (big blind) folded before Flop
Seat 2: DEraser folded before Flop (didn't bet)
Seat 3: steepfell folded before Flop (didn't bet)
Seat 4: Cougars001 folded before Flop (didn't bet)
Seat 5: M1k_DP (button) folded before Flop (didn't bet)
Seat 6: magzi777 (small blind) collected ($2)



PokerStars Hand #254266507317:  Hold'em No Limit ($0.50/$1.00 USD) - 2025/01/08 19:58:40 WET [2025/01/08 14:58:40 ET]
Table 'Orestes III' 6-max Seat #6 is the button
Seat 1: tukeiron ($101.60 in chips) 
Seat 2: DEraser ($36.50 in chips) 
Seat 3: steepfell ($100 in chips) 
Seat 4: Cougars001 ($131.29 in chips) 
Seat 5: M1k_DP ($102.62 in chips) 
Seat 6: magzi777 ($109.73 in chips) 
tukeiron: posts small blind $0.50
DEraser: posts big blind $1
*** HOLE CARDS ***
steepfell: folds 
Cougars001: calls $1
M1k_DP: folds 
magzi777: folds 
tukeiron: folds 
DEraser: checks 
*** FLOP *** [Qd 2d 7c]
DEraser: checks 
Cougars001: bets $1.19
DEraser: folds 
Uncalled bet ($1.19) returned to Cougars001
Cougars001 collected $2.38 from pot
*** SUMMARY ***
Total pot $2.50 | Rake $0.12 
Board [Qd 2d 7c]
Seat 1: tukeiron (small blind) folded before Flop
Seat 2: DEraser (big blind) folded on the Flop
Seat 3: steepfell folded before Flop (didn't bet)
Seat 4: Cougars001 collected ($2.38)
Seat 5: M1k_DP folded before Flop (didn't bet)
Seat 6: magzi777 (button) folded before Flop (didn't bet)



PokerStars Hand #254266513165:  Hold'em No Limit ($0.50/$1.00 USD) - 2025/01/08 19:59:06 WET [2025/01/08 14:59:06 ET]
Table 'Orestes III' 6-max Seat #1 is the button
Seat 1: tukeiron ($101.10 in chips) 
Seat 2: DEraser ($35.50 in chips) 
Seat 3: steepfell ($100 in chips) 
Seat 4: Cougars001 ($132.67 in chips) 
Seat 5: M1k_DP ($102.62 in chips) 
Seat 6: magzi777 ($109.73 in chips) 
DEraser: posts small blind $0.50
steepfell: posts big blind $1
*** HOLE CARDS ***
Cougars001: folds 
M1k_DP: raises $1.25 to $2.25
magzi777: folds 
tukeiron: folds 
DEraser: folds 
steepfell: folds 
Uncalled bet ($1.25) returned to M1k_DP
M1k_DP collected $2.50 from pot
M1k_DP: doesn't show hand 
*** SUMMARY ***
Total pot $2.50 | Rake $0 
Seat 1: tukeiron (button) folded before Flop (didn't bet)
Seat 2: DEraser (small blind) folded before Flop
Seat 3: steepfell (big blind) folded before Flop
Seat 4: Cougars001 folded before Flop (didn't bet)
Seat 5: M1k_DP collected ($2.50)
Seat 6: magzi777 folded before Flop (didn't bet)



PokerStars Hand #254266516810:  Hold'em No Limit ($0.50/$1.00 USD) - 2025/01/08 19:59:23 WET [2025/01/08 14:59:23 ET]
Table 'Orestes III' 6-max Seat #2 is the button
Seat 1: tukeiron ($101.10 in chips) 
Seat 2: DEraser ($35 in chips) 
Seat 3: steepfell ($100 in chips) 
Seat 4: Cougars001 ($132.67 in chips) 
Seat 5: M1k_DP ($104.12 in chips) 
Seat 6: magzi777 ($109.73 in chips) 
steepfell: posts small blind $0.50
Cougars001: posts big blind $1
*** HOLE CARDS ***
M1k_DP: folds 
magzi777: folds 
tukeiron: raises $1.50 to $2.50
DEraser: folds 
steepfell: folds 
Cougars001: folds 
Uncalled bet ($1.50) returned to tukeiron
tukeiron collected $2.50 from pot
*** SUMMARY ***
Total pot $2.50 | Rake $0 
Seat 1: tukeiron collected ($2.50)
Seat 2: DEraser (button) folded before Flop (didn't bet)
Seat 3: steepfell (small blind) folded before Flop
Seat 4: Cougars001 (big blind) folded before Flop
Seat 5: M1k_DP folded before Flop (didn't bet)
Seat 6: magzi777 folded before Flop (didn't bet)



PokerStars Hand #254266519294:  Hold'em No Limit ($0.50/$1.00 USD) - 2025/01/08 19:59:34 WET [2025/01/08 14:59:34 ET]
Table 'Orestes III' 6-max Seat #3 is the button
Seat 1: tukeiron ($102.60 in chips) 
Seat 2: DEraser ($35 in chips) 
Seat 3: steepfell ($100 in chips) 
Seat 4: Cougars001 ($131.67 in chips) 
Seat 5: M1k_DP ($104.12 in chips) 
Seat 6: magzi777 ($109.73 in chips) 
Cougars001: posts small blind $0.50
M1k_DP: posts big blind $1
*** HOLE CARDS ***
magzi777: raises $1.50 to $2.50
tukeiron: folds 
DEraser: folds 
steepfell: folds 
Cougars001: calls $2
M1k_DP: folds 
*** FLOP *** [5c Qc 3c]
Cougars001: checks 
magzi777: bets $3.76
Cougars001: calls $3.76
*** TURN *** [5c Qc 3c] [7c]
Cougars001: checks 
magzi777: checks 
*** RIVER *** [5c Qc 3c 7c] [6s]
Cougars001: bets $12.84
magzi777: folds 
Uncalled bet ($12.84) returned to Cougars001
Cougars001 collected $12.84 from pot
*** SUMMARY ***
Total pot $13.52 | Rake $0.68 
Board [5c Qc 3c 7c 6s]
Seat 1: tukeiron folded before Flop (didn't bet)
Seat 2: DEraser folded before Flop (didn't bet)
Seat 3: steepfell (button) folded before Flop (didn't bet)
Seat 4: Cougars001 (small blind) collected ($12.84)
Seat 5: M1k_DP (big blind) folded before Flop
Seat 6: magzi777 folded on the River



PokerStars Hand #254266530130:  Hold'em No Limit ($0.50/$1.00 USD) - 2025/01/08 20:00:19 WET [2025/01/08 15:00:19 ET]
Table 'Orestes III' 6-max Seat #4 is the button
Seat 1: tukeiron ($102.60 in chips) 
Seat 2: DEraser ($35 in chips) 
Seat 3: steepfell ($100 in chips) 
Seat 4: Cougars001 ($138.25 in chips) 
Seat 5: M1k_DP ($103.12 in chips) 
Seat 6: magzi777 ($103.47 in chips) 
M1k_DP: posts small blind $0.50
magzi777: posts big blind $1
*** HOLE CARDS ***
tukeiron: raises $1.20 to $2.20
DEraser: folds 
steepfell: folds 
Cougars001: folds 
M1k_DP: raises $7.30 to $9.50
magzi777: folds 
tukeiron: folds 
Uncalled bet ($7.30) returned to M1k_DP
M1k_DP collected $5.40 from pot
M1k_DP: doesn't show hand 
*** SUMMARY ***
Total pot $5.40 | Rake $0 
Seat 1: tukeiron folded before Flop
Seat 2: DEraser folded before Flop (didn't bet)
Seat 3: steepfell folded before Flop (didn't bet)
Seat 4: Cougars001 (button) folded before Flop (didn't bet)
Seat 5: M1k_DP (small blind) collected ($5.40)
Seat 6: magzi777 (big blind) folded before Flop



PokerStars Hand #254266535622:  Hold'em No Limit ($0.50/$1.00 USD) - 2025/01/08 20:00:41 WET [2025/01/08 15:00:41 ET]
Table 'Orestes III' 6-max Seat #5 is the button
Seat 1: tukeiron ($100.40 in chips) 
Seat 2: DEraser ($35 in chips) 
Seat 3: steepfell ($100 in chips) 
Seat 4: Cougars001 ($138.25 in chips) 
Seat 5: M1k_DP ($106.32 in chips) 
Seat 6: magzi777 ($102.47 in chips) 
magzi777: posts small blind $0.50
tukeiron: posts big blind $1
*** HOLE CARDS ***
DEraser: folds 
steepfell: folds 
Cougars001: calls $1
M1k_DP: folds 
magzi777: folds 
tukeiron: raises $2.50 to $3.50
Cougars001: calls $2.50
*** FLOP *** [Ac 6c 3h]
tukeiron: bets $3.56
Cougars001: folds 
Uncalled bet ($3.56) returned to tukeiron
tukeiron collected $7.12 from pot
*** SUMMARY ***
Total pot $7.50 | Rake $0.38 
Board [Ac 6c 3h]
Seat 1: tukeiron (big blind) collected ($7.12)
Seat 2: DEraser folded before Flop (didn't bet)
Seat 3: steepfell folded before Flop (didn't bet)
Seat 4: Cougars001 folded on the Flop
Seat 5: M1k_DP (button) folded before Flop (didn't bet)
Seat 6: magzi777 (small blind) folded before Flop



PokerStars Hand #254266544046:  Hold'em No Limit ($0.50/$1.00 USD) - 2025/01/08 20:01:14 WET [2025/01/08 15:01:14 ET]
Table 'Orestes III' 6-max Seat #6 is the button
Seat 1: tukeiron ($104.02 in chips) 
Seat 2: DEraser ($35 in chips) 
Seat 3: steepfell ($100 in chips) 
Seat 4: Cougars001 ($134.75 in chips) 
Seat 5: M1k_DP ($106.32 in chips) 
Seat 6: magzi777 ($101.97 in chips) 
tukeiron: posts small blind $0.50
DEraser: posts big blind $1
*** HOLE CARDS ***
steepfell: raises $1.50 to $2.50
Cougars001: folds 
M1k_DP: folds 
magzi777: folds 
tukeiron: folds 
DEraser: folds 
Uncalled bet ($1.50) returned to steepfell
steepfell collected $2.50 from pot
steepfell: doesn't show hand 
*** SUMMARY ***
Total pot $2.50 | Rake $0 
Seat 1: tukeiron (small blind) folded before Flop
Seat 2: DEraser (big blind) folded before Flop
Seat 3: steepfell collected ($2.50)
Seat 4: Cougars001 folded before Flop (didn't bet)
Seat 5: M1k_DP folded before Flop (didn't bet)
Seat 6: magzi777 (button) folded before Flop (didn't bet)



PokerStars Hand #254266551119:  Hold'em No Limit ($0.50/$1.00 USD) - 2025/01/08 20:01:38 WET [2025/01/08 15:01:38 ET]
Table 'Orestes III' 6-max Seat #1 is the button
Seat 1: tukeiron ($103.52 in chips) 
Seat 2: DEraser ($34 in chips) 
Seat 3: steepfell ($101.50 in chips) 
Seat 4: Cougars001 ($134.75 in chips) 
Seat 5: M1k_DP ($106.32 in chips) 
Seat 6: magzi777 ($101.97 in chips) 
DEraser: posts small blind $0.50
steepfell: posts big blind $1
*** HOLE CARDS ***
Cougars001: folds 
M1k_DP: folds 
magzi777: folds 
tukeiron: folds 
DEraser: folds 
Uncalled bet ($0.50) returned to steepfell
steepfell collected $1 from pot
steepfell: doesn't show hand 
*** SUMMARY ***
Total pot $1 | Rake $0 
Seat 1: tukeiron (button) folded before Flop (didn't bet)
Seat 2: DEraser (small blind) folded before Flop
Seat 3: steepfell (big blind) collected ($1)
Seat 4: Cougars001 folded before Flop (didn't bet)
Seat 5: M1k_DP folded before Flop (didn't bet)
Seat 6: magzi777 folded before Flop (didn't bet)



PokerStars Hand #254266555755:  Hold'em No Limit ($0.50/$1.00 USD) - 2025/01/08 20:01:54 WET [2025/01/08 15:01:54 ET]
Table 'Orestes III' 6-max Seat #2 is the button
Seat 1: tukeiron ($103.52 in chips) 
Seat 2: DEraser ($33.50 in chips) 
Seat 3: steepfell ($102 in chips) 
Seat 4: Cougars001 ($134.75 in chips) 
Seat 5: M1k_DP ($106.32 in chips) 
Seat 6: magzi777 ($101.97 in chips) 
steepfell: posts small blind $0.50
Cougars001: posts big blind $1
*** HOLE CARDS ***
M1k_DP: folds 
magzi777: raises $1.50 to $2.50
tukeiron: calls $2.50
DEraser: folds 
steepfell: folds 
Cougars001: calls $1.50
*** FLOP *** [Qc Ts 3c]
Cougars001: checks 
magzi777: bets $5.02
tukeiron: folds 
Cougars001: calls $5.02
*** TURN *** [Qc Ts 3c] [Js]
Cougars001: checks 
magzi777: bets $8.57
Cougars001: folds 
Uncalled bet ($8.57) returned to magzi777
magzi777 collected $17.14 from pot
*** SUMMARY ***
Total pot $18.04 | Rake $0.90 
Board [Qc Ts 3c Js]
Seat 1: tukeiron folded on the Flop
Seat 2: DEraser (button) folded before Flop (didn't bet)
Seat 3: steepfell (small blind) folded before Flop
Seat 4: Cougars001 (big blind) folded on the Turn
Seat 5: M1k_DP folded before Flop (didn't bet)
Seat 6: magzi777 collected ($17.14)



PokerStars Hand #254266572561:  Hold'em No Limit ($0.50/$1.00 USD) - 2025/01/08 20:02:48 WET [2025/01/08 15:02:48 ET]
Table 'Orestes III' 6-max Seat #3 is the button
Seat 1: tukeiron ($101.02 in chips) 
Seat 2: DEraser ($33.50 in chips) 
Seat 3: steepfell ($101.50 in chips) 
Seat 4: Cougars001 ($127.23 in chips) 
Seat 5: M1k_DP ($106.32 in chips) 
Seat 6: magzi777 ($111.59 in chips) 
Cougars001: posts small blind $0.50
M1k_DP: posts big blind $1
*** HOLE CARDS ***
magzi777: folds 
tukeiron: folds 
DEraser: folds 
steepfell: folds 
Cougars001: calls $0.50
M1k_DP: checks 
*** FLOP *** [4s 9h 7h]
Cougars001: checks 
M1k_DP: checks 
*** TURN *** [4s 9h 7h] [Jh]
Cougars001: checks 
M1k_DP: bets $1
Cougars001: folds 
Uncalled bet ($1) returned to M1k_DP
M1k_DP collected $1.90 from pot
M1k_DP: doesn't show hand 
*** SUMMARY ***
Total pot $2 | Rake $0.10 
Board [4s 9h 7h Jh]
Seat 1: tukeiron folded before Flop (didn't bet)
Seat 2: DEraser folded before Flop (didn't bet)
Seat 3: steepfell (button) folded before Flop (didn't bet)
Seat 4: Cougars001 (small blind) folded on the Turn
Seat 5: M1k_DP (big blind) collected ($1.90)
Seat 6: magzi777 folded before Flop (didn't bet)



PokerStars Hand #254266591929:  Hold'em No Limit ($0.50/$1.00 USD) - 2025/01/08 20:03:49 WET [2025/01/08 15:03:49 ET]
Table 'Orestes III' 6-max Seat #4 is the button
Seat 1: tukeiron ($101.02 in chips) 
Seat 2: DEraser ($33.50 in chips) 
Seat 3: steepfell ($101.50 in chips) 
Seat 4: Cougars001 ($126.23 in chips) 
Seat 5: M1k_DP ($107.22 in chips) 
Seat 6: magzi777 ($111.59 in chips) 
M1k_DP: posts small blind $0.50
magzi777: posts big blind $1
*** HOLE CARDS ***
tukeiron: raises $1.50 to $2.50
DEraser: folds 
steepfell: folds 
Cougars001: calls $2.50
M1k_DP: folds 
magzi777: folds 
*** FLOP *** [3d Ah 9d]
tukeiron: bets $2.04
Cougars001: calls $2.04
*** TURN *** [3d Ah 9d] [Th]
tukeiron: bets $15.08
Cougars001: folds 
Uncalled bet ($15.08) returned to tukeiron
tukeiron collected $10.05 from pot
*** SUMMARY ***
Total pot $10.58 | Rake $0.53 
Board [3d Ah 9d Th]
Seat 1: tukeiron collected ($10.05)
Seat 2: DEraser folded before Flop (didn't bet)
Seat 3: steepfell folded before Flop (didn't bet)
Seat 4: Cougars001 (button) folded on the Turn
Seat 5: M1k_DP (small blind) folded before Flop
Seat 6: magzi777 (big blind) folded before Flop



PokerStars Hand #254266605165:  Hold'em No Limit ($0.50/$1.00 USD) - 2025/01/08 20:04:30 WET [2025/01/08 15:04:30 ET]
Table 'Orestes III' 6-max Seat #5 is the button
Seat 1: tukeiron ($106.53 in chips) 
Seat 2: DEraser ($33.50 in chips) 
Seat 3: steepfell ($101.50 in chips) 
Seat 4: Cougars001 ($121.69 in chips) 
Seat 5: M1k_DP ($106.72 in chips) 
Seat 6: magzi777 ($110.59 in chips) 
magzi777: posts small blind $0.50
tukeiron: posts big blind $1
*** HOLE CARDS ***
DEraser: folds 
steepfell: folds 
Cougars001: folds 
M1k_DP: folds 
magzi777: folds 
Uncalled bet ($0.50) returned to tukeiron
tukeiron collected $1 from pot
*** SUMMARY ***
Total pot $1 | Rake $0 
Seat 1: tukeiron (big blind) collected ($1)
Seat 2: DEraser folded before Flop (didn't bet)
Seat 3: steepfell folded before Flop (didn't bet)
Seat 4: Cougars001 folded before Flop (didn't bet)
Seat 5: M1k_DP (button) folded before Flop (didn't bet)
Seat 6: magzi777 (small blind) folded before Flop



PokerStars Hand #254266608491:  Hold'em No Limit ($0.50/$1.00 USD) - 2025/01/08 20:04:40 WET [2025/01/08 15:04:40 ET]
Table 'Orestes III' 6-max Seat #6 is the button
Seat 1: tukeiron ($107.03 in chips) 
Seat 2: DEraser ($33.50 in chips) 
Seat 3: steepfell ($101.50 in chips) 
Seat 4: Cougars001 ($121.69 in chips) 
Seat 5: M1k_DP ($106.72 in chips) 
Seat 6: magzi777 ($110.09 in chips) 
tukeiron: posts small blind $0.50
DEraser: posts big blind $1
*** HOLE CARDS ***
steepfell has timed out
steepfell: folds 
Cougars001: folds 
M1k_DP: raises $1.25 to $2.25
magzi777: folds 
tukeiron: folds 
DEraser: calls $1.25
*** FLOP *** [8h Kd Tc]
DEraser: checks 
M1k_DP: bets $1.57
DEraser: calls $1.57
*** TURN *** [8h Kd Tc] [4c]
DEraser: checks 
M1k_DP: bets $5.80
DEraser: calls $5.80
*** RIVER *** [8h Kd Tc 4c] [8c]
DEraser: checks 
tukeiron leaves the table
M1k_DP: checks 
*** SHOW DOWN ***
DEraser: shows [Qd Td] (two pair, Tens and Eights)
M1k_DP: mucks hand 
DEraser collected $18.75 from pot
*** SUMMARY ***
Total pot $19.74 | Rake $0.99 
Board [8h Kd Tc 4c 8c]
Seat 1: tukeiron (small blind) folded before Flop
Seat 2: DEraser (big blind) showed [Qd Td] and won ($18.75) with two pair, Tens and Eights
Seat 3: steepfell folded before Flop (didn't bet)
Seat 4: Cougars001 folded before Flop (didn't bet)
Seat 5: M1k_DP mucked
Seat 6: magzi777 (button) folded before Flop (didn't bet)



PokerStars Hand #254266650400:  Hold'em No Limit ($0.50/$1.00 USD) - 2025/01/08 20:06:45 WET [2025/01/08 15:06:45 ET]
Table 'Orestes III' 6-max Seat #2 is the button
Seat 3: steepfell ($101.50 in chips) is sitting out
Seat 2: DEraser ($42.63 in chips) 
Seat 4: Cougars001 ($121.69 in chips) 
Seat 5: M1k_DP ($100 in chips) 
Seat 6: magzi777 ($110.09 in chips) 
Cougars001: posts small blind $0.50
M1k_DP: posts big blind $1
*** HOLE CARDS ***
magzi777: folds 
DEraser: folds 
Cougars001: raises $2 to $3
nastja336 joins the table at seat #1 
M1k_DP: folds 
Uncalled bet ($2) returned to Cougars001
Cougars001 collected $2 from pot
*** SUMMARY ***
Total pot $2 | Rake $0 
Seat 3: steepfell
Seat 2: DEraser (button) folded before Flop (didn't bet)
Seat 4: Cougars001 (small blind) collected ($2)
Seat 5: M1k_DP (big blind) folded before Flop
Seat 6: magzi777 folded before Flop (didn't bet)



PokerStars Hand #254266654979:  Hold'em No Limit ($0.50/$1.00 USD) - 2025/01/08 20:06:58 WET [2025/01/08 15:06:58 ET]
Table 'Orestes III' 6-max Seat #4 is the button
Seat 1: nastja336 ($104.77 in chips) is sitting out
Seat 3: steepfell ($101.50 in chips) is sitting out
Seat 2: DEraser ($42.63 in chips) 
Seat 4: Cougars001 ($122.69 in chips) 
Seat 5: M1k_DP ($100 in chips) 
Seat 6: magzi777 ($110.09 in chips) 
M1k_DP: posts small blind $0.50
magzi777: posts big blind $1
nastja336: sits out 
*** HOLE CARDS ***
DEraser: folds 
Cougars001: raises $2 to $3
M1k_DP: folds 
magzi777: calls $2
*** FLOP *** [7d Qh Ts]
magzi777: checks 
Cougars001: bets $3.09
magzi777: calls $3.09
*** TURN *** [7d Qh Ts] [Qs]
magzi777: checks 
Cougars001: bets $6.03
magzi777: folds 
Uncalled bet ($6.03) returned to Cougars001
Cougars001 collected $12.05 from pot
*** SUMMARY ***
Total pot $12.68 | Rake $0.63 
Board [7d Qh Ts Qs]
Seat 1: nastja336
Seat 3: steepfell
Seat 2: DEraser folded before Flop (didn't bet)
Seat 4: Cougars001 (button) collected ($12.05)
Seat 5: M1k_DP (small blind) folded before Flop
Seat 6: magzi777 (big blind) folded on the Turn



PokerStars Hand #254266672626:  Hold'em No Limit ($0.50/$1.00 USD) - 2025/01/08 20:07:50 WET [2025/01/08 15:07:50 ET]
Table 'Orestes III' 6-max Seat #5 is the button
Seat 3: steepfell ($101.50 in chips) is sitting out
Seat 1: nastja336 ($104.77 in chips) 
Seat 2: DEraser ($42.63 in chips) 
Seat 4: Cougars001 ($128.65 in chips) 
Seat 5: M1k_DP ($100 in chips) 
Seat 6: magzi777 ($104 in chips) 
magzi777: posts small blind $0.50
nastja336: posts big blind $1
steepfell: sits out 
*** HOLE CARDS ***
DEraser: folds 
Cougars001: raises $2.50 to $3.50
M1k_DP: folds 
magzi777: folds 
nastja336: calls $2.50
*** FLOP *** [7c Ks Ad]
nastja336: checks 
Cougars001: bets $7.12
nastja336: calls $7.12
*** TURN *** [7c Ks Ad] [9h]
nastja336: checks 
Cougars001: checks 
*** RIVER *** [7c Ks Ad 9h] [8s]
nastja336: checks 
Cougars001: checks 
*** SHOW DOWN ***
nastja336: shows [Ac Qd] (a pair of Aces)
Cougars001: mucks hand 
nastja336 collected $20.65 from pot
*** SUMMARY ***
Total pot $21.74 | Rake $1.09 
Board [7c Ks Ad 9h 8s]
Seat 3: steepfell
Seat 1: nastja336 (big blind) showed [Ac Qd] and won ($20.65) with a pair of Aces
Seat 2: DEraser folded before Flop (didn't bet)
Seat 4: Cougars001 mucked
Seat 5: M1k_DP (button) folded before Flop (didn't bet)
Seat 6: magzi777 (small blind) folded before Flop



PokerStars Hand #254266685268:  Hold'em No Limit ($0.50/$1.00 USD) - 2025/01/08 20:08:28 WET [2025/01/08 15:08:28 ET]
Table 'Orestes III' 6-max Seat #6 is the button
Seat 3: steepfell ($101.50 in chips) is sitting out
Seat 1: nastja336 ($114.80 in chips) 
Seat 2: DEraser ($42.63 in chips) 
Seat 4: Cougars001 ($118.03 in chips) 
Seat 5: M1k_DP ($100 in chips) 
Seat 6: magzi777 ($103.50 in chips) 
nastja336: posts small blind $0.50
DEraser: posts big blind $1
steepfell: sits out 
*** HOLE CARDS ***
Cougars001: calls $1
M1k_DP: raises $3.50 to $4.50
magzi777: raises $9 to $13.50
nastja336: folds 
DEraser: folds 
Cougars001: calls $12.50
M1k_DP: folds 
*** FLOP *** [5d Td 5c]
Cougars001: checks 
magzi777: bets $7.84
Cougars001: calls $7.84
*** TURN *** [5d Td 5c] [9h]
Cougars001: checks 
magzi777: bets $23.13
Cougars001: calls $23.13
*** RIVER *** [5d Td 5c 9h] [7d]
Cougars001: bets $46.22
magzi777: folds 
Uncalled bet ($46.22) returned to Cougars001
Cougars001 collected $92.44 from pot
*** SUMMARY ***
Total pot $94.94 | Rake $2.50 
Board [5d Td 5c 9h 7d]
Seat 3: steepfell
Seat 1: nastja336 (small blind) folded before Flop
Seat 2: DEraser (big blind) folded before Flop
Seat 4: Cougars001 collected ($92.44)
Seat 5: M1k_DP folded before Flop
Seat 6: magzi777 (button) folded on the River



PokerStars Hand #254266711057:  Hold'em No Limit ($0.50/$1.00 USD) - 2025/01/08 20:09:44 WET [2025/01/08 15:09:44 ET]
Table 'Orestes III' 6-max Seat #1 is the button
Seat 1: nastja336 ($114.30 in chips) 
Seat 2: DEraser ($41.63 in chips) 
Seat 3: steepfell ($101.50 in chips) 
Seat 4: Cougars001 ($166 in chips) 
Seat 5: M1k_DP ($100 in chips) 
Seat 6: magzi777 ($100 in chips) 
DEraser: posts small blind $0.50
steepfell: posts big blind $1
*** HOLE CARDS ***
Cougars001: calls $1
M1k_DP: folds 
magzi777: folds 
nastja336: folds 
DEraser: raises $5 to $6
steepfell: folds 
Cougars001: calls $5
*** FLOP *** [Ah 4s 2s]
DEraser: checks 
Cougars001: checks 
*** TURN *** [Ah 4s 2s] [9c]
DEraser: bets $4.08
Cougars001: calls $4.08
*** RIVER *** [Ah 4s 2s 9c] [5c]
DEraser: checks 
Cougars001: bets $10.05
DEraser: calls $10.05
*** SHOW DOWN ***
Cougars001: shows [4d 6d] (a pair of Fours)
DEraser: shows [Ad Ks] (a pair of Aces)
DEraser collected $39.20 from pot
*** SUMMARY ***
Total pot $41.26 | Rake $2.06 
Board [Ah 4s 2s 9c 5c]
Seat 1: nastja336 (button) folded before Flop (didn't bet)
Seat 2: DEraser (small blind) showed [Ad Ks] and won ($39.20) with a pair of Aces
Seat 3: steepfell (big blind) folded before Flop
Seat 4: Cougars001 showed [4d 6d] and lost with a pair of Fours
Seat 5: M1k_DP folded before Flop (didn't bet)
Seat 6: magzi777 folded before Flop (didn't bet)



PokerStars Hand #254266732028:  Hold'em No Limit ($0.50/$1.00 USD) - 2025/01/08 20:10:46 WET [2025/01/08 15:10:46 ET]
Table 'Orestes III' 6-max Seat #2 is the button
Seat 1: nastja336 ($114.30 in chips) 
Seat 2: DEraser ($60.70 in chips) 
Seat 3: steepfell ($100.50 in chips) 
Seat 4: Cougars001 ($145.87 in chips) 
Seat 5: M1k_DP ($100 in chips) 
Seat 6: magzi777 ($100 in chips) 
steepfell: posts small blind $0.50
Cougars001: posts big blind $1
*** HOLE CARDS ***
M1k_DP: folds 
magzi777: folds 
nastja336: raises $1.50 to $2.50
DEraser: folds 
steepfell: raises $8.50 to $11
Cougars001: folds 
nastja336: folds 
Uncalled bet ($8.50) returned to steepfell
steepfell collected $6 from pot
steepfell: doesn't show hand 
*** SUMMARY ***
Total pot $6 | Rake $0 
Seat 1: nastja336 folded before Flop
Seat 2: DEraser (button) folded before Flop (didn't bet)
Seat 3: steepfell (small blind) collected ($6)
Seat 4: Cougars001 (big blind) folded before Flop
Seat 5: M1k_DP folded before Flop (didn't bet)
Seat 6: magzi777 folded before Flop (didn't bet)



PokerStars Hand #254266739269:  Hold'em No Limit ($0.50/$1.00 USD) - 2025/01/08 20:11:08 WET [2025/01/08 15:11:08 ET]
Table 'Orestes III' 6-max Seat #3 is the button
Seat 5: M1k_DP ($100 in chips) is sitting out
Seat 1: nastja336 ($111.80 in chips) 
Seat 2: DEraser ($60.70 in chips) 
Seat 3: steepfell ($104 in chips) 
Seat 4: Cougars001 ($144.87 in chips) 
Seat 6: magzi777 ($100 in chips) 
Cougars001: posts small blind $0.50
M1k_DP: is sitting out 
magzi777: posts big blind $1
*** HOLE CARDS ***
nastja336: folds 
DEraser: folds 
steepfell: raises $1.50 to $2.50
Cougars001: folds 
magzi777: calls $1.50
*** FLOP *** [Ah Kh 8s]
magzi777: checks 
steepfell: bets $2.61
magzi777: calls $2.61
*** TURN *** [Ah Kh 8s] [5h]
magzi777: checks 
steepfell: checks 
*** RIVER *** [Ah Kh 8s 5h] [7s]
magzi777: bets $7.50
steepfell: calls $7.50
*** SHOW DOWN ***
magzi777: shows [Qc Jd] (high card Ace)
steepfell: shows [Ad 4d] (a pair of Aces)
steepfell collected $24.43 from pot
*** SUMMARY ***
Total pot $25.72 | Rake $1.29 
Board [Ah Kh 8s 5h 7s]
Seat 5: M1k_DP
Seat 1: nastja336 folded before Flop (didn't bet)
Seat 2: DEraser folded before Flop (didn't bet)
Seat 3: steepfell (button) showed [Ad 4d] and won ($24.43) with a pair of Aces
Seat 4: Cougars001 (small blind) folded before Flop
Seat 6: magzi777 (big blind) showed [Qc Jd] and lost with high card Ace



PokerStars Hand #254266758002:  Hold'em No Limit ($0.50/$1.00 USD) - 2025/01/08 20:12:04 WET [2025/01/08 15:12:04 ET]
Table 'Orestes III' 6-max Seat #4 is the button
Seat 5: M1k_DP ($100 in chips) is sitting out
Seat 1: nastja336 ($111.80 in chips) 
Seat 2: DEraser ($60.70 in chips) 
Seat 3: steepfell ($115.82 in chips) 
Seat 4: Cougars001 ($144.37 in chips) 
Seat 6: magzi777 ($100 in chips) 
magzi777: posts small blind $0.50
nastja336: posts big blind $1
*** HOLE CARDS ***
DEraser: folds 
steepfell: folds 
Cougars001: calls $1
magzi777: folds 
nastja336: checks 
*** FLOP *** [3d Td Qd]
nastja336: checks 
Cougars001: bets $1.19
nastja336: calls $1.19
*** TURN *** [3d Td Qd] [5s]
nastja336: checks 
Cougars001: bets $2.32
nastja336: calls $2.32
*** RIVER *** [3d Td Qd 5s] [Ac]
nastja336: checks 
Cougars001: bets $9.04
nastja336: folds 
Uncalled bet ($9.04) returned to Cougars001
Cougars001 collected $9.04 from pot
*** SUMMARY ***
Total pot $9.52 | Rake $0.48 
Board [3d Td Qd 5s Ac]
Seat 5: M1k_DP
Seat 1: nastja336 (big blind) folded on the River
Seat 2: DEraser folded before Flop (didn't bet)
Seat 3: steepfell folded before Flop (didn't bet)
Seat 4: Cougars001 (button) collected ($9.04)
Seat 6: magzi777 (small blind) folded before Flop



PokerStars Hand #254266773422:  Hold'em No Limit ($0.50/$1.00 USD) - 2025/01/08 20:12:50 WET [2025/01/08 15:12:50 ET]
Table 'Orestes III' 6-max Seat #6 is the button
Seat 5: M1k_DP ($100 in chips) is sitting out
Seat 1: nastja336 ($107.29 in chips) 
Seat 2: DEraser ($60.70 in chips) 
Seat 3: steepfell ($115.82 in chips) 
Seat 4: Cougars001 ($148.90 in chips) 
Seat 6: magzi777 ($100 in chips) 
nastja336: posts small blind $0.50
DEraser: posts big blind $1
*** HOLE CARDS ***
steepfell: folds 
Cougars001: folds 
magzi777: folds 
nastja336: raises $2 to $3
DEraser: folds 
Uncalled bet ($2) returned to nastja336
nastja336 collected $2 from pot
nastja336: doesn't show hand 
*** SUMMARY ***
Total pot $2 | Rake $0 
Seat 5: M1k_DP
Seat 1: nastja336 (small blind) collected ($2)
Seat 2: DEraser (big blind) folded before Flop
Seat 3: steepfell folded before Flop (didn't bet)
Seat 4: Cougars001 folded before Flop (didn't bet)
Seat 6: magzi777 (button) folded before Flop (didn't bet)



PokerStars Hand #254266782778:  Hold'em No Limit ($0.50/$1.00 USD) - 2025/01/08 20:13:17 WET [2025/01/08 15:13:17 ET]
Table 'Orestes III' 6-max Seat #1 is the button
Seat 5: M1k_DP ($100 in chips) is sitting out
Seat 1: nastja336 ($108.29 in chips) 
Seat 2: DEraser ($59.70 in chips) 
Seat 3: steepfell ($115.82 in chips) 
Seat 4: Cougars001 ($148.90 in chips) 
Seat 6: magzi777 ($100 in chips) 
DEraser: posts small blind $0.50
steepfell: posts big blind $1
*** HOLE CARDS ***
Cougars001: folds 
magzi777: raises $1.50 to $2.50
nastja336: folds 
DEraser: folds 
steepfell: folds 
Uncalled bet ($1.50) returned to magzi777
magzi777 collected $2.50 from pot
*** SUMMARY ***
Total pot $2.50 | Rake $0 
Seat 5: M1k_DP
Seat 1: nastja336 (button) folded before Flop (didn't bet)
Seat 2: DEraser (small blind) folded before Flop
Seat 3: steepfell (big blind) folded before Flop
Seat 4: Cougars001 folded before Flop (didn't bet)
Seat 6: magzi777 collected ($2.50)



PokerStars Hand #254266786887:  Hold'em No Limit ($0.50/$1.00 USD) - 2025/01/08 20:13:29 WET [2025/01/08 15:13:29 ET]
Table 'Orestes III' 6-max Seat #2 is the button
Seat 5: M1k_DP ($100 in chips) is sitting out
Seat 1: nastja336 ($108.29 in chips) 
Seat 2: DEraser ($59.20 in chips) 
Seat 3: steepfell ($114.82 in chips) 
Seat 4: Cougars001 ($148.90 in chips) 
Seat 6: magzi777 ($101.50 in chips) 
steepfell: posts small blind $0.50
Cougars001: posts big blind $1
*** HOLE CARDS ***
magzi777: folds 
nastja336: folds 
DEraser: folds 
steepfell: folds 
Uncalled bet ($0.50) returned to Cougars001
Cougars001 collected $1 from pot
*** SUMMARY ***
Total pot $1 | Rake $0 
Seat 5: M1k_DP
Seat 1: nastja336 folded before Flop (didn't bet)
Seat 2: DEraser (button) folded before Flop (didn't bet)
Seat 3: steepfell (small blind) folded before Flop
Seat 4: Cougars001 (big blind) collected ($1)
Seat 6: magzi777 folded before Flop (didn't bet)



PokerStars Hand #254266792493:  Hold'em No Limit ($0.50/$1.00 USD) - 2025/01/08 20:13:46 WET [2025/01/08 15:13:46 ET]
Table 'Orestes III' 6-max Seat #3 is the button
Seat 5: M1k_DP ($100 in chips) is sitting out
Seat 1: nastja336 ($108.29 in chips) 
Seat 2: DEraser ($59.20 in chips) 
Seat 3: steepfell ($114.32 in chips) 
Seat 4: Cougars001 ($149.40 in chips) 
Seat 6: magzi777 ($101.50 in chips) 
Cougars001: posts small blind $0.50
magzi777: posts big blind $1
*** HOLE CARDS ***
nastja336: folds 
DEraser: folds 
steepfell: folds 
Cougars001: folds 
Uncalled bet ($0.50) returned to magzi777
magzi777 collected $1 from pot
*** SUMMARY ***
Total pot $1 | Rake $0 
Seat 5: M1k_DP
Seat 1: nastja336 folded before Flop (didn't bet)
Seat 2: DEraser folded before Flop (didn't bet)
Seat 3: steepfell (button) folded before Flop (didn't bet)
Seat 4: Cougars001 (small blind) folded before Flop
Seat 6: magzi777 (big blind) collected ($1)



PokerStars Hand #254266797095:  Hold'em No Limit ($0.50/$1.00 USD) - 2025/01/08 20:13:59 WET [2025/01/08 15:13:59 ET]
Table 'Orestes III' 6-max Seat #4 is the button
Seat 5: M1k_DP ($100 in chips) is sitting out
Seat 1: nastja336 ($108.29 in chips) 
Seat 2: DEraser ($59.20 in chips) 
Seat 3: steepfell ($114.32 in chips) 
Seat 4: Cougars001 ($148.90 in chips) 
Seat 6: magzi777 ($102 in chips) 
magzi777: posts small blind $0.50
nastja336: posts big blind $1
*** HOLE CARDS ***
DEraser: folds 
steepfell: raises $1.50 to $2.50
Cougars001: calls $2.50
magzi777: folds 
nastja336: raises $11.50 to $14
steepfell: calls $11.50
Cougars001: folds 
*** FLOP *** [Jd 2c Ad]
nastja336: bets $9.72
steepfell: calls $9.72
*** TURN *** [Jd 2c Ad] [2h]
nastja336: checks 
steepfell: checks 
*** RIVER *** [Jd 2c Ad 2h] [6d]
nastja336: bets $15.82
steepfell: folds 
Uncalled bet ($15.82) returned to nastja336
nastja336 collected $47.94 from pot
nastja336: doesn't show hand 
*** SUMMARY ***
Total pot $50.44 | Rake $2.50 
Board [Jd 2c Ad 2h 6d]
Seat 5: M1k_DP
Seat 1: nastja336 (big blind) collected ($47.94)
Seat 2: DEraser folded before Flop (didn't bet)
Seat 3: steepfell folded on the River
Seat 4: Cougars001 (button) folded before Flop
Seat 6: magzi777 (small blind) folded before Flop



PokerStars Hand #254266820214:  Hold'em No Limit ($0.50/$1.00 USD) - 2025/01/08 20:15:07 WET [2025/01/08 15:15:07 ET]
Table 'Orestes III' 6-max Seat #6 is the button
Seat 5: M1k_DP ($100 in chips) is sitting out
Seat 1: nastja336 ($132.51 in chips) 
Seat 2: DEraser ($59.20 in chips) 
Seat 3: steepfell ($100 in chips) 
Seat 4: Cougars001 ($146.40 in chips) 
Seat 6: magzi777 ($101.50 in chips) 
nastja336: posts small blind $0.50
DEraser: posts big blind $1
*** HOLE CARDS ***
steepfell: folds 
Cougars001: calls $1
magzi777: folds 
nastja336: folds 
DEraser: checks 
*** FLOP *** [3d Qd Jd]
DEraser: checks 
Cougars001: checks 
*** TURN *** [3d Qd Jd] [Qc]
DEraser: bets $1
Cougars001: folds 
Uncalled bet ($1) returned to DEraser
DEraser collected $2.38 from pot
DEraser: doesn't show hand 
*** SUMMARY ***
Total pot $2.50 | Rake $0.12 
Board [3d Qd Jd Qc]
Seat 5: M1k_DP
Seat 1: nastja336 (small blind) folded before Flop
Seat 2: DEraser (big blind) collected ($2.38)
Seat 3: steepfell folded before Flop (didn't bet)
Seat 4: Cougars001 folded on the Turn
Seat 6: magzi777 (button) folded before Flop (didn't bet)



PokerStars Hand #254266832342:  Hold'em No Limit ($0.50/$1.00 USD) - 2025/01/08 20:15:42 WET [2025/01/08 15:15:42 ET]
Table 'Orestes III' 6-max Seat #1 is the button
Seat 5: M1k_DP ($100 in chips) is sitting out
Seat 1: nastja336 ($132.01 in chips) 
Seat 2: DEraser ($60.58 in chips) 
Seat 3: steepfell ($100 in chips) 
Seat 4: Cougars001 ($145.40 in chips) 
Seat 6: magzi777 ($101.50 in chips) 
DEraser: posts small blind $0.50
steepfell: posts big blind $1
*** HOLE CARDS ***
Cougars001: folds 
magzi777: folds 
nastja336: folds 
DEraser: folds 
Uncalled bet ($0.50) returned to steepfell
steepfell collected $1 from pot
steepfell: doesn't show hand 
*** SUMMARY ***
Total pot $1 | Rake $0 
Seat 5: M1k_DP
Seat 1: nastja336 (button) folded before Flop (didn't bet)
Seat 2: DEraser (small blind) folded before Flop
Seat 3: steepfell (big blind) collected ($1)
Seat 4: Cougars001 folded before Flop (didn't bet)
Seat 6: magzi777 folded before Flop (didn't bet)



PokerStars Hand #254266835894:  Hold'em No Limit ($0.50/$1.00 USD) - 2025/01/08 20:15:53 WET [2025/01/08 15:15:53 ET]
Table 'Orestes III' 6-max Seat #2 is the button
Seat 5: M1k_DP ($100 in chips) is sitting out
Seat 1: nastja336 ($132.01 in chips) 
Seat 2: DEraser ($60.08 in chips) 
Seat 3: steepfell ($100.50 in chips) 
Seat 4: Cougars001 ($145.40 in chips) 
Seat 6: magzi777 ($101.50 in chips) 
steepfell: posts small blind $0.50
Cougars001: posts big blind $1
*** HOLE CARDS ***
magzi777: folds 
nastja336: folds 
DEraser: folds 
steepfell: folds 
Uncalled bet ($0.50) returned to Cougars001
Cougars001 collected $1 from pot
*** SUMMARY ***
Total pot $1 | Rake $0 
Seat 5: M1k_DP
Seat 1: nastja336 folded before Flop (didn't bet)
Seat 2: DEraser (button) folded before Flop (didn't bet)
Seat 3: steepfell (small blind) folded before Flop
Seat 4: Cougars001 (big blind) collected ($1)
Seat 6: magzi777 folded before Flop (didn't bet)



PokerStars Hand #254266839215:  Hold'em No Limit ($0.50/$1.00 USD) - 2025/01/08 20:16:02 WET [2025/01/08 15:16:02 ET]
Table 'Orestes III' 6-max Seat #3 is the button
Seat 5: M1k_DP ($100 in chips) is sitting out
Seat 1: nastja336 ($132.01 in chips) 
Seat 2: DEraser ($60.08 in chips) 
Seat 3: steepfell ($100 in chips) 
Seat 4: Cougars001 ($145.90 in chips) 
Seat 6: magzi777 ($101.50 in chips) 
Cougars001: posts small blind $0.50
magzi777: posts big blind $1
*** HOLE CARDS ***
nastja336: folds 
DEraser: folds 
steepfell: folds 
Cougars001: folds 
Uncalled bet ($0.50) returned to magzi777
magzi777 collected $1 from pot
*** SUMMARY ***
Total pot $1 | Rake $0 
Seat 5: M1k_DP
Seat 1: nastja336 folded before Flop (didn't bet)
Seat 2: DEraser folded before Flop (didn't bet)
Seat 3: steepfell (button) folded before Flop (didn't bet)
Seat 4: Cougars001 (small blind) folded before Flop
Seat 6: magzi777 (big blind) collected ($1)



PokerStars Hand #254266842840:  Hold'em No Limit ($0.50/$1.00 USD) - 2025/01/08 20:16:13 WET [2025/01/08 15:16:13 ET]
Table 'Orestes III' 6-max Seat #4 is the button
Seat 5: M1k_DP ($100 in chips) is sitting out
Seat 1: nastja336 ($132.01 in chips) 
Seat 2: DEraser ($60.08 in chips) 
Seat 3: steepfell ($100 in chips) 
Seat 4: Cougars001 ($145.40 in chips) 
Seat 6: magzi777 ($102 in chips) 
magzi777: posts small blind $0.50
nastja336: posts big blind $1
*** HOLE CARDS ***
DEraser: raises $1.50 to $2.50
steepfell: folds 
Cougars001: calls $2.50
magzi777: calls $2
nastja336: folds 
*** FLOP *** [Qc 9s Jc]
magzi777: checks 
DEraser: checks 
Cougars001: checks 
*** TURN *** [Qc 9s Jc] [3d]
magzi777: checks 
DEraser: bets $5.06
Cougars001: calls $5.06
magzi777: folds 
*** RIVER *** [Qc 9s Jc 3d] [3s]
DEraser: checks 
Cougars001: checks 
*** SHOW DOWN ***
DEraser: shows [5c Ac] (a pair of Threes)
Cougars001: shows [Ah Jd] (two pair, Jacks and Threes)
Cougars001 collected $17.69 from pot
*** SUMMARY ***
Total pot $18.62 | Rake $0.93 
Board [Qc 9s Jc 3d 3s]
Seat 5: M1k_DP
Seat 1: nastja336 (big blind) folded before Flop
Seat 2: DEraser showed [5c Ac] and lost with a pair of Threes
Seat 3: steepfell folded before Flop (didn't bet)
Seat 4: Cougars001 (button) showed [Ah Jd] and won ($17.69) with two pair, Jacks and Threes
Seat 6: magzi777 (small blind) folded on the Turn



PokerStars Hand #254266864321:  Hold'em No Limit ($0.50/$1.00 USD) - 2025/01/08 20:17:16 WET [2025/01/08 15:17:16 ET]
Table 'Orestes III' 6-max Seat #6 is the button
Seat 5: M1k_DP ($100 in chips) is sitting out
Seat 1: nastja336 ($131.01 in chips) 
Seat 2: DEraser ($52.52 in chips) 
Seat 3: steepfell ($100 in chips) 
Seat 4: Cougars001 ($155.53 in chips) 
Seat 6: magzi777 ($100 in chips) 
nastja336: posts small blind $0.50
DEraser: posts big blind $1
*** HOLE CARDS ***
steepfell: folds 
Cougars001: folds 
magzi777: folds 
nastja336: folds 
Uncalled bet ($0.50) returned to DEraser
DEraser collected $1 from pot
DEraser: doesn't show hand 
*** SUMMARY ***
Total pot $1 | Rake $0 
Seat 5: M1k_DP
Seat 1: nastja336 (small blind) folded before Flop
Seat 2: DEraser (big blind) collected ($1)
Seat 3: steepfell folded before Flop (didn't bet)
Seat 4: Cougars001 folded before Flop (didn't bet)
Seat 6: magzi777 (button) folded before Flop (didn't bet)



PokerStars Hand #254266867773:  Hold'em No Limit ($0.50/$1.00 USD) - 2025/01/08 20:17:26 WET [2025/01/08 15:17:26 ET]
Table 'Orestes III' 6-max Seat #1 is the button
Seat 5: M1k_DP ($100 in chips) is sitting out
Seat 1: nastja336 ($130.51 in chips) 
Seat 2: DEraser ($53.02 in chips) 
Seat 3: steepfell ($100 in chips) 
Seat 4: Cougars001 ($155.53 in chips) 
Seat 6: magzi777 ($100 in chips) 
DEraser: posts small blind $0.50
steepfell: posts big blind $1
*** HOLE CARDS ***
Cougars001: folds 
magzi777: folds 
nastja336: raises $1.50 to $2.50
DEraser: raises $5.50 to $8
steepfell: folds 
nastja336: folds 
Uncalled bet ($5.50) returned to DEraser
DEraser collected $6 from pot
DEraser: doesn't show hand 
*** SUMMARY ***
Total pot $6 | Rake $0 
Seat 5: M1k_DP
Seat 1: nastja336 (button) folded before Flop
Seat 2: DEraser (small blind) collected ($6)
Seat 3: steepfell (big blind) folded before Flop
Seat 4: Cougars001 folded before Flop (didn't bet)
Seat 6: magzi777 folded before Flop (didn't bet)



PokerStars Hand #254266879128:  Hold'em No Limit ($0.50/$1.00 USD) - 2025/01/08 20:18:00 WET [2025/01/08 15:18:00 ET]
Table 'Orestes III' 6-max Seat #2 is the button
Seat 5: M1k_DP ($100 in chips) is sitting out
Seat 1: nastja336 ($128.01 in chips) 
Seat 2: DEraser ($56.52 in chips) 
Seat 3: steepfell ($100 in chips) 
Seat 4: Cougars001 ($155.53 in chips) 
Seat 6: magzi777 ($100 in chips) 
steepfell: posts small blind $0.50
Cougars001: posts big blind $1
*** HOLE CARDS ***
magzi777: folds 
nastja336: raises $1.50 to $2.50
DEraser: folds 
steepfell: folds 
Cougars001: calls $1.50
*** FLOP *** [9s Qc Js]
Cougars001: checks 
nastja336: checks 
*** TURN *** [9s Qc Js] [Kh]
Cougars001: checks 
nastja336: checks 
*** RIVER *** [9s Qc Js Kh] [4c]
Cougars001: checks 
nastja336: checks 
*** SHOW DOWN ***
Cougars001: shows [Kc Ac] (a pair of Kings)
nastja336: mucks hand 
Cougars001 collected $5.22 from pot
*** SUMMARY ***
Total pot $5.50 | Rake $0.28 
Board [9s Qc Js Kh 4c]
Seat 5: M1k_DP
Seat 1: nastja336 mucked
Seat 2: DEraser (button) folded before Flop (didn't bet)
Seat 3: steepfell (small blind) folded before Flop
Seat 4: Cougars001 (big blind) showed [Kc Ac] and won ($5.22) with a pair of Kings
Seat 6: magzi777 folded before Flop (didn't bet)



PokerStars Hand #254266904381:  Hold'em No Limit ($0.50/$1.00 USD) - 2025/01/08 20:19:14 WET [2025/01/08 15:19:14 ET]
Table 'Orestes III' 6-max Seat #3 is the button
Seat 1: nastja336 ($125.51 in chips) 
Seat 2: DEraser ($56.52 in chips) 
Seat 3: steepfell ($100 in chips) 
Seat 4: Cougars001 ($158.25 in chips) 
Seat 5: M1k_DP ($100 in chips) 
Seat 6: magzi777 ($100 in chips) 
Cougars001: posts small blind $0.50
M1k_DP: posts big blind $1
*** HOLE CARDS ***
magzi777: folds 
nastja336: folds 
DEraser: folds 
steepfell: raises $1.50 to $2.50
Cougars001: folds 
M1k_DP: calls $1.50
*** FLOP *** [2h 5h Td]
M1k_DP: checks 
steepfell: bets $1.72
M1k_DP: calls $1.72
*** TURN *** [2h 5h Td] [Kd]
M1k_DP: checks 
steepfell: bets $12.74
M1k_DP: raises $25.48 to $38.22
steepfell: raises $57.56 to $95.78 and is all-in
M1k_DP: calls $57.56 and is all-in
*** FIRST RIVER *** [2h 5h Td Kd] [2c]
*** SECOND RIVER *** [2h 5h Td Kd] [4d]
*** FIRST SHOW DOWN ***
M1k_DP: shows [Kc 5c] (two pair, Kings and Fives)
steepfell: shows [Th Ts] (a full house, Tens full of Deuces)
steepfell collected $99 from pot
*** SECOND SHOW DOWN ***
M1k_DP: shows [Kc 5c] (two pair, Kings and Fives)
steepfell: shows [Th Ts] (three of a kind, Tens)
steepfell collected $99 from pot
*** SUMMARY ***
Total pot $200.50 | Rake $2.50 
Hand was run twice
FIRST Board [2h 5h Td Kd 2c]
SECOND Board [2h 5h Td Kd 4d]
Seat 1: nastja336 folded before Flop (didn't bet)
Seat 2: DEraser folded before Flop (didn't bet)
Seat 3: steepfell (button) showed [Th Ts] and won ($99) with a full house, Tens full of Deuces, and won ($99) with three of a kind, Tens
Seat 4: Cougars001 (small blind) folded before Flop
Seat 5: M1k_DP (big blind) showed [Kc 5c] and lost with two pair, Kings and Fives, and lost with two pair, Kings and Fives
Seat 6: magzi777 folded before Flop (didn't bet)



PokerStars Hand #254266956785:  Hold'em No Limit ($0.50/$1.00 USD) - 2025/01/08 20:21:48 WET [2025/01/08 15:21:48 ET]
Table 'Orestes III' 6-max Seat #5 is the button
Seat 4: Cougars001 ($157.75 in chips) is sitting out
Seat 1: nastja336 ($125.51 in chips) 
Seat 2: DEraser ($56.52 in chips) 
Seat 3: steepfell ($198 in chips) 
Seat 5: M1k_DP ($100 in chips) 
Seat 6: magzi777 ($100 in chips) 
magzi777: posts small blind $0.50
nastja336: posts big blind $1
*** HOLE CARDS ***
DEraser: folds 
steepfell: folds 
M1k_DP: folds 
magzi777: folds 
Uncalled bet ($0.50) returned to nastja336
nastja336 collected $1 from pot
nastja336: doesn't show hand 
*** SUMMARY ***
Total pot $1 | Rake $0 
Seat 4: Cougars001
Seat 1: nastja336 (big blind) collected ($1)
Seat 2: DEraser folded before Flop (didn't bet)
Seat 3: steepfell folded before Flop (didn't bet)
Seat 5: M1k_DP (button) folded before Flop (didn't bet)
Seat 6: magzi777 (small blind) folded before Flop



PokerStars Hand #254266961069:  Hold'em No Limit ($0.50/$1.00 USD) - 2025/01/08 20:22:01 WET [2025/01/08 15:22:01 ET]
Table 'Orestes III' 6-max Seat #6 is the button
Seat 4: Cougars001 ($157.75 in chips) is sitting out
Seat 1: nastja336 ($126.01 in chips) 
Seat 2: DEraser ($56.52 in chips) 
Seat 3: steepfell ($198 in chips) 
Seat 5: M1k_DP ($100 in chips) 
Seat 6: magzi777 ($100 in chips) 
nastja336: posts small blind $0.50
DEraser: posts big blind $1
*** HOLE CARDS ***
steepfell: folds 
M1k_DP: folds 
magzi777: folds 
nastja336: raises $2 to $3
DEraser: folds 
Uncalled bet ($2) returned to nastja336
nastja336 collected $2 from pot
nastja336: doesn't show hand 
*** SUMMARY ***
Total pot $2 | Rake $0 
Seat 4: Cougars001
Seat 1: nastja336 (small blind) collected ($2)
Seat 2: DEraser (big blind) folded before Flop
Seat 3: steepfell folded before Flop (didn't bet)
Seat 5: M1k_DP folded before Flop (didn't bet)
Seat 6: magzi777 (button) folded before Flop (didn't bet)



PokerStars Hand #254266967139:  Hold'em No Limit ($0.50/$1.00 USD) - 2025/01/08 20:22:19 WET [2025/01/08 15:22:19 ET]
Table 'Orestes III' 6-max Seat #1 is the button
Seat 4: Cougars001 ($157.75 in chips) is sitting out
Seat 1: nastja336 ($127.01 in chips) 
Seat 2: DEraser ($55.52 in chips) 
Seat 3: steepfell ($198 in chips) 
Seat 5: M1k_DP ($100 in chips) 
Seat 6: magzi777 ($100 in chips) 
DEraser: posts small blind $0.50
steepfell: posts big blind $1
*** HOLE CARDS ***
M1k_DP: folds 
magzi777: folds 
nastja336: raises $1.50 to $2.50
DEraser: folds 
steepfell: folds 
Uncalled bet ($1.50) returned to nastja336
nastja336 collected $2.50 from pot
nastja336: doesn't show hand 
*** SUMMARY ***
Total pot $2.50 | Rake $0 
Seat 4: Cougars001
Seat 1: nastja336 (button) collected ($2.50)
Seat 2: DEraser (small blind) folded before Flop
Seat 3: steepfell (big blind) folded before Flop
Seat 5: M1k_DP folded before Flop (didn't bet)
Seat 6: magzi777 folded before Flop (didn't bet)



PokerStars Hand #254266976035:  Hold'em No Limit ($0.50/$1.00 USD) - 2025/01/08 20:22:45 WET [2025/01/08 15:22:45 ET]
Table 'Orestes III' 6-max Seat #2 is the button
Seat 4: Cougars001 ($157.75 in chips) is sitting out
Seat 5: M1k_DP ($100 in chips) is sitting out
Seat 1: nastja336 ($128.51 in chips) 
Seat 2: DEraser ($55.02 in chips) 
Seat 3: steepfell ($197 in chips) 
Seat 6: magzi777 ($100 in chips) 
steepfell: posts small blind $0.50
M1k_DP: is sitting out 
magzi777: posts big blind $1
*** HOLE CARDS ***
M1k_DP leaves the table
nastja336: raises $1.50 to $2.50
shootingGRID joins the table at seat #5 
DEraser: folds 
steepfell: folds 
magzi777: folds 
Uncalled bet ($1.50) returned to nastja336
nastja336 collected $2.50 from pot
nastja336: doesn't show hand 
*** SUMMARY ***
Total pot $2.50 | Rake $0 
Seat 4: Cougars001
Seat 5: M1k_DP
Seat 1: nastja336 collected ($2.50)
Seat 2: DEraser (button) folded before Flop (didn't bet)
Seat 3: steepfell (small blind) folded before Flop
Seat 6: magzi777 (big blind) folded before Flop



PokerStars Hand #254266980799:  Hold'em No Limit ($0.50/$1.00 USD) - 2025/01/08 20:22:59 WET [2025/01/08 15:22:59 ET]
Table 'Orestes III' 6-max Seat #3 is the button
Seat 4: Cougars001 ($157.75 in chips) is sitting out
Seat 5: shootingGRID ($100 in chips) is sitting out
Seat 1: nastja336 ($130.01 in chips) 
Seat 2: DEraser ($55.02 in chips) 
Seat 3: steepfell ($196.50 in chips) 
Seat 6: magzi777 ($100 in chips) 
magzi777: posts small blind $0.50
nastja336: posts big blind $1
*** HOLE CARDS ***
DEraser: raises $1.50 to $2.50
steepfell: folds 
magzi777: folds 
nastja336: calls $1.50
*** FLOP *** [4s 9c 7h]
nastja336: checks 
DEraser: checks 
*** TURN *** [4s 9c 7h] [9d]
nastja336: bets $2.61
DEraser: folds 
Uncalled bet ($2.61) returned to nastja336
nastja336 collected $5.22 from pot
nastja336: doesn't show hand 
*** SUMMARY ***
Total pot $5.50 | Rake $0.28 
Board [4s 9c 7h 9d]
Seat 4: Cougars001
Seat 5: shootingGRID
Seat 1: nastja336 (big blind) collected ($5.22)
Seat 2: DEraser folded on the Turn
Seat 3: steepfell (button) folded before Flop (didn't bet)
Seat 6: magzi777 (small blind) folded before Flop



PokerStars Hand #254266994785:  Hold'em No Limit ($0.50/$1.00 USD) - 2025/01/08 20:23:41 WET [2025/01/08 15:23:41 ET]
Table 'Orestes III' 6-max Seat #6 is the button
Seat 4: Cougars001 ($157.75 in chips) is sitting out
Seat 5: shootingGRID ($100 in chips) is sitting out
Seat 1: nastja336 ($132.73 in chips) 
Seat 2: DEraser ($52.52 in chips) 
Seat 3: steepfell ($196.50 in chips) 
Seat 6: magzi777 ($100 in chips) 
nastja336: posts small blind $0.50
DEraser: posts big blind $1
shootingGRID: sits out 
*** HOLE CARDS ***
steepfell: raises $1.50 to $2.50
magzi777: folds 
nastja336: folds 
DEraser: folds 
Uncalled bet ($1.50) returned to steepfell
steepfell collected $2.50 from pot
steepfell: doesn't show hand 
*** SUMMARY ***
Total pot $2.50 | Rake $0 
Seat 4: Cougars001
Seat 5: shootingGRID
Seat 1: nastja336 (small blind) folded before Flop
Seat 2: DEraser (big blind) folded before Flop
Seat 3: steepfell collected ($2.50)
Seat 6: magzi777 (button) folded before Flop (didn't bet)



PokerStars Hand #254267000325:  Hold'em No Limit ($0.50/$1.00 USD) - 2025/01/08 20:23:58 WET [2025/01/08 15:23:58 ET]
Table 'Orestes III' 6-max Seat #1 is the button
Seat 4: Cougars001 ($157.75 in chips) is sitting out
Seat 5: shootingGRID ($100 in chips) is sitting out
Seat 1: nastja336 ($132.23 in chips) 
Seat 2: DEraser ($51.52 in chips) 
Seat 3: steepfell ($198 in chips) 
Seat 6: magzi777 ($100 in chips) 
DEraser: posts small blind $0.50
steepfell: posts big blind $1
shootingGRID: sits out 
*** HOLE CARDS ***
magzi777: folds 
nastja336: folds 
DEraser: folds 
Uncalled bet ($0.50) returned to steepfell
steepfell collected $1 from pot
steepfell: doesn't show hand 
*** SUMMARY ***
Total pot $1 | Rake $0 
Seat 4: Cougars001
Seat 5: shootingGRID
Seat 1: nastja336 (button) folded before Flop (didn't bet)
Seat 2: DEraser (small blind) folded before Flop
Seat 3: steepfell (big blind) collected ($1)
Seat 6: magzi777 folded before Flop (didn't bet)



PokerStars Hand #254267003446:  Hold'em No Limit ($0.50/$1.00 USD) - 2025/01/08 20:24:07 WET [2025/01/08 15:24:07 ET]
Table 'Orestes III' 6-max Seat #2 is the button
Seat 4: Cougars001 ($157.75 in chips) is sitting out
Seat 1: nastja336 ($132.23 in chips) 
Seat 2: DEraser ($51.02 in chips) 
Seat 3: steepfell ($198.50 in chips) 
Seat 5: shootingGRID ($100 in chips) 
Seat 6: magzi777 ($100 in chips) 
steepfell: posts small blind $0.50
shootingGRID: posts big blind $1
*** HOLE CARDS ***
magzi777: folds 
nastja336: folds 
DEraser: raises $1.50 to $2.50
steepfell: raises $8.50 to $11
shootingGRID: folds 
DEraser: folds 
Uncalled bet ($8.50) returned to steepfell
steepfell collected $6 from pot
steepfell: doesn't show hand 
*** SUMMARY ***
Total pot $6 | Rake $0 
Seat 4: Cougars001
Seat 1: nastja336 folded before Flop (didn't bet)
Seat 2: DEraser (button) folded before Flop
Seat 3: steepfell (small blind) collected ($6)
Seat 5: shootingGRID (big blind) folded before Flop
Seat 6: magzi777 folded before Flop (didn't bet)



PokerStars Hand #254267011202:  Hold'em No Limit ($0.50/$1.00 USD) - 2025/01/08 20:24:30 WET [2025/01/08 15:24:30 ET]
Table 'Orestes III' 6-max Seat #3 is the button
Seat 4: Cougars001 ($157.75 in chips) is sitting out
Seat 1: nastja336 ($132.23 in chips) 
Seat 2: DEraser ($48.52 in chips) 
Seat 3: steepfell ($202 in chips) 
Seat 5: shootingGRID ($100 in chips) 
Seat 6: magzi777 ($100 in chips) 
shootingGRID: posts small blind $0.50
magzi777: posts big blind $1
*** HOLE CARDS ***
nastja336: folds 
DEraser: folds 
nastja336 leaves the table
steepfell: folds 
shootingGRID: folds 
Uncalled bet ($0.50) returned to magzi777
magzi777 collected $1 from pot
*** SUMMARY ***
Total pot $1 | Rake $0 
Seat 4: Cougars001
Seat 1: nastja336 folded before Flop (didn't bet)
Seat 2: DEraser folded before Flop (didn't bet)
Seat 3: steepfell (button) folded before Flop (didn't bet)
Seat 5: shootingGRID (small blind) folded before Flop
Seat 6: magzi777 (big blind) collected ($1)



PokerStars Hand #254267014870:  Hold'em No Limit ($0.50/$1.00 USD) - 2025/01/08 20:24:40 WET [2025/01/08 15:24:40 ET]
Table 'Orestes III' 6-max Seat #5 is the button
Seat 2: DEraser ($48.52 in chips) is sitting out
Seat 4: Cougars001 ($157.75 in chips) is sitting out
Seat 3: steepfell ($202 in chips) 
Seat 5: shootingGRID ($100 in chips) 
Seat 6: magzi777 ($100.50 in chips) 
magzi777: posts small blind $0.50
DEraser: is sitting out 
steepfell: posts big blind $1
*** HOLE CARDS ***
shootingGRID: folds 
magzi777: raises $2 to $3
DEraser leaves the table
steepfell: raises $6 to $9
magzi777: folds 
Uncalled bet ($6) returned to steepfell
steepfell collected $6 from pot
steepfell: doesn't show hand 
*** SUMMARY ***
Total pot $6 | Rake $0 
Seat 2: DEraser
Seat 4: Cougars001
Seat 3: steepfell (big blind) collected ($6)
Seat 5: shootingGRID (button) folded before Flop (didn't bet)
Seat 6: magzi777 (small blind) folded before Flop



PokerStars Hand #254267020560:  Hold'em No Limit ($0.50/$1.00 USD) - 2025/01/08 20:24:57 WET [2025/01/08 15:24:57 ET]
Table 'Orestes III' 6-max Seat #6 is the button
Seat 4: Cougars001 ($157.75 in chips) is sitting out
Seat 3: steepfell ($205 in chips) 
Seat 5: shootingGRID ($100 in chips) 
Seat 6: magzi777 ($100 in chips) 
steepfell: posts small blind $0.50
shootingGRID: posts big blind $1
*** HOLE CARDS ***
magzi777: folds 
steepfell: folds 
Uncalled bet ($0.50) returned to shootingGRID
shootingGRID collected $1 from pot
*** SUMMARY ***
Total pot $1 | Rake $0 
Seat 4: Cougars001
Seat 3: steepfell (small blind) folded before Flop
Seat 5: shootingGRID (big blind) collected ($1)
Seat 6: magzi777 (button) folded before Flop (didn't bet)



PokerStars Hand #254267022466:  Hold'em No Limit ($0.50/$1.00 USD) - 2025/01/08 20:25:03 WET [2025/01/08 15:25:03 ET]
Table 'Orestes III' 6-max Seat #3 is the button
Seat 4: Cougars001 ($157.75 in chips) is sitting out
Seat 3: steepfell ($204.50 in chips) 
Seat 5: shootingGRID ($100.50 in chips) 
Seat 6: magzi777 ($100 in chips) 
shootingGRID: posts small blind $0.50
magzi777: posts big blind $1
*** HOLE CARDS ***
steepfell: folds 
LL711428 joins the table at seat #1 
shootingGRID: raises $2 to $3
magzi777: calls $2
*** FLOP *** [4d 9c 2h]
shootingGRID: bets $1.88
LL711428 leaves the table
magzi777: calls $1.88
*** TURN *** [4d 9c 2h] [Ac]
shootingGRID: bets $14
magzi777: calls $14
*** RIVER *** [4d 9c 2h Ac] [6c]
shootingGRID: bets $9.19
magzi777: raises $25.81 to $35
shootingGRID: calls $25.81
*** SHOW DOWN ***
magzi777: shows [3s 3c] (a pair of Threes)
shootingGRID: shows [9s As] (two pair, Aces and Nines)
shootingGRID collected $106.76 from pot
ImaPeppaPig joins the table at seat #1 
*** SUMMARY ***
Total pot $107.76 | Rake $1 
Board [4d 9c 2h Ac 6c]
Seat 4: Cougars001
Seat 3: steepfell (button) folded before Flop (didn't bet)
Seat 5: shootingGRID (small blind) showed [9s As] and won ($106.76) with two pair, Aces and Nines
Seat 6: magzi777 (big blind) showed [3s 3c] and lost with a pair of Threes



PokerStars Hand #254267054466:  Hold'em No Limit ($0.50/$1.00 USD) - 2025/01/08 20:26:37 WET [2025/01/08 15:26:37 ET]
Table 'Orestes III' 6-max Seat #5 is the button
Seat 4: Cougars001 ($157.75 in chips) is sitting out
Seat 1: ImaPeppaPig ($100 in chips) 
Seat 3: steepfell ($204.50 in chips) 
Seat 5: shootingGRID ($153.38 in chips) 
Seat 6: magzi777 ($100 in chips) 
magzi777: posts small blind $0.50
ImaPeppaPig is connected 
ImaPeppaPig: posts big blind $1
*** HOLE CARDS ***
steepfell: folds 
shootingGRID: raises $1.25 to $2.25
magzi777: folds 
ImaPeppaPig: folds 
Uncalled bet ($1.25) returned to shootingGRID
shootingGRID collected $2.50 from pot
*** SUMMARY ***
Total pot $2.50 | Rake $0 
Seat 4: Cougars001
Seat 1: ImaPeppaPig (big blind) folded before Flop
Seat 3: steepfell folded before Flop (didn't bet)
Seat 5: shootingGRID (button) collected ($2.50)
Seat 6: magzi777 (small blind) folded before Flop



PokerStars Hand #254267059494:  Hold'em No Limit ($0.50/$1.00 USD) - 2025/01/08 20:26:52 WET [2025/01/08 15:26:52 ET]
Table 'Orestes III' 6-max Seat #6 is the button
Seat 4: Cougars001 ($157.75 in chips) is sitting out
Seat 1: ImaPeppaPig ($100 in chips) 
Seat 3: steepfell ($204.50 in chips) 
Seat 5: shootingGRID ($154.88 in chips) 
Seat 6: magzi777 ($100 in chips) 
ImaPeppaPig: posts small blind $0.50
steepfell: posts big blind $1
*** HOLE CARDS ***
shootingGRID: folds 
magzi777: raises $1.50 to $2.50
ImaPeppaPig: folds 
steepfell: folds 
Uncalled bet ($1.50) returned to magzi777
magzi777 collected $2.50 from pot
*** SUMMARY ***
Total pot $2.50 | Rake $0 
Seat 4: Cougars001
Seat 1: ImaPeppaPig (small blind) folded before Flop
Seat 3: steepfell (big blind) folded before Flop
Seat 5: shootingGRID folded before Flop (didn't bet)
Seat 6: magzi777 (button) collected ($2.50)



PokerStars Hand #254267063378:  Hold'em No Limit ($0.50/$1.00 USD) - 2025/01/08 20:27:04 WET [2025/01/08 15:27:04 ET]
Table 'Orestes III' 6-max Seat #1 is the button
Seat 4: Cougars001 ($157.75 in chips) is sitting out
Seat 1: ImaPeppaPig ($100 in chips) 
Seat 3: steepfell ($203.50 in chips) 
Seat 5: shootingGRID ($154.88 in chips) 
Seat 6: magzi777 ($101.50 in chips) 
steepfell: posts small blind $0.50
shootingGRID: posts big blind $1
*** HOLE CARDS ***
magzi777: folds 
magzi777 leaves the table
ImaPeppaPig: folds 
steepfell: folds 
Uncalled bet ($0.50) returned to shootingGRID
shootingGRID collected $1 from pot
Cougars001 leaves the table
*** SUMMARY ***
Total pot $1 | Rake $0 
Seat 4: Cougars001
Seat 1: ImaPeppaPig (button) folded before Flop (didn't bet)
Seat 3: steepfell (small blind) folded before Flop
Seat 5: shootingGRID (big blind) collected ($1)
Seat 6: magzi777 folded before Flop (didn't bet)



PokerStars Hand #254267066151:  Hold'em No Limit ($0.50/$1.00 USD) - 2025/01/08 20:27:12 WET [2025/01/08 15:27:12 ET]
Table 'Orestes III' 6-max Seat #3 is the button
Seat 1: ImaPeppaPig ($100 in chips) 
Seat 3: steepfell ($203 in chips) 
Seat 5: shootingGRID ($155.38 in chips) 
shootingGRID: posts small blind $0.50
ImaPeppaPig: posts big blind $1
*** HOLE CARDS ***
steepfell: raises $1.50 to $2.50
shootingGRID: folds 
ImaPeppaPig: folds 
Uncalled bet ($1.50) returned to steepfell
steepfell collected $2.50 from pot
steepfell: doesn't show hand 
*** SUMMARY ***
Total pot $2.50 | Rake $0 
Seat 1: ImaPeppaPig (big blind) folded before Flop
Seat 3: steepfell (button) collected ($2.50)
Seat 5: shootingGRID (small blind) folded before Flop



PokerStars Hand #254267070426:  Hold'em No Limit ($0.50/$1.00 USD) - 2025/01/08 20:27:24 WET [2025/01/08 15:27:24 ET]
Table 'Orestes III' 6-max Seat #1 is the button
Seat 3: steepfell ($204.50 in chips) is sitting out
Seat 1: ImaPeppaPig ($100 in chips) 
Seat 5: shootingGRID ($154.88 in chips) 
ImaPeppaPig: posts small blind $0.50
steepfell: is sitting out 
shootingGRID: posts big blind $1
*** HOLE CARDS ***
steepfell leaves the table
ImaPeppaPig: folds 
Uncalled bet ($0.50) returned to shootingGRID
shootingGRID collected $1 from pot
*** SUMMARY ***
Total pot $1 | Rake $0 
Seat 3: steepfell
Seat 1: ImaPeppaPig (button) (small blind) folded before Flop
Seat 5: shootingGRID (big blind) collected ($1)



PokerStars Hand #254267072814:  Hold'em No Limit ($0.50/$1.00 USD) - 2025/01/08 20:27:31 WET [2025/01/08 15:27:31 ET]
Table 'Orestes III' 6-max Seat #5 is the button
Seat 1: ImaPeppaPig ($100 in chips) 
Seat 5: shootingGRID ($155.38 in chips) 
shootingGRID: posts small blind $0.50
ImaPeppaPig: posts big blind $1
*** HOLE CARDS ***
shootingGRID: raises $1.25 to $2.25
ImaPeppaPig: folds 
Uncalled bet ($1.25) returned to shootingGRID
shootingGRID collected $2 from pot
*** SUMMARY ***
Total pot $2 | Rake $0 
Seat 1: ImaPeppaPig (big blind) folded before Flop
Seat 5: shootingGRID (button) (small blind) collected ($2)



