PokerStars Hand #254258737399:  Hold'em No Limit ($0.50/$1.00 USD) - 2025/01/08 9:56:06 WET [2025/01/08 4:56:06 ET]
Table 'Stearns II' 6-max Seat #5 is the button
Seat 3: 4ikkiBamBoni ($95 in chips) is sitting out
Seat 1: valmble ($10 in chips) 
Seat 5: Pon4uk.ua ($100 in chips) 
Pon4uk.ua: posts small blind $0.50
valmble: posts big blind $1
*** HOLE CARDS ***
Pon4uk.ua: raises $10.50 to $11.50
valmble: folds 
Uncalled bet ($10.50) returned to Pon4uk.ua
Pon4uk.ua collected $2 from pot
Pon4uk.ua: doesn't show hand 
*** SUMMARY ***
Total pot $2 | Rake $0 
Seat 3: 4ikkiBamBoni
Seat 1: valmble (big blind) folded before Flop
Seat 5: Pon4uk.ua (button) (small blind) collected ($2)



PokerStars Hand #254258739267:  Hold'em No Limit ($0.50/$1.00 USD) - 2025/01/08 9:56:29 WET [2025/01/08 4:56:29 ET]
Table 'Stearns II' 6-max Seat #5 is the button
Seat 1: valmble ($9 in chips) 
Seat 3: 4ikkiBamBoni ($100 in chips) 
Seat 5: Pon4uk.ua ($101 in chips) 
valmble: posts small blind $0.50
4ikkiBamBoni: posts big blind $1
*** HOLE CARDS ***
Pon4uk.ua: raises $1 to $2
valmble: raises $7 to $9 and is all-in
4ikkiBamBoni: folds 
Pon4uk.ua: calls $7
valmble has timed out
*** FLOP *** [2d Ks 3h]
*** TURN *** [2d Ks 3h] [3s]
*** RIVER *** [2d Ks 3h 3s] [3c]
*** SHOW DOWN ***
valmble: shows [Ah 4h] (three of a kind, Threes)
Pon4uk.ua: shows [6s 6c] (a full house, Threes full of Sixes)
Pon4uk.ua collected $18.05 from pot
*** SUMMARY ***
Total pot $19 | Rake $0.95 
Board [2d Ks 3h 3s 3c]
Seat 1: valmble (small blind) showed [Ah 4h] and lost with three of a kind, Threes
Seat 3: 4ikkiBamBoni (big blind) folded before Flop
Seat 5: Pon4uk.ua (button) showed [6s 6c] and won ($18.05) with a full house, Threes full of Sixes



PokerStars Hand #254258742915:  Hold'em No Limit ($0.50/$1.00 USD) - 2025/01/08 9:57:13 WET [2025/01/08 4:57:13 ET]
Table 'Stearns II' 6-max Seat #1 is the button
Seat 1: valmble ($10 in chips) 
Seat 3: 4ikkiBamBoni ($100 in chips) 
Seat 5: Pon4uk.ua ($110.05 in chips) 
4ikkiBamBoni: posts small blind $0.50
Pon4uk.ua: posts big blind $1
*** HOLE CARDS ***
valmble: folds 
4ikkiBamBoni: folds 
Uncalled bet ($0.50) returned to Pon4uk.ua
Pon4uk.ua collected $1 from pot
Pon4uk.ua: doesn't show hand 
*** SUMMARY ***
Total pot $1 | Rake $0 
Seat 1: valmble (button) folded before Flop (didn't bet)
Seat 3: 4ikkiBamBoni (small blind) folded before Flop
Seat 5: Pon4uk.ua (big blind) collected ($1)



PokerStars Hand #254258744055:  Hold'em No Limit ($0.50/$1.00 USD) - 2025/01/08 9:57:26 WET [2025/01/08 4:57:26 ET]
Table 'Stearns II' 6-max Seat #5 is the button
Seat 1: valmble ($10 in chips) is sitting out
Seat 3: 4ikkiBamBoni ($100 in chips) 
Seat 5: Pon4uk.ua ($110.55 in chips) 
Pon4uk.ua: posts small blind $0.50
valmble: is sitting out 
4ikkiBamBoni: posts big blind $1
*** HOLE CARDS ***
valmble leaves the table
Pon4uk.ua: raises $1.50 to $2.50
4ikkiBamBoni: folds 
Uncalled bet ($1.50) returned to Pon4uk.ua
Pon4uk.ua collected $2 from pot
Pon4uk.ua: doesn't show hand 
*** SUMMARY ***
Total pot $2 | Rake $0 
Seat 1: valmble
Seat 3: 4ikkiBamBoni (big blind) folded before Flop
Seat 5: Pon4uk.ua (button) (small blind) collected ($2)



PokerStars Hand #254258748934:  Hold'em No Limit ($0.50/$1.00 USD) - 2025/01/08 9:58:24 WET [2025/01/08 4:58:24 ET]
Table 'Stearns II' 6-max Seat #2 is the button
Seat 2: mike1471110 ($14.99 in chips) 
Seat 3: Gfoer ($100 in chips) 
Seat 4: B1GBankroll ($100 in chips) 
Seat 5: Pon4uk.ua ($111.55 in chips) 
Gfoer: posts small blind $0.50
B1GBankroll: posts big blind $1
*** HOLE CARDS ***
Pon4uk.ua: folds 
mike1471110: calls $1
Gfoer: folds 
B1GBankroll: checks 
*** FLOP *** [3d 7h As]
steelNike joins the table at seat #6 
B1GBankroll: checks 
mike1471110: checks 
*** TURN *** [3d 7h As] [8h]
B1GBankroll: bets $1.17
mike1471110: folds 
Uncalled bet ($1.17) returned to B1GBankroll
B1GBankroll collected $2.38 from pot
B1GBankroll: doesn't show hand 
*** SUMMARY ***
Total pot $2.50 | Rake $0.12 
Board [3d 7h As 8h]
Seat 2: mike1471110 (button) folded on the Turn
Seat 3: Gfoer (small blind) folded before Flop
Seat 4: B1GBankroll (big blind) collected ($2.38)
Seat 5: Pon4uk.ua folded before Flop (didn't bet)



PokerStars Hand #254258881134:  Hold'em No Limit ($0.50/$1.00 USD) - 2025/01/08 10:20:01 WET [2025/01/08 5:20:01 ET]
Table 'Stearns II' 6-max Seat #4 is the button
Seat 1: S0M30LS3 ($0 in chips) is sitting out
Seat 2: Granit34 ($32.37 in chips) 
Seat 3: waennerstreom ($3.25 in chips) 
Seat 4: B1GBankroll ($105 in chips) 
Seat 5: fobot21 ($100 in chips) 
Seat 6: KeR888 ($103.74 in chips) 
fobot21: posts small blind $0.50
KeR888: posts big blind $1
*** HOLE CARDS ***
Granit34: folds 
waennerstreom: folds 
B1GBankroll: folds 
fobot21: raises $1.90 to $2.90
KeR888: calls $1.90
*** FLOP *** [3c 7c Tc]
fobot21: checks 
KeR888: checks 
*** TURN *** [3c 7c Tc] [8d]
fobot21: checks 
KeR888: checks 
*** RIVER *** [3c 7c Tc 8d] [Qh]
S0M30LS3 leaves the table
fobot21: bets $4.19
KeR888: folds 
Uncalled bet ($4.19) returned to fobot21
fobot21 collected $5.51 from pot
fobot21: doesn't show hand 
*** SUMMARY ***
Total pot $5.80 | Rake $0.29 
Board [3c 7c Tc 8d Qh]
Seat 1: S0M30LS3
Seat 2: Granit34 folded before Flop (didn't bet)
Seat 3: waennerstreom folded before Flop (didn't bet)
Seat 4: B1GBankroll (button) folded before Flop (didn't bet)
Seat 5: fobot21 (small blind) collected ($5.51)
Seat 6: KeR888 (big blind) folded on the River



PokerStars Hand #254258885938:  Hold'em No Limit ($0.50/$1.00 USD) - 2025/01/08 10:20:45 WET [2025/01/08 5:20:45 ET]
Table 'Stearns II' 6-max Seat #5 is the button
Seat 2: Granit34 ($32.37 in chips) 
Seat 3: waennerstreom ($3.25 in chips) 
Seat 4: B1GBankroll ($105 in chips) 
Seat 5: fobot21 ($102.61 in chips) 
Seat 6: KeR888 ($100.84 in chips) 
KeR888: posts small blind $0.50
Granit34: posts big blind $1
*** HOLE CARDS ***
waennerstreom: folds 
B1GBankroll: folds 
fobot21: folds 
KeR888: folds 
Uncalled bet ($0.50) returned to Granit34
Granit34 collected $1 from pot
*** SUMMARY ***
Total pot $1 | Rake $0 
Seat 2: Granit34 (big blind) collected ($1)
Seat 3: waennerstreom folded before Flop (didn't bet)
Seat 4: B1GBankroll folded before Flop (didn't bet)
Seat 5: fobot21 (button) folded before Flop (didn't bet)
Seat 6: KeR888 (small blind) folded before Flop



PokerStars Hand #254258887172:  Hold'em No Limit ($0.50/$1.00 USD) - 2025/01/08 10:20:57 WET [2025/01/08 5:20:57 ET]
Table 'Stearns II' 6-max Seat #6 is the button
Seat 2: Granit34 ($32.87 in chips) 
Seat 3: waennerstreom ($3.25 in chips) 
Seat 4: B1GBankroll ($105 in chips) 
Seat 5: fobot21 ($102.61 in chips) 
Seat 6: KeR888 ($100.34 in chips) 
Granit34: posts small blind $0.50
waennerstreom: posts big blind $1
*** HOLE CARDS ***
Pon4uk.ua joins the table at seat #1 
B1GBankroll: folds 
fobot21: folds 
KeR888: folds 
Granit34: raises $1 to $2
waennerstreom: calls $1
*** FLOP *** [4s 8d 3s]
Granit34: bets $1.90
waennerstreom: calls $1.25 and is all-in
Uncalled bet ($0.65) returned to Granit34
*** TURN *** [4s 8d 3s] [Ah]
*** RIVER *** [4s 8d 3s Ah] [9d]
*** SHOW DOWN ***
Granit34: shows [As Qd] (a pair of Aces)
waennerstreom: shows [8c Qh] (a pair of Eights)
Granit34 collected $6.10 from pot
waennerstreom cashed out the hand for $4.94 | Cash Out Fee $0.10
*** SUMMARY ***
Total pot $6.50 | Rake $0.40 
Board [4s 8d 3s Ah 9d]
Seat 2: Granit34 (small blind) showed [As Qd] and won ($6.10) with a pair of Aces
Seat 3: waennerstreom (big blind) showed [8c Qh] and lost with a pair of Eights (cashed out).
Seat 4: B1GBankroll folded before Flop (didn't bet)
Seat 5: fobot21 folded before Flop (didn't bet)
Seat 6: KeR888 (button) folded before Flop (didn't bet)



PokerStars Hand #254258890027:  Hold'em No Limit ($0.50/$1.00 USD) - 2025/01/08 10:21:23 WET [2025/01/08 5:21:23 ET]
Table 'Stearns II' 6-max Seat #2 is the button
Seat 1: Pon4uk.ua ($127.06 in chips) is sitting out
Seat 2: Granit34 ($35.72 in chips) 
Seat 3: waennerstreom ($4.94 in chips) 
Seat 4: B1GBankroll ($105 in chips) 
Seat 5: fobot21 ($102.61 in chips) 
Seat 6: KeR888 ($100.34 in chips) 
waennerstreom: posts small blind $0.50
B1GBankroll: posts big blind $1
Pon4uk.ua: sits out 
*** HOLE CARDS ***
fobot21: raises $1 to $2
KeR888: folds 
Granit34: folds 
waennerstreom: calls $1.50
B1GBankroll: folds 
*** FLOP *** [4h 8s 6c]
waennerstreom: bets $2.94 and is all-in
fobot21: calls $2.94
*** TURN *** [4h 8s 6c] [9d]
*** RIVER *** [4h 8s 6c 9d] [7c]
*** SHOW DOWN ***
waennerstreom: shows [5d Ah] (a straight, Five to Nine)
fobot21: shows [Qd Kh] (high card King)
waennerstreom collected $10.34 from pot
*** SUMMARY ***
Total pot $10.88 | Rake $0.54 
Board [4h 8s 6c 9d 7c]
Seat 1: Pon4uk.ua
Seat 2: Granit34 (button) folded before Flop (didn't bet)
Seat 3: waennerstreom (small blind) showed [5d Ah] and won ($10.34) with a straight, Five to Nine
Seat 4: B1GBankroll (big blind) folded before Flop
Seat 5: fobot21 showed [Qd Kh] and lost with high card King
Seat 6: KeR888 folded before Flop (didn't bet)



PokerStars Hand #254258894418:  Hold'em No Limit ($0.50/$1.00 USD) - 2025/01/08 10:22:04 WET [2025/01/08 5:22:04 ET]
Table 'Stearns II' 6-max Seat #3 is the button
Seat 1: Pon4uk.ua ($127.06 in chips) is sitting out
Seat 2: Granit34 ($35.72 in chips) 
Seat 3: waennerstreom ($10.34 in chips) 
Seat 4: B1GBankroll ($104 in chips) 
Seat 5: fobot21 ($100 in chips) 
Seat 6: KeR888 ($100.34 in chips) 
B1GBankroll: posts small blind $0.50
fobot21: posts big blind $1
Pon4uk.ua: sits out 
*** HOLE CARDS ***
KeR888: folds 
Granit34: calls $1
waennerstreom: folds 
B1GBankroll: folds 
fobot21: checks 
*** FLOP *** [9h 4c 5c]
fobot21: checks 
Granit34: bets $2
fobot21: folds 
Uncalled bet ($2) returned to Granit34
Granit34 collected $2.35 from pot
*** SUMMARY ***
Total pot $2.50 | Rake $0.15 
Board [9h 4c 5c]
Seat 1: Pon4uk.ua
Seat 2: Granit34 collected ($2.35)
Seat 3: waennerstreom (button) folded before Flop (didn't bet)
Seat 4: B1GBankroll (small blind) folded before Flop
Seat 5: fobot21 (big blind) folded on the Flop
Seat 6: KeR888 folded before Flop (didn't bet)



PokerStars Hand #254258896947:  Hold'em No Limit ($0.50/$1.00 USD) - 2025/01/08 10:22:27 WET [2025/01/08 5:22:27 ET]
Table 'Stearns II' 6-max Seat #4 is the button
Seat 1: Pon4uk.ua ($127.06 in chips) is sitting out
Seat 2: Granit34 ($37.07 in chips) 
Seat 3: waennerstreom ($10.34 in chips) 
Seat 4: B1GBankroll ($103.50 in chips) 
Seat 5: fobot21 ($100 in chips) 
Seat 6: KeR888 ($100.34 in chips) 
fobot21: posts small blind $0.50
KeR888: posts big blind $1
Pon4uk.ua: sits out 
*** HOLE CARDS ***
Granit34: calls $1
waennerstreom: folds 
waennerstreom leaves the table
B1GBankroll: folds 
fobot21: folds 
KeR888: raises $3.50 to $4.50
Granit34: folds 
Uncalled bet ($3.50) returned to KeR888
KeR888 collected $2.50 from pot
KeR888: doesn't show hand 
*** SUMMARY ***
Total pot $2.50 | Rake $0 
Seat 1: Pon4uk.ua
Seat 2: Granit34 folded before Flop
Seat 3: waennerstreom folded before Flop (didn't bet)
Seat 4: B1GBankroll (button) folded before Flop (didn't bet)
Seat 5: fobot21 (small blind) folded before Flop
Seat 6: KeR888 (big blind) collected ($2.50)



PokerStars Hand #254258899284:  Hold'em No Limit ($0.50/$1.00 USD) - 2025/01/08 10:22:50 WET [2025/01/08 5:22:50 ET]
Table 'Stearns II' 6-max Seat #5 is the button
Seat 1: Pon4uk.ua ($127.06 in chips) 
Seat 2: Granit34 ($36.07 in chips) 
Seat 4: B1GBankroll ($103.50 in chips) 
Seat 5: fobot21 ($100 in chips) 
Seat 6: KeR888 ($101.84 in chips) 
KeR888: posts small blind $0.50
Pon4uk.ua: posts big blind $1
*** HOLE CARDS ***
Granit34: raises $1 to $2
ddyyjj joins the table at seat #3 
B1GBankroll: folds 
fobot21: folds 
fobot21 leaves the table
KeR888: folds 
Pon4uk.ua: folds 
Uncalled bet ($1) returned to Granit34
Granit34 collected $2.50 from pot
*** SUMMARY ***
Total pot $2.50 | Rake $0 
Seat 1: Pon4uk.ua (big blind) folded before Flop
Seat 2: Granit34 collected ($2.50)
Seat 4: B1GBankroll folded before Flop (didn't bet)
Seat 5: fobot21 (button) folded before Flop (didn't bet)
Seat 6: KeR888 (small blind) folded before Flop



PokerStars Hand #254258901538:  Hold'em No Limit ($0.50/$1.00 USD) - 2025/01/08 10:23:11 WET [2025/01/08 5:23:11 ET]
Table 'Stearns II' 6-max Seat #6 is the button
Seat 3: ddyyjj ($100 in chips) is sitting out
Seat 1: Pon4uk.ua ($126.06 in chips) 
Seat 2: Granit34 ($37.57 in chips) 
Seat 4: B1GBankroll ($103.50 in chips) 
Seat 6: KeR888 ($101.34 in chips) 
Pon4uk.ua: posts small blind $0.50
Granit34: posts big blind $1
ddyyjj: sits out 
*** HOLE CARDS ***
B1GBankroll: folds 
KeR888: folds 
Pon4uk.ua: raises $1.75 to $2.75
Granit34: folds 
Uncalled bet ($1.75) returned to Pon4uk.ua
Pon4uk.ua collected $2 from pot
Pon4uk.ua: doesn't show hand 
*** SUMMARY ***
Total pot $2 | Rake $0 
Seat 3: ddyyjj
Seat 1: Pon4uk.ua (small blind) collected ($2)
Seat 2: Granit34 (big blind) folded before Flop
Seat 4: B1GBankroll folded before Flop (didn't bet)
Seat 6: KeR888 (button) folded before Flop (didn't bet)



PokerStars Hand #254258903320:  Hold'em No Limit ($0.50/$1.00 USD) - 2025/01/08 10:23:27 WET [2025/01/08 5:23:27 ET]
Table 'Stearns II' 6-max Seat #1 is the button
Seat 1: Pon4uk.ua ($127.06 in chips) 
Seat 2: Granit34 ($36.57 in chips) 
Seat 3: ddyyjj ($100 in chips) 
Seat 4: B1GBankroll ($103.50 in chips) 
Seat 6: KeR888 ($101.34 in chips) 
Granit34: posts small blind $0.50
ddyyjj: posts big blind $1
*** HOLE CARDS ***
B1GBankroll: folds 
B1GBankroll leaves the table
socito joins the table at seat #5 
KeR888: folds 
socito leaves the table
Pon4uk.ua: folds 
Granit34: calls $0.50
socito joins the table at seat #4 
ddyyjj: checks 
*** FLOP *** [6s 8d 7s]
Granit34: checks 
ddyyjj: checks 
*** TURN *** [6s 8d 7s] [7d]
Granit34: checks 
ddyyjj: bets $2
Granit34: folds 
Uncalled bet ($2) returned to ddyyjj
ddyyjj collected $1.90 from pot
ddyyjj: doesn't show hand 
*** SUMMARY ***
Total pot $2 | Rake $0.10 
Board [6s 8d 7s 7d]
Seat 1: Pon4uk.ua (button) folded before Flop (didn't bet)
Seat 2: Granit34 (small blind) folded on the Turn
Seat 3: ddyyjj (big blind) collected ($1.90)
Seat 4: B1GBankroll folded before Flop (didn't bet)
Seat 6: KeR888 folded before Flop (didn't bet)



PokerStars Hand #254258752214:  Hold'em No Limit ($0.50/$1.00 USD) - 2025/01/08 9:59:04 WET [2025/01/08 4:59:04 ET]
Table 'Stearns II' 6-max Seat #3 is the button
Seat 6: steelNike ($10 in chips) is sitting out
Seat 2: mike1471110 ($13.99 in chips) 
Seat 3: Gfoer ($100 in chips) 
Seat 4: B1GBankroll ($101.38 in chips) 
Seat 5: Pon4uk.ua ($111.55 in chips) 
B1GBankroll: posts small blind $0.50
Pon4uk.ua: posts big blind $1
steelNike: sits out 
*** HOLE CARDS ***
mike1471110: raises $1 to $2
Gfoer: folds 
B1GBankroll: folds 
Pon4uk.ua: folds 
Uncalled bet ($1) returned to mike1471110
mike1471110 collected $2.50 from pot
*** SUMMARY ***
Total pot $2.50 | Rake $0 
Seat 6: steelNike
Seat 2: mike1471110 collected ($2.50)
Seat 3: Gfoer (button) folded before Flop (didn't bet)
Seat 4: B1GBankroll (small blind) folded before Flop
Seat 5: Pon4uk.ua (big blind) folded before Flop



PokerStars Hand #254258753486:  Hold'em No Limit ($0.50/$1.00 USD) - 2025/01/08 9:59:18 WET [2025/01/08 4:59:18 ET]
Table 'Stearns II' 6-max Seat #4 is the button
Seat 2: mike1471110 ($15.49 in chips) 
Seat 3: Gfoer ($100 in chips) 
Seat 4: B1GBankroll ($100.88 in chips) 
Seat 5: Pon4uk.ua ($110.55 in chips) 
Seat 6: steelNike ($10 in chips) 
Pon4uk.ua: posts small blind $0.50
steelNike: posts big blind $1
*** HOLE CARDS ***
mike1471110: folds 
Gfoer: folds 
B1GBankroll: folds 
Pon4uk.ua: calls $0.50
S0M30LS3 joins the table at seat #1 
S0M30LS3 is disconnected 
steelNike: checks 
*** FLOP *** [Qh 8h Ks]
Pon4uk.ua: checks 
steelNike: checks 
*** TURN *** [Qh 8h Ks] [2d]
Pon4uk.ua: checks 
steelNike: bets $1.43
Pon4uk.ua: calls $1.43
*** RIVER *** [Qh 8h Ks 2d] [Ac]
Pon4uk.ua: checks 
steelNike: checks 
*** SHOW DOWN ***
Pon4uk.ua: shows [9h 8d] (a pair of Eights)
steelNike: shows [Qd 7d] (a pair of Queens)
steelNike collected $4.62 from pot
*** SUMMARY ***
Total pot $4.86 | Rake $0.24 
Board [Qh 8h Ks 2d Ac]
Seat 2: mike1471110 folded before Flop (didn't bet)
Seat 3: Gfoer folded before Flop (didn't bet)
Seat 4: B1GBankroll (button) folded before Flop (didn't bet)
Seat 5: Pon4uk.ua (small blind) showed [9h 8d] and lost with a pair of Eights
Seat 6: steelNike (big blind) showed [Qd 7d] and won ($4.62) with a pair of Queens



PokerStars Hand #254258758795:  Hold'em No Limit ($0.50/$1.00 USD) - 2025/01/08 10:00:20 WET [2025/01/08 5:00:20 ET]
Table 'Stearns II' 6-max Seat #5 is the button
Seat 1: S0M30LS3 ($15.27 in chips) 
Seat 2: mike1471110 ($15.49 in chips) 
Seat 3: Gfoer ($100 in chips) 
Seat 4: B1GBankroll ($100.88 in chips) 
Seat 5: Pon4uk.ua ($108.12 in chips) 
Seat 6: steelNike ($12.19 in chips) 
steelNike: posts small blind $0.50
S0M30LS3: posts big blind $1
*** HOLE CARDS ***
mike1471110: calls $1
Gfoer: folds 
B1GBankroll: folds 
Pon4uk.ua: folds 
steelNike: folds 
S0M30LS3: raises $2 to $3
mike1471110: folds 
Uncalled bet ($2) returned to S0M30LS3
S0M30LS3 collected $2.50 from pot
S0M30LS3: doesn't show hand 
*** SUMMARY ***
Total pot $2.50 | Rake $0 
Seat 1: S0M30LS3 (big blind) collected ($2.50)
Seat 2: mike1471110 folded before Flop
Seat 3: Gfoer folded before Flop (didn't bet)
Seat 4: B1GBankroll folded before Flop (didn't bet)
Seat 5: Pon4uk.ua (button) folded before Flop (didn't bet)
Seat 6: steelNike (small blind) folded before Flop



PokerStars Hand #254258760784:  Hold'em No Limit ($0.50/$1.00 USD) - 2025/01/08 10:00:42 WET [2025/01/08 5:00:42 ET]
Table 'Stearns II' 6-max Seat #6 is the button
Seat 1: S0M30LS3 ($16.77 in chips) 
Seat 2: mike1471110 ($14.49 in chips) 
Seat 3: Gfoer ($100 in chips) 
Seat 4: B1GBankroll ($100.88 in chips) 
Seat 5: Pon4uk.ua ($108.12 in chips) 
Seat 6: steelNike ($11.69 in chips) 
S0M30LS3: posts small blind $0.50
mike1471110: posts big blind $1
*** HOLE CARDS ***
Gfoer: folds 
B1GBankroll: folds 
Pon4uk.ua: folds 
steelNike: raises $10.69 to $11.69 and is all-in
S0M30LS3: folds 
mike1471110: folds 
Uncalled bet ($10.69) returned to steelNike
steelNike collected $2.50 from pot
*** SUMMARY ***
Total pot $2.50 | Rake $0 
Seat 1: S0M30LS3 (small blind) folded before Flop
Seat 2: mike1471110 (big blind) folded before Flop
Seat 3: Gfoer folded before Flop (didn't bet)
Seat 4: B1GBankroll folded before Flop (didn't bet)
Seat 5: Pon4uk.ua folded before Flop (didn't bet)
Seat 6: steelNike (button) collected ($2.50)



PokerStars Hand #254258762561:  Hold'em No Limit ($0.50/$1.00 USD) - 2025/01/08 10:01:00 WET [2025/01/08 5:01:00 ET]
Table 'Stearns II' 6-max Seat #1 is the button
Seat 1: S0M30LS3 ($16.27 in chips) 
Seat 2: mike1471110 ($13.49 in chips) 
Seat 3: Gfoer ($100 in chips) 
Seat 4: B1GBankroll ($100.88 in chips) 
Seat 5: Pon4uk.ua ($108.12 in chips) 
Seat 6: steelNike ($13.19 in chips) 
mike1471110: posts small blind $0.50
Gfoer: posts big blind $1
*** HOLE CARDS ***
B1GBankroll: folds 
Pon4uk.ua: folds 
steelNike: raises $12.19 to $13.19 and is all-in
S0M30LS3: folds 
mike1471110: folds 
Gfoer: folds 
Uncalled bet ($12.19) returned to steelNike
steelNike collected $2.50 from pot
*** SUMMARY ***
Total pot $2.50 | Rake $0 
Seat 1: S0M30LS3 (button) folded before Flop (didn't bet)
Seat 2: mike1471110 (small blind) folded before Flop
Seat 3: Gfoer (big blind) folded before Flop
Seat 4: B1GBankroll folded before Flop (didn't bet)
Seat 5: Pon4uk.ua folded before Flop (didn't bet)
Seat 6: steelNike collected ($2.50)



PokerStars Hand #254258764224:  Hold'em No Limit ($0.50/$1.00 USD) - 2025/01/08 10:01:17 WET [2025/01/08 5:01:17 ET]
Table 'Stearns II' 6-max Seat #2 is the button
Seat 1: S0M30LS3 ($16.27 in chips) 
Seat 2: mike1471110 ($12.99 in chips) 
Seat 3: Gfoer ($100 in chips) 
Seat 4: B1GBankroll ($100.88 in chips) 
Seat 5: Pon4uk.ua ($108.12 in chips) 
Seat 6: steelNike ($14.69 in chips) 
Gfoer: posts small blind $0.50
B1GBankroll: posts big blind $1
*** HOLE CARDS ***
Pon4uk.ua: folds 
steelNike: folds 
S0M30LS3: folds 
mike1471110: calls $1
Gfoer: folds 
B1GBankroll: raises $13.50 to $14.50
mike1471110: calls $11.99 and is all-in
Uncalled bet ($1.51) returned to B1GBankroll
*** FLOP *** [Ks 8h 3h]
*** TURN *** [Ks 8h 3h] [Ad]
*** RIVER *** [Ks 8h 3h Ad] [6d]
*** SHOW DOWN ***
B1GBankroll: shows [8s Ah] (two pair, Aces and Eights)
mike1471110: shows [Jd Qd] (high card Ace)
B1GBankroll collected $25.16 from pot
*** SUMMARY ***
Total pot $26.48 | Rake $1.32 
Board [Ks 8h 3h Ad 6d]
Seat 1: S0M30LS3 folded before Flop (didn't bet)
Seat 2: mike1471110 (button) showed [Jd Qd] and lost with high card Ace
Seat 3: Gfoer (small blind) folded before Flop
Seat 4: B1GBankroll (big blind) showed [8s Ah] and won ($25.16) with two pair, Aces and Eights
Seat 5: Pon4uk.ua folded before Flop (didn't bet)
Seat 6: steelNike folded before Flop (didn't bet)



PokerStars Hand #254258767103:  Hold'em No Limit ($0.50/$1.00 USD) - 2025/01/08 10:01:45 WET [2025/01/08 5:01:45 ET]
Table 'Stearns II' 6-max Seat #3 is the button
Seat 2: mike1471110 ($0 in chips) is sitting out
Seat 1: S0M30LS3 ($16.27 in chips) 
Seat 3: Gfoer ($100 in chips) 
Seat 4: B1GBankroll ($113.05 in chips) 
Seat 5: Pon4uk.ua ($108.12 in chips) 
Seat 6: steelNike ($14.69 in chips) 
B1GBankroll: posts small blind $0.50
Pon4uk.ua: posts big blind $1
*** HOLE CARDS ***
mike1471110 is disconnected 
steelNike: raises $13.69 to $14.69 and is all-in
S0M30LS3: folds 
Gfoer: folds 
B1GBankroll: folds 
Pon4uk.ua: folds 
Uncalled bet ($13.69) returned to steelNike
steelNike collected $2.50 from pot
*** SUMMARY ***
Total pot $2.50 | Rake $0 
Seat 2: mike1471110
Seat 1: S0M30LS3 folded before Flop (didn't bet)
Seat 3: Gfoer (button) folded before Flop (didn't bet)
Seat 4: B1GBankroll (small blind) folded before Flop
Seat 5: Pon4uk.ua (big blind) folded before Flop
Seat 6: steelNike collected ($2.50)



PokerStars Hand #254258769821:  Hold'em No Limit ($0.50/$1.00 USD) - 2025/01/08 10:02:12 WET [2025/01/08 5:02:12 ET]
Table 'Stearns II' 6-max Seat #4 is the button
Seat 2: mike1471110 ($0 in chips) is sitting out
Seat 6: steelNike ($16.19 in chips) is sitting out
Seat 1: S0M30LS3 ($16.27 in chips) 
Seat 3: Gfoer ($100 in chips) 
Seat 4: B1GBankroll ($112.55 in chips) 
Seat 5: Pon4uk.ua ($107.12 in chips) 
Pon4uk.ua: posts small blind $0.50
steelNike: is sitting out 
S0M30LS3: posts big blind $1
*** HOLE CARDS ***
Gfoer: folds 
B1GBankroll: raises $1.50 to $2.50
Pon4uk.ua: raises $8.50 to $11
S0M30LS3: folds 
B1GBankroll: calls $8.50
*** FLOP *** [Qc As 2s]
Pon4uk.ua: bets $7.26
B1GBankroll: calls $7.26
*** TURN *** [Qc As 2s] [Ad]
steelNike leaves the table
Pon4uk.ua: bets $18.26
B1GBankroll: folds 
Uncalled bet ($18.26) returned to Pon4uk.ua
Pon4uk.ua collected $36.52 from pot
Pon4uk.ua: doesn't show hand 
*** SUMMARY ***
Total pot $37.52 | Rake $1 
Board [Qc As 2s Ad]
Seat 2: mike1471110
Seat 6: steelNike
Seat 1: S0M30LS3 (big blind) folded before Flop
Seat 3: Gfoer folded before Flop (didn't bet)
Seat 4: B1GBankroll (button) folded on the Turn
Seat 5: Pon4uk.ua (small blind) collected ($36.52)



PokerStars Hand #254258775418:  Hold'em No Limit ($0.50/$1.00 USD) - 2025/01/08 10:03:08 WET [2025/01/08 5:03:08 ET]
Table 'Stearns II' 6-max Seat #1 is the button
Seat 2: mike1471110 ($0 in chips) is sitting out
Seat 3: Gfoer ($100 in chips) is sitting out
Seat 4: B1GBankroll ($100 in chips) is sitting out
Seat 1: S0M30LS3 ($15.27 in chips) 
Seat 5: Pon4uk.ua ($125.38 in chips) 
S0M30LS3: posts small blind $0.50
Gfoer: is sitting out 
Burlica2013 joins the table at seat #6 
B1GBankroll: is sitting out 
Pon4uk.ua: posts big blind $1
*** HOLE CARDS ***
S0M30LS3: folds 
Uncalled bet ($0.50) returned to Pon4uk.ua
B1GBankroll leaves the table
Pon4uk.ua collected $1 from pot
Pon4uk.ua: doesn't show hand 
*** SUMMARY ***
Total pot $1 | Rake $0 
Seat 2: mike1471110
Seat 3: Gfoer
Seat 4: B1GBankroll
Seat 1: S0M30LS3 (button) (small blind) folded before Flop
Seat 5: Pon4uk.ua (big blind) collected ($1)



PokerStars Hand #254258776090:  Hold'em No Limit ($0.50/$1.00 USD) - 2025/01/08 10:03:15 WET [2025/01/08 5:03:15 ET]
Table 'Stearns II' 6-max Seat #1 is the button
Seat 2: mike1471110 ($0 in chips) is sitting out
Seat 3: Gfoer ($100 in chips) is sitting out
Seat 1: S0M30LS3 ($14.77 in chips) 
Seat 5: Pon4uk.ua ($125.88 in chips) 
Seat 6: Burlica2013 ($100 in chips) 
Pon4uk.ua: posts small blind $0.50
Burlica2013: posts big blind $1
*** HOLE CARDS ***
S0M30LS3: folds 
KeR888 joins the table at seat #4 
Pon4uk.ua: calls $0.50
Burlica2013: checks 
*** FLOP *** [3s 8c 5c]
Pon4uk.ua: checks 
Gfoer leaves the table
Burlica2013: bets $1
Pon4uk.ua: folds 
Uncalled bet ($1) returned to Burlica2013
Burlica2013 collected $1.90 from pot
Burlica2013: doesn't show hand 
*** SUMMARY ***
Total pot $2 | Rake $0.10 
Board [3s 8c 5c]
Seat 2: mike1471110
Seat 3: Gfoer
Seat 1: S0M30LS3 (button) folded before Flop (didn't bet)
Seat 5: Pon4uk.ua (small blind) folded on the Flop
Seat 6: Burlica2013 (big blind) collected ($1.90)



PokerStars Hand #254258778267:  Hold'em No Limit ($0.50/$1.00 USD) - 2025/01/08 10:03:36 WET [2025/01/08 5:03:36 ET]
Table 'Stearns II' 6-max Seat #5 is the button
Seat 2: mike1471110 ($0 in chips) is sitting out
Seat 4: KeR888 ($100 in chips) is sitting out
Seat 1: S0M30LS3 ($14.77 in chips) 
Seat 5: Pon4uk.ua ($124.88 in chips) 
Seat 6: Burlica2013 ($100.90 in chips) 
Burlica2013: posts small blind $0.50
S0M30LS3: posts big blind $1
KeR888: sits out 
*** HOLE CARDS ***
Pon4uk.ua: folds 
Burlica2013: folds 
Uncalled bet ($0.50) returned to S0M30LS3
S0M30LS3 collected $1 from pot
S0M30LS3: doesn't show hand 
*** SUMMARY ***
Total pot $1 | Rake $0 
Seat 2: mike1471110
Seat 4: KeR888
Seat 1: S0M30LS3 (big blind) collected ($1)
Seat 5: Pon4uk.ua (button) folded before Flop (didn't bet)
Seat 6: Burlica2013 (small blind) folded before Flop



PokerStars Hand #254258779416:  Hold'em No Limit ($0.50/$1.00 USD) - 2025/01/08 10:03:47 WET [2025/01/08 5:03:47 ET]
Table 'Stearns II' 6-max Seat #6 is the button
Seat 2: mike1471110 ($0 in chips) is sitting out
Seat 1: S0M30LS3 ($15.27 in chips) 
Seat 4: KeR888 ($100 in chips) 
Seat 5: Pon4uk.ua ($124.88 in chips) 
Seat 6: Burlica2013 ($100.40 in chips) 
S0M30LS3: posts small blind $0.50
KeR888: posts big blind $1
*** HOLE CARDS ***
xcinaz joins the table at seat #3 
Pon4uk.ua: folds 
Burlica2013: raises $1.45 to $2.45
S0M30LS3: folds 
KeR888: calls $1.45
*** FLOP *** [8s 9d 5d]
KeR888: checks 
Burlica2013: checks 
*** TURN *** [8s 9d 5d] [Jh]
KeR888: checks 
Burlica2013: checks 
*** RIVER *** [8s 9d 5d Jh] [Qc]
KeR888: bets $1.54
Burlica2013: folds 
Uncalled bet ($1.54) returned to KeR888
KeR888 collected $5.13 from pot
KeR888: doesn't show hand 
*** SUMMARY ***
Total pot $5.40 | Rake $0.27 
Board [8s 9d 5d Jh Qc]
Seat 2: mike1471110
Seat 1: S0M30LS3 (small blind) folded before Flop
Seat 4: KeR888 (big blind) collected ($5.13)
Seat 5: Pon4uk.ua folded before Flop (didn't bet)
Seat 6: Burlica2013 (button) folded on the River



PokerStars Hand #254258784081:  Hold'em No Limit ($0.50/$1.00 USD) - 2025/01/08 10:04:32 WET [2025/01/08 5:04:32 ET]
Table 'Stearns II' 6-max Seat #1 is the button
Seat 2: mike1471110 ($0 in chips) is sitting out
Seat 3: xcinaz ($100 in chips) is sitting out
Seat 1: S0M30LS3 ($14.77 in chips) 
Seat 4: KeR888 ($102.68 in chips) 
Seat 5: Pon4uk.ua ($124.88 in chips) 
Seat 6: Burlica2013 ($100 in chips) 
KeR888: posts small blind $0.50
Pon4uk.ua: posts big blind $1
*** HOLE CARDS ***
Burlica2013: raises $1.25 to $2.25
S0M30LS3: folds 
KeR888: folds 
Pon4uk.ua: calls $1.25
*** FLOP *** [8c 5h 3s]
Pon4uk.ua: checks 
Burlica2013: bets $3.56
Pon4uk.ua: folds 
Uncalled bet ($3.56) returned to Burlica2013
Burlica2013 collected $4.75 from pot
Burlica2013: doesn't show hand 
*** SUMMARY ***
Total pot $5 | Rake $0.25 
Board [8c 5h 3s]
Seat 2: mike1471110
Seat 3: xcinaz
Seat 1: S0M30LS3 (button) folded before Flop (didn't bet)
Seat 4: KeR888 (small blind) folded before Flop
Seat 5: Pon4uk.ua (big blind) folded on the Flop
Seat 6: Burlica2013 collected ($4.75)



PokerStars Hand #254258787852:  Hold'em No Limit ($0.50/$1.00 USD) - 2025/01/08 10:05:09 WET [2025/01/08 5:05:09 ET]
Table 'Stearns II' 6-max Seat #4 is the button
Seat 2: mike1471110 ($0 in chips) is sitting out
Seat 3: xcinaz ($100 in chips) is sitting out
Seat 1: S0M30LS3 ($14.77 in chips) 
Seat 4: KeR888 ($102.18 in chips) 
Seat 5: Pon4uk.ua ($122.63 in chips) 
Seat 6: Burlica2013 ($102.50 in chips) 
Pon4uk.ua: posts small blind $0.50
Burlica2013: posts big blind $1
xcinaz: sits out 
*** HOLE CARDS ***
S0M30LS3: calls $1
KeR888: folds 
Pon4uk.ua: calls $0.50
Burlica2013: checks 
*** FLOP *** [Qh 7d 9s]
Pon4uk.ua: checks 
Burlica2013: checks 
S0M30LS3: checks 
*** TURN *** [Qh 7d 9s] [6c]
Pon4uk.ua: checks 
Burlica2013: bets $1.43
S0M30LS3: folds 
Pon4uk.ua: folds 
Uncalled bet ($1.43) returned to Burlica2013
Burlica2013 collected $2.85 from pot
Burlica2013: doesn't show hand 
*** SUMMARY ***
Total pot $3 | Rake $0.15 
Board [Qh 7d 9s 6c]
Seat 2: mike1471110
Seat 3: xcinaz
Seat 1: S0M30LS3 folded on the Turn
Seat 4: KeR888 (button) folded before Flop (didn't bet)
Seat 5: Pon4uk.ua (small blind) folded on the Turn
Seat 6: Burlica2013 (big blind) collected ($2.85)



PokerStars Hand #254258794488:  Hold'em No Limit ($0.50/$1.00 USD) - 2025/01/08 10:06:15 WET [2025/01/08 5:06:15 ET]
Table 'Stearns II' 6-max Seat #5 is the button
Seat 2: mike1471110 ($0 in chips) is sitting out
Seat 3: xcinaz ($100 in chips) is sitting out
Seat 1: S0M30LS3 ($13.77 in chips) 
Seat 4: KeR888 ($102.18 in chips) 
Seat 5: Pon4uk.ua ($121.63 in chips) 
Seat 6: Burlica2013 ($104.35 in chips) 
Burlica2013: posts small blind $0.50
S0M30LS3: posts big blind $1
xcinaz: sits out 
*** HOLE CARDS ***
KeR888: folds 
Pon4uk.ua: raises $1 to $2
Burlica2013: folds 
S0M30LS3: calls $1
*** FLOP *** [3h 7d 2h]
S0M30LS3: checks 
Pon4uk.ua: bets $1.41
S0M30LS3: folds 
Uncalled bet ($1.41) returned to Pon4uk.ua
Pon4uk.ua collected $4.28 from pot
Pon4uk.ua: doesn't show hand 
*** SUMMARY ***
Total pot $4.50 | Rake $0.22 
Board [3h 7d 2h]
Seat 2: mike1471110
Seat 3: xcinaz
Seat 1: S0M30LS3 (big blind) folded on the Flop
Seat 4: KeR888 folded before Flop (didn't bet)
Seat 5: Pon4uk.ua (button) collected ($4.28)
Seat 6: Burlica2013 (small blind) folded before Flop



PokerStars Hand #254258797448:  Hold'em No Limit ($0.50/$1.00 USD) - 2025/01/08 10:06:44 WET [2025/01/08 5:06:44 ET]
Table 'Stearns II' 6-max Seat #6 is the button
Seat 2: mike1471110 ($0 in chips) is sitting out
Seat 1: S0M30LS3 ($11.77 in chips) 
Seat 3: xcinaz ($100 in chips) 
Seat 4: KeR888 ($102.18 in chips) 
Seat 5: Pon4uk.ua ($123.91 in chips) 
Seat 6: Burlica2013 ($103.85 in chips) 
S0M30LS3: posts small blind $0.50
xcinaz: posts big blind $1
*** HOLE CARDS ***
KeR888: raises $1.20 to $2.20
Pon4uk.ua: folds 
Burlica2013: folds 
S0M30LS3: calls $1.70
xcinaz: calls $1.20
*** FLOP *** [Th Ts Jh]
S0M30LS3: checks 
xcinaz: checks 
KeR888: checks 
*** TURN *** [Th Ts Jh] [4s]
S0M30LS3: checks 
xcinaz: checks 
KeR888: checks 
*** RIVER *** [Th Ts Jh 4s] [Qs]
S0M30LS3: checks 
xcinaz: bets $4.70
KeR888: folds 
S0M30LS3: folds 
Uncalled bet ($4.70) returned to xcinaz
xcinaz collected $6.27 from pot
xcinaz: doesn't show hand 
*** SUMMARY ***
Total pot $6.60 | Rake $0.33 
Board [Th Ts Jh 4s Qs]
Seat 2: mike1471110
Seat 1: S0M30LS3 (small blind) folded on the River
Seat 3: xcinaz (big blind) collected ($6.27)
Seat 4: KeR888 folded on the River
Seat 5: Pon4uk.ua folded before Flop (didn't bet)
Seat 6: Burlica2013 (button) folded before Flop (didn't bet)



PokerStars Hand #254258802430:  Hold'em No Limit ($0.50/$1.00 USD) - 2025/01/08 10:07:34 WET [2025/01/08 5:07:34 ET]
Table 'Stearns II' 6-max Seat #1 is the button
Seat 2: mike1471110 ($0 in chips) is sitting out
Seat 1: S0M30LS3 ($9.57 in chips) 
Seat 3: xcinaz ($104.07 in chips) 
Seat 4: KeR888 ($100 in chips) 
Seat 5: Pon4uk.ua ($123.91 in chips) 
Seat 6: Burlica2013 ($103.85 in chips) 
xcinaz: posts small blind $0.50
KeR888: posts big blind $1
*** HOLE CARDS ***
Pon4uk.ua: folds 
Burlica2013: folds 
S0M30LS3: calls $1
xcinaz: calls $0.50
KeR888: checks 
*** FLOP *** [Qs Tc 7s]
xcinaz: bets $2.14
KeR888: folds 
S0M30LS3: calls $2.14
*** TURN *** [Qs Tc 7s] [Kh]
xcinaz: bets $9.34
S0M30LS3: folds 
Uncalled bet ($9.34) returned to xcinaz
xcinaz collected $6.92 from pot
xcinaz: doesn't show hand 
*** SUMMARY ***
Total pot $7.28 | Rake $0.36 
Board [Qs Tc 7s Kh]
Seat 2: mike1471110
Seat 1: S0M30LS3 (button) folded on the Turn
Seat 3: xcinaz (small blind) collected ($6.92)
Seat 4: KeR888 (big blind) folded on the Flop
Seat 5: Pon4uk.ua folded before Flop (didn't bet)
Seat 6: Burlica2013 folded before Flop (didn't bet)



PokerStars Hand #254258806448:  Hold'em No Limit ($0.50/$1.00 USD) - 2025/01/08 10:08:13 WET [2025/01/08 5:08:13 ET]
Table 'Stearns II' 6-max Seat #3 is the button
Seat 2: mike1471110 ($0 in chips) is sitting out
Seat 1: S0M30LS3 ($6.43 in chips) 
Seat 3: xcinaz ($107.85 in chips) 
Seat 4: KeR888 ($100 in chips) 
Seat 5: Pon4uk.ua ($123.91 in chips) 
Seat 6: Burlica2013 ($103.85 in chips) 
KeR888: posts small blind $0.50
Pon4uk.ua: posts big blind $1
*** HOLE CARDS ***
Burlica2013: folds 
S0M30LS3: calls $1
xcinaz: folds 
KeR888: folds 
Pon4uk.ua: checks 
*** FLOP *** [2h 7h 4h]
Pon4uk.ua: checks 
S0M30LS3: checks 
*** TURN *** [2h 7h 4h] [As]
Pon4uk.ua: checks 
S0M30LS3: checks 
*** RIVER *** [2h 7h 4h As] [Ad]
Pon4uk.ua: bets $1
S0M30LS3: folds 
Uncalled bet ($1) returned to Pon4uk.ua
Pon4uk.ua collected $2.38 from pot
Pon4uk.ua: doesn't show hand 
*** SUMMARY ***
Total pot $2.50 | Rake $0.12 
Board [2h 7h 4h As Ad]
Seat 2: mike1471110
Seat 1: S0M30LS3 folded on the River
Seat 3: xcinaz (button) folded before Flop (didn't bet)
Seat 4: KeR888 (small blind) folded before Flop
Seat 5: Pon4uk.ua (big blind) collected ($2.38)
Seat 6: Burlica2013 folded before Flop (didn't bet)



PokerStars Hand #254258809750:  Hold'em No Limit ($0.50/$1.00 USD) - 2025/01/08 10:08:46 WET [2025/01/08 5:08:46 ET]
Table 'Stearns II' 6-max Seat #4 is the button
Seat 2: mike1471110 ($0 in chips) is sitting out
Seat 1: S0M30LS3 ($5.43 in chips) 
Seat 3: xcinaz ($107.85 in chips) 
Seat 4: KeR888 ($100 in chips) 
Seat 5: Pon4uk.ua ($125.29 in chips) 
Seat 6: Burlica2013 ($103.85 in chips) 
Pon4uk.ua: posts small blind $0.50
Burlica2013: posts big blind $1
*** HOLE CARDS ***
S0M30LS3: folds 
xcinaz: folds 
KeR888: folds 
Pon4uk.ua: raises $1.75 to $2.75
Burlica2013: raises $6.25 to $9
Pon4uk.ua: folds 
Uncalled bet ($6.25) returned to Burlica2013
Burlica2013 collected $5.50 from pot
Burlica2013: doesn't show hand 
*** SUMMARY ***
Total pot $5.50 | Rake $0 
Seat 2: mike1471110
Seat 1: S0M30LS3 folded before Flop (didn't bet)
Seat 3: xcinaz folded before Flop (didn't bet)
Seat 4: KeR888 (button) folded before Flop (didn't bet)
Seat 5: Pon4uk.ua (small blind) folded before Flop
Seat 6: Burlica2013 (big blind) collected ($5.50)



PokerStars Hand #254258812775:  Hold'em No Limit ($0.50/$1.00 USD) - 2025/01/08 10:09:15 WET [2025/01/08 5:09:15 ET]
Table 'Stearns II' 6-max Seat #5 is the button
Seat 2: mike1471110 ($0 in chips) is sitting out
Seat 1: S0M30LS3 ($5.43 in chips) 
Seat 3: xcinaz ($107.85 in chips) 
Seat 4: KeR888 ($100 in chips) 
Seat 5: Pon4uk.ua ($122.54 in chips) 
Seat 6: Burlica2013 ($106.60 in chips) 
Burlica2013: posts small blind $0.50
S0M30LS3: posts big blind $1
*** HOLE CARDS ***
xcinaz: folds 
KeR888: folds 
Pon4uk.ua: folds 
Burlica2013: raises $105.60 to $106.60 and is all-in
S0M30LS3: folds 
Uncalled bet ($105.60) returned to Burlica2013
Burlica2013 collected $2 from pot
Burlica2013: doesn't show hand 
*** SUMMARY ***
Total pot $2 | Rake $0 
Seat 2: mike1471110
Seat 1: S0M30LS3 (big blind) folded before Flop
Seat 3: xcinaz folded before Flop (didn't bet)
Seat 4: KeR888 folded before Flop (didn't bet)
Seat 5: Pon4uk.ua (button) folded before Flop (didn't bet)
Seat 6: Burlica2013 (small blind) collected ($2)



PokerStars Hand #254258814493:  Hold'em No Limit ($0.50/$1.00 USD) - 2025/01/08 10:09:32 WET [2025/01/08 5:09:32 ET]
Table 'Stearns II' 6-max Seat #6 is the button
Seat 2: mike1471110 ($0 in chips) is sitting out
Seat 1: S0M30LS3 ($4.43 in chips) 
Seat 3: xcinaz ($107.85 in chips) 
Seat 4: KeR888 ($100 in chips) 
Seat 5: Pon4uk.ua ($122.54 in chips) 
Seat 6: Burlica2013 ($107.60 in chips) 
S0M30LS3: posts small blind $0.50
xcinaz: posts big blind $1
*** HOLE CARDS ***
KeR888: folds 
Pon4uk.ua: folds 
Burlica2013: raises $1.45 to $2.45
S0M30LS3: folds 
xcinaz: calls $1.45
*** FLOP *** [8c 9d Kc]
xcinaz: checks 
Burlica2013: bets $2.57
xcinaz: folds 
Uncalled bet ($2.57) returned to Burlica2013
Burlica2013 collected $5.13 from pot
mike1471110 leaves the table
Burlica2013: doesn't show hand 
*** SUMMARY ***
Total pot $5.40 | Rake $0.27 
Board [8c 9d Kc]
Seat 2: mike1471110
Seat 1: S0M30LS3 (small blind) folded before Flop
Seat 3: xcinaz (big blind) folded on the Flop
Seat 4: KeR888 folded before Flop (didn't bet)
Seat 5: Pon4uk.ua folded before Flop (didn't bet)
Seat 6: Burlica2013 (button) collected ($5.13)



PokerStars Hand #254258817938:  Hold'em No Limit ($0.50/$1.00 USD) - 2025/01/08 10:10:05 WET [2025/01/08 5:10:05 ET]
Table 'Stearns II' 6-max Seat #1 is the button
Seat 1: S0M30LS3 ($3.93 in chips) 
Seat 3: xcinaz ($105.40 in chips) 
Seat 4: KeR888 ($100 in chips) 
Seat 5: Pon4uk.ua ($122.54 in chips) 
Seat 6: Burlica2013 ($110.28 in chips) 
xcinaz: posts small blind $0.50
KeR888: posts big blind $1
*** HOLE CARDS ***
Pon4uk.ua: folds 
Burlica2013: raises $1.25 to $2.25
S0M30LS3: raises $1.68 to $3.93 and is all-in
xcinaz: folds 
KeR888: folds 
Burlica2013: calls $1.68
*** FLOP *** [3d 7h 5d]
*** TURN *** [3d 7h 5d] [Kh]
*** RIVER *** [3d 7h 5d Kh] [Ks]
*** SHOW DOWN ***
Burlica2013: shows [4c 4d] (two pair, Kings and Fours)
S0M30LS3: shows [Qh Ts] (a pair of Kings)
Burlica2013 collected $8.89 from pot
S0M30LS3 is disconnected 
*** SUMMARY ***
Total pot $9.36 | Rake $0.47 
Board [3d 7h 5d Kh Ks]
Seat 1: S0M30LS3 (button) showed [Qh Ts] and lost with a pair of Kings
Seat 3: xcinaz (small blind) folded before Flop
Seat 4: KeR888 (big blind) folded before Flop
Seat 5: Pon4uk.ua folded before Flop (didn't bet)
Seat 6: Burlica2013 showed [4c 4d] and won ($8.89) with two pair, Kings and Fours



PokerStars Hand #254258820677:  Hold'em No Limit ($0.50/$1.00 USD) - 2025/01/08 10:10:31 WET [2025/01/08 5:10:31 ET]
Table 'Stearns II' 6-max Seat #3 is the button
Seat 1: S0M30LS3 ($0 in chips) is sitting out
Seat 3: xcinaz ($104.90 in chips) 
Seat 4: KeR888 ($100 in chips) 
Seat 5: Pon4uk.ua ($122.54 in chips) 
Seat 6: Burlica2013 ($115.24 in chips) 
KeR888: posts small blind $0.50
Pon4uk.ua: posts big blind $1
*** HOLE CARDS ***
PayTaxOrDie joins the table at seat #2 
Burlica2013: folds 
xcinaz: folds 
KeR888: folds 
Uncalled bet ($0.50) returned to Pon4uk.ua
Pon4uk.ua collected $1 from pot
Pon4uk.ua: doesn't show hand 
*** SUMMARY ***
Total pot $1 | Rake $0 
Seat 1: S0M30LS3
Seat 3: xcinaz (button) folded before Flop (didn't bet)
Seat 4: KeR888 (small blind) folded before Flop
Seat 5: Pon4uk.ua (big blind) collected ($1)
Seat 6: Burlica2013 folded before Flop (didn't bet)



PokerStars Hand #254258821960:  Hold'em No Limit ($0.50/$1.00 USD) - 2025/01/08 10:10:44 WET [2025/01/08 5:10:44 ET]
Table 'Stearns II' 6-max Seat #4 is the button
Seat 1: S0M30LS3 ($0 in chips) is sitting out
Seat 2: PayTaxOrDie ($100 in chips) is sitting out
Seat 3: xcinaz ($104.90 in chips) 
Seat 4: KeR888 ($100 in chips) 
Seat 5: Pon4uk.ua ($123.04 in chips) 
Seat 6: Burlica2013 ($115.24 in chips) 
Pon4uk.ua: posts small blind $0.50
Burlica2013: posts big blind $1
PayTaxOrDie: sits out 
*** HOLE CARDS ***
xcinaz: folds 
KeR888: folds 
Pon4uk.ua: raises $1.75 to $2.75
Burlica2013: calls $1.75
*** FLOP *** [Jd As 2d]
Pon4uk.ua: bets $1.72
Burlica2013: calls $1.72
*** TURN *** [Jd As 2d] [7s]
Pon4uk.ua: checks 
Burlica2013: checks 
*** RIVER *** [Jd As 2d 7s] [Kd]
Pon4uk.ua: checks 
Burlica2013: checks 
*** SHOW DOWN ***
Pon4uk.ua: shows [Qd Js] (a pair of Jacks)
Burlica2013: mucks hand 
Pon4uk.ua collected $8.49 from pot
*** SUMMARY ***
Total pot $8.94 | Rake $0.45 
Board [Jd As 2d 7s Kd]
Seat 1: S0M30LS3
Seat 2: PayTaxOrDie
Seat 3: xcinaz folded before Flop (didn't bet)
Seat 4: KeR888 (button) folded before Flop (didn't bet)
Seat 5: Pon4uk.ua (small blind) showed [Qd Js] and won ($8.49) with a pair of Jacks
Seat 6: Burlica2013 (big blind) mucked



PokerStars Hand #254258825887:  Hold'em No Limit ($0.50/$1.00 USD) - 2025/01/08 10:11:21 WET [2025/01/08 5:11:21 ET]
Table 'Stearns II' 6-max Seat #5 is the button
Seat 1: S0M30LS3 ($0 in chips) is sitting out
Seat 2: PayTaxOrDie ($100 in chips) 
Seat 3: xcinaz ($104.90 in chips) 
Seat 4: KeR888 ($100 in chips) 
Seat 5: Pon4uk.ua ($127.06 in chips) 
Seat 6: Burlica2013 ($110.77 in chips) 
Burlica2013: posts small blind $0.50
PayTaxOrDie: posts big blind $1
*** HOLE CARDS ***
xcinaz: folds 
KeR888: folds 
Pon4uk.ua: folds 
Burlica2013: raises $2 to $3
PayTaxOrDie: raises $6 to $9
Burlica2013: calls $6
*** FLOP *** [2s 7c Qc]
Burlica2013: checks 
PayTaxOrDie: bets $6.84
Burlica2013: folds 
Uncalled bet ($6.84) returned to PayTaxOrDie
PayTaxOrDie collected $17.10 from pot
PayTaxOrDie: doesn't show hand 
*** SUMMARY ***
Total pot $18 | Rake $0.90 
Board [2s 7c Qc]
Seat 1: S0M30LS3
Seat 2: PayTaxOrDie (big blind) collected ($17.10)
Seat 3: xcinaz folded before Flop (didn't bet)
Seat 4: KeR888 folded before Flop (didn't bet)
Seat 5: Pon4uk.ua (button) folded before Flop (didn't bet)
Seat 6: Burlica2013 (small blind) folded on the Flop



PokerStars Hand #254258830736:  Hold'em No Limit ($0.50/$1.00 USD) - 2025/01/08 10:12:07 WET [2025/01/08 5:12:07 ET]
Table 'Stearns II' 6-max Seat #6 is the button
Seat 1: S0M30LS3 ($0 in chips) is sitting out
Seat 2: PayTaxOrDie ($108.10 in chips) 
Seat 3: xcinaz ($104.90 in chips) 
Seat 4: KeR888 ($100 in chips) 
Seat 5: Pon4uk.ua ($127.06 in chips) 
Seat 6: Burlica2013 ($101.77 in chips) 
PayTaxOrDie: posts small blind $0.50
xcinaz: posts big blind $1
*** HOLE CARDS ***
KeR888: folds 
Pon4uk.ua: folds 
Burlica2013: raises $1.45 to $2.45
PayTaxOrDie: folds 
xcinaz: folds 
Uncalled bet ($1.45) returned to Burlica2013
Burlica2013 collected $2.50 from pot
Burlica2013: doesn't show hand 
*** SUMMARY ***
Total pot $2.50 | Rake $0 
Seat 1: S0M30LS3
Seat 2: PayTaxOrDie (small blind) folded before Flop
Seat 3: xcinaz (big blind) folded before Flop
Seat 4: KeR888 folded before Flop (didn't bet)
Seat 5: Pon4uk.ua folded before Flop (didn't bet)
Seat 6: Burlica2013 (button) collected ($2.50)



PokerStars Hand #254258833054:  Hold'em No Limit ($0.50/$1.00 USD) - 2025/01/08 10:12:29 WET [2025/01/08 5:12:29 ET]
Table 'Stearns II' 6-max Seat #2 is the button
Seat 1: S0M30LS3 ($0 in chips) is sitting out
Seat 2: PayTaxOrDie ($107.60 in chips) 
Seat 3: xcinaz ($103.90 in chips) 
Seat 4: KeR888 ($100 in chips) 
Seat 5: Pon4uk.ua ($127.06 in chips) 
Seat 6: Burlica2013 ($103.27 in chips) 
xcinaz: posts small blind $0.50
KeR888: posts big blind $1
*** HOLE CARDS ***
Pon4uk.ua: folds 
Burlica2013: folds 
PayTaxOrDie: folds 
xcinaz: raises $2 to $3
KeR888: calls $2
*** FLOP *** [3s 7d 4s]
xcinaz: checks 
KeR888: bets $1.71
xcinaz: calls $1.71
*** TURN *** [3s 7d 4s] [Kc]
xcinaz: checks 
KeR888: checks 
*** RIVER *** [3s 7d 4s Kc] [7s]
xcinaz: checks 
KeR888: checks 
*** SHOW DOWN ***
xcinaz: shows [Qs Jc] (a pair of Sevens)
KeR888: shows [2c Ac] (a pair of Sevens - Ace kicker)
KeR888 collected $8.95 from pot
*** SUMMARY ***
Total pot $9.42 | Rake $0.47 
Board [3s 7d 4s Kc 7s]
Seat 1: S0M30LS3
Seat 2: PayTaxOrDie (button) folded before Flop (didn't bet)
Seat 3: xcinaz (small blind) showed [Qs Jc] and lost with a pair of Sevens
Seat 4: KeR888 (big blind) showed [2c Ac] and won ($8.95) with a pair of Sevens
Seat 5: Pon4uk.ua folded before Flop (didn't bet)
Seat 6: Burlica2013 folded before Flop (didn't bet)



PokerStars Hand #254258841198:  Hold'em No Limit ($0.50/$1.00 USD) - 2025/01/08 10:13:45 WET [2025/01/08 5:13:45 ET]
Table 'Stearns II' 6-max Seat #3 is the button
Seat 1: S0M30LS3 ($0 in chips) is sitting out
Seat 5: Pon4uk.ua ($127.06 in chips) is sitting out
Seat 6: Burlica2013 ($103.27 in chips) is sitting out
Seat 2: PayTaxOrDie ($107.60 in chips) 
Seat 3: xcinaz ($100 in chips) 
Seat 4: KeR888 ($104.24 in chips) 
KeR888: posts small blind $0.50
Pon4uk.ua: is sitting out 
Burlica2013: is sitting out 
PayTaxOrDie: posts big blind $1
*** HOLE CARDS ***
Burlica2013 leaves the table
xcinaz: raises $1.50 to $2.50
Pon4uk.ua leaves the table
KeR888: folds 
PayTaxOrDie: folds 
Uncalled bet ($1.50) returned to xcinaz
xcinaz collected $2.50 from pot
xcinaz: doesn't show hand 
*** SUMMARY ***
Total pot $2.50 | Rake $0 
Seat 1: S0M30LS3
Seat 5: Pon4uk.ua
Seat 6: Burlica2013
Seat 2: PayTaxOrDie (big blind) folded before Flop
Seat 3: xcinaz (button) collected ($2.50)
Seat 4: KeR888 (small blind) folded before Flop



PokerStars Hand #254258858788:  Hold'em No Limit ($0.50/$1.00 USD) - 2025/01/08 10:16:31 WET [2025/01/08 5:16:31 ET]
Table 'Stearns II' 6-max Seat #2 is the button
Seat 1: S0M30LS3 ($0 in chips) is sitting out
Seat 2: Granit34 ($31.12 in chips) 
Seat 3: waennerstreom ($10 in chips) 
Granit34: posts small blind $0.50
waennerstreom: posts big blind $1
*** HOLE CARDS ***
Granit34: calls $0.50
waennerstreom: raises $1 to $2
Granit34: calls $1
*** FLOP *** [5h 9h 8c]
waennerstreom: bets $1.90
Granit34: calls $1.90
*** TURN *** [5h 9h 8c] [2c]
waennerstreom: checks 
Granit34: bets $2.71
waennerstreom: calls $2.71
*** RIVER *** [5h 9h 8c 2c] [3h]
waennerstreom: checks 
Granit34: bets $4.28
waennerstreom: folds 
Uncalled bet ($4.28) returned to Granit34
Granit34 collected $12.40 from pot
*** SUMMARY ***
Total pot $13.22 | Rake $0.82 
Board [5h 9h 8c 2c 3h]
Seat 1: S0M30LS3
Seat 2: Granit34 (button) (small blind) collected ($12.40)
Seat 3: waennerstreom (big blind) folded on the River



PokerStars Hand #254258863825:  Hold'em No Limit ($0.50/$1.00 USD) - 2025/01/08 10:17:18 WET [2025/01/08 5:17:18 ET]
Table 'Stearns II' 6-max Seat #3 is the button
Seat 1: S0M30LS3 ($0 in chips) is sitting out
Seat 2: Granit34 ($36.91 in chips) 
Seat 3: waennerstreom ($3.39 in chips) 
waennerstreom: posts small blind $0.50
Granit34: posts big blind $1
*** HOLE CARDS ***
waennerstreom: calls $0.50
Granit34: checks 
*** FLOP *** [9d As 7s]
B1GBankroll joins the table at seat #4 
Granit34: checks 
waennerstreom: checks 
*** TURN *** [9d As 7s] [Ts]
Granit34: checks 
waennerstreom: checks 
*** RIVER *** [9d As 7s Ts] [2c]
Granit34: checks 
waennerstreom: checks 
*** SHOW DOWN ***
Granit34: shows [Qc 4c] (high card Ace)
waennerstreom: shows [Ks 4d] (high card Ace - King kicker)
waennerstreom collected $1.90 from pot
*** SUMMARY ***
Total pot $2 | Rake $0.10 
Board [9d As 7s Ts 2c]
Seat 1: S0M30LS3
Seat 2: Granit34 (big blind) showed [Qc 4c] and lost with high card Ace
Seat 3: waennerstreom (button) (small blind) showed [Ks 4d] and won ($1.90) with high card Ace



PokerStars Hand #254258867140:  Hold'em No Limit ($0.50/$1.00 USD) - 2025/01/08 10:17:50 WET [2025/01/08 5:17:50 ET]
Table 'Stearns II' 6-max Seat #2 is the button
Seat 1: S0M30LS3 ($0 in chips) is sitting out
Seat 2: Granit34 ($35.91 in chips) 
Seat 3: waennerstreom ($4.29 in chips) 
Seat 4: B1GBankroll ($100 in chips) 
waennerstreom: posts small blind $0.50
B1GBankroll: posts big blind $1
*** HOLE CARDS ***
Granit34: folds 
waennerstreom: folds 
Uncalled bet ($0.50) returned to B1GBankroll
B1GBankroll collected $1 from pot
B1GBankroll: doesn't show hand 
*** SUMMARY ***
Total pot $1 | Rake $0 
Seat 1: S0M30LS3
Seat 2: Granit34 (button) folded before Flop (didn't bet)
Seat 3: waennerstreom (small blind) folded before Flop
Seat 4: B1GBankroll (big blind) collected ($1)



PokerStars Hand #254258868013:  Hold'em No Limit ($0.50/$1.00 USD) - 2025/01/08 10:17:58 WET [2025/01/08 5:17:58 ET]
Table 'Stearns II' 6-max Seat #3 is the button
Seat 1: S0M30LS3 ($0 in chips) is sitting out
Seat 2: Granit34 ($35.91 in chips) 
Seat 3: waennerstreom ($3.79 in chips) 
Seat 4: B1GBankroll ($100.50 in chips) 
B1GBankroll: posts small blind $0.50
Granit34: posts big blind $1
*** HOLE CARDS ***
waennerstreom: folds 
B1GBankroll: raises $2 to $3
Granit34: folds 
Uncalled bet ($2) returned to B1GBankroll
B1GBankroll collected $2 from pot
B1GBankroll: doesn't show hand 
*** SUMMARY ***
Total pot $2 | Rake $0 
Seat 1: S0M30LS3
Seat 2: Granit34 (big blind) folded before Flop
Seat 3: waennerstreom (button) folded before Flop (didn't bet)
Seat 4: B1GBankroll (small blind) collected ($2)



PokerStars Hand #254258870022:  Hold'em No Limit ($0.50/$1.00 USD) - 2025/01/08 10:18:17 WET [2025/01/08 5:18:17 ET]
Table 'Stearns II' 6-max Seat #4 is the button
Seat 1: S0M30LS3 ($0 in chips) is sitting out
Seat 2: Granit34 ($34.91 in chips) 
Seat 3: waennerstreom ($3.79 in chips) 
Seat 4: B1GBankroll ($101.50 in chips) 
Granit34: posts small blind $0.50
waennerstreom: posts big blind $1
*** HOLE CARDS ***
B1GBankroll: raises $1.50 to $2.50
Granit34: folds 
waennerstreom: folds 
Uncalled bet ($1.50) returned to B1GBankroll
B1GBankroll collected $2.50 from pot
B1GBankroll: doesn't show hand 
*** SUMMARY ***
Total pot $2.50 | Rake $0 
Seat 1: S0M30LS3
Seat 2: Granit34 (small blind) folded before Flop
Seat 3: waennerstreom (big blind) folded before Flop
Seat 4: B1GBankroll (button) collected ($2.50)



PokerStars Hand #254258871388:  Hold'em No Limit ($0.50/$1.00 USD) - 2025/01/08 10:18:30 WET [2025/01/08 5:18:30 ET]
Table 'Stearns II' 6-max Seat #2 is the button
Seat 1: S0M30LS3 ($0 in chips) is sitting out
Seat 2: Granit34 ($34.41 in chips) 
Seat 3: waennerstreom ($2.79 in chips) 
Seat 4: B1GBankroll ($103 in chips) 
waennerstreom: posts small blind $0.50
B1GBankroll: posts big blind $1
*** HOLE CARDS ***
Granit34: calls $1
waennerstreom: raises $1.79 to $2.79 and is all-in
B1GBankroll: folds 
Granit34: calls $1.79
*** FLOP *** [9s 7s 3s]
*** TURN *** [9s 7s 3s] [Qd]
*** RIVER *** [9s 7s 3s Qd] [9h]
*** SHOW DOWN ***
waennerstreom: shows [Qs Jc] (two pair, Queens and Nines)
Granit34: shows [Ah 7h] (two pair, Nines and Sevens)
waennerstreom collected $6.25 from pot
*** SUMMARY ***
Total pot $6.58 | Rake $0.33 
Board [9s 7s 3s Qd 9h]
Seat 1: S0M30LS3
Seat 2: Granit34 (button) showed [Ah 7h] and lost with two pair, Nines and Sevens
Seat 3: waennerstreom (small blind) showed [Qs Jc] and won ($6.25) with two pair, Queens and Nines
Seat 4: B1GBankroll (big blind) folded before Flop



PokerStars Hand #254258873865:  Hold'em No Limit ($0.50/$1.00 USD) - 2025/01/08 10:18:53 WET [2025/01/08 5:18:53 ET]
Table 'Stearns II' 6-max Seat #3 is the button
Seat 1: S0M30LS3 ($0 in chips) is sitting out
Seat 2: Granit34 ($31.62 in chips) 
Seat 3: waennerstreom ($6.25 in chips) 
Seat 4: B1GBankroll ($102 in chips) 
B1GBankroll: posts small blind $0.50
Granit34: posts big blind $1
*** HOLE CARDS ***
waennerstreom: folds 
B1GBankroll: raises $2 to $3
Granit34: folds 
Uncalled bet ($2) returned to B1GBankroll
B1GBankroll collected $2 from pot
fobot21 joins the table at seat #5 
B1GBankroll: doesn't show hand 
*** SUMMARY ***
Total pot $2 | Rake $0 
Seat 1: S0M30LS3
Seat 2: Granit34 (big blind) folded before Flop
Seat 3: waennerstreom (button) folded before Flop (didn't bet)
Seat 4: B1GBankroll (small blind) collected ($2)



PokerStars Hand #254258875251:  Hold'em No Limit ($0.50/$1.00 USD) - 2025/01/08 10:19:06 WET [2025/01/08 5:19:06 ET]
Table 'Stearns II' 6-max Seat #4 is the button
Seat 1: S0M30LS3 ($0 in chips) is sitting out
Seat 5: fobot21 ($100 in chips) is sitting out
Seat 2: Granit34 ($30.62 in chips) 
Seat 3: waennerstreom ($6.25 in chips) 
Seat 4: B1GBankroll ($103 in chips) 
Granit34: posts small blind $0.50
waennerstreom: posts big blind $1
*** HOLE CARDS ***
B1GBankroll: folds 
Granit34: raises $1 to $2
waennerstreom: calls $1
*** FLOP *** [6c 7c 3s]
Granit34: bets $1.90
waennerstreom: folds 
Uncalled bet ($1.90) returned to Granit34
Granit34 collected $3.75 from pot
*** SUMMARY ***
Total pot $4 | Rake $0.25 
Board [6c 7c 3s]
Seat 1: S0M30LS3
Seat 5: fobot21
Seat 2: Granit34 (small blind) collected ($3.75)
Seat 3: waennerstreom (big blind) folded on the Flop
Seat 4: B1GBankroll (button) folded before Flop (didn't bet)



PokerStars Hand #254258877305:  Hold'em No Limit ($0.50/$1.00 USD) - 2025/01/08 10:19:26 WET [2025/01/08 5:19:26 ET]
Table 'Stearns II' 6-max Seat #2 is the button
Seat 1: S0M30LS3 ($0 in chips) is sitting out
Seat 5: fobot21 ($100 in chips) is sitting out
Seat 2: Granit34 ($32.37 in chips) 
Seat 3: waennerstreom ($4.25 in chips) 
Seat 4: B1GBankroll ($103 in chips) 
waennerstreom: posts small blind $0.50
B1GBankroll: posts big blind $1
fobot21: sits out 
*** HOLE CARDS ***
Granit34: folds 
waennerstreom: calls $0.50
B1GBankroll: raises $4 to $5
waennerstreom: folds 
Uncalled bet ($4) returned to B1GBankroll
B1GBankroll collected $2 from pot
B1GBankroll: doesn't show hand 
*** SUMMARY ***
Total pot $2 | Rake $0 
Seat 1: S0M30LS3
Seat 5: fobot21
Seat 2: Granit34 (button) folded before Flop (didn't bet)
Seat 3: waennerstreom (small blind) folded before Flop
Seat 4: B1GBankroll (big blind) collected ($2)



PokerStars Hand #254258879580:  Hold'em No Limit ($0.50/$1.00 USD) - 2025/01/08 10:19:47 WET [2025/01/08 5:19:47 ET]
Table 'Stearns II' 6-max Seat #3 is the button
Seat 1: S0M30LS3 ($0 in chips) is sitting out
Seat 2: Granit34 ($32.37 in chips) 
Seat 3: waennerstreom ($3.25 in chips) 
Seat 4: B1GBankroll ($104 in chips) 
Seat 5: fobot21 ($100 in chips) 
B1GBankroll: posts small blind $0.50
fobot21: posts big blind $1
*** HOLE CARDS ***
Granit34: folds 
waennerstreom: folds 
B1GBankroll: raises $2 to $3
KeR888 joins the table at seat #6 
fobot21: folds 
Uncalled bet ($2) returned to B1GBankroll
B1GBankroll collected $2 from pot
B1GBankroll: doesn't show hand 
*** SUMMARY ***
Total pot $2 | Rake $0 
Seat 1: S0M30LS3
Seat 2: Granit34 folded before Flop (didn't bet)
Seat 3: waennerstreom (button) folded before Flop (didn't bet)
Seat 4: B1GBankroll (small blind) collected ($2)
Seat 5: fobot21 (big blind) folded before Flop



PokerStars Hand #254258909051:  Hold'em No Limit ($0.50/$1.00 USD) - 2025/01/08 10:24:21 WET [2025/01/08 5:24:21 ET]
Table 'Stearns II' 6-max Seat #2 is the button
Seat 1: Pon4uk.ua ($127.06 in chips) 
Seat 2: Granit34 ($35.57 in chips) 
Seat 3: ddyyjj ($100.90 in chips) 
Seat 4: socito ($100 in chips) 
Seat 6: KeR888 ($101.34 in chips) 
ddyyjj: posts small blind $0.50
socito: posts big blind $1
*** HOLE CARDS ***
KeR888: folds 
Pon4uk.ua: folds 
Granit34: calls $1
ddyyjj: raises $3 to $4
socito: folds 
Granit34: calls $3
*** FLOP *** [8h 3c 3h]
ddyyjj: checks 
Granit34: checks 
*** TURN *** [8h 3c 3h] [6h]
ave_fenix800 joins the table at seat #5 
ddyyjj: checks 
Granit34: checks 
*** RIVER *** [8h 3c 3h 6h] [4d]
ddyyjj: checks 
Granit34: bets $5.55
ddyyjj: calls $5.55
*** SHOW DOWN ***
Granit34: shows [6c 6d] (a full house, Sixes full of Threes)
ddyyjj: mucks hand 
Granit34 collected $18.85 from pot
*** SUMMARY ***
Total pot $20.10 | Rake $1.25 
Board [8h 3c 3h 6h 4d]
Seat 1: Pon4uk.ua folded before Flop (didn't bet)
Seat 2: Granit34 (button) showed [6c 6d] and won ($18.85) with a full house, Sixes full of Threes
Seat 3: ddyyjj (small blind) mucked
Seat 4: socito (big blind) folded before Flop
Seat 6: KeR888 folded before Flop (didn't bet)



PokerStars Hand #254258914742:  Hold'em No Limit ($0.50/$1.00 USD) - 2025/01/08 10:25:14 WET [2025/01/08 5:25:14 ET]
Table 'Stearns II' 6-max Seat #3 is the button
Seat 1: Pon4uk.ua ($127.06 in chips) 
Seat 2: Granit34 ($44.87 in chips) 
Seat 3: ddyyjj ($91.35 in chips) 
Seat 4: socito ($100 in chips) 
Seat 5: ave_fenix800 ($100 in chips) 
Seat 6: KeR888 ($101.34 in chips) 
socito: posts small blind $0.50
ave_fenix800: posts big blind $1
*** HOLE CARDS ***
KeR888: folds 
Pon4uk.ua: folds 
Granit34: folds 
ddyyjj: raises $1.50 to $2.50
socito: folds 
ave_fenix800: calls $1.50
*** FLOP *** [Ad Kc 3c]
ave_fenix800: checks 
ddyyjj: bets $2.35
ave_fenix800: folds 
Uncalled bet ($2.35) returned to ddyyjj
ddyyjj collected $5.22 from pot
ddyyjj: doesn't show hand 
*** SUMMARY ***
Total pot $5.50 | Rake $0.28 
Board [Ad Kc 3c]
Seat 1: Pon4uk.ua folded before Flop (didn't bet)
Seat 2: Granit34 folded before Flop (didn't bet)
Seat 3: ddyyjj (button) collected ($5.22)
Seat 4: socito (small blind) folded before Flop
Seat 5: ave_fenix800 (big blind) folded on the Flop
Seat 6: KeR888 folded before Flop (didn't bet)



PokerStars Hand #254258919434:  Hold'em No Limit ($0.50/$1.00 USD) - 2025/01/08 10:25:57 WET [2025/01/08 5:25:57 ET]
Table 'Stearns II' 6-max Seat #4 is the button
Seat 1: Pon4uk.ua ($127.06 in chips) 
Seat 2: Granit34 ($44.87 in chips) 
Seat 3: ddyyjj ($94.07 in chips) 
Seat 4: socito ($100 in chips) 
Seat 5: ave_fenix800 ($100 in chips) 
Seat 6: KeR888 ($101.34 in chips) 
ave_fenix800: posts small blind $0.50
KeR888: posts big blind $1
*** HOLE CARDS ***
Pon4uk.ua: folds 
Granit34: folds 
ddyyjj: raises $1.50 to $2.50
socito: folds 
ave_fenix800: folds 
KeR888: folds 
Uncalled bet ($1.50) returned to ddyyjj
ddyyjj collected $2.50 from pot
ddyyjj: doesn't show hand 
*** SUMMARY ***
Total pot $2.50 | Rake $0 
Seat 1: Pon4uk.ua folded before Flop (didn't bet)
Seat 2: Granit34 folded before Flop (didn't bet)
Seat 3: ddyyjj collected ($2.50)
Seat 4: socito (button) folded before Flop (didn't bet)
Seat 5: ave_fenix800 (small blind) folded before Flop
Seat 6: KeR888 (big blind) folded before Flop



PokerStars Hand #254258921906:  Hold'em No Limit ($0.50/$1.00 USD) - 2025/01/08 10:26:20 WET [2025/01/08 5:26:20 ET]
Table 'Stearns II' 6-max Seat #5 is the button
Seat 1: Pon4uk.ua ($127.06 in chips) 
Seat 2: Granit34 ($44.87 in chips) 
Seat 3: ddyyjj ($95.57 in chips) 
Seat 4: socito ($100 in chips) 
Seat 5: ave_fenix800 ($100 in chips) 
Seat 6: KeR888 ($100.34 in chips) 
KeR888: posts small blind $0.50
Pon4uk.ua: posts big blind $1
*** HOLE CARDS ***
Granit34: folds 
ddyyjj: folds 
Granit34 leaves the table
socito: folds 
ave_fenix800: raises $1.50 to $2.50
KeR888: folds 
Pon4uk.ua: calls $1.50
*** FLOP *** [2h 6d Kc]
Pon4uk.ua: checks 
ave_fenix800: bets $1.72
Pon4uk.ua: calls $1.72
*** TURN *** [2h 6d Kc] [9d]
Pon4uk.ua: checks 
ave_fenix800: bets $11.89
Pon4uk.ua: folds 
Uncalled bet ($11.89) returned to ave_fenix800
ave_fenix800 collected $8.49 from pot
ave_fenix800: doesn't show hand 
*** SUMMARY ***
Total pot $8.94 | Rake $0.45 
Board [2h 6d Kc 9d]
Seat 1: Pon4uk.ua (big blind) folded on the Turn
Seat 2: Granit34 folded before Flop (didn't bet)
Seat 3: ddyyjj folded before Flop (didn't bet)
Seat 4: socito folded before Flop (didn't bet)
Seat 5: ave_fenix800 (button) collected ($8.49)
Seat 6: KeR888 (small blind) folded before Flop



PokerStars Hand #254258927352:  Hold'em No Limit ($0.50/$1.00 USD) - 2025/01/08 10:27:11 WET [2025/01/08 5:27:11 ET]
Table 'Stearns II' 6-max Seat #6 is the button
Seat 1: Pon4uk.ua ($122.84 in chips) 
Seat 3: ddyyjj ($95.57 in chips) 
Seat 4: socito ($100 in chips) 
Seat 5: ave_fenix800 ($104.27 in chips) 
Seat 6: KeR888 ($100 in chips) 
Pon4uk.ua: posts small blind $0.50
ddyyjj: posts big blind $1
*** HOLE CARDS ***
socito: folds 
socito leaves the table
ave_fenix800: raises $1.50 to $2.50
KeR888: folds 
Pon4uk.ua: folds 
ddyyjj: folds 
Uncalled bet ($1.50) returned to ave_fenix800
ave_fenix800 collected $2.50 from pot
ave_fenix800: doesn't show hand 
*** SUMMARY ***
Total pot $2.50 | Rake $0 
Seat 1: Pon4uk.ua (small blind) folded before Flop
Seat 3: ddyyjj (big blind) folded before Flop
Seat 4: socito folded before Flop (didn't bet)
Seat 5: ave_fenix800 collected ($2.50)
Seat 6: KeR888 (button) folded before Flop (didn't bet)



PokerStars Hand #254258930014:  Hold'em No Limit ($0.50/$1.00 USD) - 2025/01/08 10:27:34 WET [2025/01/08 5:27:34 ET]
Table 'Stearns II' 6-max Seat #1 is the button
Seat 1: Pon4uk.ua ($122.34 in chips) 
Seat 3: ddyyjj ($94.57 in chips) 
Seat 5: ave_fenix800 ($105.77 in chips) 
Seat 6: KeR888 ($100 in chips) 
ddyyjj: posts small blind $0.50
ave_fenix800: posts big blind $1
*** HOLE CARDS ***
KeR888: folds 
Pon4uk.ua: folds 
KeR888 leaves the table
ddyyjj: folds 
Uncalled bet ($0.50) returned to ave_fenix800
ave_fenix800 collected $1 from pot
ave_fenix800: doesn't show hand 
*** SUMMARY ***
Total pot $1 | Rake $0 
Seat 1: Pon4uk.ua (button) folded before Flop (didn't bet)
Seat 3: ddyyjj (small blind) folded before Flop
Seat 5: ave_fenix800 (big blind) collected ($1)
Seat 6: KeR888 folded before Flop (didn't bet)



PokerStars Hand #254258932062:  Hold'em No Limit ($0.50/$1.00 USD) - 2025/01/08 10:27:53 WET [2025/01/08 5:27:53 ET]
Table 'Stearns II' 6-max Seat #3 is the button
Seat 1: Pon4uk.ua ($122.34 in chips) 
Seat 3: ddyyjj ($94.07 in chips) 
Seat 5: ave_fenix800 ($106.27 in chips) 
ave_fenix800: posts small blind $0.50
Pon4uk.ua: posts big blind $1
*** HOLE CARDS ***
ddyyjj: folds 
ave_fenix800: raises $1.50 to $2.50
Pon4uk.ua: folds 
Uncalled bet ($1.50) returned to ave_fenix800
ave_fenix800 collected $2 from pot
ave_fenix800: doesn't show hand 
*** SUMMARY ***
Total pot $2 | Rake $0 
Seat 1: Pon4uk.ua (big blind) folded before Flop
Seat 3: ddyyjj (button) folded before Flop (didn't bet)
Seat 5: ave_fenix800 (small blind) collected ($2)



PokerStars Hand #254258933779:  Hold'em No Limit ($0.50/$1.00 USD) - 2025/01/08 10:28:08 WET [2025/01/08 5:28:08 ET]
Table 'Stearns II' 6-max Seat #5 is the button
Seat 1: Pon4uk.ua ($121.34 in chips) 
Seat 3: ddyyjj ($94.07 in chips) 
Seat 5: ave_fenix800 ($107.27 in chips) 
Pon4uk.ua: posts small blind $0.50
ddyyjj: posts big blind $1
*** HOLE CARDS ***
ave_fenix800: raises $1.50 to $2.50
Pon4uk.ua: folds 
ddyyjj: calls $1.50
*** FLOP *** [2h Th 8c]
ddyyjj: checks 
ave_fenix800: checks 
*** TURN *** [2h Th 8c] [8d]
ddyyjj: bets $2.35
ave_fenix800: folds 
Uncalled bet ($2.35) returned to ddyyjj
ddyyjj collected $5.22 from pot
ddyyjj: doesn't show hand 
*** SUMMARY ***
Total pot $5.50 | Rake $0.28 
Board [2h Th 8c 8d]
Seat 1: Pon4uk.ua (small blind) folded before Flop
Seat 3: ddyyjj (big blind) collected ($5.22)
Seat 5: ave_fenix800 (button) folded on the Turn



PokerStars Hand #254258938643:  Hold'em No Limit ($0.50/$1.00 USD) - 2025/01/08 10:28:52 WET [2025/01/08 5:28:52 ET]
Table 'Stearns II' 6-max Seat #3 is the button
Seat 5: ave_fenix800 ($104.77 in chips) is sitting out
Seat 1: Pon4uk.ua ($120.84 in chips) 
Seat 3: ddyyjj ($96.79 in chips) 
ddyyjj: posts small blind $0.50
ave_fenix800: is sitting out 
Pon4uk.ua: posts big blind $1
*** HOLE CARDS ***
ddyyjj: folds 
Uncalled bet ($0.50) returned to Pon4uk.ua
Pon4uk.ua collected $1 from pot
Pon4uk.ua: doesn't show hand 
*** SUMMARY ***
Total pot $1 | Rake $0 
Seat 5: ave_fenix800
Seat 1: Pon4uk.ua (big blind) collected ($1)
Seat 3: ddyyjj (button) (small blind) folded before Flop



PokerStars Hand #254258939525:  Hold'em No Limit ($0.50/$1.00 USD) - 2025/01/08 10:29:00 WET [2025/01/08 5:29:00 ET]
Table 'Stearns II' 6-max Seat #1 is the button
Seat 5: ave_fenix800 ($104.77 in chips) is sitting out
Seat 1: Pon4uk.ua ($121.34 in chips) 
Seat 3: ddyyjj ($96.29 in chips) 
Pon4uk.ua: posts small blind $0.50
ddyyjj: posts big blind $1
*** HOLE CARDS ***
Pon4uk.ua: folds 
Uncalled bet ($0.50) returned to ddyyjj
ddyyjj collected $1 from pot
ddyyjj: doesn't show hand 
*** SUMMARY ***
Total pot $1 | Rake $0 
Seat 5: ave_fenix800
Seat 1: Pon4uk.ua (button) (small blind) folded before Flop
Seat 3: ddyyjj (big blind) collected ($1)



PokerStars Hand #254258941119:  Hold'em No Limit ($0.50/$1.00 USD) - 2025/01/08 10:29:14 WET [2025/01/08 5:29:14 ET]
Table 'Stearns II' 6-max Seat #3 is the button
Seat 5: ave_fenix800 ($104.77 in chips) is sitting out
Seat 1: Pon4uk.ua ($120.84 in chips) 
Seat 3: ddyyjj ($96.79 in chips) 
ddyyjj: posts small blind $0.50
Pon4uk.ua: posts big blind $1
*** HOLE CARDS ***
ddyyjj: raises $2 to $3
ave_fenix800 leaves the table
Pon4uk.ua: folds 
Uncalled bet ($2) returned to ddyyjj
ddyyjj collected $2 from pot
ddyyjj: doesn't show hand 
*** SUMMARY ***
Total pot $2 | Rake $0 
Seat 5: ave_fenix800
Seat 1: Pon4uk.ua (big blind) folded before Flop
Seat 3: ddyyjj (button) (small blind) collected ($2)



PokerStars Hand #254258943048:  Hold'em No Limit ($0.50/$1.00 USD) - 2025/01/08 10:29:32 WET [2025/01/08 5:29:32 ET]
Table 'Stearns II' 6-max Seat #1 is the button
Seat 1: Pon4uk.ua ($119.84 in chips) 
Seat 3: ddyyjj ($97.79 in chips) 
Pon4uk.ua: posts small blind $0.50
ddyyjj: posts big blind $1
*** HOLE CARDS ***
Pon4uk.ua: raises $1.50 to $2.50
ddyyjj: folds 
Uncalled bet ($1.50) returned to Pon4uk.ua
Pon4uk.ua collected $2 from pot
Pon4uk.ua: doesn't show hand 
*** SUMMARY ***
Total pot $2 | Rake $0 
Seat 1: Pon4uk.ua (button) (small blind) collected ($2)
Seat 3: ddyyjj (big blind) folded before Flop



PokerStars Hand #254258944879:  Hold'em No Limit ($0.50/$1.00 USD) - 2025/01/08 10:29:47 WET [2025/01/08 5:29:47 ET]
Table 'Stearns II' 6-max Seat #3 is the button
Seat 1: Pon4uk.ua ($120.84 in chips) 
Seat 3: ddyyjj ($96.79 in chips) 
ddyyjj: posts small blind $0.50
Pon4uk.ua: posts big blind $1
*** HOLE CARDS ***
ddyyjj: raises $2 to $3
Pon4uk.ua: folds 
Uncalled bet ($2) returned to ddyyjj
ddyyjj collected $2 from pot
ddyyjj: doesn't show hand 
*** SUMMARY ***
Total pot $2 | Rake $0 
Seat 1: Pon4uk.ua (big blind) folded before Flop
Seat 3: ddyyjj (button) (small blind) collected ($2)



PokerStars Hand #254258946053:  Hold'em No Limit ($0.50/$1.00 USD) - 2025/01/08 10:29:58 WET [2025/01/08 5:29:58 ET]
Table 'Stearns II' 6-max Seat #1 is the button
Seat 1: Pon4uk.ua ($119.84 in chips) 
Seat 3: ddyyjj ($97.79 in chips) 
Pon4uk.ua: posts small blind $0.50
ddyyjj: posts big blind $1
*** HOLE CARDS ***
Pon4uk.ua: raises $1.50 to $2.50
ddyyjj: folds 
Uncalled bet ($1.50) returned to Pon4uk.ua
Pon4uk.ua collected $2 from pot
Pon4uk.ua: doesn't show hand 
*** SUMMARY ***
Total pot $2 | Rake $0 
Seat 1: Pon4uk.ua (button) (small blind) collected ($2)
Seat 3: ddyyjj (big blind) folded before Flop



PokerStars Hand #254258947317:  Hold'em No Limit ($0.50/$1.00 USD) - 2025/01/08 10:30:09 WET [2025/01/08 5:30:09 ET]
Table 'Stearns II' 6-max Seat #3 is the button
Seat 1: Pon4uk.ua ($120.84 in chips) 
Seat 3: ddyyjj ($96.79 in chips) 
ddyyjj: posts small blind $0.50
Pon4uk.ua: posts big blind $1
*** HOLE CARDS ***
ddyyjj: folds 
Uncalled bet ($0.50) returned to Pon4uk.ua
Pon4uk.ua collected $1 from pot
Pon4uk.ua: doesn't show hand 
*** SUMMARY ***
Total pot $1 | Rake $0 
Seat 1: Pon4uk.ua (big blind) collected ($1)
Seat 3: ddyyjj (button) (small blind) folded before Flop



PokerStars Hand #254258948231:  Hold'em No Limit ($0.50/$1.00 USD) - 2025/01/08 10:30:18 WET [2025/01/08 5:30:18 ET]
Table 'Stearns II' 6-max Seat #1 is the button
Seat 1: Pon4uk.ua ($121.34 in chips) 
Seat 3: ddyyjj ($96.29 in chips) 
Pon4uk.ua: posts small blind $0.50
ddyyjj: posts big blind $1
*** HOLE CARDS ***
Pon4uk.ua: raises $1.50 to $2.50
ddyyjj: folds 
Uncalled bet ($1.50) returned to Pon4uk.ua
ddyyjj leaves the table
Pon4uk.ua collected $2 from pot
Pon4uk.ua: doesn't show hand 
*** SUMMARY ***
Total pot $2 | Rake $0 
Seat 1: Pon4uk.ua (button) (small blind) collected ($2)
Seat 3: ddyyjj (big blind) folded before Flop



