PokerStars Hand #254262269160:  Hold'em No Limit ($0.50/$1.00 USD) - 2025/01/08 15:33:50 WET [2025/01/08 10:33:50 ET]
Table 'Laertes III' 6-max Seat #4 is the button
Seat 2: sta$igk ($100 in chips) 
Seat 3: grig2307 ($100 in chips) 
Seat 4: rao999 ($100 in chips) 
Seat 5: dreimis190 ($109.40 in chips) 
Seat 6: BGS013 ($100 in chips) 
dreimis190: posts small blind $0.50
BGS013: posts big blind $1
*** HOLE CARDS ***
sta$igk: folds 
grig2307: folds 
rao999: raises $1.50 to $2.50
dreimis190: raises $8.50 to $11
BGS013: folds 
rao999: folds 
Uncalled bet ($8.50) returned to dreimis190
dreimis190 collected $6 from pot
dreimis190: doesn't show hand 
*** SUMMARY ***
Total pot $6 | Rake $0 
Seat 2: sta$igk folded before Flop (didn't bet)
Seat 3: grig2307 folded before Flop (didn't bet)
Seat 4: rao999 (button) folded before Flop
Seat 5: dreimis190 (small blind) collected ($6)
Seat 6: BGS013 (big blind) folded before Flop



PokerStars Hand #254262274304:  Hold'em No Limit ($0.50/$1.00 USD) - 2025/01/08 15:34:13 WET [2025/01/08 10:34:13 ET]
Table 'Laertes III' 6-max Seat #5 is the button
Seat 2: sta$igk ($100 in chips) 
Seat 3: grig2307 ($100 in chips) 
Seat 4: rao999 ($100 in chips) 
Seat 5: dreimis190 ($112.90 in chips) 
Seat 6: BGS013 ($100 in chips) 
BGS013: posts small blind $0.50
sta$igk: posts big blind $1
*** HOLE CARDS ***
grig2307: folds 
rao999: raises $1.50 to $2.50
dreimis190: folds 
BGS013: folds 
sta$igk: folds 
Uncalled bet ($1.50) returned to rao999
rao999 collected $2.50 from pot
rao999: doesn't show hand 
Joe_Li7 joins the table at seat #1 
*** SUMMARY ***
Total pot $2.50 | Rake $0 
Seat 2: sta$igk (big blind) folded before Flop
Seat 3: grig2307 folded before Flop (didn't bet)
Seat 4: rao999 collected ($2.50)
Seat 5: dreimis190 (button) folded before Flop (didn't bet)
Seat 6: BGS013 (small blind) folded before Flop



PokerStars Hand #254262281148:  Hold'em No Limit ($0.50/$1.00 USD) - 2025/01/08 15:34:44 WET [2025/01/08 10:34:44 ET]
Table 'Laertes III' 6-max Seat #6 is the button
Seat 1: Joe_Li7 ($100 in chips) is sitting out
Seat 2: sta$igk ($100 in chips) 
Seat 3: grig2307 ($100 in chips) 
Seat 4: rao999 ($101.50 in chips) 
Seat 5: dreimis190 ($112.90 in chips) 
Seat 6: BGS013 ($100 in chips) 
sta$igk: posts small blind $0.50
grig2307: posts big blind $1
*** HOLE CARDS ***
rao999: folds 
dreimis190: folds 
BGS013: folds 
sta$igk: folds 
Uncalled bet ($0.50) returned to grig2307
grig2307 collected $1 from pot
grig2307: doesn't show hand 
*** SUMMARY ***
Total pot $1 | Rake $0 
Seat 1: Joe_Li7
Seat 2: sta$igk (small blind) folded before Flop
Seat 3: grig2307 (big blind) collected ($1)
Seat 4: rao999 folded before Flop (didn't bet)
Seat 5: dreimis190 folded before Flop (didn't bet)
Seat 6: BGS013 (button) folded before Flop (didn't bet)



PokerStars Hand #254262283093:  Hold'em No Limit ($0.50/$1.00 USD) - 2025/01/08 15:34:53 WET [2025/01/08 10:34:53 ET]
Table 'Laertes III' 6-max Seat #2 is the button
Seat 1: Joe_Li7 ($100 in chips) is sitting out
Seat 2: sta$igk ($100 in chips) 
Seat 3: grig2307 ($100.50 in chips) 
Seat 4: rao999 ($101.50 in chips) 
Seat 5: dreimis190 ($112.90 in chips) 
Seat 6: BGS013 ($100 in chips) 
grig2307: posts small blind $0.50
rao999: posts big blind $1
Joe_Li7: sits out 
*** HOLE CARDS ***
dreimis190: folds 
BGS013: folds 
sta$igk: folds 
grig2307: folds 
Uncalled bet ($0.50) returned to rao999
rao999 collected $1 from pot
rao999: doesn't show hand 
*** SUMMARY ***
Total pot $1 | Rake $0 
Seat 1: Joe_Li7
Seat 2: sta$igk (button) folded before Flop (didn't bet)
Seat 3: grig2307 (small blind) folded before Flop
Seat 4: rao999 (big blind) collected ($1)
Seat 5: dreimis190 folded before Flop (didn't bet)
Seat 6: BGS013 folded before Flop (didn't bet)



PokerStars Hand #254262285861:  Hold'em No Limit ($0.50/$1.00 USD) - 2025/01/08 15:35:06 WET [2025/01/08 10:35:06 ET]
Table 'Laertes III' 6-max Seat #3 is the button
Seat 1: Joe_Li7 ($100 in chips) is sitting out
Seat 2: sta$igk ($100 in chips) 
Seat 3: grig2307 ($100 in chips) 
Seat 4: rao999 ($102 in chips) 
Seat 5: dreimis190 ($112.90 in chips) 
Seat 6: BGS013 ($100 in chips) 
rao999: posts small blind $0.50
dreimis190: posts big blind $1
Joe_Li7: sits out 
*** HOLE CARDS ***
BGS013: folds 
sta$igk: raises $1.50 to $2.50
grig2307: calls $2.50
rao999: folds 
dreimis190: folds 
*** FLOP *** [3s 7d Ks]
sta$igk: bets $2.04
grig2307: calls $2.04
*** TURN *** [3s 7d Ks] [8s]
sta$igk: bets $7.54
grig2307: calls $7.54
*** RIVER *** [3s 7d Ks 8s] [5h]
sta$igk: bets $18.29
grig2307: folds 
Uncalled bet ($18.29) returned to sta$igk
sta$igk collected $24.38 from pot
sta$igk: doesn't show hand 
*** SUMMARY ***
Total pot $25.66 | Rake $1.28 
Board [3s 7d Ks 8s 5h]
Seat 1: Joe_Li7
Seat 2: sta$igk collected ($24.38)
Seat 3: grig2307 (button) folded on the River
Seat 4: rao999 (small blind) folded before Flop
Seat 5: dreimis190 (big blind) folded before Flop
Seat 6: BGS013 folded before Flop (didn't bet)



PokerStars Hand #254262301718:  Hold'em No Limit ($0.50/$1.00 USD) - 2025/01/08 15:36:18 WET [2025/01/08 10:36:18 ET]
Table 'Laertes III' 6-max Seat #4 is the button
Seat 1: Joe_Li7 ($100 in chips) is sitting out
Seat 2: sta$igk ($112.30 in chips) 
Seat 3: grig2307 ($100 in chips) 
Seat 4: rao999 ($101.50 in chips) 
Seat 5: dreimis190 ($111.90 in chips) 
Seat 6: BGS013 ($100 in chips) 
dreimis190: posts small blind $0.50
BGS013: posts big blind $1
Joe_Li7: sits out 
*** HOLE CARDS ***
sta$igk: folds 
grig2307: folds 
rao999: raises $1.50 to $2.50
dreimis190: raises $8.50 to $11
BGS013: folds 
rao999: calls $8.50
*** FLOP *** [9d 7s Qc]
dreimis190: bets $5.21
rao999: calls $5.21
*** TURN *** [9d 7s Qc] [Th]
dreimis190: bets $15.88
rao999 has timed out
rao999: folds 
Uncalled bet ($15.88) returned to dreimis190
dreimis190 collected $31.75 from pot
dreimis190: doesn't show hand 
*** SUMMARY ***
Total pot $33.42 | Rake $1.67 
Board [9d 7s Qc Th]
Seat 1: Joe_Li7
Seat 2: sta$igk folded before Flop (didn't bet)
Seat 3: grig2307 folded before Flop (didn't bet)
Seat 4: rao999 (button) folded on the Turn
Seat 5: dreimis190 (small blind) collected ($31.75)
Seat 6: BGS013 (big blind) folded before Flop



PokerStars Hand #254262323490:  Hold'em No Limit ($0.50/$1.00 USD) - 2025/01/08 15:37:57 WET [2025/01/08 10:37:57 ET]
Table 'Laertes III' 6-max Seat #5 is the button
Seat 1: Joe_Li7 ($100 in chips) 
Seat 2: sta$igk ($112.30 in chips) 
Seat 3: grig2307 ($100 in chips) 
Seat 4: rao999 ($100 in chips) 
Seat 5: dreimis190 ($127.44 in chips) 
Seat 6: BGS013 ($100 in chips) 
BGS013: posts small blind $0.50
Joe_Li7: posts big blind $1
*** HOLE CARDS ***
sta$igk: folds 
grig2307: folds 
rao999: folds 
dreimis190: raises $1.50 to $2.50
BGS013: folds 
Joe_Li7: folds 
Uncalled bet ($1.50) returned to dreimis190
dreimis190 collected $2.50 from pot
dreimis190: doesn't show hand 
*** SUMMARY ***
Total pot $2.50 | Rake $0 
Seat 1: Joe_Li7 (big blind) folded before Flop
Seat 2: sta$igk folded before Flop (didn't bet)
Seat 3: grig2307 folded before Flop (didn't bet)
Seat 4: rao999 folded before Flop (didn't bet)
Seat 5: dreimis190 (button) collected ($2.50)
Seat 6: BGS013 (small blind) folded before Flop



PokerStars Hand #254262328768:  Hold'em No Limit ($0.50/$1.00 USD) - 2025/01/08 15:38:21 WET [2025/01/08 10:38:21 ET]
Table 'Laertes III' 6-max Seat #6 is the button
Seat 1: Joe_Li7 ($100 in chips) 
Seat 2: sta$igk ($112.30 in chips) 
Seat 3: grig2307 ($100 in chips) 
Seat 4: rao999 ($100 in chips) 
Seat 5: dreimis190 ($128.94 in chips) 
Seat 6: BGS013 ($100 in chips) 
Joe_Li7: posts small blind $0.50
sta$igk: posts big blind $1
*** HOLE CARDS ***
grig2307: folds 
rao999: folds 
dreimis190: folds 
BGS013: folds 
Joe_Li7: folds 
Uncalled bet ($0.50) returned to sta$igk
sta$igk collected $1 from pot
sta$igk: doesn't show hand 
*** SUMMARY ***
Total pot $1 | Rake $0 
Seat 1: Joe_Li7 (small blind) folded before Flop
Seat 2: sta$igk (big blind) collected ($1)
Seat 3: grig2307 folded before Flop (didn't bet)
Seat 4: rao999 folded before Flop (didn't bet)
Seat 5: dreimis190 folded before Flop (didn't bet)
Seat 6: BGS013 (button) folded before Flop (didn't bet)



PokerStars Hand #254262337210:  Hold'em No Limit ($0.50/$1.00 USD) - 2025/01/08 15:38:59 WET [2025/01/08 10:38:59 ET]
Table 'Laertes III' 6-max Seat #1 is the button
Seat 1: Joe_Li7 ($100 in chips) 
Seat 2: sta$igk ($112.80 in chips) 
Seat 3: grig2307 ($100 in chips) 
Seat 4: rao999 ($100 in chips) 
Seat 5: dreimis190 ($128.94 in chips) 
Seat 6: BGS013 ($100 in chips) 
sta$igk: posts small blind $0.50
grig2307: posts big blind $1
*** HOLE CARDS ***
rao999: folds 
dreimis190: folds 
BGS013: folds 
Joe_Li7: raises $1.50 to $2.50
sta$igk: folds 
grig2307: calls $1.50
*** FLOP *** [9c 4s Qs]
grig2307: checks 
Joe_Li7: bets $1.72
grig2307: folds 
Uncalled bet ($1.72) returned to Joe_Li7
Joe_Li7 collected $5.22 from pot
*** SUMMARY ***
Total pot $5.50 | Rake $0.28 
Board [9c 4s Qs]
Seat 1: Joe_Li7 (button) collected ($5.22)
Seat 2: sta$igk (small blind) folded before Flop
Seat 3: grig2307 (big blind) folded on the Flop
Seat 4: rao999 folded before Flop (didn't bet)
Seat 5: dreimis190 folded before Flop (didn't bet)
Seat 6: BGS013 folded before Flop (didn't bet)



PokerStars Hand #254262347766:  Hold'em No Limit ($0.50/$1.00 USD) - 2025/01/08 15:39:47 WET [2025/01/08 10:39:47 ET]
Table 'Laertes III' 6-max Seat #2 is the button
Seat 1: Joe_Li7 ($102.72 in chips) 
Seat 2: sta$igk ($112.30 in chips) 
Seat 3: grig2307 ($100 in chips) 
Seat 4: rao999 ($100 in chips) 
Seat 5: dreimis190 ($128.94 in chips) 
Seat 6: BGS013 ($100 in chips) 
grig2307: posts small blind $0.50
rao999: posts big blind $1
*** HOLE CARDS ***
dreimis190: folds 
BGS013: raises $1 to $2
Joe_Li7: raises $5 to $7
sta$igk: raises $10.50 to $17.50
grig2307: folds 
rao999: folds 
BGS013: folds 
Joe_Li7: calls $10.50
*** FLOP *** [6s 2c 8s]
Joe_Li7: checks 
sta$igk: bets $12.07
Joe_Li7: raises $15.23 to $27.30
sta$igk: raises $67.50 to $94.80 and is all-in
Joe_Li7: calls $57.92 and is all-in
Uncalled bet ($9.58) returned to sta$igk
*** FIRST TURN *** [6s 2c 8s] [3c]
*** FIRST RIVER *** [6s 2c 8s 3c] [8d]
*** SECOND TURN *** [6s 2c 8s] [9d]
*** SECOND RIVER *** [6s 2c 8s 9d] [7s]
*** FIRST SHOW DOWN ***
Joe_Li7: shows [Jc Js] (two pair, Jacks and Eights)
sta$igk: shows [Kc Kh] (two pair, Kings and Eights)
sta$igk collected $103.22 from pot
*** SECOND SHOW DOWN ***
Joe_Li7: shows [Jc Js] (a pair of Jacks)
sta$igk: shows [Kc Kh] (a pair of Kings)
sta$igk collected $103.22 from pot
*** SUMMARY ***
Total pot $208.94 | Rake $2.50 
Hand was run twice
FIRST Board [6s 2c 8s 3c 8d]
SECOND Board [6s 2c 8s 9d 7s]
Seat 1: Joe_Li7 showed [Jc Js] and lost with two pair, Jacks and Eights, and lost with a pair of Jacks
Seat 2: sta$igk (button) showed [Kc Kh] and won ($103.22) with two pair, Kings and Eights, and won ($103.22) with a pair of Kings
Seat 3: grig2307 (small blind) folded before Flop
Seat 4: rao999 (big blind) folded before Flop
Seat 5: dreimis190 folded before Flop (didn't bet)
Seat 6: BGS013 folded before Flop



PokerStars Hand #254262371739:  Hold'em No Limit ($0.50/$1.00 USD) - 2025/01/08 15:41:37 WET [2025/01/08 10:41:37 ET]
Table 'Laertes III' 6-max Seat #3 is the button
Seat 1: Joe_Li7 ($100 in chips) 
Seat 2: sta$igk ($216.02 in chips) 
Seat 3: grig2307 ($100 in chips) 
Seat 4: rao999 ($100 in chips) 
Seat 5: dreimis190 ($128.94 in chips) 
Seat 6: BGS013 ($100 in chips) 
rao999: posts small blind $0.50
dreimis190: posts big blind $1
*** HOLE CARDS ***
BGS013: raises $1 to $2
Joe_Li7: folds 
sta$igk: folds 
grig2307: calls $2
rao999: folds 
dreimis190: folds 
*** FLOP *** [3d Js 2d]
BGS013: bets $1.36
grig2307: calls $1.36
*** TURN *** [3d Js 2d] [4h]
BGS013: bets $6.09
grig2307: raises $15.91 to $22
BGS013: calls $15.91
*** RIVER *** [3d Js 2d 4h] [7d]
BGS013: bets $74.64 and is all-in
grig2307: folds 
Uncalled bet ($74.64) returned to BGS013
BGS013 collected $49.72 from pot
BGS013: doesn't show hand 
*** SUMMARY ***
Total pot $52.22 | Rake $2.50 
Board [3d Js 2d 4h 7d]
Seat 1: Joe_Li7 folded before Flop (didn't bet)
Seat 2: sta$igk folded before Flop (didn't bet)
Seat 3: grig2307 (button) folded on the River
Seat 4: rao999 (small blind) folded before Flop
Seat 5: dreimis190 (big blind) folded before Flop
Seat 6: BGS013 collected ($49.72)



PokerStars Hand #254262386888:  Hold'em No Limit ($0.50/$1.00 USD) - 2025/01/08 15:42:45 WET [2025/01/08 10:42:45 ET]
Table 'Laertes III' 6-max Seat #4 is the button
Seat 1: Joe_Li7 ($100 in chips) 
Seat 2: sta$igk ($216.02 in chips) 
Seat 3: grig2307 ($100 in chips) 
Seat 4: rao999 ($100 in chips) 
Seat 5: dreimis190 ($127.94 in chips) 
Seat 6: BGS013 ($124.36 in chips) 
dreimis190: posts small blind $0.50
BGS013: posts big blind $1
*** HOLE CARDS ***
Joe_Li7: folds 
sta$igk: folds 
grig2307: folds 
rao999: raises $1.50 to $2.50
dreimis190: folds 
BGS013: calls $1.50
*** FLOP *** [9c 3s Jd]
BGS013: checks 
rao999: checks 
*** TURN *** [9c 3s Jd] [As]
BGS013: checks 
rao999: checks 
*** RIVER *** [9c 3s Jd As] [4h]
BGS013: checks 
rao999: checks 
*** SHOW DOWN ***
BGS013: shows [Kc Td] (high card Ace)
rao999: shows [Qd 3d] (a pair of Threes)
rao999 collected $5.22 from pot
*** SUMMARY ***
Total pot $5.50 | Rake $0.28 
Board [9c 3s Jd As 4h]
Seat 1: Joe_Li7 folded before Flop (didn't bet)
Seat 2: sta$igk folded before Flop (didn't bet)
Seat 3: grig2307 folded before Flop (didn't bet)
Seat 4: rao999 (button) showed [Qd 3d] and won ($5.22) with a pair of Threes
Seat 5: dreimis190 (small blind) folded before Flop
Seat 6: BGS013 (big blind) showed [Kc Td] and lost with high card Ace



PokerStars Hand #254262394129:  Hold'em No Limit ($0.50/$1.00 USD) - 2025/01/08 15:43:17 WET [2025/01/08 10:43:17 ET]
Table 'Laertes III' 6-max Seat #5 is the button
Seat 1: Joe_Li7 ($100 in chips) 
Seat 2: sta$igk ($216.02 in chips) 
Seat 3: grig2307 ($100 in chips) 
Seat 4: rao999 ($102.72 in chips) 
Seat 5: dreimis190 ($127.44 in chips) 
Seat 6: BGS013 ($121.86 in chips) 
BGS013: posts small blind $0.50
Joe_Li7: posts big blind $1
*** HOLE CARDS ***
sta$igk: folds 
grig2307: raises $1.40 to $2.40
rao999: folds 
dreimis190: folds 
BGS013: folds 
Joe_Li7: folds 
Uncalled bet ($1.40) returned to grig2307
grig2307 collected $2.50 from pot
grig2307: doesn't show hand 
*** SUMMARY ***
Total pot $2.50 | Rake $0 
Seat 1: Joe_Li7 (big blind) folded before Flop
Seat 2: sta$igk folded before Flop (didn't bet)
Seat 3: grig2307 collected ($2.50)
Seat 4: rao999 folded before Flop (didn't bet)
Seat 5: dreimis190 (button) folded before Flop (didn't bet)
Seat 6: BGS013 (small blind) folded before Flop



PokerStars Hand #254262398499:  Hold'em No Limit ($0.50/$1.00 USD) - 2025/01/08 15:43:37 WET [2025/01/08 10:43:37 ET]
Table 'Laertes III' 6-max Seat #6 is the button
Seat 1: Joe_Li7 ($100 in chips) 
Seat 2: sta$igk ($216.02 in chips) 
Seat 3: grig2307 ($101.50 in chips) 
Seat 4: rao999 ($102.72 in chips) 
Seat 5: dreimis190 ($127.44 in chips) 
Seat 6: BGS013 ($121.36 in chips) 
Joe_Li7: posts small blind $0.50
sta$igk: posts big blind $1
*** HOLE CARDS ***
grig2307: folds 
rao999: raises $1.50 to $2.50
dreimis190: raises $5 to $7.50
BGS013: folds 
Joe_Li7: folds 
sta$igk: folds 
rao999: calls $5
*** FLOP *** [6d Qs 7h]
rao999: checks 
dreimis190: bets $6.84
rao999 has timed out
rao999: folds 
Uncalled bet ($6.84) returned to dreimis190
dreimis190 collected $15.68 from pot
dreimis190: doesn't show hand 
*** SUMMARY ***
Total pot $16.50 | Rake $0.82 
Board [6d Qs 7h]
Seat 1: Joe_Li7 (small blind) folded before Flop
Seat 2: sta$igk (big blind) folded before Flop
Seat 3: grig2307 folded before Flop (didn't bet)
Seat 4: rao999 folded on the Flop
Seat 5: dreimis190 collected ($15.68)
Seat 6: BGS013 (button) folded before Flop (didn't bet)



PokerStars Hand #254262416952:  Hold'em No Limit ($0.50/$1.00 USD) - 2025/01/08 15:44:59 WET [2025/01/08 10:44:59 ET]
Table 'Laertes III' 6-max Seat #1 is the button
Seat 1: Joe_Li7 ($100 in chips) 
Seat 2: sta$igk ($215.02 in chips) 
Seat 3: grig2307 ($101.50 in chips) 
Seat 4: rao999 ($100 in chips) 
Seat 5: dreimis190 ($135.62 in chips) 
Seat 6: BGS013 ($121.36 in chips) 
sta$igk: posts small blind $0.50
grig2307: posts big blind $1
*** HOLE CARDS ***
rao999: folds 
dreimis190: folds 
BGS013: folds 
Joe_Li7: folds 
sta$igk: folds 
Uncalled bet ($0.50) returned to grig2307
grig2307 collected $1 from pot
grig2307: doesn't show hand 
*** SUMMARY ***
Total pot $1 | Rake $0 
Seat 1: Joe_Li7 (button) folded before Flop (didn't bet)
Seat 2: sta$igk (small blind) folded before Flop
Seat 3: grig2307 (big blind) collected ($1)
Seat 4: rao999 folded before Flop (didn't bet)
Seat 5: dreimis190 folded before Flop (didn't bet)
Seat 6: BGS013 folded before Flop (didn't bet)



PokerStars Hand #254262420352:  Hold'em No Limit ($0.50/$1.00 USD) - 2025/01/08 15:45:14 WET [2025/01/08 10:45:14 ET]
Table 'Laertes III' 6-max Seat #2 is the button
Seat 1: Joe_Li7 ($100 in chips) 
Seat 2: sta$igk ($214.52 in chips) 
Seat 3: grig2307 ($102 in chips) 
Seat 4: rao999 ($100 in chips) 
Seat 5: dreimis190 ($135.62 in chips) 
Seat 6: BGS013 ($121.36 in chips) 
grig2307: posts small blind $0.50
rao999: posts big blind $1
*** HOLE CARDS ***
dreimis190: folds 
BGS013: folds 
Joe_Li7: folds 
sta$igk: folds 
grig2307: raises $1.40 to $2.40
rao999: calls $1.40
*** FLOP *** [Tc 8s Kd]
grig2307: bets $2.28
rao999: folds 
Uncalled bet ($2.28) returned to grig2307
grig2307 collected $4.56 from pot
grig2307: doesn't show hand 
*** SUMMARY ***
Total pot $4.80 | Rake $0.24 
Board [Tc 8s Kd]
Seat 1: Joe_Li7 folded before Flop (didn't bet)
Seat 2: sta$igk (button) folded before Flop (didn't bet)
Seat 3: grig2307 (small blind) collected ($4.56)
Seat 4: rao999 (big blind) folded on the Flop
Seat 5: dreimis190 folded before Flop (didn't bet)
Seat 6: BGS013 folded before Flop (didn't bet)



PokerStars Hand #254262430602:  Hold'em No Limit ($0.50/$1.00 USD) - 2025/01/08 15:46:01 WET [2025/01/08 10:46:01 ET]
Table 'Laertes III' 6-max Seat #4 is the button
Seat 3: grig2307 ($104.16 in chips) is sitting out
Seat 1: Joe_Li7 ($100 in chips) 
Seat 2: sta$igk ($214.52 in chips) 
Seat 4: rao999 ($100 in chips) 
Seat 5: dreimis190 ($135.62 in chips) 
Seat 6: BGS013 ($121.36 in chips) 
dreimis190: posts small blind $0.50
BGS013: posts big blind $1
*** HOLE CARDS ***
Joe_Li7: folds 
sta$igk: folds 
rao999: raises $1.50 to $2.50
dreimis190: folds 
BGS013: folds 
Uncalled bet ($1.50) returned to rao999
grig2307 leaves the table
rao999 collected $2.50 from pot
rao999: doesn't show hand 
*** SUMMARY ***
Total pot $2.50 | Rake $0 
Seat 3: grig2307
Seat 1: Joe_Li7 folded before Flop (didn't bet)
Seat 2: sta$igk folded before Flop (didn't bet)
Seat 4: rao999 (button) collected ($2.50)
Seat 5: dreimis190 (small blind) folded before Flop
Seat 6: BGS013 (big blind) folded before Flop



PokerStars Hand #254262434012:  Hold'em No Limit ($0.50/$1.00 USD) - 2025/01/08 15:46:16 WET [2025/01/08 10:46:16 ET]
Table 'Laertes III' 6-max Seat #5 is the button
Seat 1: Joe_Li7 ($100 in chips) 
Seat 2: sta$igk ($214.52 in chips) 
Seat 4: rao999 ($101.50 in chips) 
Seat 5: dreimis190 ($135.12 in chips) 
Seat 6: BGS013 ($120.36 in chips) 
BGS013: posts small blind $0.50
Joe_Li7: posts big blind $1
*** HOLE CARDS ***
sta$igk: raises $1.50 to $2.50
rao999: folds 
dreimis190: folds 
BGS013: folds 
Joe_Li7: folds 
Uncalled bet ($1.50) returned to sta$igk
sta$igk collected $2.50 from pot
sta$igk: doesn't show hand 
*** SUMMARY ***
Total pot $2.50 | Rake $0 
Seat 1: Joe_Li7 (big blind) folded before Flop
Seat 2: sta$igk collected ($2.50)
Seat 4: rao999 folded before Flop (didn't bet)
Seat 5: dreimis190 (button) folded before Flop (didn't bet)
Seat 6: BGS013 (small blind) folded before Flop



PokerStars Hand #254262532420:  Hold'em No Limit ($0.50/$1.00 USD) - 2025/01/08 15:53:37 WET [2025/01/08 10:53:37 ET]
Table 'Laertes III' 6-max Seat #4 is the button
Seat 1: coeeeelho ($100 in chips) is sitting out
Seat 4: Felete1981 ($10 in chips) 
Seat 5: app1e_j@ck ($100 in chips) 
Felete1981: posts small blind $0.50
app1e_j@ck: posts big blind $1
*** HOLE CARDS ***
Felete1981: folds 
Uncalled bet ($0.50) returned to app1e_j@ck
app1e_j@ck collected $1 from pot
app1e_j@ck: doesn't show hand 
*** SUMMARY ***
Total pot $1 | Rake $0 
Seat 1: coeeeelho
Seat 4: Felete1981 (button) (small blind) folded before Flop
Seat 5: app1e_j@ck (big blind) collected ($1)



PokerStars Hand #254262534086:  Hold'em No Limit ($0.50/$1.00 USD) - 2025/01/08 15:53:44 WET [2025/01/08 10:53:44 ET]
Table 'Laertes III' 6-max Seat #5 is the button
Seat 1: coeeeelho ($100 in chips) is sitting out
Seat 4: Felete1981 ($9.50 in chips) 
Seat 5: app1e_j@ck ($100.50 in chips) 
app1e_j@ck: posts small blind $0.50
Felete1981: posts big blind $1
*** HOLE CARDS ***
app1e_j@ck: folds 
Uncalled bet ($0.50) returned to Felete1981
Felete1981 collected $1 from pot
app1e_j@ck leaves the table
*** SUMMARY ***
Total pot $1 | Rake $0 
Seat 1: coeeeelho
Seat 4: Felete1981 (big blind) collected ($1)
Seat 5: app1e_j@ck (button) (small blind) folded before Flop



PokerStars Hand #254262569604:  Hold'em No Limit ($0.50/$1.00 USD) - 2025/01/08 15:56:49 WET [2025/01/08 10:56:49 ET]
Table 'Laertes III' 6-max Seat #6 is the button
Seat 1: Gfoer ($100 in chips) 
Seat 2: EvilReality ($100 in chips) 
Seat 3: app1e_j@ck ($100 in chips) 
Seat 4: blistein ($100 in chips) 
Seat 5: nastja336 ($100 in chips) 
Seat 6: rxb.dvtch ($73.14 in chips) 
Gfoer: posts small blind $0.50
EvilReality: posts big blind $1
*** HOLE CARDS ***
app1e_j@ck: raises $1.50 to $2.50
blistein: folds 
nastja336: folds 
rxb.dvtch: calls $2.50
Gfoer: folds 
EvilReality: folds 
*** FLOP *** [4s 3d Ah]
app1e_j@ck: checks 
rxb.dvtch: bets $2.09
app1e_j@ck: folds 
Uncalled bet ($2.09) returned to rxb.dvtch
rxb.dvtch collected $6.18 from pot
*** SUMMARY ***
Total pot $6.50 | Rake $0.32 
Board [4s 3d Ah]
Seat 1: Gfoer (small blind) folded before Flop
Seat 2: EvilReality (big blind) folded before Flop
Seat 3: app1e_j@ck folded on the Flop
Seat 4: blistein folded before Flop (didn't bet)
Seat 5: nastja336 folded before Flop (didn't bet)
Seat 6: rxb.dvtch (button) collected ($6.18)



PokerStars Hand #254262575351:  Hold'em No Limit ($0.50/$1.00 USD) - 2025/01/08 15:57:22 WET [2025/01/08 10:57:22 ET]
Table 'Laertes III' 6-max Seat #1 is the button
Seat 1: Gfoer ($100 in chips) 
Seat 2: EvilReality ($100 in chips) 
Seat 3: app1e_j@ck ($100 in chips) 
Seat 4: blistein ($100 in chips) 
Seat 5: nastja336 ($100 in chips) 
Seat 6: rxb.dvtch ($76.82 in chips) 
EvilReality: posts small blind $0.50
app1e_j@ck: posts big blind $1
*** HOLE CARDS ***
blistein: folds 
nastja336: folds 
rxb.dvtch: folds 
Gfoer: folds 
EvilReality: folds 
Uncalled bet ($0.50) returned to app1e_j@ck
app1e_j@ck collected $1 from pot
app1e_j@ck: doesn't show hand 
*** SUMMARY ***
Total pot $1 | Rake $0 
Seat 1: Gfoer (button) folded before Flop (didn't bet)
Seat 2: EvilReality (small blind) folded before Flop
Seat 3: app1e_j@ck (big blind) collected ($1)
Seat 4: blistein folded before Flop (didn't bet)
Seat 5: nastja336 folded before Flop (didn't bet)
Seat 6: rxb.dvtch folded before Flop (didn't bet)



PokerStars Hand #254262576419:  Hold'em No Limit ($0.50/$1.00 USD) - 2025/01/08 15:57:29 WET [2025/01/08 10:57:29 ET]
Table 'Laertes III' 6-max Seat #2 is the button
Seat 1: Gfoer ($100 in chips) 
Seat 2: EvilReality ($100 in chips) 
Seat 3: app1e_j@ck ($100.50 in chips) 
Seat 4: blistein ($100 in chips) 
Seat 5: nastja336 ($100 in chips) 
Seat 6: rxb.dvtch ($76.82 in chips) 
app1e_j@ck: posts small blind $0.50
blistein: posts big blind $1
*** HOLE CARDS ***
nastja336: folds 
rxb.dvtch: folds 
Gfoer: folds 
EvilReality: folds 
app1e_j@ck: raises $2 to $3
blistein: folds 
Uncalled bet ($2) returned to app1e_j@ck
app1e_j@ck collected $2 from pot
app1e_j@ck: doesn't show hand 
*** SUMMARY ***
Total pot $2 | Rake $0 
Seat 1: Gfoer folded before Flop (didn't bet)
Seat 2: EvilReality (button) folded before Flop (didn't bet)
Seat 3: app1e_j@ck (small blind) collected ($2)
Seat 4: blistein (big blind) folded before Flop
Seat 5: nastja336 folded before Flop (didn't bet)
Seat 6: rxb.dvtch folded before Flop (didn't bet)



PokerStars Hand #254262580352:  Hold'em No Limit ($0.50/$1.00 USD) - 2025/01/08 15:57:52 WET [2025/01/08 10:57:52 ET]
Table 'Laertes III' 6-max Seat #3 is the button
Seat 1: Gfoer ($100 in chips) 
Seat 2: EvilReality ($100 in chips) 
Seat 3: app1e_j@ck ($101.50 in chips) 
Seat 4: blistein ($100 in chips) 
Seat 5: nastja336 ($100 in chips) 
Seat 6: rxb.dvtch ($76.82 in chips) 
blistein: posts small blind $0.50
nastja336: posts big blind $1
*** HOLE CARDS ***
rxb.dvtch: raises $2 to $3
Gfoer: folds 
EvilReality: folds 
app1e_j@ck: folds 
blistein: folds 
nastja336: folds 
Uncalled bet ($2) returned to rxb.dvtch
rxb.dvtch collected $2.50 from pot
*** SUMMARY ***
Total pot $2.50 | Rake $0 
Seat 1: Gfoer folded before Flop (didn't bet)
Seat 2: EvilReality folded before Flop (didn't bet)
Seat 3: app1e_j@ck (button) folded before Flop (didn't bet)
Seat 4: blistein (small blind) folded before Flop
Seat 5: nastja336 (big blind) folded before Flop
Seat 6: rxb.dvtch collected ($2.50)



PokerStars Hand #254262582615:  Hold'em No Limit ($0.50/$1.00 USD) - 2025/01/08 15:58:05 WET [2025/01/08 10:58:05 ET]
Table 'Laertes III' 6-max Seat #4 is the button
Seat 1: Gfoer ($100 in chips) 
Seat 2: EvilReality ($100 in chips) 
Seat 3: app1e_j@ck ($101.50 in chips) 
Seat 4: blistein ($100 in chips) 
Seat 5: nastja336 ($100 in chips) 
Seat 6: rxb.dvtch ($78.32 in chips) 
nastja336: posts small blind $0.50
rxb.dvtch: posts big blind $1
*** HOLE CARDS ***
Gfoer: folds 
EvilReality: folds 
app1e_j@ck: folds 
blistein: raises $1.50 to $2.50
nastja336: raises $9.50 to $12
rxb.dvtch: folds 
blistein: calls $9.50
*** FLOP *** [5s 8h 9s]
nastja336: checks 
blistein: bets $8.08
nastja336: folds 
Uncalled bet ($8.08) returned to blistein
blistein collected $23.75 from pot
blistein: doesn't show hand 
*** SUMMARY ***
Total pot $25 | Rake $1.25 
Board [5s 8h 9s]
Seat 1: Gfoer folded before Flop (didn't bet)
Seat 2: EvilReality folded before Flop (didn't bet)
Seat 3: app1e_j@ck folded before Flop (didn't bet)
Seat 4: blistein (button) collected ($23.75)
Seat 5: nastja336 (small blind) folded on the Flop
Seat 6: rxb.dvtch (big blind) folded before Flop



PokerStars Hand #254262595075:  Hold'em No Limit ($0.50/$1.00 USD) - 2025/01/08 15:59:17 WET [2025/01/08 10:59:17 ET]
Table 'Laertes III' 6-max Seat #5 is the button
Seat 1: Gfoer ($100 in chips) 
Seat 2: EvilReality ($100 in chips) 
Seat 3: app1e_j@ck ($101.50 in chips) 
Seat 4: blistein ($111.75 in chips) 
Seat 5: nastja336 ($100 in chips) 
Seat 6: rxb.dvtch ($77.32 in chips) 
rxb.dvtch: posts small blind $0.50
Gfoer: posts big blind $1
*** HOLE CARDS ***
EvilReality: raises $1.50 to $2.50
app1e_j@ck: folds 
blistein: folds 
nastja336: folds 
rxb.dvtch: folds 
Gfoer: calls $1.50
*** FLOP *** [Qc 9h Js]
Gfoer: checks 
EvilReality: bets $3.13
Gfoer: folds 
Uncalled bet ($3.13) returned to EvilReality
EvilReality collected $5.22 from pot
EvilReality: doesn't show hand 
*** SUMMARY ***
Total pot $5.50 | Rake $0.28 
Board [Qc 9h Js]
Seat 1: Gfoer (big blind) folded on the Flop
Seat 2: EvilReality collected ($5.22)
Seat 3: app1e_j@ck folded before Flop (didn't bet)
Seat 4: blistein folded before Flop (didn't bet)
Seat 5: nastja336 (button) folded before Flop (didn't bet)
Seat 6: rxb.dvtch (small blind) folded before Flop



PokerStars Hand #254262602710:  Hold'em No Limit ($0.50/$1.00 USD) - 2025/01/08 16:00:02 WET [2025/01/08 11:00:02 ET]
Table 'Laertes III' 6-max Seat #6 is the button
Seat 1: Gfoer ($100 in chips) 
Seat 2: EvilReality ($102.72 in chips) 
Seat 3: app1e_j@ck ($101.50 in chips) 
Seat 4: blistein ($111.75 in chips) 
Seat 5: nastja336 ($100 in chips) 
Seat 6: rxb.dvtch ($76.82 in chips) 
Gfoer: posts small blind $0.50
EvilReality: posts big blind $1
*** HOLE CARDS ***
app1e_j@ck: folds 
blistein: folds 
nastja336: folds 
rxb.dvtch: calls $1
Gfoer: folds 
EvilReality: checks 
*** FLOP *** [6c Ts Ah]
EvilReality: checks 
rxb.dvtch: bets $1
EvilReality: folds 
Uncalled bet ($1) returned to rxb.dvtch
rxb.dvtch collected $2.38 from pot
*** SUMMARY ***
Total pot $2.50 | Rake $0.12 
Board [6c Ts Ah]
Seat 1: Gfoer (small blind) folded before Flop
Seat 2: EvilReality (big blind) folded on the Flop
Seat 3: app1e_j@ck folded before Flop (didn't bet)
Seat 4: blistein folded before Flop (didn't bet)
Seat 5: nastja336 folded before Flop (didn't bet)
Seat 6: rxb.dvtch (button) collected ($2.38)



PokerStars Hand #254262609429:  Hold'em No Limit ($0.50/$1.00 USD) - 2025/01/08 16:00:40 WET [2025/01/08 11:00:40 ET]
Table 'Laertes III' 6-max Seat #1 is the button
Seat 1: Gfoer ($100 in chips) 
Seat 2: EvilReality ($101.72 in chips) 
Seat 3: app1e_j@ck ($101.50 in chips) 
Seat 4: blistein ($111.75 in chips) 
Seat 5: nastja336 ($100 in chips) 
Seat 6: rxb.dvtch ($78.20 in chips) 
EvilReality: posts small blind $0.50
app1e_j@ck: posts big blind $1
*** HOLE CARDS ***
blistein: folds 
nastja336: folds 
rxb.dvtch: raises $2 to $3
Gfoer: folds 
EvilReality: folds 
app1e_j@ck: raises $6 to $9
rxb.dvtch: folds 
Uncalled bet ($6) returned to app1e_j@ck
app1e_j@ck collected $6.50 from pot
app1e_j@ck: doesn't show hand 
*** SUMMARY ***
Total pot $6.50 | Rake $0 
Seat 1: Gfoer (button) folded before Flop (didn't bet)
Seat 2: EvilReality (small blind) folded before Flop
Seat 3: app1e_j@ck (big blind) collected ($6.50)
Seat 4: blistein folded before Flop (didn't bet)
Seat 5: nastja336 folded before Flop (didn't bet)
Seat 6: rxb.dvtch folded before Flop



PokerStars Hand #254262618998:  Hold'em No Limit ($0.50/$1.00 USD) - 2025/01/08 16:01:26 WET [2025/01/08 11:01:26 ET]
Table 'Laertes III' 6-max Seat #2 is the button
Seat 1: Gfoer ($100 in chips) 
Seat 2: EvilReality ($101.22 in chips) 
Seat 3: app1e_j@ck ($105 in chips) 
Seat 4: blistein ($111.75 in chips) 
Seat 5: nastja336 ($100 in chips) 
Seat 6: rxb.dvtch ($75.20 in chips) 
app1e_j@ck: posts small blind $0.50
blistein: posts big blind $1
*** HOLE CARDS ***
nastja336: folds 
rxb.dvtch: calls $1
Gfoer: folds 
EvilReality: folds 
app1e_j@ck: folds 
blistein: checks 
*** FLOP *** [Qc Jd 7h]
blistein: checks 
rxb.dvtch: checks 
*** TURN *** [Qc Jd 7h] [Th]
blistein: bets $1.19
rxb.dvtch: calls $1.19
*** RIVER *** [Qc Jd 7h Th] [Jc]
blistein: bets $6.96
rxb.dvtch: folds 
Uncalled bet ($6.96) returned to blistein
blistein collected $4.64 from pot
blistein: doesn't show hand 
*** SUMMARY ***
Total pot $4.88 | Rake $0.24 
Board [Qc Jd 7h Th Jc]
Seat 1: Gfoer folded before Flop (didn't bet)
Seat 2: EvilReality (button) folded before Flop (didn't bet)
Seat 3: app1e_j@ck (small blind) folded before Flop
Seat 4: blistein (big blind) collected ($4.64)
Seat 5: nastja336 folded before Flop (didn't bet)
Seat 6: rxb.dvtch folded on the River



PokerStars Hand #254262636192:  Hold'em No Limit ($0.50/$1.00 USD) - 2025/01/08 16:02:44 WET [2025/01/08 11:02:44 ET]
Table 'Laertes III' 6-max Seat #3 is the button
Seat 1: Gfoer ($100 in chips) 
Seat 2: EvilReality ($101.22 in chips) 
Seat 3: app1e_j@ck ($104.50 in chips) 
Seat 4: blistein ($114.20 in chips) 
Seat 5: nastja336 ($100 in chips) 
Seat 6: rxb.dvtch ($73.01 in chips) 
blistein: posts small blind $0.50
nastja336: posts big blind $1
*** HOLE CARDS ***
rxb.dvtch: folds 
Gfoer: folds 
EvilReality: folds 
app1e_j@ck: raises $1.50 to $2.50
blistein: raises $9.50 to $12
nastja336: folds 
app1e_j@ck: raises $14 to $26
blistein: raises $88.20 to $114.20 and is all-in
app1e_j@ck: calls $78.50 and is all-in
Uncalled bet ($9.70) returned to blistein
*** FIRST FLOP *** [Jc 7c Tc]
*** FIRST TURN *** [Jc 7c Tc] [Ts]
*** FIRST RIVER *** [Jc 7c Tc Ts] [2c]
*** SECOND FLOP *** [Ks Ah 7d]
*** SECOND TURN *** [Ks Ah 7d] [Qc]
*** SECOND RIVER *** [Ks Ah 7d Qc] [4s]
*** FIRST SHOW DOWN ***
blistein: shows [9c 9d] (a flush, Jack high)
app1e_j@ck: shows [Qs Qh] (two pair, Queens and Tens)
blistein collected $103.75 from pot
*** SECOND SHOW DOWN ***
blistein: shows [9c 9d] (a pair of Nines)
app1e_j@ck: shows [Qs Qh] (three of a kind, Queens)
app1e_j@ck collected $103.75 from pot
*** SUMMARY ***
Total pot $210 | Rake $2.50 
Hand was run twice
FIRST Board [Jc 7c Tc Ts 2c]
SECOND Board [Ks Ah 7d Qc 4s]
Seat 1: Gfoer folded before Flop (didn't bet)
Seat 2: EvilReality folded before Flop (didn't bet)
Seat 3: app1e_j@ck (button) showed [Qs Qh] and lost with two pair, Queens and Tens, and won ($103.75) with three of a kind, Queens
Seat 4: blistein (small blind) showed [9c 9d] and won ($103.75) with a flush, Jack high, and lost with a pair of Nines
Seat 5: nastja336 (big blind) folded before Flop
Seat 6: rxb.dvtch folded before Flop (didn't bet)



PokerStars Hand #254262650212:  Hold'em No Limit ($0.50/$1.00 USD) - 2025/01/08 16:03:47 WET [2025/01/08 11:03:47 ET]
Table 'Laertes III' 6-max Seat #4 is the button
Seat 1: Gfoer ($100 in chips) 
Seat 2: EvilReality ($101.22 in chips) 
Seat 3: app1e_j@ck ($103.75 in chips) 
Seat 4: blistein ($113.45 in chips) 
Seat 5: nastja336 ($100 in chips) 
Seat 6: rxb.dvtch ($73.01 in chips) 
nastja336: posts small blind $0.50
rxb.dvtch: posts big blind $1
*** HOLE CARDS ***
Gfoer: raises $1.20 to $2.20
EvilReality: folds 
app1e_j@ck: folds 
blistein: folds 
nastja336: folds 
rxb.dvtch: folds 
Uncalled bet ($1.20) returned to Gfoer
Gfoer collected $2.50 from pot
Gfoer: doesn't show hand 
*** SUMMARY ***
Total pot $2.50 | Rake $0 
Seat 1: Gfoer collected ($2.50)
Seat 2: EvilReality folded before Flop (didn't bet)
Seat 3: app1e_j@ck folded before Flop (didn't bet)
Seat 4: blistein (button) folded before Flop (didn't bet)
Seat 5: nastja336 (small blind) folded before Flop
Seat 6: rxb.dvtch (big blind) folded before Flop



PokerStars Hand #254262653917:  Hold'em No Limit ($0.50/$1.00 USD) - 2025/01/08 16:04:03 WET [2025/01/08 11:04:03 ET]
Table 'Laertes III' 6-max Seat #5 is the button
Seat 1: Gfoer ($101.50 in chips) 
Seat 2: EvilReality ($101.22 in chips) 
Seat 3: app1e_j@ck ($103.75 in chips) 
Seat 4: blistein ($113.45 in chips) 
Seat 5: nastja336 ($100 in chips) 
Seat 6: rxb.dvtch ($72.01 in chips) 
rxb.dvtch: posts small blind $0.50
Gfoer: posts big blind $1
*** HOLE CARDS ***
EvilReality: raises $1.50 to $2.50
app1e_j@ck: calls $2.50
blistein: folds 
nastja336: folds 
rxb.dvtch: folds 
Gfoer: folds 
*** FLOP *** [Kc Qh Ad]
EvilReality: bets $3.71
app1e_j@ck: folds 
Uncalled bet ($3.71) returned to EvilReality
EvilReality collected $6.18 from pot
EvilReality: doesn't show hand 
*** SUMMARY ***
Total pot $6.50 | Rake $0.32 
Board [Kc Qh Ad]
Seat 1: Gfoer (big blind) folded before Flop
Seat 2: EvilReality collected ($6.18)
Seat 3: app1e_j@ck folded on the Flop
Seat 4: blistein folded before Flop (didn't bet)
Seat 5: nastja336 (button) folded before Flop (didn't bet)
Seat 6: rxb.dvtch (small blind) folded before Flop



PokerStars Hand #254262663407:  Hold'em No Limit ($0.50/$1.00 USD) - 2025/01/08 16:04:45 WET [2025/01/08 11:04:45 ET]
Table 'Laertes III' 6-max Seat #6 is the button
Seat 1: Gfoer ($100.50 in chips) 
Seat 2: EvilReality ($104.90 in chips) 
Seat 3: app1e_j@ck ($101.25 in chips) 
Seat 4: blistein ($113.45 in chips) 
Seat 5: nastja336 ($100 in chips) 
Seat 6: rxb.dvtch ($71.51 in chips) 
Gfoer: posts small blind $0.50
EvilReality: posts big blind $1
*** HOLE CARDS ***
app1e_j@ck: raises $1.50 to $2.50
blistein: folds 
nastja336: folds 
rxb.dvtch: folds 
Gfoer: folds 
EvilReality: folds 
Uncalled bet ($1.50) returned to app1e_j@ck
app1e_j@ck collected $2.50 from pot
app1e_j@ck: doesn't show hand 
*** SUMMARY ***
Total pot $2.50 | Rake $0 
Seat 1: Gfoer (small blind) folded before Flop
Seat 2: EvilReality (big blind) folded before Flop
Seat 3: app1e_j@ck collected ($2.50)
Seat 4: blistein folded before Flop (didn't bet)
Seat 5: nastja336 folded before Flop (didn't bet)
Seat 6: rxb.dvtch (button) folded before Flop (didn't bet)



PokerStars Hand #254262668087:  Hold'em No Limit ($0.50/$1.00 USD) - 2025/01/08 16:05:06 WET [2025/01/08 11:05:06 ET]
Table 'Laertes III' 6-max Seat #1 is the button
Seat 1: Gfoer ($100 in chips) 
Seat 2: EvilReality ($103.90 in chips) 
Seat 3: app1e_j@ck ($102.75 in chips) 
Seat 4: blistein ($113.45 in chips) 
Seat 5: nastja336 ($100 in chips) 
Seat 6: rxb.dvtch ($71.51 in chips) 
EvilReality: posts small blind $0.50
app1e_j@ck: posts big blind $1
*** HOLE CARDS ***
blistein: folds 
nastja336: folds 
rxb.dvtch: folds 
Gfoer: folds 
EvilReality: raises $2 to $3
app1e_j@ck: calls $2
*** FLOP *** [9s 7d Kd]
EvilReality: checks 
app1e_j@ck: checks 
*** TURN *** [9s 7d Kd] [Qd]
EvilReality: bets $4.28
app1e_j@ck: folds 
Uncalled bet ($4.28) returned to EvilReality
EvilReality collected $5.70 from pot
EvilReality: doesn't show hand 
*** SUMMARY ***
Total pot $6 | Rake $0.30 
Board [9s 7d Kd Qd]
Seat 1: Gfoer (button) folded before Flop (didn't bet)
Seat 2: EvilReality (small blind) collected ($5.70)
Seat 3: app1e_j@ck (big blind) folded on the Turn
Seat 4: blistein folded before Flop (didn't bet)
Seat 5: nastja336 folded before Flop (didn't bet)
Seat 6: rxb.dvtch folded before Flop (didn't bet)



PokerStars Hand #254262680871:  Hold'em No Limit ($0.50/$1.00 USD) - 2025/01/08 16:06:02 WET [2025/01/08 11:06:02 ET]
Table 'Laertes III' 6-max Seat #2 is the button
Seat 1: Gfoer ($100 in chips) 
Seat 2: EvilReality ($106.60 in chips) 
Seat 3: app1e_j@ck ($100 in chips) 
Seat 4: blistein ($113.45 in chips) 
Seat 5: nastja336 ($100 in chips) 
Seat 6: rxb.dvtch ($71.51 in chips) 
app1e_j@ck: posts small blind $0.50
blistein: posts big blind $1
*** HOLE CARDS ***
nastja336: raises $1.50 to $2.50
rxb.dvtch: folds 
Gfoer: raises $6 to $8.50
EvilReality: folds 
app1e_j@ck: folds 
blistein: folds 
nastja336: folds 
Uncalled bet ($6) returned to Gfoer
Gfoer collected $6.50 from pot
Gfoer: doesn't show hand 
*** SUMMARY ***
Total pot $6.50 | Rake $0 
Seat 1: Gfoer collected ($6.50)
Seat 2: EvilReality (button) folded before Flop (didn't bet)
Seat 3: app1e_j@ck (small blind) folded before Flop
Seat 4: blistein (big blind) folded before Flop
Seat 5: nastja336 folded before Flop
Seat 6: rxb.dvtch folded before Flop (didn't bet)



PokerStars Hand #254262687564:  Hold'em No Limit ($0.50/$1.00 USD) - 2025/01/08 16:06:32 WET [2025/01/08 11:06:32 ET]
Table 'Laertes III' 6-max Seat #3 is the button
Seat 1: Gfoer ($104 in chips) 
Seat 2: EvilReality ($106.60 in chips) 
Seat 3: app1e_j@ck ($100 in chips) 
Seat 4: blistein ($112.45 in chips) 
Seat 5: nastja336 ($100 in chips) 
Seat 6: rxb.dvtch ($71.51 in chips) 
blistein: posts small blind $0.50
nastja336: posts big blind $1
*** HOLE CARDS ***
rxb.dvtch: folds 
Gfoer: folds 
EvilReality: folds 
app1e_j@ck: folds 
blistein: raises $2 to $3
nastja336: folds 
Uncalled bet ($2) returned to blistein
blistein collected $2 from pot
blistein: doesn't show hand 
*** SUMMARY ***
Total pot $2 | Rake $0 
Seat 1: Gfoer folded before Flop (didn't bet)
Seat 2: EvilReality folded before Flop (didn't bet)
Seat 3: app1e_j@ck (button) folded before Flop (didn't bet)
Seat 4: blistein (small blind) collected ($2)
Seat 5: nastja336 (big blind) folded before Flop
Seat 6: rxb.dvtch folded before Flop (didn't bet)



PokerStars Hand #254262691389:  Hold'em No Limit ($0.50/$1.00 USD) - 2025/01/08 16:06:49 WET [2025/01/08 11:06:49 ET]
Table 'Laertes III' 6-max Seat #4 is the button
Seat 1: Gfoer ($104 in chips) 
Seat 2: EvilReality ($106.60 in chips) 
Seat 3: app1e_j@ck ($100 in chips) 
Seat 4: blistein ($113.45 in chips) 
Seat 5: nastja336 ($100 in chips) 
Seat 6: rxb.dvtch ($71.51 in chips) 
nastja336: posts small blind $0.50
rxb.dvtch: posts big blind $1
*** HOLE CARDS ***
Gfoer: folds 
EvilReality: folds 
app1e_j@ck: folds 
blistein: folds 
nastja336: raises $2 to $3
rxb.dvtch: calls $2
*** FLOP *** [3h Td 5s]
nastja336: bets $1.88
rxb.dvtch: calls $1.88
*** TURN *** [3h Td 5s] [Qs]
nastja336: bets $13.50
rxb.dvtch: folds 
Uncalled bet ($13.50) returned to nastja336
nastja336 collected $9.27 from pot
nastja336: doesn't show hand 
*** SUMMARY ***
Total pot $9.76 | Rake $0.49 
Board [3h Td 5s Qs]
Seat 1: Gfoer folded before Flop (didn't bet)
Seat 2: EvilReality folded before Flop (didn't bet)
Seat 3: app1e_j@ck folded before Flop (didn't bet)
Seat 4: blistein (button) folded before Flop (didn't bet)
Seat 5: nastja336 (small blind) collected ($9.27)
Seat 6: rxb.dvtch (big blind) folded on the Turn



PokerStars Hand #254262701937:  Hold'em No Limit ($0.50/$1.00 USD) - 2025/01/08 16:07:35 WET [2025/01/08 11:07:35 ET]
Table 'Laertes III' 6-max Seat #5 is the button
Seat 1: Gfoer ($104 in chips) 
Seat 2: EvilReality ($106.60 in chips) 
Seat 3: app1e_j@ck ($100 in chips) 
Seat 4: blistein ($113.45 in chips) 
Seat 5: nastja336 ($104.39 in chips) 
Seat 6: rxb.dvtch ($66.63 in chips) 
rxb.dvtch: posts small blind $0.50
Gfoer: posts big blind $1
*** HOLE CARDS ***
EvilReality: folds 
app1e_j@ck: raises $1.50 to $2.50
blistein: folds 
nastja336: folds 
rxb.dvtch: folds 
Gfoer: folds 
Uncalled bet ($1.50) returned to app1e_j@ck
app1e_j@ck collected $2.50 from pot
app1e_j@ck: doesn't show hand 
*** SUMMARY ***
Total pot $2.50 | Rake $0 
Seat 1: Gfoer (big blind) folded before Flop
Seat 2: EvilReality folded before Flop (didn't bet)
Seat 3: app1e_j@ck collected ($2.50)
Seat 4: blistein folded before Flop (didn't bet)
Seat 5: nastja336 (button) folded before Flop (didn't bet)
Seat 6: rxb.dvtch (small blind) folded before Flop



PokerStars Hand #254262705412:  Hold'em No Limit ($0.50/$1.00 USD) - 2025/01/08 16:07:50 WET [2025/01/08 11:07:50 ET]
Table 'Laertes III' 6-max Seat #6 is the button
Seat 1: Gfoer ($103 in chips) 
Seat 2: EvilReality ($106.60 in chips) 
Seat 3: app1e_j@ck ($101.50 in chips) 
Seat 4: blistein ($113.45 in chips) 
Seat 5: nastja336 ($104.39 in chips) 
Seat 6: rxb.dvtch ($66.13 in chips) 
Gfoer: posts small blind $0.50
EvilReality: posts big blind $1
*** HOLE CARDS ***
app1e_j@ck: folds 
blistein: raises $1.20 to $2.20
nastja336: folds 
rxb.dvtch: calls $2.20
Gfoer: folds 
EvilReality: raises $9.80 to $12
blistein: calls $9.80
rxb.dvtch: folds 
*** FLOP *** [6c Kh Ts]
rxb.dvtch is disconnected 
EvilReality: bets $8.37
blistein: folds 
Uncalled bet ($8.37) returned to EvilReality
EvilReality collected $25.36 from pot
EvilReality: doesn't show hand 
*** SUMMARY ***
Total pot $26.70 | Rake $1.34 
Board [6c Kh Ts]
Seat 1: Gfoer (small blind) folded before Flop
Seat 2: EvilReality (big blind) collected ($25.36)
Seat 3: app1e_j@ck folded before Flop (didn't bet)
Seat 4: blistein folded on the Flop
Seat 5: nastja336 folded before Flop (didn't bet)
Seat 6: rxb.dvtch (button) folded before Flop



PokerStars Hand #254262717848:  Hold'em No Limit ($0.50/$1.00 USD) - 2025/01/08 16:08:44 WET [2025/01/08 11:08:44 ET]
Table 'Laertes III' 6-max Seat #1 is the button
Seat 1: Gfoer ($102.50 in chips) 
Seat 2: EvilReality ($119.96 in chips) 
Seat 3: app1e_j@ck ($101.50 in chips) 
Seat 4: blistein ($101.45 in chips) 
Seat 5: nastja336 ($104.39 in chips) 
Seat 6: rxb.dvtch ($63.93 in chips) 
EvilReality: posts small blind $0.50
app1e_j@ck: posts big blind $1
*** HOLE CARDS ***
blistein: folds 
nastja336: folds 
rxb.dvtch has timed out while disconnected
rxb.dvtch: folds 
Gfoer: folds 
EvilReality: raises $2 to $3
app1e_j@ck: folds 
Uncalled bet ($2) returned to EvilReality
EvilReality collected $2 from pot
EvilReality: doesn't show hand 
*** SUMMARY ***
Total pot $2 | Rake $0 
Seat 1: Gfoer (button) folded before Flop (didn't bet)
Seat 2: EvilReality (small blind) collected ($2)
Seat 3: app1e_j@ck (big blind) folded before Flop
Seat 4: blistein folded before Flop (didn't bet)
Seat 5: nastja336 folded before Flop (didn't bet)
Seat 6: rxb.dvtch folded before Flop (didn't bet)



PokerStars Hand #254262724003:  Hold'em No Limit ($0.50/$1.00 USD) - 2025/01/08 16:09:11 WET [2025/01/08 11:09:11 ET]
Table 'Laertes III' 6-max Seat #2 is the button
Seat 6: rxb.dvtch ($63.93 in chips) is sitting out
Seat 1: Gfoer ($102.50 in chips) 
Seat 2: EvilReality ($120.96 in chips) 
Seat 3: app1e_j@ck ($100.50 in chips) 
Seat 4: blistein ($101.45 in chips) 
Seat 5: nastja336 ($104.39 in chips) 
app1e_j@ck: posts small blind $0.50
blistein: posts big blind $1
*** HOLE CARDS ***
nastja336: folds 
Gfoer: folds 
EvilReality: folds 
app1e_j@ck: folds 
Uncalled bet ($0.50) returned to blistein
blistein collected $1 from pot
blistein: doesn't show hand 
*** SUMMARY ***
Total pot $1 | Rake $0 
Seat 6: rxb.dvtch
Seat 1: Gfoer folded before Flop (didn't bet)
Seat 2: EvilReality (button) folded before Flop (didn't bet)
Seat 3: app1e_j@ck (small blind) folded before Flop
Seat 4: blistein (big blind) collected ($1)
Seat 5: nastja336 folded before Flop (didn't bet)



PokerStars Hand #254262727921:  Hold'em No Limit ($0.50/$1.00 USD) - 2025/01/08 16:09:28 WET [2025/01/08 11:09:28 ET]
Table 'Laertes III' 6-max Seat #3 is the button
Seat 6: rxb.dvtch ($63.93 in chips) is sitting out
Seat 1: Gfoer ($102.50 in chips) 
Seat 2: EvilReality ($120.96 in chips) 
Seat 3: app1e_j@ck ($100 in chips) 
Seat 4: blistein ($101.95 in chips) 
Seat 5: nastja336 ($104.39 in chips) 
blistein: posts small blind $0.50
nastja336: posts big blind $1
*** HOLE CARDS ***
Gfoer: folds 
EvilReality: raises $1.50 to $2.50
app1e_j@ck: folds 
blistein: folds 
nastja336: calls $1.50
*** FLOP *** [4s Qd 8h]
nastja336: checks 
EvilReality: bets $3.92
nastja336: calls $3.92
*** TURN *** [4s Qd 8h] [6c]
nastja336: checks 
EvilReality: checks 
*** RIVER *** [4s Qd 8h 6c] [2h]
nastja336: checks 
EvilReality: checks 
*** SHOW DOWN ***
nastja336: shows [Js Qc] (a pair of Queens)
EvilReality: mucks hand 
nastja336 collected $12.67 from pot
*** SUMMARY ***
Total pot $13.34 | Rake $0.67 
Board [4s Qd 8h 6c 2h]
Seat 6: rxb.dvtch
Seat 1: Gfoer folded before Flop (didn't bet)
Seat 2: EvilReality mucked
Seat 3: app1e_j@ck (button) folded before Flop (didn't bet)
Seat 4: blistein (small blind) folded before Flop
Seat 5: nastja336 (big blind) showed [Js Qc] and won ($12.67) with a pair of Queens



PokerStars Hand #254262742235:  Hold'em No Limit ($0.50/$1.00 USD) - 2025/01/08 16:10:30 WET [2025/01/08 11:10:30 ET]
Table 'Laertes III' 6-max Seat #4 is the button
Seat 6: rxb.dvtch ($63.93 in chips) is sitting out
Seat 1: Gfoer ($102.50 in chips) 
Seat 2: EvilReality ($114.54 in chips) 
Seat 3: app1e_j@ck ($100 in chips) 
Seat 4: blistein ($101.45 in chips) 
Seat 5: nastja336 ($110.64 in chips) 
nastja336: posts small blind $0.50
Gfoer: posts big blind $1
*** HOLE CARDS ***
EvilReality: raises $1.50 to $2.50
app1e_j@ck: raises $6 to $8.50
blistein: folds 
nastja336: folds 
Gfoer: folds 
EvilReality: raises $13.50 to $22
app1e_j@ck: raises $78 to $100 and is all-in
EvilReality: calls $78
*** FIRST FLOP *** [3c 8h Ac]
*** FIRST TURN *** [3c 8h Ac] [3s]
*** FIRST RIVER *** [3c 8h Ac 3s] [4s]
*** SECOND FLOP *** [Kc 5c 4c]
*** SECOND TURN *** [Kc 5c 4c] [7c]
*** SECOND RIVER *** [Kc 5c 4c 7c] [9h]
*** FIRST SHOW DOWN ***
EvilReality: shows [Qs Qc] (two pair, Queens and Threes)
app1e_j@ck: shows [Kd Ad] (two pair, Aces and Threes)
app1e_j@ck collected $99.50 from pot
*** SECOND SHOW DOWN ***
EvilReality: shows [Qs Qc] (a flush, King high)
app1e_j@ck: shows [Kd Ad] (a pair of Kings)
EvilReality collected $99.50 from pot
*** SUMMARY ***
Total pot $201.50 | Rake $2.50 
Hand was run twice
FIRST Board [3c 8h Ac 3s 4s]
SECOND Board [Kc 5c 4c 7c 9h]
Seat 6: rxb.dvtch
Seat 1: Gfoer (big blind) folded before Flop
Seat 2: EvilReality showed [Qs Qc] and lost with two pair, Queens and Threes, and won ($99.50) with a flush, King high
Seat 3: app1e_j@ck showed [Kd Ad] and won ($99.50) with two pair, Aces and Threes, and lost with a pair of Kings
Seat 4: blistein (button) folded before Flop (didn't bet)
Seat 5: nastja336 (small blind) folded before Flop



PokerStars Hand #254262753150:  Hold'em No Limit ($0.50/$1.00 USD) - 2025/01/08 16:11:17 WET [2025/01/08 11:11:17 ET]
Table 'Laertes III' 6-max Seat #5 is the button
Seat 3: app1e_j@ck ($100 in chips) is sitting out
Seat 6: rxb.dvtch ($63.93 in chips) is sitting out
Seat 1: Gfoer ($101.50 in chips) 
Seat 2: EvilReality ($114.04 in chips) 
Seat 4: blistein ($101.45 in chips) 
Seat 5: nastja336 ($110.14 in chips) 
Gfoer: posts small blind $0.50
EvilReality: posts big blind $1
*** HOLE CARDS ***
app1e_j@ck leaves the table
blistein: folds 
nastja336: raises $1.50 to $2.50
Gfoer: folds 
EvilReality: folds 
Uncalled bet ($1.50) returned to nastja336
nastja336 collected $2.50 from pot
nastja336: doesn't show hand 
*** SUMMARY ***
Total pot $2.50 | Rake $0 
Seat 3: app1e_j@ck
Seat 6: rxb.dvtch
Seat 1: Gfoer (small blind) folded before Flop
Seat 2: EvilReality (big blind) folded before Flop
Seat 4: blistein folded before Flop (didn't bet)
Seat 5: nastja336 (button) collected ($2.50)



PokerStars Hand #254262758931:  Hold'em No Limit ($0.50/$1.00 USD) - 2025/01/08 16:11:42 WET [2025/01/08 11:11:42 ET]
Table 'Laertes III' 6-max Seat #1 is the button
Seat 6: rxb.dvtch ($63.93 in chips) is sitting out
Seat 1: Gfoer ($101 in chips) 
Seat 2: EvilReality ($113.04 in chips) 
Seat 4: blistein ($101.45 in chips) 
Seat 5: nastja336 ($111.64 in chips) 
EvilReality: posts small blind $0.50
blistein: posts big blind $1
*** HOLE CARDS ***
yzuk joins the table at seat #3 
nastja336: folds 
Gfoer: folds 
EvilReality: folds 
Uncalled bet ($0.50) returned to blistein
blistein collected $1 from pot
blistein: doesn't show hand 
*** SUMMARY ***
Total pot $1 | Rake $0 
Seat 6: rxb.dvtch
Seat 1: Gfoer (button) folded before Flop (didn't bet)
Seat 2: EvilReality (small blind) folded before Flop
Seat 4: blistein (big blind) collected ($1)
Seat 5: nastja336 folded before Flop (didn't bet)



PokerStars Hand #254262763103:  Hold'em No Limit ($0.50/$1.00 USD) - 2025/01/08 16:11:59 WET [2025/01/08 11:11:59 ET]
Table 'Laertes III' 6-max Seat #2 is the button
Seat 3: yzuk ($100 in chips) is sitting out
Seat 6: rxb.dvtch ($63.93 in chips) is sitting out
Seat 1: Gfoer ($101 in chips) 
Seat 2: EvilReality ($112.54 in chips) 
Seat 4: blistein ($101.95 in chips) 
Seat 5: nastja336 ($111.64 in chips) 
blistein: posts small blind $0.50
nastja336: posts big blind $1
*** HOLE CARDS ***
Gfoer: folds 
EvilReality: folds 
blistein: raises $2 to $3
nastja336: raises $7.50 to $10.50
blistein: folds 
Uncalled bet ($7.50) returned to nastja336
nastja336 collected $6 from pot
nastja336: doesn't show hand 
*** SUMMARY ***
Total pot $6 | Rake $0 
Seat 3: yzuk
Seat 6: rxb.dvtch
Seat 1: Gfoer folded before Flop (didn't bet)
Seat 2: EvilReality (button) folded before Flop (didn't bet)
Seat 4: blistein (small blind) folded before Flop
Seat 5: nastja336 (big blind) collected ($6)



PokerStars Hand #254262769610:  Hold'em No Limit ($0.50/$1.00 USD) - 2025/01/08 16:12:27 WET [2025/01/08 11:12:27 ET]
Table 'Laertes III' 6-max Seat #4 is the button
Seat 1: Gfoer ($101 in chips) is sitting out
Seat 2: EvilReality ($112.54 in chips) is sitting out
Seat 6: rxb.dvtch ($63.93 in chips) is sitting out
Seat 3: yzuk ($100 in chips) 
Seat 4: blistein ($100 in chips) 
Seat 5: nastja336 ($114.64 in chips) 
nastja336: posts small blind $0.50
Gfoer: is sitting out 
EvilReality: is sitting out 
yzuk: posts big blind $1
*** HOLE CARDS ***
blistein: raises $1.50 to $2.50
nastja336: folds 
yzuk: folds 
Uncalled bet ($1.50) returned to blistein
blistein collected $2.50 from pot
blistein: doesn't show hand 
*** SUMMARY ***
Total pot $2.50 | Rake $0 
Seat 1: Gfoer
Seat 2: EvilReality
Seat 6: rxb.dvtch
Seat 3: yzuk (big blind) folded before Flop
Seat 4: blistein (button) collected ($2.50)
Seat 5: nastja336 (small blind) folded before Flop



PokerStars Hand #254262772468:  Hold'em No Limit ($0.50/$1.00 USD) - 2025/01/08 16:12:40 WET [2025/01/08 11:12:40 ET]
Table 'Laertes III' 6-max Seat #5 is the button
Seat 2: EvilReality ($112.54 in chips) is sitting out
Seat 6: rxb.dvtch ($63.93 in chips) is sitting out
Seat 3: yzuk ($100 in chips) 
Seat 4: blistein ($101.50 in chips) 
Seat 5: nastja336 ($114.14 in chips) 
yzuk: posts small blind $0.50
Gfoer leaves the table
blistein: posts big blind $1
*** HOLE CARDS ***
EvilReality leaves the table
nastja336: folds 
yzuk: folds 
Uncalled bet ($0.50) returned to blistein
blistein collected $1 from pot
blistein: doesn't show hand 
*** SUMMARY ***
Total pot $1 | Rake $0 
Seat 2: EvilReality
Seat 6: rxb.dvtch
Seat 3: yzuk (small blind) folded before Flop
Seat 4: blistein (big blind) collected ($1)
Seat 5: nastja336 (button) folded before Flop (didn't bet)



PokerStars Hand #254262851932:  Hold'em No Limit ($0.50/$1.00 USD) - 2025/01/08 16:18:18 WET [2025/01/08 11:18:18 ET]
Table 'Laertes III' 6-max Seat #3 is the button
Seat 1: 3EPH ($100 in chips) 
Seat 2: blistein ($100.50 in chips) 
Seat 3: nastja336 ($112.64 in chips) 
Seat 4: sta$igk ($220.24 in chips) 
Seat 5: mr.Jckpot ($100 in chips) 
Seat 6: rxb.dvtch ($65.43 in chips) 
sta$igk: posts small blind $0.50
mr.Jckpot: posts big blind $1
*** HOLE CARDS ***
rxb.dvtch: folds 
3EPH: folds 
blistein: raises $1.30 to $2.30
nastja336: folds 
sta$igk: folds 
mr.Jckpot: calls $1.30
*** FLOP *** [8d 3d 4h]
mr.Jckpot: checks 
blistein: checks 
*** TURN *** [8d 3d 4h] [Tc]
mr.Jckpot: bets $3.19
blistein: folds 
Uncalled bet ($3.19) returned to mr.Jckpot
mr.Jckpot collected $4.84 from pot
mr.Jckpot: doesn't show hand 
*** SUMMARY ***
Total pot $5.10 | Rake $0.26 
Board [8d 3d 4h Tc]
Seat 1: 3EPH folded before Flop (didn't bet)
Seat 2: blistein folded on the Turn
Seat 3: nastja336 (button) folded before Flop (didn't bet)
Seat 4: sta$igk (small blind) folded before Flop
Seat 5: mr.Jckpot (big blind) collected ($4.84)
Seat 6: rxb.dvtch folded before Flop (didn't bet)



PokerStars Hand #254262866025:  Hold'em No Limit ($0.50/$1.00 USD) - 2025/01/08 16:19:18 WET [2025/01/08 11:19:18 ET]
Table 'Laertes III' 6-max Seat #4 is the button
Seat 1: 3EPH ($100 in chips) 
Seat 2: blistein ($100 in chips) 
Seat 3: nastja336 ($112.64 in chips) 
Seat 4: sta$igk ($219.74 in chips) 
Seat 5: mr.Jckpot ($102.54 in chips) 
Seat 6: rxb.dvtch ($65.43 in chips) 
mr.Jckpot: posts small blind $0.50
rxb.dvtch: posts big blind $1
*** HOLE CARDS ***
3EPH: folds 
blistein: raises $1.20 to $2.20
nastja336: folds 
sta$igk: folds 
mr.Jckpot: folds 
rxb.dvtch: folds 
Uncalled bet ($1.20) returned to blistein
blistein collected $2.50 from pot
blistein: doesn't show hand 
*** SUMMARY ***
Total pot $2.50 | Rake $0 
Seat 1: 3EPH folded before Flop (didn't bet)
Seat 2: blistein collected ($2.50)
Seat 3: nastja336 folded before Flop (didn't bet)
Seat 4: sta$igk (button) folded before Flop (didn't bet)
Seat 5: mr.Jckpot (small blind) folded before Flop
Seat 6: rxb.dvtch (big blind) folded before Flop



PokerStars Hand #254262871415:  Hold'em No Limit ($0.50/$1.00 USD) - 2025/01/08 16:19:41 WET [2025/01/08 11:19:41 ET]
Table 'Laertes III' 6-max Seat #5 is the button
Seat 1: 3EPH ($100 in chips) 
Seat 2: blistein ($101.50 in chips) 
Seat 3: nastja336 ($112.64 in chips) 
Seat 4: sta$igk ($219.74 in chips) 
Seat 5: mr.Jckpot ($102.04 in chips) 
Seat 6: rxb.dvtch ($64.43 in chips) 
rxb.dvtch: posts small blind $0.50
3EPH: posts big blind $1
*** HOLE CARDS ***
blistein: folds 
nastja336: folds 
sta$igk: folds 
mr.Jckpot: folds 
rxb.dvtch: raises $1 to $2
3EPH: calls $1
*** FLOP *** [Qc Qd 6h]
rxb.dvtch: checks 
3EPH: bets $1.25
rxb.dvtch: calls $1.25
*** TURN *** [Qc Qd 6h] [3c]
rxb.dvtch: checks 
3EPH: bets $4.64
rxb.dvtch: folds 
Uncalled bet ($4.64) returned to 3EPH
3EPH collected $6.18 from pot
3EPH: doesn't show hand 
*** SUMMARY ***
Total pot $6.50 | Rake $0.32 
Board [Qc Qd 6h 3c]
Seat 1: 3EPH (big blind) collected ($6.18)
Seat 2: blistein folded before Flop (didn't bet)
Seat 3: nastja336 folded before Flop (didn't bet)
Seat 4: sta$igk folded before Flop (didn't bet)
Seat 5: mr.Jckpot (button) folded before Flop (didn't bet)
Seat 6: rxb.dvtch (small blind) folded on the Turn



PokerStars Hand #254262880106:  Hold'em No Limit ($0.50/$1.00 USD) - 2025/01/08 16:20:18 WET [2025/01/08 11:20:18 ET]
Table 'Laertes III' 6-max Seat #6 is the button
Seat 1: 3EPH ($102.93 in chips) 
Seat 2: blistein ($101.50 in chips) 
Seat 3: nastja336 ($112.64 in chips) 
Seat 4: sta$igk ($219.74 in chips) 
Seat 5: mr.Jckpot ($102.04 in chips) 
Seat 6: rxb.dvtch ($61.18 in chips) 
3EPH: posts small blind $0.50
blistein: posts big blind $1
*** HOLE CARDS ***
nastja336: folds 
sta$igk: raises $1.50 to $2.50
mr.Jckpot: folds 
rxb.dvtch: folds 
3EPH: folds 
blistein: calls $1.50
*** FLOP *** [5s Jd Tc]
blistein: checks 
sta$igk: bets $1.72
blistein: raises $5.16 to $6.88
sta$igk: calls $5.16
*** TURN *** [5s Jd Tc] [9d]
blistein: bets $6.22
sta$igk: folds 
Uncalled bet ($6.22) returned to blistein
blistein collected $18.30 from pot
blistein: doesn't show hand 
*** SUMMARY ***
Total pot $19.26 | Rake $0.96 
Board [5s Jd Tc 9d]
Seat 1: 3EPH (small blind) folded before Flop
Seat 2: blistein (big blind) collected ($18.30)
Seat 3: nastja336 folded before Flop (didn't bet)
Seat 4: sta$igk folded on the Turn
Seat 5: mr.Jckpot folded before Flop (didn't bet)
Seat 6: rxb.dvtch (button) folded before Flop (didn't bet)



PokerStars Hand #254262897903:  Hold'em No Limit ($0.50/$1.00 USD) - 2025/01/08 16:21:33 WET [2025/01/08 11:21:33 ET]
Table 'Laertes III' 6-max Seat #1 is the button
Seat 1: 3EPH ($102.43 in chips) 
Seat 2: blistein ($110.42 in chips) 
Seat 3: nastja336 ($112.64 in chips) 
Seat 4: sta$igk ($210.36 in chips) 
Seat 5: mr.Jckpot ($102.04 in chips) 
Seat 6: rxb.dvtch ($61.18 in chips) 
blistein: posts small blind $0.50
nastja336: posts big blind $1
*** HOLE CARDS ***
sta$igk: folds 
mr.Jckpot: folds 
rxb.dvtch is disconnected 
rxb.dvtch has timed out while disconnected
rxb.dvtch: folds 
3EPH: folds 
blistein: raises $2 to $3
nastja336: calls $2
*** FLOP *** [5s Qs 5d]
blistein: bets $1.94
nastja336: raises $3.88 to $5.82
blistein: calls $3.88
*** TURN *** [5s Qs 5d] [7c]
blistein: checks 
nastja336: bets $22.29
blistein: folds 
Uncalled bet ($22.29) returned to nastja336
nastja336 collected $16.76 from pot
nastja336: doesn't show hand 
*** SUMMARY ***
Total pot $17.64 | Rake $0.88 
Board [5s Qs 5d 7c]
Seat 1: 3EPH (button) folded before Flop (didn't bet)
Seat 2: blistein (small blind) folded on the Turn
Seat 3: nastja336 (big blind) collected ($16.76)
Seat 4: sta$igk folded before Flop (didn't bet)
Seat 5: mr.Jckpot folded before Flop (didn't bet)
Seat 6: rxb.dvtch folded before Flop (didn't bet)



PokerStars Hand #254262922012:  Hold'em No Limit ($0.50/$1.00 USD) - 2025/01/08 16:23:15 WET [2025/01/08 11:23:15 ET]
Table 'Laertes III' 6-max Seat #2 is the button
Seat 6: rxb.dvtch ($61.18 in chips) is sitting out
Seat 1: 3EPH ($102.43 in chips) 
Seat 2: blistein ($101.60 in chips) 
Seat 3: nastja336 ($120.58 in chips) 
Seat 4: sta$igk ($210.36 in chips) 
Seat 5: mr.Jckpot ($102.04 in chips) 
nastja336: posts small blind $0.50
sta$igk: posts big blind $1
*** HOLE CARDS ***
mr.Jckpot: folds 
3EPH: raises $1.50 to $2.50
blistein: folds 
nastja336: folds 
sta$igk: calls $1.50
*** FLOP *** [Ts 7h Qc]
sta$igk: checks 
3EPH: checks 
*** TURN *** [Ts 7h Qc] [7d]
sta$igk: bets $1.30
3EPH: calls $1.30
*** RIVER *** [Ts 7h Qc 7d] [Jc]
sta$igk: checks 
3EPH: checks 
*** SHOW DOWN ***
sta$igk: shows [6h 6c] (two pair, Sevens and Sixes)
3EPH: shows [Kh Td] (two pair, Tens and Sevens)
3EPH collected $7.70 from pot
*** SUMMARY ***
Total pot $8.10 | Rake $0.40 
Board [Ts 7h Qc 7d Jc]
Seat 6: rxb.dvtch
Seat 1: 3EPH showed [Kh Td] and won ($7.70) with two pair, Tens and Sevens
Seat 2: blistein (button) folded before Flop (didn't bet)
Seat 3: nastja336 (small blind) folded before Flop
Seat 4: sta$igk (big blind) showed [6h 6c] and lost with two pair, Sevens and Sixes
Seat 5: mr.Jckpot folded before Flop (didn't bet)



PokerStars Hand #254262937460:  Hold'em No Limit ($0.50/$1.00 USD) - 2025/01/08 16:24:21 WET [2025/01/08 11:24:21 ET]
Table 'Laertes III' 6-max Seat #3 is the button
Seat 6: rxb.dvtch ($61.18 in chips) is sitting out
Seat 1: 3EPH ($106.33 in chips) 
Seat 2: blistein ($101.60 in chips) 
Seat 3: nastja336 ($120.08 in chips) 
Seat 4: sta$igk ($206.56 in chips) 
Seat 5: mr.Jckpot ($102.04 in chips) 
sta$igk: posts small blind $0.50
mr.Jckpot: posts big blind $1
*** HOLE CARDS ***
3EPH: folds 
blistein: folds 
nastja336: folds 
sta$igk: folds 
Uncalled bet ($0.50) returned to mr.Jckpot
mr.Jckpot collected $1 from pot
mr.Jckpot: doesn't show hand 
*** SUMMARY ***
Total pot $1 | Rake $0 
Seat 6: rxb.dvtch
Seat 1: 3EPH folded before Flop (didn't bet)
Seat 2: blistein folded before Flop (didn't bet)
Seat 3: nastja336 (button) folded before Flop (didn't bet)
Seat 4: sta$igk (small blind) folded before Flop
Seat 5: mr.Jckpot (big blind) collected ($1)



PokerStars Hand #254262943914:  Hold'em No Limit ($0.50/$1.00 USD) - 2025/01/08 16:24:48 WET [2025/01/08 11:24:48 ET]
Table 'Laertes III' 6-max Seat #4 is the button
Seat 1: 3EPH ($106.33 in chips) 
Seat 2: blistein ($101.60 in chips) 
Seat 3: nastja336 ($120.08 in chips) 
Seat 4: sta$igk ($206.06 in chips) 
Seat 5: mr.Jckpot ($102.54 in chips) 
Seat 6: rxb.dvtch ($61.18 in chips) 
mr.Jckpot: posts small blind $0.50
rxb.dvtch: posts big blind $1
*** HOLE CARDS ***
3EPH has timed out
3EPH: folds 
blistein: folds 
nastja336: folds 
sta$igk: folds 
mr.Jckpot: folds 
Uncalled bet ($0.50) returned to rxb.dvtch
rxb.dvtch collected $1 from pot
*** SUMMARY ***
Total pot $1 | Rake $0 
Seat 1: 3EPH folded before Flop (didn't bet)
Seat 2: blistein folded before Flop (didn't bet)
Seat 3: nastja336 folded before Flop (didn't bet)
Seat 4: sta$igk (button) folded before Flop (didn't bet)
Seat 5: mr.Jckpot (small blind) folded before Flop
Seat 6: rxb.dvtch (big blind) collected ($1)



PokerStars Hand #254262949117:  Hold'em No Limit ($0.50/$1.00 USD) - 2025/01/08 16:25:10 WET [2025/01/08 11:25:10 ET]
Table 'Laertes III' 6-max Seat #5 is the button
Seat 1: 3EPH ($106.33 in chips) 
Seat 2: blistein ($101.60 in chips) 
Seat 3: nastja336 ($120.08 in chips) 
Seat 4: sta$igk ($206.06 in chips) 
Seat 5: mr.Jckpot ($102.04 in chips) 
Seat 6: rxb.dvtch ($61.68 in chips) 
rxb.dvtch: posts small blind $0.50
3EPH: posts big blind $1
*** HOLE CARDS ***
blistein: folds 
nastja336: raises $1.50 to $2.50
sta$igk: folds 
mr.Jckpot: folds 
rxb.dvtch: calls $2
3EPH: folds 
*** FLOP *** [As 8d 6s]
rxb.dvtch: checks 
nastja336: bets $1.88
rxb.dvtch: calls $1.88
*** TURN *** [As 8d 6s] [Jc]
rxb.dvtch: checks 
nastja336: checks 
*** RIVER *** [As 8d 6s Jc] [Ah]
rxb.dvtch: bets $4.64
nastja336: calls $4.64
*** SHOW DOWN ***
rxb.dvtch: shows [Jd Qh] (two pair, Aces and Jacks)
nastja336: shows [Ad 4d] (three of a kind, Aces)
nastja336 collected $18.09 from pot
*** SUMMARY ***
Total pot $19.04 | Rake $0.95 
Board [As 8d 6s Jc Ah]
Seat 1: 3EPH (big blind) folded before Flop
Seat 2: blistein folded before Flop (didn't bet)
Seat 3: nastja336 showed [Ad 4d] and won ($18.09) with three of a kind, Aces
Seat 4: sta$igk folded before Flop (didn't bet)
Seat 5: mr.Jckpot (button) folded before Flop (didn't bet)
Seat 6: rxb.dvtch (small blind) showed [Jd Qh] and lost with two pair, Aces and Jacks



PokerStars Hand #254262965330:  Hold'em No Limit ($0.50/$1.00 USD) - 2025/01/08 16:26:18 WET [2025/01/08 11:26:18 ET]
Table 'Laertes III' 6-max Seat #6 is the button
Seat 1: 3EPH ($105.33 in chips) 
Seat 2: blistein ($101.60 in chips) 
Seat 3: nastja336 ($129.15 in chips) 
Seat 4: sta$igk ($206.06 in chips) 
Seat 5: mr.Jckpot ($102.04 in chips) 
Seat 6: rxb.dvtch ($52.66 in chips) 
3EPH: posts small blind $0.50
blistein: posts big blind $1
*** HOLE CARDS ***
nastja336: raises $1.50 to $2.50
sta$igk: folds 
mr.Jckpot: folds 
rxb.dvtch: calls $2.50
3EPH: folds 
blistein: folds 
*** FLOP *** [Jc Th Jd]
nastja336: checks 
rxb.dvtch: checks 
*** TURN *** [Jc Th Jd] [6d]
nastja336: bets $2.04
rxb.dvtch: folds 
Uncalled bet ($2.04) returned to nastja336
nastja336 collected $6.18 from pot
nastja336: doesn't show hand 
*** SUMMARY ***
Total pot $6.50 | Rake $0.32 
Board [Jc Th Jd 6d]
Seat 1: 3EPH (small blind) folded before Flop
Seat 2: blistein (big blind) folded before Flop
Seat 3: nastja336 collected ($6.18)
Seat 4: sta$igk folded before Flop (didn't bet)
Seat 5: mr.Jckpot folded before Flop (didn't bet)
Seat 6: rxb.dvtch (button) folded on the Turn



PokerStars Hand #254262971536:  Hold'em No Limit ($0.50/$1.00 USD) - 2025/01/08 16:26:44 WET [2025/01/08 11:26:44 ET]
Table 'Laertes III' 6-max Seat #1 is the button
Seat 1: 3EPH ($104.83 in chips) 
Seat 2: blistein ($100.60 in chips) 
Seat 3: nastja336 ($132.83 in chips) 
Seat 4: sta$igk ($206.06 in chips) 
Seat 5: mr.Jckpot ($102.04 in chips) 
Seat 6: rxb.dvtch ($50.16 in chips) 
blistein: posts small blind $0.50
nastja336: posts big blind $1
*** HOLE CARDS ***
sta$igk: raises $1.50 to $2.50
mr.Jckpot: folds 
rxb.dvtch: calls $2.50
3EPH: calls $2.50
blistein: folds 
nastja336: folds 
*** FLOP *** [2h Qs As]
sta$igk: checks 
rxb.dvtch: bets $4.28
3EPH: calls $4.28
sta$igk: folds 
*** TURN *** [2h Qs As] [7d]
rxb.dvtch: checks 
3EPH: checks 
*** RIVER *** [2h Qs As 7d] [3s]
rxb.dvtch: checks 
3EPH: checks 
*** SHOW DOWN ***
rxb.dvtch: shows [Jh Jd] (a pair of Jacks)
3EPH: shows [Qh 9h] (a pair of Queens)
3EPH collected $16.68 from pot
*** SUMMARY ***
Total pot $17.56 | Rake $0.88 
Board [2h Qs As 7d 3s]
Seat 1: 3EPH (button) showed [Qh 9h] and won ($16.68) with a pair of Queens
Seat 2: blistein (small blind) folded before Flop
Seat 3: nastja336 (big blind) folded before Flop
Seat 4: sta$igk folded on the Flop
Seat 5: mr.Jckpot folded before Flop (didn't bet)
Seat 6: rxb.dvtch showed [Jh Jd] and lost with a pair of Jacks



PokerStars Hand #254262991497:  Hold'em No Limit ($0.50/$1.00 USD) - 2025/01/08 16:28:08 WET [2025/01/08 11:28:08 ET]
Table 'Laertes III' 6-max Seat #2 is the button
Seat 1: 3EPH ($114.73 in chips) 
Seat 2: blistein ($100.10 in chips) 
Seat 3: nastja336 ($131.83 in chips) 
Seat 4: sta$igk ($203.56 in chips) 
Seat 5: mr.Jckpot ($102.04 in chips) 
Seat 6: rxb.dvtch ($43.38 in chips) 
nastja336: posts small blind $0.50
sta$igk: posts big blind $1
*** HOLE CARDS ***
mr.Jckpot: folds 
rxb.dvtch: folds 
3EPH: folds 
blistein: folds 
nastja336: folds 
Uncalled bet ($0.50) returned to sta$igk
sta$igk collected $1 from pot
sta$igk: doesn't show hand 
*** SUMMARY ***
Total pot $1 | Rake $0 
Seat 1: 3EPH folded before Flop (didn't bet)
Seat 2: blistein (button) folded before Flop (didn't bet)
Seat 3: nastja336 (small blind) folded before Flop
Seat 4: sta$igk (big blind) collected ($1)
Seat 5: mr.Jckpot folded before Flop (didn't bet)
Seat 6: rxb.dvtch folded before Flop (didn't bet)



PokerStars Hand #254262994436:  Hold'em No Limit ($0.50/$1.00 USD) - 2025/01/08 16:28:20 WET [2025/01/08 11:28:20 ET]
Table 'Laertes III' 6-max Seat #3 is the button
Seat 1: 3EPH ($114.73 in chips) 
Seat 2: blistein ($100.10 in chips) 
Seat 3: nastja336 ($131.33 in chips) 
Seat 4: sta$igk ($204.06 in chips) 
Seat 5: mr.Jckpot ($102.04 in chips) 
Seat 6: rxb.dvtch ($43.38 in chips) 
sta$igk: posts small blind $0.50
mr.Jckpot: posts big blind $1
*** HOLE CARDS ***
rxb.dvtch: folds 
3EPH: folds 
blistein: folds 
nastja336: raises $1.50 to $2.50
sta$igk: folds 
mr.Jckpot: folds 
Uncalled bet ($1.50) returned to nastja336
nastja336 collected $2.50 from pot
nastja336: doesn't show hand 
*** SUMMARY ***
Total pot $2.50 | Rake $0 
Seat 1: 3EPH folded before Flop (didn't bet)
Seat 2: blistein folded before Flop (didn't bet)
Seat 3: nastja336 (button) collected ($2.50)
Seat 4: sta$igk (small blind) folded before Flop
Seat 5: mr.Jckpot (big blind) folded before Flop
Seat 6: rxb.dvtch folded before Flop (didn't bet)



PokerStars Hand #254262998337:  Hold'em No Limit ($0.50/$1.00 USD) - 2025/01/08 16:28:36 WET [2025/01/08 11:28:36 ET]
Table 'Laertes III' 6-max Seat #4 is the button
Seat 1: 3EPH ($114.73 in chips) 
Seat 2: blistein ($100.10 in chips) 
Seat 3: nastja336 ($132.83 in chips) 
Seat 4: sta$igk ($203.56 in chips) 
Seat 5: mr.Jckpot ($101.04 in chips) 
Seat 6: rxb.dvtch ($43.38 in chips) 
mr.Jckpot: posts small blind $0.50
rxb.dvtch: posts big blind $1
*** HOLE CARDS ***
3EPH: raises $1.50 to $2.50
blistein: folds 
nastja336: calls $2.50
sta$igk: folds 
mr.Jckpot: folds 
rxb.dvtch: folds 
*** FLOP *** [5h 7c 9d]
3EPH: checks 
nastja336: bets $2.04
3EPH: calls $2.04
*** TURN *** [5h 7c 9d] [4s]
3EPH: checks 
nastja336: bets $3.32
3EPH: folds 
Uncalled bet ($3.32) returned to nastja336
nastja336 collected $10.05 from pot
nastja336: doesn't show hand 
*** SUMMARY ***
Total pot $10.58 | Rake $0.53 
Board [5h 7c 9d 4s]
Seat 1: 3EPH folded on the Turn
Seat 2: blistein folded before Flop (didn't bet)
Seat 3: nastja336 collected ($10.05)
Seat 4: sta$igk (button) folded before Flop (didn't bet)
Seat 5: mr.Jckpot (small blind) folded before Flop
Seat 6: rxb.dvtch (big blind) folded before Flop



PokerStars Hand #254263008078:  Hold'em No Limit ($0.50/$1.00 USD) - 2025/01/08 16:29:17 WET [2025/01/08 11:29:17 ET]
Table 'Laertes III' 6-max Seat #5 is the button
Seat 1: 3EPH ($110.19 in chips) 
Seat 2: blistein ($100.10 in chips) 
Seat 3: nastja336 ($138.34 in chips) 
Seat 4: sta$igk ($203.56 in chips) 
Seat 5: mr.Jckpot ($100.54 in chips) 
Seat 6: rxb.dvtch ($42.38 in chips) 
rxb.dvtch: posts small blind $0.50
3EPH: posts big blind $1
*** HOLE CARDS ***
blistein: folds 
nastja336: folds 
sta$igk: folds 
mr.Jckpot: folds 
rxb.dvtch: calls $0.50
3EPH: checks 
*** FLOP *** [Qs 3s 9c]
rxb.dvtch: checks 
3EPH: bets $1
rxb.dvtch: calls $1
*** TURN *** [Qs 3s 9c] [Kh]
rxb.dvtch: checks 
3EPH: checks 
*** RIVER *** [Qs 3s 9c Kh] [7s]
rxb.dvtch: bets $2.90
3EPH: calls $2.90
*** SHOW DOWN ***
rxb.dvtch: shows [5s 4c] (high card King)
3EPH: shows [Qc 8c] (a pair of Queens)
3EPH collected $9.31 from pot
*** SUMMARY ***
Total pot $9.80 | Rake $0.49 
Board [Qs 3s 9c Kh 7s]
Seat 1: 3EPH (big blind) showed [Qc 8c] and won ($9.31) with a pair of Queens
Seat 2: blistein folded before Flop (didn't bet)
Seat 3: nastja336 folded before Flop (didn't bet)
Seat 4: sta$igk folded before Flop (didn't bet)
Seat 5: mr.Jckpot (button) folded before Flop (didn't bet)
Seat 6: rxb.dvtch (small blind) showed [5s 4c] and lost with high card King



PokerStars Hand #254263017680:  Hold'em No Limit ($0.50/$1.00 USD) - 2025/01/08 16:29:57 WET [2025/01/08 11:29:57 ET]
Table 'Laertes III' 6-max Seat #6 is the button
Seat 1: 3EPH ($114.60 in chips) 
Seat 2: blistein ($100.10 in chips) 
Seat 3: nastja336 ($138.34 in chips) 
Seat 4: sta$igk ($203.56 in chips) 
Seat 5: mr.Jckpot ($100.54 in chips) 
Seat 6: rxb.dvtch ($37.48 in chips) 
3EPH: posts small blind $0.50
blistein: posts big blind $1
*** HOLE CARDS ***
nastja336: raises $1.50 to $2.50
sta$igk: folds 
mr.Jckpot: folds 
rxb.dvtch: calls $2.50
3EPH: folds 
blistein: folds 
*** FLOP *** [4c 5h Qd]
nastja336: checks 
rxb.dvtch: bets $1
nastja336: raises $5.40 to $6.40
rxb.dvtch: raises $28.58 to $34.98 and is all-in
nastja336: calls $28.58
*** TURN *** [4c 5h Qd] [8h]
*** RIVER *** [4c 5h Qd 8h] [Qh]
*** SHOW DOWN ***
nastja336: shows [Kc Qs] (three of a kind, Queens)
rxb.dvtch: shows [5c 5s] (a full house, Fives full of Queens)
rxb.dvtch cashed out the hand for $71.30 | Cash Out Fee $1.46
*** SUMMARY ***
Total pot $76.46 | Rake $2.50 
Board [4c 5h Qd 8h Qh]
Seat 1: 3EPH (small blind) folded before Flop
Seat 2: blistein (big blind) folded before Flop
Seat 3: nastja336 showed [Kc Qs] and lost with three of a kind, Queens
Seat 4: sta$igk folded before Flop (didn't bet)
Seat 5: mr.Jckpot folded before Flop (didn't bet)
Seat 6: rxb.dvtch (button) showed [5c 5s] and won ($73.96) with a full house, Fives full of Queens (pot not awarded as player cashed out)



PokerStars Hand #254263033721:  Hold'em No Limit ($0.50/$1.00 USD) - 2025/01/08 16:31:01 WET [2025/01/08 11:31:01 ET]
Table 'Laertes III' 6-max Seat #1 is the button
Seat 1: 3EPH ($114.10 in chips) 
Seat 2: blistein ($100 in chips) 
Seat 3: nastja336 ($100.86 in chips) 
Seat 4: sta$igk ($203.56 in chips) 
Seat 5: mr.Jckpot ($100.54 in chips) 
Seat 6: rxb.dvtch ($71.30 in chips) 
blistein: posts small blind $0.50
nastja336: posts big blind $1
*** HOLE CARDS ***
sta$igk: raises $1.50 to $2.50
mr.Jckpot: folds 
rxb.dvtch is disconnected 
rxb.dvtch has timed out while disconnected
rxb.dvtch: folds 
3EPH: folds 
blistein: folds 
nastja336: calls $1.50
*** FLOP *** [2s Ad Ah]
nastja336: checks 
sta$igk: bets $1.72
nastja336: calls $1.72
*** TURN *** [2s Ad Ah] [9s]
nastja336: checks 
sta$igk: checks 
*** RIVER *** [2s Ad Ah 9s] [Qh]
nastja336: checks 
sta$igk: checks 
*** SHOW DOWN ***
nastja336: shows [8d 8s] (two pair, Aces and Eights)
sta$igk: mucks hand 
nastja336 collected $8.49 from pot
*** SUMMARY ***
Total pot $8.94 | Rake $0.45 
Board [2s Ad Ah 9s Qh]
Seat 1: 3EPH (button) folded before Flop (didn't bet)
Seat 2: blistein (small blind) folded before Flop
Seat 3: nastja336 (big blind) showed [8d 8s] and won ($8.49) with two pair, Aces and Eights
Seat 4: sta$igk mucked
Seat 5: mr.Jckpot folded before Flop (didn't bet)
Seat 6: rxb.dvtch folded before Flop (didn't bet)



PokerStars Hand #254263046774:  Hold'em No Limit ($0.50/$1.00 USD) - 2025/01/08 16:31:55 WET [2025/01/08 11:31:55 ET]
Table 'Laertes III' 6-max Seat #2 is the button
Seat 6: rxb.dvtch ($71.30 in chips) is sitting out
Seat 1: 3EPH ($114.10 in chips) 
Seat 2: blistein ($100 in chips) 
Seat 3: nastja336 ($105.13 in chips) 
Seat 4: sta$igk ($199.34 in chips) 
Seat 5: mr.Jckpot ($100.54 in chips) 
nastja336: posts small blind $0.50
sta$igk: posts big blind $1
*** HOLE CARDS ***
mr.Jckpot: raises $1.50 to $2.50
3EPH: folds 
blistein: folds 
nastja336: folds 
sta$igk: folds 
Uncalled bet ($1.50) returned to mr.Jckpot
mr.Jckpot collected $2.50 from pot
mr.Jckpot: doesn't show hand 
*** SUMMARY ***
Total pot $2.50 | Rake $0 
Seat 6: rxb.dvtch
Seat 1: 3EPH folded before Flop (didn't bet)
Seat 2: blistein (button) folded before Flop (didn't bet)
Seat 3: nastja336 (small blind) folded before Flop
Seat 4: sta$igk (big blind) folded before Flop
Seat 5: mr.Jckpot collected ($2.50)



PokerStars Hand #254263050546:  Hold'em No Limit ($0.50/$1.00 USD) - 2025/01/08 16:32:10 WET [2025/01/08 11:32:10 ET]
Table 'Laertes III' 6-max Seat #3 is the button
Seat 6: rxb.dvtch ($71.30 in chips) is sitting out
Seat 1: 3EPH ($114.10 in chips) 
Seat 2: blistein ($100 in chips) 
Seat 3: nastja336 ($104.63 in chips) 
Seat 4: sta$igk ($198.34 in chips) 
Seat 5: mr.Jckpot ($102.04 in chips) 
sta$igk: posts small blind $0.50
mr.Jckpot: posts big blind $1
*** HOLE CARDS ***
3EPH: folds 
blistein: folds 
nastja336: raises $1.50 to $2.50
sta$igk: folds 
mr.Jckpot: folds 
Uncalled bet ($1.50) returned to nastja336
nastja336 collected $2.50 from pot
nastja336: doesn't show hand 
*** SUMMARY ***
Total pot $2.50 | Rake $0 
Seat 6: rxb.dvtch
Seat 1: 3EPH folded before Flop (didn't bet)
Seat 2: blistein folded before Flop (didn't bet)
Seat 3: nastja336 (button) collected ($2.50)
Seat 4: sta$igk (small blind) folded before Flop
Seat 5: mr.Jckpot (big blind) folded before Flop



PokerStars Hand #254263055921:  Hold'em No Limit ($0.50/$1.00 USD) - 2025/01/08 16:32:31 WET [2025/01/08 11:32:31 ET]
Table 'Laertes III' 6-max Seat #4 is the button
Seat 6: rxb.dvtch ($71.30 in chips) is sitting out
Seat 1: 3EPH ($114.10 in chips) 
Seat 2: blistein ($100 in chips) 
Seat 3: nastja336 ($106.13 in chips) 
Seat 4: sta$igk ($197.84 in chips) 
Seat 5: mr.Jckpot ($101.04 in chips) 
mr.Jckpot: posts small blind $0.50
3EPH: posts big blind $1
*** HOLE CARDS ***
blistein: folds 
nastja336: raises $1.50 to $2.50
sta$igk: raises $5.50 to $8
mr.Jckpot: folds 
3EPH: folds 
nastja336: raises $16 to $24
sta$igk: calls $16
*** FLOP *** [3h 2h Jc]
nastja336: bets $15.52
sta$igk: raises $158.32 to $173.84 and is all-in
nastja336: calls $66.61 and is all-in
Uncalled bet ($91.71) returned to sta$igk
*** TURN *** [3h 2h Jc] [Ts]
*** RIVER *** [3h 2h Jc Ts] [2s]
*** SHOW DOWN ***
nastja336: shows [Ks Kh] (two pair, Kings and Deuces)
sta$igk: shows [Jd Td] (two pair, Jacks and Tens)
nastja336 collected $211.26 from pot
*** SUMMARY ***
Total pot $213.76 | Rake $2.50 
Board [3h 2h Jc Ts 2s]
Seat 6: rxb.dvtch
Seat 1: 3EPH (big blind) folded before Flop
Seat 2: blistein folded before Flop (didn't bet)
Seat 3: nastja336 showed [Ks Kh] and won ($211.26) with two pair, Kings and Deuces
Seat 4: sta$igk (button) showed [Jd Td] and lost with two pair, Jacks and Tens
Seat 5: mr.Jckpot (small blind) folded before Flop



PokerStars Hand #254263069488:  Hold'em No Limit ($0.50/$1.00 USD) - 2025/01/08 16:33:27 WET [2025/01/08 11:33:27 ET]
Table 'Laertes III' 6-max Seat #5 is the button
Seat 6: rxb.dvtch ($71.30 in chips) is sitting out
Seat 1: 3EPH ($113.10 in chips) 
Seat 2: blistein ($100 in chips) 
Seat 3: nastja336 ($211.26 in chips) 
Seat 4: sta$igk ($100 in chips) 
Seat 5: mr.Jckpot ($100.54 in chips) 
3EPH: posts small blind $0.50
blistein: posts big blind $1
*** HOLE CARDS ***
nastja336: folds 
sta$igk: folds 
mr.Jckpot: folds 
3EPH: folds 
Uncalled bet ($0.50) returned to blistein
blistein collected $1 from pot
blistein: doesn't show hand 
*** SUMMARY ***
Total pot $1 | Rake $0 
Seat 6: rxb.dvtch
Seat 1: 3EPH (small blind) folded before Flop
Seat 2: blistein (big blind) collected ($1)
Seat 3: nastja336 folded before Flop (didn't bet)
Seat 4: sta$igk folded before Flop (didn't bet)
Seat 5: mr.Jckpot (button) folded before Flop (didn't bet)



PokerStars Hand #254263071494:  Hold'em No Limit ($0.50/$1.00 USD) - 2025/01/08 16:33:35 WET [2025/01/08 11:33:35 ET]
Table 'Laertes III' 6-max Seat #1 is the button
Seat 6: rxb.dvtch ($71.30 in chips) is sitting out
Seat 1: 3EPH ($112.60 in chips) 
Seat 2: blistein ($100.50 in chips) 
Seat 3: nastja336 ($211.26 in chips) 
Seat 4: sta$igk ($100 in chips) 
Seat 5: mr.Jckpot ($100.54 in chips) 
blistein: posts small blind $0.50
nastja336: posts big blind $1
*** HOLE CARDS ***
sta$igk: folds 
mr.Jckpot: folds 
3EPH: folds 
blistein: raises $2 to $3
nastja336: folds 
Uncalled bet ($2) returned to blistein
blistein collected $2 from pot
blistein: doesn't show hand 
*** SUMMARY ***
Total pot $2 | Rake $0 
Seat 6: rxb.dvtch
Seat 1: 3EPH (button) folded before Flop (didn't bet)
Seat 2: blistein (small blind) collected ($2)
Seat 3: nastja336 (big blind) folded before Flop
Seat 4: sta$igk folded before Flop (didn't bet)
Seat 5: mr.Jckpot folded before Flop (didn't bet)



PokerStars Hand #254263076510:  Hold'em No Limit ($0.50/$1.00 USD) - 2025/01/08 16:33:56 WET [2025/01/08 11:33:56 ET]
Table 'Laertes III' 6-max Seat #2 is the button
Seat 1: 3EPH ($112.60 in chips) 
Seat 2: blistein ($101.50 in chips) 
Seat 3: nastja336 ($210.26 in chips) 
Seat 4: sta$igk ($100 in chips) 
Seat 5: mr.Jckpot ($100.54 in chips) 
Seat 6: rxb.dvtch ($71.30 in chips) 
nastja336: posts small blind $0.50
sta$igk: posts big blind $1
rxb.dvtch: posts small & big blinds $1.50
*** HOLE CARDS ***
mr.Jckpot: folds 
rxb.dvtch: raises $3 to $4
3EPH: raises $8 to $12
blistein: folds 
nastja336: folds 
sta$igk: folds 
rxb.dvtch: folds 
Uncalled bet ($8) returned to 3EPH
3EPH collected $10 from pot
3EPH: doesn't show hand 
*** SUMMARY ***
Total pot $10 | Rake $0 
Seat 1: 3EPH collected ($10)
Seat 2: blistein (button) folded before Flop (didn't bet)
Seat 3: nastja336 (small blind) folded before Flop
Seat 4: sta$igk (big blind) folded before Flop
Seat 5: mr.Jckpot folded before Flop (didn't bet)
Seat 6: rxb.dvtch folded before Flop



PokerStars Hand #254263084432:  Hold'em No Limit ($0.50/$1.00 USD) - 2025/01/08 16:34:28 WET [2025/01/08 11:34:28 ET]
Table 'Laertes III' 6-max Seat #3 is the button
Seat 1: 3EPH ($118.60 in chips) 
Seat 2: blistein ($101.50 in chips) 
Seat 3: nastja336 ($209.76 in chips) 
Seat 4: sta$igk ($100 in chips) 
Seat 5: mr.Jckpot ($100.54 in chips) 
Seat 6: rxb.dvtch ($66.80 in chips) 
sta$igk: posts small blind $0.50
mr.Jckpot: posts big blind $1
*** HOLE CARDS ***
rxb.dvtch: raises $2 to $3
3EPH: folds 
blistein: raises $4.50 to $7.50
nastja336: folds 
sta$igk: folds 
mr.Jckpot: folds 
rxb.dvtch: calls $4.50
*** FLOP *** [7s 7h 5h]
rxb.dvtch: checks 
blistein: bets $8
rxb.dvtch: folds 
Uncalled bet ($8) returned to blistein
blistein collected $15.68 from pot
blistein: doesn't show hand 
*** SUMMARY ***
Total pot $16.50 | Rake $0.82 
Board [7s 7h 5h]
Seat 1: 3EPH folded before Flop (didn't bet)
Seat 2: blistein collected ($15.68)
Seat 3: nastja336 (button) folded before Flop (didn't bet)
Seat 4: sta$igk (small blind) folded before Flop
Seat 5: mr.Jckpot (big blind) folded before Flop
Seat 6: rxb.dvtch folded on the Flop



PokerStars Hand #254263094993:  Hold'em No Limit ($0.50/$1.00 USD) - 2025/01/08 16:35:11 WET [2025/01/08 11:35:11 ET]
Table 'Laertes III' 6-max Seat #4 is the button
Seat 1: 3EPH ($118.60 in chips) 
Seat 2: blistein ($109.68 in chips) 
Seat 3: nastja336 ($209.76 in chips) 
Seat 4: sta$igk ($100 in chips) 
Seat 5: mr.Jckpot ($100 in chips) 
Seat 6: rxb.dvtch ($59.30 in chips) 
mr.Jckpot: posts small blind $0.50
rxb.dvtch: posts big blind $1
*** HOLE CARDS ***
3EPH: raises $1.50 to $2.50
blistein: raises $5 to $7.50
nastja336: folds 
sta$igk: folds 
mr.Jckpot: folds 
rxb.dvtch: folds 
3EPH: folds 
Uncalled bet ($5) returned to blistein
blistein collected $6.50 from pot
blistein: doesn't show hand 
*** SUMMARY ***
Total pot $6.50 | Rake $0 
Seat 1: 3EPH folded before Flop
Seat 2: blistein collected ($6.50)
Seat 3: nastja336 folded before Flop (didn't bet)
Seat 4: sta$igk (button) folded before Flop (didn't bet)
Seat 5: mr.Jckpot (small blind) folded before Flop
Seat 6: rxb.dvtch (big blind) folded before Flop



PokerStars Hand #254263101108:  Hold'em No Limit ($0.50/$1.00 USD) - 2025/01/08 16:35:36 WET [2025/01/08 11:35:36 ET]
Table 'Laertes III' 6-max Seat #5 is the button
Seat 1: 3EPH ($116.10 in chips) 
Seat 2: blistein ($113.68 in chips) 
Seat 3: nastja336 ($209.76 in chips) 
Seat 4: sta$igk ($100 in chips) 
Seat 5: mr.Jckpot ($100 in chips) 
Seat 6: rxb.dvtch ($58.30 in chips) 
rxb.dvtch: posts small blind $0.50
3EPH: posts big blind $1
*** HOLE CARDS ***
blistein: folds 
nastja336: folds 
sta$igk: folds 
mr.Jckpot: folds 
rxb.dvtch: raises $2 to $3
3EPH: calls $2
*** FLOP *** [9d 9s 8d]
rxb.dvtch: bets $1.85
3EPH: calls $1.85
*** TURN *** [9d 9s 8d] [2c]
rxb.dvtch: checks 
3EPH: bets $3.04
rxb.dvtch: calls $3.04
*** RIVER *** [9d 9s 8d 2c] [Ah]
rxb.dvtch: checks 
3EPH: checks 
*** SHOW DOWN ***
rxb.dvtch: shows [Kc 8c] (two pair, Nines and Eights)
3EPH: mucks hand 
rxb.dvtch collected $14.99 from pot
*** SUMMARY ***
Total pot $15.78 | Rake $0.79 
Board [9d 9s 8d 2c Ah]
Seat 1: 3EPH (big blind) mucked
Seat 2: blistein folded before Flop (didn't bet)
Seat 3: nastja336 folded before Flop (didn't bet)
Seat 4: sta$igk folded before Flop (didn't bet)
Seat 5: mr.Jckpot (button) folded before Flop (didn't bet)
Seat 6: rxb.dvtch (small blind) showed [Kc 8c] and won ($14.99) with two pair, Nines and Eights



PokerStars Hand #254263112496:  Hold'em No Limit ($0.50/$1.00 USD) - 2025/01/08 16:36:22 WET [2025/01/08 11:36:22 ET]
Table 'Laertes III' 6-max Seat #6 is the button
Seat 1: 3EPH ($108.21 in chips) 
Seat 2: blistein ($113.68 in chips) 
Seat 3: nastja336 ($209.76 in chips) 
Seat 4: sta$igk ($100 in chips) 
Seat 5: mr.Jckpot ($100 in chips) 
Seat 6: rxb.dvtch ($65.40 in chips) 
3EPH: posts small blind $0.50
blistein: posts big blind $1
*** HOLE CARDS ***
nastja336: folds 
sta$igk: folds 
mr.Jckpot: folds 
rxb.dvtch: folds 
3EPH: folds 
Uncalled bet ($0.50) returned to blistein
blistein collected $1 from pot
blistein: doesn't show hand 
*** SUMMARY ***
Total pot $1 | Rake $0 
Seat 1: 3EPH (small blind) folded before Flop
Seat 2: blistein (big blind) collected ($1)
Seat 3: nastja336 folded before Flop (didn't bet)
Seat 4: sta$igk folded before Flop (didn't bet)
Seat 5: mr.Jckpot folded before Flop (didn't bet)
Seat 6: rxb.dvtch (button) folded before Flop (didn't bet)



PokerStars Hand #254263114670:  Hold'em No Limit ($0.50/$1.00 USD) - 2025/01/08 16:36:31 WET [2025/01/08 11:36:31 ET]
Table 'Laertes III' 6-max Seat #1 is the button
Seat 1: 3EPH ($107.71 in chips) 
Seat 2: blistein ($114.18 in chips) 
Seat 3: nastja336 ($209.76 in chips) 
Seat 4: sta$igk ($100 in chips) 
Seat 5: mr.Jckpot ($100 in chips) 
Seat 6: rxb.dvtch ($65.40 in chips) 
blistein: posts small blind $0.50
nastja336: posts big blind $1
*** HOLE CARDS ***
sta$igk: folds 
mr.Jckpot: folds 
rxb.dvtch: folds 
3EPH: raises $1.50 to $2.50
blistein: folds 
nastja336: folds 
Uncalled bet ($1.50) returned to 3EPH
3EPH collected $2.50 from pot
3EPH: doesn't show hand 
*** SUMMARY ***
Total pot $2.50 | Rake $0 
Seat 1: 3EPH (button) collected ($2.50)
Seat 2: blistein (small blind) folded before Flop
Seat 3: nastja336 (big blind) folded before Flop
Seat 4: sta$igk folded before Flop (didn't bet)
Seat 5: mr.Jckpot folded before Flop (didn't bet)
Seat 6: rxb.dvtch folded before Flop (didn't bet)



PokerStars Hand #254263118373:  Hold'em No Limit ($0.50/$1.00 USD) - 2025/01/08 16:36:46 WET [2025/01/08 11:36:46 ET]
Table 'Laertes III' 6-max Seat #2 is the button
Seat 1: 3EPH ($109.21 in chips) 
Seat 2: blistein ($113.68 in chips) 
Seat 3: nastja336 ($208.76 in chips) 
Seat 4: sta$igk ($100 in chips) 
Seat 5: mr.Jckpot ($100 in chips) 
Seat 6: rxb.dvtch ($65.40 in chips) 
nastja336: posts small blind $0.50
sta$igk: posts big blind $1
*** HOLE CARDS ***
mr.Jckpot: folds 
rxb.dvtch: raises $1 to $2
3EPH: folds 
blistein: folds 
nastja336: folds 
sta$igk: calls $1
*** FLOP *** [6d Ac 7c]
sta$igk: checks 
rxb.dvtch: bets $1.14
sta$igk: calls $1.14
*** TURN *** [6d Ac 7c] [Qd]
sta$igk: checks 
rxb.dvtch: checks 
*** RIVER *** [6d Ac 7c Qd] [Ks]
sta$igk: bets $5.47
rxb.dvtch: folds 
Uncalled bet ($5.47) returned to sta$igk
sta$igk collected $6.44 from pot
sta$igk: doesn't show hand 
*** SUMMARY ***
Total pot $6.78 | Rake $0.34 
Board [6d Ac 7c Qd Ks]
Seat 1: 3EPH folded before Flop (didn't bet)
Seat 2: blistein (button) folded before Flop (didn't bet)
Seat 3: nastja336 (small blind) folded before Flop
Seat 4: sta$igk (big blind) collected ($6.44)
Seat 5: mr.Jckpot folded before Flop (didn't bet)
Seat 6: rxb.dvtch folded on the River



PokerStars Hand #254263130522:  Hold'em No Limit ($0.50/$1.00 USD) - 2025/01/08 16:37:34 WET [2025/01/08 11:37:34 ET]
Table 'Laertes III' 6-max Seat #3 is the button
Seat 1: 3EPH ($109.21 in chips) 
Seat 2: blistein ($113.68 in chips) 
Seat 3: nastja336 ($208.26 in chips) 
Seat 4: sta$igk ($103.30 in chips) 
Seat 5: mr.Jckpot ($100 in chips) 
Seat 6: rxb.dvtch ($62.26 in chips) 
sta$igk: posts small blind $0.50
mr.Jckpot: posts big blind $1
*** HOLE CARDS ***
rxb.dvtch is disconnected 
rxb.dvtch has timed out while disconnected
rxb.dvtch: folds 
3EPH: folds 
blistein: folds 
nastja336: folds 
sta$igk: raises $2 to $3
mr.Jckpot: calls $2
*** FLOP *** [3s 6c 7s]
sta$igk: checks 
mr.Jckpot: checks 
*** TURN *** [3s 6c 7s] [5d]
sta$igk: checks 
mr.Jckpot: checks 
*** RIVER *** [3s 6c 7s 5d] [Kh]
sta$igk: bets $8.55
mr.Jckpot: calls $8.55
*** SHOW DOWN ***
sta$igk: shows [Ah 8d] (high card Ace)
mr.Jckpot: shows [Ks Qh] (a pair of Kings)
mr.Jckpot collected $21.94 from pot
*** SUMMARY ***
Total pot $23.10 | Rake $1.16 
Board [3s 6c 7s 5d Kh]
Seat 1: 3EPH folded before Flop (didn't bet)
Seat 2: blistein folded before Flop (didn't bet)
Seat 3: nastja336 (button) folded before Flop (didn't bet)
Seat 4: sta$igk (small blind) showed [Ah 8d] and lost with high card Ace
Seat 5: mr.Jckpot (big blind) showed [Ks Qh] and won ($21.94) with a pair of Kings
Seat 6: rxb.dvtch folded before Flop (didn't bet)



PokerStars Hand #254263142776:  Hold'em No Limit ($0.50/$1.00 USD) - 2025/01/08 16:38:23 WET [2025/01/08 11:38:23 ET]
Table 'Laertes III' 6-max Seat #4 is the button
Seat 6: rxb.dvtch ($62.26 in chips) is sitting out
Seat 1: 3EPH ($109.21 in chips) 
Seat 2: blistein ($113.68 in chips) 
Seat 3: nastja336 ($208.26 in chips) 
Seat 4: sta$igk ($100 in chips) 
Seat 5: mr.Jckpot ($110.39 in chips) 
mr.Jckpot: posts small blind $0.50
3EPH: posts big blind $1
*** HOLE CARDS ***
blistein: raises $1.20 to $2.20
nastja336: folds 
sta$igk: folds 
mr.Jckpot: folds 
3EPH: calls $1.20
*** FLOP *** [4h 8h 6s]
3EPH: checks 
blistein: checks 
*** TURN *** [4h 8h 6s] [3h]
3EPH: bets $3.50
blistein: folds 
Uncalled bet ($3.50) returned to 3EPH
3EPH collected $4.66 from pot
3EPH: doesn't show hand 
*** SUMMARY ***
Total pot $4.90 | Rake $0.24 
Board [4h 8h 6s 3h]
Seat 6: rxb.dvtch
Seat 1: 3EPH (big blind) collected ($4.66)
Seat 2: blistein folded on the Turn
Seat 3: nastja336 folded before Flop (didn't bet)
Seat 4: sta$igk (button) folded before Flop (didn't bet)
Seat 5: mr.Jckpot (small blind) folded before Flop



PokerStars Hand #254263156671:  Hold'em No Limit ($0.50/$1.00 USD) - 2025/01/08 16:39:18 WET [2025/01/08 11:39:18 ET]
Table 'Laertes III' 6-max Seat #5 is the button
Seat 6: rxb.dvtch ($62.26 in chips) is sitting out
Seat 1: 3EPH ($111.67 in chips) 
Seat 2: blistein ($111.48 in chips) 
Seat 3: nastja336 ($208.26 in chips) 
Seat 4: sta$igk ($100 in chips) 
Seat 5: mr.Jckpot ($109.89 in chips) 
3EPH: posts small blind $0.50
blistein: posts big blind $1
*** HOLE CARDS ***
nastja336: folds 
sta$igk: raises $1.50 to $2.50
mr.Jckpot: folds 
3EPH: folds 
blistein: folds 
Uncalled bet ($1.50) returned to sta$igk
sta$igk collected $2.50 from pot
sta$igk: doesn't show hand 
*** SUMMARY ***
Total pot $2.50 | Rake $0 
Seat 6: rxb.dvtch
Seat 1: 3EPH (small blind) folded before Flop
Seat 2: blistein (big blind) folded before Flop
Seat 3: nastja336 folded before Flop (didn't bet)
Seat 4: sta$igk collected ($2.50)
Seat 5: mr.Jckpot (button) folded before Flop (didn't bet)



PokerStars Hand #254263159225:  Hold'em No Limit ($0.50/$1.00 USD) - 2025/01/08 16:39:29 WET [2025/01/08 11:39:29 ET]
Table 'Laertes III' 6-max Seat #1 is the button
Seat 6: rxb.dvtch ($62.26 in chips) is sitting out
Seat 1: 3EPH ($111.17 in chips) 
Seat 2: blistein ($110.48 in chips) 
Seat 3: nastja336 ($208.26 in chips) 
Seat 4: sta$igk ($101.50 in chips) 
Seat 5: mr.Jckpot ($109.89 in chips) 
blistein: posts small blind $0.50
nastja336: posts big blind $1
*** HOLE CARDS ***
sta$igk: raises $1.50 to $2.50
mr.Jckpot: folds 
3EPH: folds 
blistein: folds 
nastja336: folds 
Uncalled bet ($1.50) returned to sta$igk
sta$igk collected $2.50 from pot
sta$igk: doesn't show hand 
*** SUMMARY ***
Total pot $2.50 | Rake $0 
Seat 6: rxb.dvtch
Seat 1: 3EPH (button) folded before Flop (didn't bet)
Seat 2: blistein (small blind) folded before Flop
Seat 3: nastja336 (big blind) folded before Flop
Seat 4: sta$igk collected ($2.50)
Seat 5: mr.Jckpot folded before Flop (didn't bet)



PokerStars Hand #254263162750:  Hold'em No Limit ($0.50/$1.00 USD) - 2025/01/08 16:39:43 WET [2025/01/08 11:39:43 ET]
Table 'Laertes III' 6-max Seat #2 is the button
Seat 6: rxb.dvtch ($62.26 in chips) is sitting out
Seat 1: 3EPH ($111.17 in chips) 
Seat 2: blistein ($109.98 in chips) 
Seat 3: nastja336 ($207.26 in chips) 
Seat 4: sta$igk ($103 in chips) 
Seat 5: mr.Jckpot ($109.89 in chips) 
nastja336: posts small blind $0.50
sta$igk: posts big blind $1
*** HOLE CARDS ***
mr.Jckpot: folds 
3EPH: folds 
blistein: folds 
nastja336: folds 
Uncalled bet ($0.50) returned to sta$igk
sta$igk collected $1 from pot
sta$igk: doesn't show hand 
*** SUMMARY ***
Total pot $1 | Rake $0 
Seat 6: rxb.dvtch
Seat 1: 3EPH folded before Flop (didn't bet)
Seat 2: blistein (button) folded before Flop (didn't bet)
Seat 3: nastja336 (small blind) folded before Flop
Seat 4: sta$igk (big blind) collected ($1)
Seat 5: mr.Jckpot folded before Flop (didn't bet)



PokerStars Hand #254263165518:  Hold'em No Limit ($0.50/$1.00 USD) - 2025/01/08 16:39:54 WET [2025/01/08 11:39:54 ET]
Table 'Laertes III' 6-max Seat #3 is the button
Seat 6: rxb.dvtch ($62.26 in chips) is sitting out
Seat 1: 3EPH ($111.17 in chips) 
Seat 2: blistein ($109.98 in chips) 
Seat 3: nastja336 ($206.76 in chips) 
Seat 4: sta$igk ($103.50 in chips) 
Seat 5: mr.Jckpot ($109.89 in chips) 
sta$igk: posts small blind $0.50
mr.Jckpot: posts big blind $1
*** HOLE CARDS ***
3EPH: raises $1.50 to $2.50
blistein: folds 
nastja336: folds 
sta$igk: folds 
mr.Jckpot: folds 
Uncalled bet ($1.50) returned to 3EPH
3EPH collected $2.50 from pot
3EPH: doesn't show hand 
*** SUMMARY ***
Total pot $2.50 | Rake $0 
Seat 6: rxb.dvtch
Seat 1: 3EPH collected ($2.50)
Seat 2: blistein folded before Flop (didn't bet)
Seat 3: nastja336 (button) folded before Flop (didn't bet)
Seat 4: sta$igk (small blind) folded before Flop
Seat 5: mr.Jckpot (big blind) folded before Flop



PokerStars Hand #254263168477:  Hold'em No Limit ($0.50/$1.00 USD) - 2025/01/08 16:40:06 WET [2025/01/08 11:40:06 ET]
Table 'Laertes III' 6-max Seat #4 is the button
Seat 1: 3EPH ($112.67 in chips) is sitting out
Seat 6: rxb.dvtch ($62.26 in chips) is sitting out
Seat 2: blistein ($109.98 in chips) 
Seat 3: nastja336 ($206.76 in chips) 
Seat 4: sta$igk ($103 in chips) 
Seat 5: mr.Jckpot ($108.89 in chips) 
mr.Jckpot: posts small blind $0.50
3EPH: is sitting out 
blistein: posts big blind $1
*** HOLE CARDS ***
nastja336: folds 
sta$igk: folds 
mr.Jckpot: folds 
Uncalled bet ($0.50) returned to blistein
blistein collected $1 from pot
blistein: doesn't show hand 
*** SUMMARY ***
Total pot $1 | Rake $0 
Seat 1: 3EPH
Seat 6: rxb.dvtch
Seat 2: blistein (big blind) collected ($1)
Seat 3: nastja336 folded before Flop (didn't bet)
Seat 4: sta$igk (button) folded before Flop (didn't bet)
Seat 5: mr.Jckpot (small blind) folded before Flop



PokerStars Hand #254263170696:  Hold'em No Limit ($0.50/$1.00 USD) - 2025/01/08 16:40:15 WET [2025/01/08 11:40:15 ET]
Table 'Laertes III' 6-max Seat #5 is the button
Seat 1: 3EPH ($112.67 in chips) is sitting out
Seat 6: rxb.dvtch ($62.26 in chips) is sitting out
Seat 2: blistein ($110.48 in chips) 
Seat 3: nastja336 ($206.76 in chips) 
Seat 4: sta$igk ($103 in chips) 
Seat 5: mr.Jckpot ($108.39 in chips) 
blistein: posts small blind $0.50
nastja336: posts big blind $1
*** HOLE CARDS ***
3EPH leaves the table
sta$igk: folds 
mr.Jckpot: folds 
blistein: folds 
Uncalled bet ($0.50) returned to nastja336
nastja336 collected $1 from pot
nastja336: doesn't show hand 
*** SUMMARY ***
Total pot $1 | Rake $0 
Seat 1: 3EPH
Seat 6: rxb.dvtch
Seat 2: blistein (small blind) folded before Flop
Seat 3: nastja336 (big blind) collected ($1)
Seat 4: sta$igk folded before Flop (didn't bet)
Seat 5: mr.Jckpot (button) folded before Flop (didn't bet)



PokerStars Hand #254263172833:  Hold'em No Limit ($0.50/$1.00 USD) - 2025/01/08 16:40:24 WET [2025/01/08 11:40:24 ET]
Table 'Laertes III' 6-max Seat #2 is the button
Seat 4: sta$igk ($103 in chips) is sitting out
Seat 6: rxb.dvtch ($62.26 in chips) is sitting out
Seat 2: blistein ($109.98 in chips) 
Seat 3: nastja336 ($207.26 in chips) 
Seat 5: mr.Jckpot ($108.39 in chips) 
nastja336: posts small blind $0.50
sta$igk: is sitting out 
mr.Jckpot: posts big blind $1
*** HOLE CARDS ***
blistein: folds 
nastja336: folds 
Uncalled bet ($0.50) returned to mr.Jckpot
mr.Jckpot collected $1 from pot
mr.Jckpot: doesn't show hand 
*** SUMMARY ***
Total pot $1 | Rake $0 
Seat 4: sta$igk
Seat 6: rxb.dvtch
Seat 2: blistein (button) folded before Flop (didn't bet)
Seat 3: nastja336 (small blind) folded before Flop
Seat 5: mr.Jckpot (big blind) collected ($1)



PokerStars Hand #254263175273:  Hold'em No Limit ($0.50/$1.00 USD) - 2025/01/08 16:40:33 WET [2025/01/08 11:40:33 ET]
Table 'Laertes III' 6-max Seat #3 is the button
Seat 4: sta$igk ($103 in chips) is sitting out
Seat 6: rxb.dvtch ($62.26 in chips) is sitting out
Seat 2: blistein ($109.98 in chips) 
Seat 3: nastja336 ($206.76 in chips) 
Seat 5: mr.Jckpot ($108.89 in chips) 
mr.Jckpot: posts small blind $0.50
blistein: posts big blind $1
*** HOLE CARDS ***
nastja336: folds 
mr.Jckpot: folds 
Uncalled bet ($0.50) returned to blistein
blistein collected $1 from pot
blistein: doesn't show hand 
*** SUMMARY ***
Total pot $1 | Rake $0 
Seat 4: sta$igk
Seat 6: rxb.dvtch
Seat 2: blistein (big blind) collected ($1)
Seat 3: nastja336 (button) folded before Flop (didn't bet)
Seat 5: mr.Jckpot (small blind) folded before Flop



PokerStars Hand #254263178183:  Hold'em No Limit ($0.50/$1.00 USD) - 2025/01/08 16:40:45 WET [2025/01/08 11:40:45 ET]
Table 'Laertes III' 6-max Seat #5 is the button
Seat 4: sta$igk ($103 in chips) is sitting out
Seat 6: rxb.dvtch ($62.26 in chips) is sitting out
Seat 2: blistein ($110.48 in chips) 
Seat 3: nastja336 ($206.76 in chips) 
Seat 5: mr.Jckpot ($108.39 in chips) 
blistein: posts small blind $0.50
nastja336: posts big blind $1
*** HOLE CARDS ***
lymo1951 joins the table at seat #1 
mr.Jckpot: folds 
blistein: folds 
Uncalled bet ($0.50) returned to nastja336
nastja336 collected $1 from pot
nastja336: doesn't show hand 
*** SUMMARY ***
Total pot $1 | Rake $0 
Seat 4: sta$igk
Seat 6: rxb.dvtch
Seat 2: blistein (small blind) folded before Flop
Seat 3: nastja336 (big blind) collected ($1)
Seat 5: mr.Jckpot (button) folded before Flop (didn't bet)



PokerStars Hand #254263179949:  Hold'em No Limit ($0.50/$1.00 USD) - 2025/01/08 16:40:52 WET [2025/01/08 11:40:52 ET]
Table 'Laertes III' 6-max Seat #2 is the button
Seat 6: rxb.dvtch ($62.26 in chips) is sitting out
Seat 1: lymo1951 ($100 in chips) 
Seat 2: blistein ($109.98 in chips) 
Seat 3: nastja336 ($207.26 in chips) 
Seat 4: sta$igk ($103 in chips) 
Seat 5: mr.Jckpot ($108.39 in chips) 
nastja336: posts small blind $0.50
sta$igk: posts big blind $1
lymo1951: posts big blind $1
*** HOLE CARDS ***
mr.Jckpot: folds 
lymo1951: checks 
blistein: raises $2.50 to $3.50
nastja336: folds 
sta$igk: folds 
lymo1951: folds 
Uncalled bet ($2.50) returned to blistein
blistein collected $3.50 from pot
blistein: doesn't show hand 
*** SUMMARY ***
Total pot $3.50 | Rake $0 
Seat 6: rxb.dvtch
Seat 1: lymo1951 folded before Flop (didn't bet)
Seat 2: blistein (button) collected ($3.50)
Seat 3: nastja336 (small blind) folded before Flop
Seat 4: sta$igk (big blind) folded before Flop
Seat 5: mr.Jckpot folded before Flop (didn't bet)



PokerStars Hand #254263185094:  Hold'em No Limit ($0.50/$1.00 USD) - 2025/01/08 16:41:12 WET [2025/01/08 11:41:12 ET]
Table 'Laertes III' 6-max Seat #3 is the button
Seat 5: mr.Jckpot ($108.39 in chips) is sitting out
Seat 6: rxb.dvtch ($62.26 in chips) is sitting out
Seat 1: lymo1951 ($99 in chips) 
Seat 2: blistein ($112.48 in chips) 
Seat 3: nastja336 ($206.76 in chips) 
Seat 4: sta$igk ($102 in chips) 
sta$igk: posts small blind $0.50
mr.Jckpot: is sitting out 
lymo1951: posts big blind $1
*** HOLE CARDS ***
blistein: raises $1.30 to $2.30
nastja336: folds 
sta$igk: folds 
lymo1951: folds 
Uncalled bet ($1.30) returned to blistein
blistein collected $2.50 from pot
rxb.dvtch leaves the table
blistein: doesn't show hand 
*** SUMMARY ***
Total pot $2.50 | Rake $0 
Seat 5: mr.Jckpot
Seat 6: rxb.dvtch
Seat 1: lymo1951 (big blind) folded before Flop
Seat 2: blistein collected ($2.50)
Seat 3: nastja336 (button) folded before Flop (didn't bet)
Seat 4: sta$igk (small blind) folded before Flop



PokerStars Hand #254263188704:  Hold'em No Limit ($0.50/$1.00 USD) - 2025/01/08 16:41:26 WET [2025/01/08 11:41:26 ET]
Table 'Laertes III' 6-max Seat #4 is the button
Seat 5: mr.Jckpot ($108.39 in chips) is sitting out
Seat 1: lymo1951 ($98 in chips) 
Seat 2: blistein ($113.98 in chips) 
Seat 3: nastja336 ($206.76 in chips) 
Seat 4: sta$igk ($101.50 in chips) 
lymo1951: posts small blind $0.50
blistein: posts big blind $1
*** HOLE CARDS ***
nastja336: folds 
sta$igk: folds 
radu10101 joins the table at seat #6 
radu10101 is disconnected 
lymo1951: raises $3 to $4
blistein: folds 
Uncalled bet ($3) returned to lymo1951
lymo1951 collected $2 from pot
lymo1951: doesn't show hand 
*** SUMMARY ***
Total pot $2 | Rake $0 
Seat 5: mr.Jckpot
Seat 1: lymo1951 (small blind) collected ($2)
Seat 2: blistein (big blind) folded before Flop
Seat 3: nastja336 folded before Flop (didn't bet)
Seat 4: sta$igk (button) folded before Flop (didn't bet)



PokerStars Hand #254263191607:  Hold'em No Limit ($0.50/$1.00 USD) - 2025/01/08 16:41:38 WET [2025/01/08 11:41:38 ET]
Table 'Laertes III' 6-max Seat #1 is the button
Seat 5: mr.Jckpot ($108.39 in chips) is sitting out
Seat 1: lymo1951 ($99 in chips) 
Seat 2: blistein ($112.98 in chips) 
Seat 3: nastja336 ($206.76 in chips) 
Seat 4: sta$igk ($101.50 in chips) 
Seat 6: radu10101 ($100 in chips) 
blistein: posts small blind $0.50
nastja336: posts big blind $1
mr.Jckpot: sits out 
radu10101: posts big blind $1
*** HOLE CARDS ***
sta$igk: folds 
radu10101: checks 
lymo1951: folds 
blistein: folds 
nastja336: checks 
*** FLOP *** [3h Ac 4c]
nastja336: checks 
radu10101: bets $2
nastja336: calls $2
*** TURN *** [3h Ac 4c] [Th]
nastja336: checks 
radu10101: checks 
*** RIVER *** [3h Ac 4c Th] [7c]
nastja336: checks 
radu10101: checks 
*** SHOW DOWN ***
nastja336: shows [7d 6s] (a pair of Sevens)
radu10101: shows [8c 8h] (a pair of Eights)
radu10101 collected $6.18 from pot
*** SUMMARY ***
Total pot $6.50 | Rake $0.32 
Board [3h Ac 4c Th 7c]
Seat 5: mr.Jckpot
Seat 1: lymo1951 (button) folded before Flop (didn't bet)
Seat 2: blistein (small blind) folded before Flop
Seat 3: nastja336 (big blind) showed [7d 6s] and lost with a pair of Sevens
Seat 4: sta$igk folded before Flop (didn't bet)
Seat 6: radu10101 showed [8c 8h] and won ($6.18) with a pair of Eights



PokerStars Hand #254263203936:  Hold'em No Limit ($0.50/$1.00 USD) - 2025/01/08 16:42:27 WET [2025/01/08 11:42:27 ET]
Table 'Laertes III' 6-max Seat #2 is the button
Seat 5: mr.Jckpot ($108.39 in chips) is sitting out
Seat 1: lymo1951 ($99 in chips) 
Seat 2: blistein ($112.48 in chips) 
Seat 3: nastja336 ($203.76 in chips) 
Seat 4: sta$igk ($101.50 in chips) 
Seat 6: radu10101 ($103.18 in chips) 
nastja336: posts small blind $0.50
sta$igk: posts big blind $1
mr.Jckpot: sits out 
*** HOLE CARDS ***
radu10101: calls $1
lymo1951: raises $3.50 to $4.50
blistein: folds 
nastja336: folds 
sta$igk: folds 
radu10101: calls $3.50
*** FLOP *** [8c Qs 8d]
radu10101: checks 
lymo1951: bets $3
radu10101: calls $3
*** TURN *** [8c Qs 8d] [5d]
radu10101: checks 
lymo1951: bets $8
radu10101: folds 
Uncalled bet ($8) returned to lymo1951
lymo1951 collected $15.68 from pot
lymo1951: doesn't show hand 
*** SUMMARY ***
Total pot $16.50 | Rake $0.82 
Board [8c Qs 8d 5d]
Seat 5: mr.Jckpot
Seat 1: lymo1951 collected ($15.68)
Seat 2: blistein (button) folded before Flop (didn't bet)
Seat 3: nastja336 (small blind) folded before Flop
Seat 4: sta$igk (big blind) folded before Flop
Seat 6: radu10101 folded on the Turn



PokerStars Hand #254263214427:  Hold'em No Limit ($0.50/$1.00 USD) - 2025/01/08 16:43:09 WET [2025/01/08 11:43:09 ET]
Table 'Laertes III' 6-max Seat #3 is the button
Seat 1: lymo1951 ($107.18 in chips) 
Seat 2: blistein ($112.48 in chips) 
Seat 3: nastja336 ($203.26 in chips) 
Seat 4: sta$igk ($100.50 in chips) 
Seat 5: mr.Jckpot ($108.39 in chips) 
Seat 6: radu10101 ($95.68 in chips) 
sta$igk: posts small blind $0.50
mr.Jckpot: posts big blind $1
*** HOLE CARDS ***
radu10101: folds 
lymo1951: calls $1
blistein: raises $2.50 to $3.50
nastja336: folds 
sta$igk: folds 
mr.Jckpot: folds 
lymo1951: calls $2.50
*** FLOP *** [Ac Kc 5c]
lymo1951: checks 
blistein: bets $2.75
lymo1951: calls $2.75
*** TURN *** [Ac Kc 5c] [Jh]
lymo1951: checks 
blistein: bets $11.37
lymo1951: calls $11.37
*** RIVER *** [Ac Kc 5c Jh] [5h]
lymo1951: checks 
blistein: bets $26.17
lymo1951: raises $63.39 to $89.56 and is all-in
blistein: folds 
Uncalled bet ($63.39) returned to lymo1951
lymo1951 collected $86.58 from pot
lymo1951: doesn't show hand 
*** SUMMARY ***
Total pot $89.08 | Rake $2.50 
Board [Ac Kc 5c Jh 5h]
Seat 1: lymo1951 collected ($86.58)
Seat 2: blistein folded on the River
Seat 3: nastja336 (button) folded before Flop (didn't bet)
Seat 4: sta$igk (small blind) folded before Flop
Seat 5: mr.Jckpot (big blind) folded before Flop
Seat 6: radu10101 folded before Flop (didn't bet)



PokerStars Hand #254263233705:  Hold'em No Limit ($0.50/$1.00 USD) - 2025/01/08 16:44:26 WET [2025/01/08 11:44:26 ET]
Table 'Laertes III' 6-max Seat #4 is the button
Seat 1: lymo1951 ($149.97 in chips) 
Seat 2: blistein ($100 in chips) 
Seat 3: nastja336 ($203.26 in chips) 
Seat 4: sta$igk ($100 in chips) 
Seat 5: mr.Jckpot ($107.39 in chips) 
Seat 6: radu10101 ($95.68 in chips) 
mr.Jckpot: posts small blind $0.50
radu10101: posts big blind $1
*** HOLE CARDS ***
lymo1951: folds 
blistein: folds 
nastja336: raises $1.50 to $2.50
sta$igk: raises $5.50 to $8
mr.Jckpot: folds 
radu10101: folds 
nastja336: raises $16 to $24
sta$igk: calls $16
*** FLOP *** [Th 9c Js]
nastja336: checks 
sta$igk: checks 
*** TURN *** [Th 9c Js] [Ts]
nastja336: bets $9.40
sta$igk: folds 
Uncalled bet ($9.40) returned to nastja336
nastja336 collected $47.02 from pot
nastja336: doesn't show hand 
*** SUMMARY ***
Total pot $49.50 | Rake $2.48 
Board [Th 9c Js Ts]
Seat 1: lymo1951 folded before Flop (didn't bet)
Seat 2: blistein folded before Flop (didn't bet)
Seat 3: nastja336 collected ($47.02)
Seat 4: sta$igk (button) folded on the Turn
Seat 5: mr.Jckpot (small blind) folded before Flop
Seat 6: radu10101 (big blind) folded before Flop



PokerStars Hand #254263253226:  Hold'em No Limit ($0.50/$1.00 USD) - 2025/01/08 16:45:43 WET [2025/01/08 11:45:43 ET]
Table 'Laertes III' 6-max Seat #5 is the button
Seat 1: lymo1951 ($149.97 in chips) 
Seat 2: blistein ($100 in chips) 
Seat 3: nastja336 ($226.28 in chips) 
Seat 4: sta$igk ($100 in chips) 
Seat 5: mr.Jckpot ($106.89 in chips) 
Seat 6: radu10101 ($94.68 in chips) 
radu10101: posts small blind $0.50
lymo1951: posts big blind $1
*** HOLE CARDS ***
blistein: folds 
nastja336: folds 
sta$igk: folds 
mr.Jckpot: folds 
radu10101: raises $1 to $2
lymo1951: calls $1
*** FLOP *** [4d Js Ah]
radu10101: bets $2
lymo1951: folds 
Uncalled bet ($2) returned to radu10101
radu10101 collected $3.80 from pot
*** SUMMARY ***
Total pot $4 | Rake $0.20 
Board [4d Js Ah]
Seat 1: lymo1951 (big blind) folded on the Flop
Seat 2: blistein folded before Flop (didn't bet)
Seat 3: nastja336 folded before Flop (didn't bet)
Seat 4: sta$igk folded before Flop (didn't bet)
Seat 5: mr.Jckpot (button) folded before Flop (didn't bet)
Seat 6: radu10101 (small blind) collected ($3.80)



PokerStars Hand #254263258644:  Hold'em No Limit ($0.50/$1.00 USD) - 2025/01/08 16:46:05 WET [2025/01/08 11:46:05 ET]
Table 'Laertes III' 6-max Seat #6 is the button
Seat 1: lymo1951 ($147.97 in chips) 
Seat 2: blistein ($100 in chips) 
Seat 3: nastja336 ($226.28 in chips) 
Seat 4: sta$igk ($100 in chips) 
Seat 5: mr.Jckpot ($106.89 in chips) 
Seat 6: radu10101 ($96.48 in chips) 
lymo1951: posts small blind $0.50
blistein: posts big blind $1
*** HOLE CARDS ***
nastja336: raises $1.50 to $2.50
sta$igk: folds 
mr.Jckpot: raises $4.50 to $7
radu10101: folds 
lymo1951: folds 
blistein: folds 
nastja336: folds 
Uncalled bet ($4.50) returned to mr.Jckpot
mr.Jckpot collected $6.50 from pot
mr.Jckpot: doesn't show hand 
*** SUMMARY ***
Total pot $6.50 | Rake $0 
Seat 1: lymo1951 (small blind) folded before Flop
Seat 2: blistein (big blind) folded before Flop
Seat 3: nastja336 folded before Flop
Seat 4: sta$igk folded before Flop (didn't bet)
Seat 5: mr.Jckpot collected ($6.50)
Seat 6: radu10101 (button) folded before Flop (didn't bet)



PokerStars Hand #254263265380:  Hold'em No Limit ($0.50/$1.00 USD) - 2025/01/08 16:46:31 WET [2025/01/08 11:46:31 ET]
Table 'Laertes III' 6-max Seat #1 is the button
Seat 1: lymo1951 ($147.47 in chips) 
Seat 2: blistein ($100 in chips) 
Seat 3: nastja336 ($223.78 in chips) 
Seat 4: sta$igk ($100 in chips) 
Seat 5: mr.Jckpot ($110.89 in chips) 
Seat 6: radu10101 ($96.48 in chips) 
blistein: posts small blind $0.50
nastja336: posts big blind $1
*** HOLE CARDS ***
sta$igk: folds 
mr.Jckpot: folds 
radu10101: calls $1
lymo1951: calls $1
blistein: folds 
nastja336: checks 
*** FLOP *** [Qh Tc 2h]
nastja336: checks 
radu10101: bets $1
lymo1951: folds 
nastja336: calls $1
*** TURN *** [Qh Tc 2h] [7h]
nastja336: checks 
radu10101: checks 
*** RIVER *** [Qh Tc 2h 7h] [5s]
nastja336: bets $6.94
radu10101: folds 
Uncalled bet ($6.94) returned to nastja336
nastja336 collected $5.22 from pot
nastja336: doesn't show hand 
*** SUMMARY ***
Total pot $5.50 | Rake $0.28 
Board [Qh Tc 2h 7h 5s]
Seat 1: lymo1951 (button) folded on the Flop
Seat 2: blistein (small blind) folded before Flop
Seat 3: nastja336 (big blind) collected ($5.22)
Seat 4: sta$igk folded before Flop (didn't bet)
Seat 5: mr.Jckpot folded before Flop (didn't bet)
Seat 6: radu10101 folded on the River



PokerStars Hand #254263273614:  Hold'em No Limit ($0.50/$1.00 USD) - 2025/01/08 16:47:04 WET [2025/01/08 11:47:04 ET]
Table 'Laertes III' 6-max Seat #2 is the button
Seat 1: lymo1951 ($146.47 in chips) 
Seat 2: blistein ($100 in chips) 
Seat 3: nastja336 ($227 in chips) 
Seat 4: sta$igk ($100 in chips) 
Seat 5: mr.Jckpot ($110.89 in chips) 
Seat 6: radu10101 ($94.48 in chips) 
nastja336: posts small blind $0.50
sta$igk: posts big blind $1
*** HOLE CARDS ***
mr.Jckpot: raises $1.50 to $2.50
radu10101: calls $2.50
lymo1951: calls $2.50
blistein: folds 
nastja336: folds 
sta$igk: calls $1.50
*** FLOP *** [Ks 9d As]
sta$igk: checks 
mr.Jckpot: bets $2.20
radu10101: calls $2.20
lymo1951: calls $2.20
sta$igk: calls $2.20
*** TURN *** [Ks 9d As] [Ad]
sta$igk: checks 
mr.Jckpot: bets $13.50
radu10101: folds 
lymo1951: folds 
sta$igk: folds 
Uncalled bet ($13.50) returned to mr.Jckpot
mr.Jckpot collected $18.34 from pot
mr.Jckpot: doesn't show hand 
radu10101 leaves the table
*** SUMMARY ***
Total pot $19.30 | Rake $0.96 
Board [Ks 9d As Ad]
Seat 1: lymo1951 folded on the Turn
Seat 2: blistein (button) folded before Flop (didn't bet)
Seat 3: nastja336 (small blind) folded before Flop
Seat 4: sta$igk (big blind) folded on the Turn
Seat 5: mr.Jckpot collected ($18.34)
Seat 6: radu10101 folded on the Turn



PokerStars Hand #254263294458:  Hold'em No Limit ($0.50/$1.00 USD) - 2025/01/08 16:48:27 WET [2025/01/08 11:48:27 ET]
Table 'Laertes III' 6-max Seat #3 is the button
Seat 1: lymo1951 ($141.77 in chips) 
Seat 2: blistein ($100 in chips) 
Seat 3: nastja336 ($226.50 in chips) 
Seat 4: sta$igk ($100 in chips) 
Seat 5: mr.Jckpot ($124.53 in chips) 
sta$igk: posts small blind $0.50
mr.Jckpot: posts big blind $1
*** HOLE CARDS ***
lymo1951: raises $2.50 to $3.50
TheBraveGirl joins the table at seat #6 
blistein: raises $5.50 to $9
nastja336: folds 
sta$igk: folds 
mr.Jckpot: calls $8
lymo1951: calls $5.50
*** FLOP *** [Jh 8h 7d]
mr.Jckpot: checks 
lymo1951: checks 
blistein: bets $6.53
mr.Jckpot: calls $6.53
lymo1951: calls $6.53
*** TURN *** [Jh 8h 7d] [4h]
mr.Jckpot: checks 
lymo1951: checks 
blistein: checks 
*** RIVER *** [Jh 8h 7d 4h] [4c]
mr.Jckpot: checks 
lymo1951: checks 
blistein: bets $22.37
mr.Jckpot: folds 
lymo1951: calls $22.37
*** SHOW DOWN ***
blistein: shows [Kh Js] (two pair, Jacks and Fours)
lymo1951: mucks hand 
blistein collected $89.33 from pot
*** SUMMARY ***
Total pot $91.83 | Rake $2.50 
Board [Jh 8h 7d 4h 4c]
Seat 1: lymo1951 mucked
Seat 2: blistein showed [Kh Js] and won ($89.33) with two pair, Jacks and Fours
Seat 3: nastja336 (button) folded before Flop (didn't bet)
Seat 4: sta$igk (small blind) folded before Flop
Seat 5: mr.Jckpot (big blind) folded on the River



PokerStars Hand #254263321961:  Hold'em No Limit ($0.50/$1.00 USD) - 2025/01/08 16:50:16 WET [2025/01/08 11:50:16 ET]
Table 'Laertes III' 6-max Seat #4 is the button
Seat 1: lymo1951 ($103.87 in chips) 
Seat 2: blistein ($151.43 in chips) 
Seat 3: nastja336 ($226.50 in chips) 
Seat 4: sta$igk ($100 in chips) 
Seat 5: mr.Jckpot ($109 in chips) 
Seat 6: TheBraveGirl ($100 in chips) 
mr.Jckpot: posts small blind $0.50
TheBraveGirl: posts big blind $1
*** HOLE CARDS ***
lymo1951: raises $2.50 to $3.50
blistein: folds 
nastja336: folds 
sta$igk: folds 
mr.Jckpot: calls $3
TheBraveGirl: folds 
*** FLOP *** [8d Td 4d]
mr.Jckpot: checks 
lymo1951: bets $7.60
mr.Jckpot: folds 
Uncalled bet ($7.60) returned to lymo1951
lymo1951 collected $7.60 from pot
lymo1951: doesn't show hand 
*** SUMMARY ***
Total pot $8 | Rake $0.40 
Board [8d Td 4d]
Seat 1: lymo1951 collected ($7.60)
Seat 2: blistein folded before Flop (didn't bet)
Seat 3: nastja336 folded before Flop (didn't bet)
Seat 4: sta$igk (button) folded before Flop (didn't bet)
Seat 5: mr.Jckpot (small blind) folded on the Flop
Seat 6: TheBraveGirl (big blind) folded before Flop



PokerStars Hand #254263327779:  Hold'em No Limit ($0.50/$1.00 USD) - 2025/01/08 16:50:39 WET [2025/01/08 11:50:39 ET]
Table 'Laertes III' 6-max Seat #5 is the button
Seat 1: lymo1951 ($107.97 in chips) 
Seat 2: blistein ($151.43 in chips) 
Seat 3: nastja336 ($226.50 in chips) 
Seat 4: sta$igk ($100 in chips) 
Seat 5: mr.Jckpot ($105.50 in chips) 
Seat 6: TheBraveGirl ($100 in chips) 
TheBraveGirl: posts small blind $0.50
lymo1951: posts big blind $1
*** HOLE CARDS ***
blistein: folds 
nastja336: folds 
sta$igk: folds 
mr.Jckpot: folds 
TheBraveGirl: folds 
Uncalled bet ($0.50) returned to lymo1951
lymo1951 collected $1 from pot
lymo1951: doesn't show hand 
*** SUMMARY ***
Total pot $1 | Rake $0 
Seat 1: lymo1951 (big blind) collected ($1)
Seat 2: blistein folded before Flop (didn't bet)
Seat 3: nastja336 folded before Flop (didn't bet)
Seat 4: sta$igk folded before Flop (didn't bet)
Seat 5: mr.Jckpot (button) folded before Flop (didn't bet)
Seat 6: TheBraveGirl (small blind) folded before Flop



PokerStars Hand #254263330586:  Hold'em No Limit ($0.50/$1.00 USD) - 2025/01/08 16:50:50 WET [2025/01/08 11:50:50 ET]
Table 'Laertes III' 6-max Seat #6 is the button
Seat 1: lymo1951 ($108.47 in chips) 
Seat 2: blistein ($151.43 in chips) 
Seat 3: nastja336 ($226.50 in chips) 
Seat 4: sta$igk ($100 in chips) 
Seat 5: mr.Jckpot ($105.50 in chips) 
Seat 6: TheBraveGirl ($100 in chips) 
lymo1951: posts small blind $0.50
blistein: posts big blind $1
*** HOLE CARDS ***
nastja336: folds 
sta$igk: folds 
mr.Jckpot: folds 
TheBraveGirl: raises $2.50 to $3.50
lymo1951: folds 
blistein: calls $2.50
*** FLOP *** [Ts 6d 6c]
blistein: checks 
TheBraveGirl: bets $1.78
blistein: folds 
Uncalled bet ($1.78) returned to TheBraveGirl
TheBraveGirl collected $7.12 from pot
TheBraveGirl: doesn't show hand 
*** SUMMARY ***
Total pot $7.50 | Rake $0.38 
Board [Ts 6d 6c]
Seat 1: lymo1951 (small blind) folded before Flop
Seat 2: blistein (big blind) folded on the Flop
Seat 3: nastja336 folded before Flop (didn't bet)
Seat 4: sta$igk folded before Flop (didn't bet)
Seat 5: mr.Jckpot folded before Flop (didn't bet)
Seat 6: TheBraveGirl (button) collected ($7.12)



PokerStars Hand #254263342216:  Hold'em No Limit ($0.50/$1.00 USD) - 2025/01/08 16:51:37 WET [2025/01/08 11:51:37 ET]
Table 'Laertes III' 6-max Seat #1 is the button
Seat 1: lymo1951 ($107.97 in chips) 
Seat 2: blistein ($147.93 in chips) 
Seat 3: nastja336 ($226.50 in chips) 
Seat 4: sta$igk ($100 in chips) 
Seat 5: mr.Jckpot ($105.50 in chips) 
Seat 6: TheBraveGirl ($103.62 in chips) 
blistein: posts small blind $0.50
nastja336: posts big blind $1
*** HOLE CARDS ***
sta$igk: folds 
mr.Jckpot: folds 
TheBraveGirl: folds 
lymo1951: raises $2.50 to $3.50
blistein: raises $8.50 to $12
nastja336: calls $11
lymo1951: calls $8.50
*** FLOP *** [8d Ad 8s]
blistein: bets $8.55
nastja336: folds 
lymo1951: folds 
Uncalled bet ($8.55) returned to blistein
blistein collected $34.20 from pot
blistein: doesn't show hand 
*** SUMMARY ***
Total pot $36 | Rake $1.80 
Board [8d Ad 8s]
Seat 1: lymo1951 (button) folded on the Flop
Seat 2: blistein (small blind) collected ($34.20)
Seat 3: nastja336 (big blind) folded on the Flop
Seat 4: sta$igk folded before Flop (didn't bet)
Seat 5: mr.Jckpot folded before Flop (didn't bet)
Seat 6: TheBraveGirl folded before Flop (didn't bet)



PokerStars Hand #254263351304:  Hold'em No Limit ($0.50/$1.00 USD) - 2025/01/08 16:52:12 WET [2025/01/08 11:52:12 ET]
Table 'Laertes III' 6-max Seat #2 is the button
Seat 1: lymo1951 ($95.97 in chips) 
Seat 2: blistein ($170.13 in chips) 
Seat 3: nastja336 ($214.50 in chips) 
Seat 4: sta$igk ($100 in chips) 
Seat 5: mr.Jckpot ($105.50 in chips) 
Seat 6: TheBraveGirl ($103.62 in chips) 
nastja336: posts small blind $0.50
sta$igk: posts big blind $1
*** HOLE CARDS ***
mr.Jckpot: raises $1.50 to $2.50
TheBraveGirl: folds 
lymo1951: folds 
blistein: raises $5 to $7.50
nastja336: folds 
sta$igk: folds 
mr.Jckpot: calls $5
*** FLOP *** [Kh Jh 8h]
mr.Jckpot: checks 
blistein: bets $5.33
mr.Jckpot: calls $5.33
*** TURN *** [Kh Jh 8h] [5d]
mr.Jckpot: checks 
blistein: bets $19.35
mr.Jckpot: raises $19.35 to $38.70
blistein: calls $19.35
*** RIVER *** [Kh Jh 8h 5d] [9d]
mr.Jckpot: bets $53.97 and is all-in
blistein: folds 
Uncalled bet ($53.97) returned to mr.Jckpot
mr.Jckpot collected $102.06 from pot
mr.Jckpot: doesn't show hand 
*** SUMMARY ***
Total pot $104.56 | Rake $2.50 
Board [Kh Jh 8h 5d 9d]
Seat 1: lymo1951 folded before Flop (didn't bet)
Seat 2: blistein (button) folded on the River
Seat 3: nastja336 (small blind) folded before Flop
Seat 4: sta$igk (big blind) folded before Flop
Seat 5: mr.Jckpot collected ($102.06)
Seat 6: TheBraveGirl folded before Flop (didn't bet)



PokerStars Hand #254263381525:  Hold'em No Limit ($0.50/$1.00 USD) - 2025/01/08 16:54:12 WET [2025/01/08 11:54:12 ET]
Table 'Laertes III' 6-max Seat #3 is the button
Seat 1: lymo1951 ($95.97 in chips) 
Seat 2: blistein ($118.60 in chips) 
Seat 3: nastja336 ($214 in chips) 
Seat 4: sta$igk ($100 in chips) 
Seat 5: mr.Jckpot ($156.03 in chips) 
Seat 6: TheBraveGirl ($103.62 in chips) 
sta$igk: posts small blind $0.50
mr.Jckpot: posts big blind $1
*** HOLE CARDS ***
TheBraveGirl: folds 
lymo1951: raises $2.50 to $3.50
blistein: raises $5.50 to $9
nastja336: folds 
sta$igk: folds 
mr.Jckpot: folds 
lymo1951: calls $5.50
*** FLOP *** [9s Qc 4d]
lymo1951: checks 
blistein: checks 
*** TURN *** [9s Qc 4d] [Qd]
lymo1951: bets $9
blistein: calls $9
*** RIVER *** [9s Qc 4d Qd] [3s]
lymo1951: bets $35.62
blistein: calls $35.62
*** SHOW DOWN ***
lymo1951: shows [7d Jd] (a pair of Queens)
blistein: shows [Td Ts] (two pair, Queens and Tens)
blistein collected $106.24 from pot
*** SUMMARY ***
Total pot $108.74 | Rake $2.50 
Board [9s Qc 4d Qd 3s]
Seat 1: lymo1951 showed [7d Jd] and lost with a pair of Queens
Seat 2: blistein showed [Td Ts] and won ($106.24) with two pair, Queens and Tens
Seat 3: nastja336 (button) folded before Flop (didn't bet)
Seat 4: sta$igk (small blind) folded before Flop
Seat 5: mr.Jckpot (big blind) folded before Flop
Seat 6: TheBraveGirl folded before Flop (didn't bet)



PokerStars Hand #254263398563:  Hold'em No Limit ($0.50/$1.00 USD) - 2025/01/08 16:55:24 WET [2025/01/08 11:55:24 ET]
Table 'Laertes III' 6-max Seat #4 is the button
Seat 1: lymo1951 ($100 in chips) 
Seat 2: blistein ($171.22 in chips) 
Seat 3: nastja336 ($214 in chips) 
Seat 4: sta$igk ($100 in chips) 
Seat 5: mr.Jckpot ($155.03 in chips) 
Seat 6: TheBraveGirl ($103.62 in chips) 
mr.Jckpot: posts small blind $0.50
TheBraveGirl: posts big blind $1
*** HOLE CARDS ***
lymo1951: raises $2 to $3
blistein: folds 
nastja336: folds 
sta$igk: folds 
mr.Jckpot: folds 
TheBraveGirl: calls $2
*** FLOP *** [Ad 5c 6h]
TheBraveGirl: checks 
lymo1951: bets $6.18
TheBraveGirl: folds 
Uncalled bet ($6.18) returned to lymo1951
lymo1951 collected $6.18 from pot
lymo1951: doesn't show hand 
*** SUMMARY ***
Total pot $6.50 | Rake $0.32 
Board [Ad 5c 6h]
Seat 1: lymo1951 collected ($6.18)
Seat 2: blistein folded before Flop (didn't bet)
Seat 3: nastja336 folded before Flop (didn't bet)
Seat 4: sta$igk (button) folded before Flop (didn't bet)
Seat 5: mr.Jckpot (small blind) folded before Flop
Seat 6: TheBraveGirl (big blind) folded on the Flop



PokerStars Hand #254263405633:  Hold'em No Limit ($0.50/$1.00 USD) - 2025/01/08 16:56:01 WET [2025/01/08 11:56:01 ET]
Table 'Laertes III' 6-max Seat #5 is the button
Seat 1: lymo1951 ($103.18 in chips) 
Seat 2: blistein ($171.22 in chips) 
Seat 3: nastja336 ($214 in chips) 
Seat 4: sta$igk ($100 in chips) 
Seat 5: mr.Jckpot ($154.53 in chips) 
Seat 6: TheBraveGirl ($100.62 in chips) 
TheBraveGirl: posts small blind $0.50
lymo1951: posts big blind $1
*** HOLE CARDS ***
blistein: folds 
nastja336: folds 
sta$igk: folds 
mr.Jckpot: folds 
TheBraveGirl: folds 
Uncalled bet ($0.50) returned to lymo1951
lymo1951 collected $1 from pot
lymo1951: doesn't show hand 
*** SUMMARY ***
Total pot $1 | Rake $0 
Seat 1: lymo1951 (big blind) collected ($1)
Seat 2: blistein folded before Flop (didn't bet)
Seat 3: nastja336 folded before Flop (didn't bet)
Seat 4: sta$igk folded before Flop (didn't bet)
Seat 5: mr.Jckpot (button) folded before Flop (didn't bet)
Seat 6: TheBraveGirl (small blind) folded before Flop



PokerStars Hand #254263408706:  Hold'em No Limit ($0.50/$1.00 USD) - 2025/01/08 16:56:17 WET [2025/01/08 11:56:17 ET]
Table 'Laertes III' 6-max Seat #6 is the button
Seat 1: lymo1951 ($103.68 in chips) 
Seat 2: blistein ($171.22 in chips) 
Seat 3: nastja336 ($214 in chips) 
Seat 4: sta$igk ($100 in chips) 
Seat 5: mr.Jckpot ($154.53 in chips) 
Seat 6: TheBraveGirl ($100.12 in chips) 
lymo1951: posts small blind $0.50
blistein: posts big blind $1
*** HOLE CARDS ***
nastja336: folds 
sta$igk: folds 
mr.Jckpot: folds 
TheBraveGirl: raises $1 to $2
lymo1951: calls $1.50
blistein: folds 
*** FLOP *** [Js 2c As]
lymo1951: checks 
TheBraveGirl: bets $1.19
lymo1951: folds 
Uncalled bet ($1.19) returned to TheBraveGirl
TheBraveGirl collected $4.75 from pot
TheBraveGirl: doesn't show hand 
*** SUMMARY ***
Total pot $5 | Rake $0.25 
Board [Js 2c As]
Seat 1: lymo1951 (small blind) folded on the Flop
Seat 2: blistein (big blind) folded before Flop
Seat 3: nastja336 folded before Flop (didn't bet)
Seat 4: sta$igk folded before Flop (didn't bet)
Seat 5: mr.Jckpot folded before Flop (didn't bet)
Seat 6: TheBraveGirl (button) collected ($4.75)



PokerStars Hand #254263415949:  Hold'em No Limit ($0.50/$1.00 USD) - 2025/01/08 16:56:56 WET [2025/01/08 11:56:56 ET]
Table 'Laertes III' 6-max Seat #1 is the button
Seat 1: lymo1951 ($101.68 in chips) 
Seat 2: blistein ($170.22 in chips) 
Seat 3: nastja336 ($214 in chips) 
Seat 4: sta$igk ($100 in chips) 
Seat 5: mr.Jckpot ($154.53 in chips) 
Seat 6: TheBraveGirl ($102.87 in chips) 
blistein: posts small blind $0.50
nastja336: posts big blind $1
*** HOLE CARDS ***
sta$igk: folds 
mr.Jckpot: raises $1.50 to $2.50
TheBraveGirl: folds 
lymo1951: folds 
blistein: folds 
nastja336: folds 
Uncalled bet ($1.50) returned to mr.Jckpot
mr.Jckpot collected $2.50 from pot
mr.Jckpot: doesn't show hand 
*** SUMMARY ***
Total pot $2.50 | Rake $0 
Seat 1: lymo1951 (button) folded before Flop (didn't bet)
Seat 2: blistein (small blind) folded before Flop
Seat 3: nastja336 (big blind) folded before Flop
Seat 4: sta$igk folded before Flop (didn't bet)
Seat 5: mr.Jckpot collected ($2.50)
Seat 6: TheBraveGirl folded before Flop (didn't bet)



PokerStars Hand #254263419081:  Hold'em No Limit ($0.50/$1.00 USD) - 2025/01/08 16:57:12 WET [2025/01/08 11:57:12 ET]
Table 'Laertes III' 6-max Seat #2 is the button
Seat 1: lymo1951 ($101.68 in chips) 
Seat 2: blistein ($169.72 in chips) 
Seat 3: nastja336 ($213 in chips) 
Seat 4: sta$igk ($100 in chips) 
Seat 5: mr.Jckpot ($156.03 in chips) 
Seat 6: TheBraveGirl ($102.87 in chips) 
nastja336: posts small blind $0.50
sta$igk: posts big blind $1
*** HOLE CARDS ***
mr.Jckpot: folds 
TheBraveGirl: folds 
lymo1951: folds 
blistein: folds 
nastja336: raises $2 to $3
sta$igk: calls $2
*** FLOP *** [6s Qs 2d]
nastja336: checks 
sta$igk: checks 
*** TURN *** [6s Qs 2d] [Th]
nastja336: checks 
sta$igk: bets $5.70
nastja336: calls $5.70
*** RIVER *** [6s Qs 2d Th] [3d]
nastja336: checks 
sta$igk: checks 
*** SHOW DOWN ***
nastja336: shows [6c 5c] (a pair of Sixes)
sta$igk: mucks hand 
nastja336 collected $16.53 from pot
*** SUMMARY ***
Total pot $17.40 | Rake $0.87 
Board [6s Qs 2d Th 3d]
Seat 1: lymo1951 folded before Flop (didn't bet)
Seat 2: blistein (button) folded before Flop (didn't bet)
Seat 3: nastja336 (small blind) showed [6c 5c] and won ($16.53) with a pair of Sixes
Seat 4: sta$igk (big blind) mucked
Seat 5: mr.Jckpot folded before Flop (didn't bet)
Seat 6: TheBraveGirl folded before Flop (didn't bet)



PokerStars Hand #254263429796:  Hold'em No Limit ($0.50/$1.00 USD) - 2025/01/08 16:58:08 WET [2025/01/08 11:58:08 ET]
Table 'Laertes III' 6-max Seat #3 is the button
Seat 1: lymo1951 ($101.68 in chips) 
Seat 2: blistein ($169.72 in chips) 
Seat 3: nastja336 ($220.83 in chips) 
Seat 4: sta$igk ($100 in chips) 
Seat 5: mr.Jckpot ($156.03 in chips) 
Seat 6: TheBraveGirl ($102.87 in chips) 
sta$igk: posts small blind $0.50
mr.Jckpot: posts big blind $1
*** HOLE CARDS ***
TheBraveGirl: folds 
lymo1951: folds 
blistein: folds 
nastja336: raises $1.50 to $2.50
sta$igk: folds 
mr.Jckpot: folds 
Uncalled bet ($1.50) returned to nastja336
nastja336 collected $2.50 from pot
nastja336: doesn't show hand 
*** SUMMARY ***
Total pot $2.50 | Rake $0 
Seat 1: lymo1951 folded before Flop (didn't bet)
Seat 2: blistein folded before Flop (didn't bet)
Seat 3: nastja336 (button) collected ($2.50)
Seat 4: sta$igk (small blind) folded before Flop
Seat 5: mr.Jckpot (big blind) folded before Flop
Seat 6: TheBraveGirl folded before Flop (didn't bet)



PokerStars Hand #254263433073:  Hold'em No Limit ($0.50/$1.00 USD) - 2025/01/08 16:58:25 WET [2025/01/08 11:58:25 ET]
Table 'Laertes III' 6-max Seat #4 is the button
Seat 1: lymo1951 ($101.68 in chips) 
Seat 2: blistein ($169.72 in chips) 
Seat 3: nastja336 ($222.33 in chips) 
Seat 4: sta$igk ($100 in chips) 
Seat 5: mr.Jckpot ($155.03 in chips) 
Seat 6: TheBraveGirl ($102.87 in chips) 
mr.Jckpot: posts small blind $0.50
TheBraveGirl: posts big blind $1
*** HOLE CARDS ***
lymo1951: folds 
blistein: raises $1.20 to $2.20
nastja336: folds 
sta$igk: folds 
mr.Jckpot: folds 
TheBraveGirl: folds 
Uncalled bet ($1.20) returned to blistein
blistein collected $2.50 from pot
blistein: doesn't show hand 
*** SUMMARY ***
Total pot $2.50 | Rake $0 
Seat 1: lymo1951 folded before Flop (didn't bet)
Seat 2: blistein collected ($2.50)
Seat 3: nastja336 folded before Flop (didn't bet)
Seat 4: sta$igk (button) folded before Flop (didn't bet)
Seat 5: mr.Jckpot (small blind) folded before Flop
Seat 6: TheBraveGirl (big blind) folded before Flop



PokerStars Hand #254263437871:  Hold'em No Limit ($0.50/$1.00 USD) - 2025/01/08 16:58:50 WET [2025/01/08 11:58:50 ET]
Table 'Laertes III' 6-max Seat #5 is the button
Seat 1: lymo1951 ($101.68 in chips) 
Seat 2: blistein ($171.22 in chips) 
Seat 3: nastja336 ($222.33 in chips) 
Seat 4: sta$igk ($100 in chips) 
Seat 5: mr.Jckpot ($154.53 in chips) 
Seat 6: TheBraveGirl ($101.87 in chips) 
TheBraveGirl: posts small blind $0.50
lymo1951: posts big blind $1
*** HOLE CARDS ***
blistein: folds 
nastja336: folds 
sta$igk: raises $1.50 to $2.50
mr.Jckpot: folds 
TheBraveGirl: raises $9.50 to $12
lymo1951: folds 
sta$igk: calls $9.50
*** FLOP *** [Ts 5d Ah]
TheBraveGirl: bets $2.50
sta$igk: folds 
Uncalled bet ($2.50) returned to TheBraveGirl
TheBraveGirl collected $23.75 from pot
TheBraveGirl: doesn't show hand 
*** SUMMARY ***
Total pot $25 | Rake $1.25 
Board [Ts 5d Ah]
Seat 1: lymo1951 (big blind) folded before Flop
Seat 2: blistein folded before Flop (didn't bet)
Seat 3: nastja336 folded before Flop (didn't bet)
Seat 4: sta$igk folded on the Flop
Seat 5: mr.Jckpot (button) folded before Flop (didn't bet)
Seat 6: TheBraveGirl (small blind) collected ($23.75)



PokerStars Hand #254263445770:  Hold'em No Limit ($0.50/$1.00 USD) - 2025/01/08 16:59:31 WET [2025/01/08 11:59:31 ET]
Table 'Laertes III' 6-max Seat #6 is the button
Seat 1: lymo1951 ($100.68 in chips) 
Seat 2: blistein ($171.22 in chips) 
Seat 3: nastja336 ($222.33 in chips) 
Seat 4: sta$igk ($100 in chips) 
Seat 5: mr.Jckpot ($154.53 in chips) 
Seat 6: TheBraveGirl ($113.62 in chips) 
lymo1951: posts small blind $0.50
blistein: posts big blind $1
*** HOLE CARDS ***
nastja336: folds 
sta$igk: raises $1.50 to $2.50
mr.Jckpot: raises $5 to $7.50
TheBraveGirl: folds 
lymo1951: calls $7
blistein: folds 
sta$igk: folds 
*** FLOP *** [6d Qs 4s]
lymo1951: checks 
mr.Jckpot: bets $9.67
lymo1951: calls $9.67
*** TURN *** [6d Qs 4s] [Qh]
lymo1951: checks 
mr.Jckpot: bets $21
lymo1951: calls $21
*** RIVER *** [6d Qs 4s Qh] [Th]
lymo1951: checks 
mr.Jckpot: bets $47
lymo1951: calls $47
*** SHOW DOWN ***
mr.Jckpot: shows [Jc Qc] (three of a kind, Queens)
lymo1951: mucks hand 
mr.Jckpot collected $171.34 from pot
*** SUMMARY ***
Total pot $173.84 | Rake $2.50 
Board [6d Qs 4s Qh Th]
Seat 1: lymo1951 (small blind) mucked
Seat 2: blistein (big blind) folded before Flop
Seat 3: nastja336 folded before Flop (didn't bet)
Seat 4: sta$igk folded before Flop
Seat 5: mr.Jckpot showed [Jc Qc] and won ($171.34) with three of a kind, Queens
Seat 6: TheBraveGirl (button) folded before Flop (didn't bet)



PokerStars Hand #254263455640:  Hold'em No Limit ($0.50/$1.00 USD) - 2025/01/08 17:00:21 WET [2025/01/08 12:00:21 ET]
Table 'Laertes III' 6-max Seat #1 is the button
Seat 1: lymo1951 ($15.51 in chips) 
Seat 2: blistein ($170.22 in chips) 
Seat 3: nastja336 ($222.33 in chips) 
Seat 4: sta$igk ($100 in chips) 
Seat 5: mr.Jckpot ($240.70 in chips) 
Seat 6: TheBraveGirl ($113.62 in chips) 
blistein: posts small blind $0.50
nastja336: posts big blind $1
*** HOLE CARDS ***
sta$igk: folds 
mr.Jckpot: folds 
TheBraveGirl: folds 
lymo1951: calls $1
blistein: folds 
nastja336: checks 
*** FLOP *** [6h 9h Jd]
nastja336: checks 
lymo1951: checks 
*** TURN *** [6h 9h Jd] [Qh]
nastja336: checks 
lymo1951: bets $2.38
nastja336: calls $2.38
*** RIVER *** [6h 9h Jd Qh] [4d]
nastja336: checks 
lymo1951: checks 
*** SHOW DOWN ***
nastja336: shows [7c Js] (a pair of Jacks)
lymo1951: mucks hand 
nastja336 collected $6.90 from pot
*** SUMMARY ***
Total pot $7.26 | Rake $0.36 
Board [6h 9h Jd Qh 4d]
Seat 1: lymo1951 (button) mucked
Seat 2: blistein (small blind) folded before Flop
Seat 3: nastja336 (big blind) showed [7c Js] and won ($6.90) with a pair of Jacks
Seat 4: sta$igk folded before Flop (didn't bet)
Seat 5: mr.Jckpot folded before Flop (didn't bet)
Seat 6: TheBraveGirl folded before Flop (didn't bet)



PokerStars Hand #254263462103:  Hold'em No Limit ($0.50/$1.00 USD) - 2025/01/08 17:00:52 WET [2025/01/08 12:00:52 ET]
Table 'Laertes III' 6-max Seat #2 is the button
Seat 1: lymo1951 ($38.48 in chips) 
Seat 2: blistein ($169.72 in chips) 
Seat 3: nastja336 ($225.85 in chips) 
Seat 4: sta$igk ($100 in chips) 
Seat 5: mr.Jckpot ($240.70 in chips) 
Seat 6: TheBraveGirl ($113.62 in chips) 
nastja336: posts small blind $0.50
sta$igk: posts big blind $1
*** HOLE CARDS ***
mr.Jckpot: folds 
TheBraveGirl: folds 
lymo1951: folds 
blistein: folds 
nastja336: folds 
Uncalled bet ($0.50) returned to sta$igk
sta$igk collected $1 from pot
sta$igk: doesn't show hand 
*** SUMMARY ***
Total pot $1 | Rake $0 
Seat 1: lymo1951 folded before Flop (didn't bet)
Seat 2: blistein (button) folded before Flop (didn't bet)
Seat 3: nastja336 (small blind) folded before Flop
Seat 4: sta$igk (big blind) collected ($1)
Seat 5: mr.Jckpot folded before Flop (didn't bet)
Seat 6: TheBraveGirl folded before Flop (didn't bet)



PokerStars Hand #254263464766:  Hold'em No Limit ($0.50/$1.00 USD) - 2025/01/08 17:01:05 WET [2025/01/08 12:01:05 ET]
Table 'Laertes III' 6-max Seat #3 is the button
Seat 1: lymo1951 ($38.48 in chips) 
Seat 2: blistein ($169.72 in chips) 
Seat 3: nastja336 ($225.35 in chips) 
Seat 4: sta$igk ($100.50 in chips) 
Seat 5: mr.Jckpot ($240.70 in chips) 
Seat 6: TheBraveGirl ($113.62 in chips) 
sta$igk: posts small blind $0.50
mr.Jckpot: posts big blind $1
*** HOLE CARDS ***
TheBraveGirl: folds 
lymo1951: folds 
blistein: raises $1.30 to $2.30
nastja336: folds 
sta$igk: folds 
mr.Jckpot: folds 
Uncalled bet ($1.30) returned to blistein
blistein collected $2.50 from pot
blistein: doesn't show hand 
*** SUMMARY ***
Total pot $2.50 | Rake $0 
Seat 1: lymo1951 folded before Flop (didn't bet)
Seat 2: blistein collected ($2.50)
Seat 3: nastja336 (button) folded before Flop (didn't bet)
Seat 4: sta$igk (small blind) folded before Flop
Seat 5: mr.Jckpot (big blind) folded before Flop
Seat 6: TheBraveGirl folded before Flop (didn't bet)



PokerStars Hand #254263469039:  Hold'em No Limit ($0.50/$1.00 USD) - 2025/01/08 17:01:25 WET [2025/01/08 12:01:25 ET]
Table 'Laertes III' 6-max Seat #4 is the button
Seat 1: lymo1951 ($38.48 in chips) 
Seat 2: blistein ($171.22 in chips) 
Seat 3: nastja336 ($225.35 in chips) 
Seat 4: sta$igk ($100 in chips) 
Seat 5: mr.Jckpot ($239.70 in chips) 
Seat 6: TheBraveGirl ($113.62 in chips) 
mr.Jckpot: posts small blind $0.50
TheBraveGirl: posts big blind $1
*** HOLE CARDS ***
lymo1951: raises $2.50 to $3.50
blistein: folds 
nastja336: folds 
sta$igk: folds 
mr.Jckpot: folds 
TheBraveGirl: folds 
Uncalled bet ($2.50) returned to lymo1951
lymo1951 collected $2.50 from pot
lymo1951: doesn't show hand 
*** SUMMARY ***
Total pot $2.50 | Rake $0 
Seat 1: lymo1951 collected ($2.50)
Seat 2: blistein folded before Flop (didn't bet)
Seat 3: nastja336 folded before Flop (didn't bet)
Seat 4: sta$igk (button) folded before Flop (didn't bet)
Seat 5: mr.Jckpot (small blind) folded before Flop
Seat 6: TheBraveGirl (big blind) folded before Flop



PokerStars Hand #254263473460:  Hold'em No Limit ($0.50/$1.00 USD) - 2025/01/08 17:01:44 WET [2025/01/08 12:01:44 ET]
Table 'Laertes III' 6-max Seat #5 is the button
Seat 1: lymo1951 ($39.98 in chips) 
Seat 2: blistein ($171.22 in chips) 
Seat 3: nastja336 ($225.35 in chips) 
Seat 4: sta$igk ($100 in chips) 
Seat 5: mr.Jckpot ($239.20 in chips) 
Seat 6: TheBraveGirl ($112.62 in chips) 
TheBraveGirl: posts small blind $0.50
lymo1951: posts big blind $1
*** HOLE CARDS ***
blistein: folds 
nastja336: folds 
sta$igk: folds 
mr.Jckpot: folds 
TheBraveGirl: raises $2 to $3
lymo1951: calls $2
*** FLOP *** [7c Jd Jc]
TheBraveGirl: bets $1.43
lymo1951: calls $1.43
*** TURN *** [7c Jd Jc] [8h]
TheBraveGirl: checks 
lymo1951: checks 
*** RIVER *** [7c Jd Jc 8h] [6h]
TheBraveGirl: bets $2.10
lymo1951: folds 
Uncalled bet ($2.10) returned to TheBraveGirl
TheBraveGirl collected $8.42 from pot
TheBraveGirl: doesn't show hand 
*** SUMMARY ***
Total pot $8.86 | Rake $0.44 
Board [7c Jd Jc 8h 6h]
Seat 1: lymo1951 (big blind) folded on the River
Seat 2: blistein folded before Flop (didn't bet)
Seat 3: nastja336 folded before Flop (didn't bet)
Seat 4: sta$igk folded before Flop (didn't bet)
Seat 5: mr.Jckpot (button) folded before Flop (didn't bet)
Seat 6: TheBraveGirl (small blind) collected ($8.42)



PokerStars Hand #254263484298:  Hold'em No Limit ($0.50/$1.00 USD) - 2025/01/08 17:02:27 WET [2025/01/08 12:02:27 ET]
Table 'Laertes III' 6-max Seat #6 is the button
Seat 1: lymo1951 ($35.55 in chips) 
Seat 2: blistein ($171.22 in chips) 
Seat 3: nastja336 ($225.35 in chips) 
Seat 4: sta$igk ($100 in chips) 
Seat 5: mr.Jckpot ($239.20 in chips) 
Seat 6: TheBraveGirl ($116.61 in chips) 
lymo1951: posts small blind $0.50
blistein: posts big blind $1
*** HOLE CARDS ***
nastja336: raises $1.50 to $2.50
sta$igk: folds 
mr.Jckpot: folds 
TheBraveGirl: folds 
lymo1951: calls $2
blistein: folds 
*** FLOP *** [Qc 6h 5h]
lymo1951: checks 
nastja336: bets $1.20
lymo1951: raises $8.10 to $9.30
nastja336: calls $8.10
*** TURN *** [Qc 6h 5h] [7h]
lymo1951: bets $23.75 and is all-in
nastja336: calls $23.75
*** RIVER *** [Qc 6h 5h 7h] [Kd]
*** SHOW DOWN ***
lymo1951: shows [Qh 8c] (a pair of Queens)
nastja336: shows [Jc Qs] (a pair of Queens - King+Jack kicker)
nastja336 collected $69.60 from pot
*** SUMMARY ***
Total pot $72.10 | Rake $2.50 
Board [Qc 6h 5h 7h Kd]
Seat 1: lymo1951 (small blind) showed [Qh 8c] and lost with a pair of Queens
Seat 2: blistein (big blind) folded before Flop
Seat 3: nastja336 showed [Jc Qs] and won ($69.60) with a pair of Queens
Seat 4: sta$igk folded before Flop (didn't bet)
Seat 5: mr.Jckpot folded before Flop (didn't bet)
Seat 6: TheBraveGirl (button) folded before Flop (didn't bet)



PokerStars Hand #254263496960:  Hold'em No Limit ($0.50/$1.00 USD) - 2025/01/08 17:03:19 WET [2025/01/08 12:03:19 ET]
Table 'Laertes III' 6-max Seat #2 is the button
Seat 1: lymo1951 ($0 in chips) is sitting out
Seat 2: blistein ($170.22 in chips) 
Seat 3: nastja336 ($259.40 in chips) 
Seat 4: sta$igk ($100 in chips) 
Seat 5: mr.Jckpot ($239.20 in chips) 
Seat 6: TheBraveGirl ($116.61 in chips) 
nastja336: posts small blind $0.50
sta$igk: posts big blind $1
*** HOLE CARDS ***
mr.Jckpot: raises $1.50 to $2.50
lymo1951 leaves the table
TheBraveGirl: raises $5 to $7.50
blistein: folds 
nastja336: folds 
sta$igk: folds 
mr.Jckpot: calls $5
*** FLOP *** [Ah 7s 3s]
nastja336 leaves the table
Desverdi joins the table at seat #1 
Desverdi is disconnected 
mr.Jckpot: checks 
TheBraveGirl: bets $3.92
mr.Jckpot: calls $3.92
*** TURN *** [Ah 7s 3s] [8s]
mr.Jckpot: checks 
AIien Hand joins the table at seat #3 
TheBraveGirl: bets $26.57
mr.Jckpot: folds 
Uncalled bet ($26.57) returned to TheBraveGirl
TheBraveGirl collected $23.12 from pot
TheBraveGirl: doesn't show hand 
*** SUMMARY ***
Total pot $24.34 | Rake $1.22 
Board [Ah 7s 3s 8s]
Seat 1: lymo1951
Seat 2: blistein (button) folded before Flop (didn't bet)
Seat 3: nastja336 (small blind) folded before Flop
Seat 4: sta$igk (big blind) folded before Flop
Seat 5: mr.Jckpot folded on the Turn
Seat 6: TheBraveGirl collected ($23.12)



PokerStars Hand #254263510456:  Hold'em No Limit ($0.50/$1.00 USD) - 2025/01/08 17:04:12 WET [2025/01/08 12:04:12 ET]
Table 'Laertes III' 6-max Seat #4 is the button
Seat 1: Desverdi ($10 in chips) is sitting out
Seat 3: AIien Hand ($100 in chips) is sitting out
Seat 2: blistein ($170.22 in chips) 
Seat 4: sta$igk ($100 in chips) 
Seat 5: mr.Jckpot ($227.78 in chips) 
Seat 6: TheBraveGirl ($128.31 in chips) 
mr.Jckpot: posts small blind $0.50
TheBraveGirl: posts big blind $1
Desverdi: sits out 
AIien Hand: sits out 
*** HOLE CARDS ***
blistein: folds 
sta$igk: raises $1.50 to $2.50
mr.Jckpot: folds 
TheBraveGirl: folds 
Uncalled bet ($1.50) returned to sta$igk
sta$igk collected $2.50 from pot
sta$igk: doesn't show hand 
*** SUMMARY ***
Total pot $2.50 | Rake $0 
Seat 1: Desverdi
Seat 3: AIien Hand
Seat 2: blistein folded before Flop (didn't bet)
Seat 4: sta$igk (button) collected ($2.50)
Seat 5: mr.Jckpot (small blind) folded before Flop
Seat 6: TheBraveGirl (big blind) folded before Flop



PokerStars Hand #254263513265:  Hold'em No Limit ($0.50/$1.00 USD) - 2025/01/08 17:04:23 WET [2025/01/08 12:04:23 ET]
Table 'Laertes III' 6-max Seat #5 is the button
Seat 3: AIien Hand ($100 in chips) is sitting out
Seat 1: Desverdi ($10 in chips) 
Seat 2: blistein ($170.22 in chips) 
Seat 4: sta$igk ($101.50 in chips) 
Seat 5: mr.Jckpot ($227.28 in chips) 
Seat 6: TheBraveGirl ($127.31 in chips) 
TheBraveGirl: posts small blind $0.50
Desverdi: posts big blind $1
AIien Hand: sits out 
*** HOLE CARDS ***
blistein: raises $1.20 to $2.20
sta$igk: folds 
mr.Jckpot: folds 
TheBraveGirl: folds 
Desverdi: raises $7.80 to $10 and is all-in
blistein: calls $7.80
*** FLOP *** [As 2d 4s]
*** TURN *** [As 2d 4s] [Qs]
*** RIVER *** [As 2d 4s Qs] [6d]
*** SHOW DOWN ***
Desverdi: shows [Jd Jh] (a pair of Jacks)
blistein: shows [Ac Ad] (three of a kind, Aces)
blistein collected $19.48 from pot
*** SUMMARY ***
Total pot $20.50 | Rake $1.02 
Board [As 2d 4s Qs 6d]
Seat 3: AIien Hand
Seat 1: Desverdi (big blind) showed [Jd Jh] and lost with a pair of Jacks
Seat 2: blistein showed [Ac Ad] and won ($19.48) with three of a kind, Aces
Seat 4: sta$igk folded before Flop (didn't bet)
Seat 5: mr.Jckpot (button) folded before Flop (didn't bet)
Seat 6: TheBraveGirl (small blind) folded before Flop



PokerStars Hand #254263520693:  Hold'em No Limit ($0.50/$1.00 USD) - 2025/01/08 17:04:52 WET [2025/01/08 12:04:52 ET]
Table 'Laertes III' 6-max Seat #6 is the button
Seat 1: Desverdi ($0 in chips) is sitting out
Seat 2: blistein ($179.70 in chips) 
Seat 3: AIien Hand ($100 in chips) 
Seat 4: sta$igk ($101.50 in chips) 
Seat 5: mr.Jckpot ($227.28 in chips) 
Seat 6: TheBraveGirl ($126.81 in chips) 
blistein: posts small blind $0.50
AIien Hand: posts big blind $1
*** HOLE CARDS ***
sta$igk: folds 
mr.Jckpot: folds 
TheBraveGirl: folds 
blistein: raises $2 to $3
AIien Hand: raises $6 to $9
blistein: folds 
Uncalled bet ($6) returned to AIien Hand
AIien Hand collected $6 from pot
AIien Hand: doesn't show hand 
*** SUMMARY ***
Total pot $6 | Rake $0 
Seat 1: Desverdi
Seat 2: blistein (small blind) folded before Flop
Seat 3: AIien Hand (big blind) collected ($6)
Seat 4: sta$igk folded before Flop (didn't bet)
Seat 5: mr.Jckpot folded before Flop (didn't bet)
Seat 6: TheBraveGirl (button) folded before Flop (didn't bet)



PokerStars Hand #254263527261:  Hold'em No Limit ($0.50/$1.00 USD) - 2025/01/08 17:05:18 WET [2025/01/08 12:05:18 ET]
Table 'Laertes III' 6-max Seat #2 is the button
Seat 1: Desverdi ($100 in chips) 
Seat 2: blistein ($176.70 in chips) 
Seat 3: AIien Hand ($103 in chips) 
Seat 4: sta$igk ($101.50 in chips) 
Seat 5: mr.Jckpot ($227.28 in chips) 
Seat 6: TheBraveGirl ($126.81 in chips) 
AIien Hand: posts small blind $0.50
sta$igk: posts big blind $1
Desverdi: posts small blind $0.50
*** HOLE CARDS ***
mr.Jckpot: folds 
TheBraveGirl: folds 
Desverdi: calls $1
blistein: folds 
AIien Hand: raises $3 to $4
sta$igk: folds 
Desverdi: calls $3
*** FLOP *** [3s 7c 4d]
AIien Hand: checks 
Desverdi: bets $2
AIien Hand: raises $6 to $8
Desverdi: calls $6
*** TURN *** [3s 7c 4d] [Th]
AIien Hand: bets $17.42
Desverdi: folds 
Uncalled bet ($17.42) returned to AIien Hand
AIien Hand collected $24.22 from pot
AIien Hand: doesn't show hand 
*** SUMMARY ***
Total pot $25.50 | Rake $1.28 
Board [3s 7c 4d Th]
Seat 1: Desverdi folded on the Turn
Seat 2: blistein (button) folded before Flop (didn't bet)
Seat 3: AIien Hand (small blind) collected ($24.22)
Seat 4: sta$igk (big blind) folded before Flop
Seat 5: mr.Jckpot folded before Flop (didn't bet)
Seat 6: TheBraveGirl folded before Flop (didn't bet)



PokerStars Hand #254263547103:  Hold'em No Limit ($0.50/$1.00 USD) - 2025/01/08 17:06:35 WET [2025/01/08 12:06:35 ET]
Table 'Laertes III' 6-max Seat #3 is the button
Seat 1: Desverdi ($87.50 in chips) 
Seat 2: blistein ($176.70 in chips) 
Seat 3: AIien Hand ($115.22 in chips) 
Seat 4: sta$igk ($100.50 in chips) 
Seat 5: mr.Jckpot ($227.28 in chips) 
Seat 6: TheBraveGirl ($126.81 in chips) 
sta$igk: posts small blind $0.50
mr.Jckpot: posts big blind $1
*** HOLE CARDS ***
TheBraveGirl: folds 
Desverdi: calls $1
blistein: folds 
AIien Hand: folds 
sta$igk: raises $4 to $5
mr.Jckpot: folds 
blistein leaves the table
Desverdi: calls $4
*** FLOP *** [7h 6h Kc]
sta$igk: checks 
Desverdi: bets $2
sta$igk: folds 
Uncalled bet ($2) returned to Desverdi
Desverdi collected $10.45 from pot
*** SUMMARY ***
Total pot $11 | Rake $0.55 
Board [7h 6h Kc]
Seat 1: Desverdi collected ($10.45)
Seat 2: blistein folded before Flop (didn't bet)
Seat 3: AIien Hand (button) folded before Flop (didn't bet)
Seat 4: sta$igk (small blind) folded on the Flop
Seat 5: mr.Jckpot (big blind) folded before Flop
Seat 6: TheBraveGirl folded before Flop (didn't bet)



PokerStars Hand #254263556820:  Hold'em No Limit ($0.50/$1.00 USD) - 2025/01/08 17:07:14 WET [2025/01/08 12:07:14 ET]
Table 'Laertes III' 6-max Seat #4 is the button
Seat 1: Desverdi ($92.95 in chips) 
Seat 3: AIien Hand ($115.22 in chips) 
Seat 4: sta$igk ($100 in chips) 
Seat 5: mr.Jckpot ($226.28 in chips) 
Seat 6: TheBraveGirl ($126.81 in chips) 
mr.Jckpot: posts small blind $0.50
TheBraveGirl: posts big blind $1
*** HOLE CARDS ***
Desverdi: calls $1
AIien Hand: raises $1.20 to $2.20
sta$igk: folds 
mr.Jckpot: folds 
TheBraveGirl: folds 
Desverdi: calls $1.20
*** FLOP *** [6c 5c 3s]
ThiagoKigami joins the table at seat #2 
Desverdi: checks 
AIien Hand: checks 
*** TURN *** [6c 5c 3s] [2h]
Desverdi: checks 
AIien Hand: checks 
*** RIVER *** [6c 5c 3s 2h] [2c]
Desverdi: checks 
AIien Hand: checks 
*** SHOW DOWN ***
Desverdi: shows [8h Jh] (a pair of Deuces)
AIien Hand: shows [9d As] (a pair of Deuces - Ace kicker)
AIien Hand collected $5.60 from pot
*** SUMMARY ***
Total pot $5.90 | Rake $0.30 
Board [6c 5c 3s 2h 2c]
Seat 1: Desverdi showed [8h Jh] and lost with a pair of Deuces
Seat 3: AIien Hand showed [9d As] and won ($5.60) with a pair of Deuces
Seat 4: sta$igk (button) folded before Flop (didn't bet)
Seat 5: mr.Jckpot (small blind) folded before Flop
Seat 6: TheBraveGirl (big blind) folded before Flop



PokerStars Hand #254263570493:  Hold'em No Limit ($0.50/$1.00 USD) - 2025/01/08 17:08:08 WET [2025/01/08 12:08:08 ET]
Table 'Laertes III' 6-max Seat #5 is the button
Seat 2: ThiagoKigami ($100 in chips) is sitting out
Seat 1: Desverdi ($90.75 in chips) 
Seat 3: AIien Hand ($118.62 in chips) 
Seat 4: sta$igk ($100 in chips) 
Seat 5: mr.Jckpot ($225.78 in chips) 
Seat 6: TheBraveGirl ($125.81 in chips) 
TheBraveGirl: posts small blind $0.50
Desverdi: posts big blind $1
ThiagoKigami: sits out 
*** HOLE CARDS ***
AIien Hand: folds 
sta$igk: folds 
mr.Jckpot: folds 
TheBraveGirl: raises $2 to $3
Desverdi: folds 
Uncalled bet ($2) returned to TheBraveGirl
TheBraveGirl collected $2 from pot
TheBraveGirl: doesn't show hand 
*** SUMMARY ***
Total pot $2 | Rake $0 
Seat 2: ThiagoKigami
Seat 1: Desverdi (big blind) folded before Flop
Seat 3: AIien Hand folded before Flop (didn't bet)
Seat 4: sta$igk folded before Flop (didn't bet)
Seat 5: mr.Jckpot (button) folded before Flop (didn't bet)
Seat 6: TheBraveGirl (small blind) collected ($2)



PokerStars Hand #254263574410:  Hold'em No Limit ($0.50/$1.00 USD) - 2025/01/08 17:08:23 WET [2025/01/08 12:08:23 ET]
Table 'Laertes III' 6-max Seat #6 is the button
Seat 1: Desverdi ($89.75 in chips) 
Seat 2: ThiagoKigami ($100 in chips) 
Seat 3: AIien Hand ($118.62 in chips) 
Seat 4: sta$igk ($100 in chips) 
Seat 5: mr.Jckpot ($225.78 in chips) 
Seat 6: TheBraveGirl ($126.81 in chips) 
Desverdi: posts small blind $0.50
ThiagoKigami: posts big blind $1
*** HOLE CARDS ***
AIien Hand: folds 
sta$igk: folds 
mr.Jckpot: folds 
TheBraveGirl: folds 
Desverdi: folds 
Uncalled bet ($0.50) returned to ThiagoKigami
ThiagoKigami collected $1 from pot
ThiagoKigami: doesn't show hand 
*** SUMMARY ***
Total pot $1 | Rake $0 
Seat 1: Desverdi (small blind) folded before Flop
Seat 2: ThiagoKigami (big blind) collected ($1)
Seat 3: AIien Hand folded before Flop (didn't bet)
Seat 4: sta$igk folded before Flop (didn't bet)
Seat 5: mr.Jckpot folded before Flop (didn't bet)
Seat 6: TheBraveGirl (button) folded before Flop (didn't bet)



PokerStars Hand #254263578695:  Hold'em No Limit ($0.50/$1.00 USD) - 2025/01/08 17:08:40 WET [2025/01/08 12:08:40 ET]
Table 'Laertes III' 6-max Seat #1 is the button
Seat 1: Desverdi ($89.25 in chips) 
Seat 2: ThiagoKigami ($100.50 in chips) 
Seat 3: AIien Hand ($118.62 in chips) 
Seat 4: sta$igk ($100 in chips) 
Seat 5: mr.Jckpot ($225.78 in chips) 
Seat 6: TheBraveGirl ($126.81 in chips) 
ThiagoKigami: posts small blind $0.50
AIien Hand: posts big blind $1
*** HOLE CARDS ***
sta$igk: folds 
mr.Jckpot: folds 
TheBraveGirl: folds 
Desverdi: folds 
ThiagoKigami: raises $2 to $3
AIien Hand: folds 
Uncalled bet ($2) returned to ThiagoKigami
ThiagoKigami collected $2 from pot
ThiagoKigami: doesn't show hand 
*** SUMMARY ***
Total pot $2 | Rake $0 
Seat 1: Desverdi (button) folded before Flop (didn't bet)
Seat 2: ThiagoKigami (small blind) collected ($2)
Seat 3: AIien Hand (big blind) folded before Flop
Seat 4: sta$igk folded before Flop (didn't bet)
Seat 5: mr.Jckpot folded before Flop (didn't bet)
Seat 6: TheBraveGirl folded before Flop (didn't bet)



PokerStars Hand #254263583157:  Hold'em No Limit ($0.50/$1.00 USD) - 2025/01/08 17:08:57 WET [2025/01/08 12:08:57 ET]
Table 'Laertes III' 6-max Seat #2 is the button
Seat 1: Desverdi ($89.25 in chips) 
Seat 2: ThiagoKigami ($101.50 in chips) 
Seat 3: AIien Hand ($117.62 in chips) 
Seat 4: sta$igk ($100 in chips) 
Seat 5: mr.Jckpot ($225.78 in chips) 
Seat 6: TheBraveGirl ($126.81 in chips) 
AIien Hand: posts small blind $0.50
sta$igk: posts big blind $1
*** HOLE CARDS ***
mr.Jckpot: folds 
TheBraveGirl: folds 
Desverdi: folds 
ThiagoKigami: folds 
AIien Hand: folds 
Uncalled bet ($0.50) returned to sta$igk
sta$igk collected $1 from pot
sta$igk: doesn't show hand 
*** SUMMARY ***
Total pot $1 | Rake $0 
Seat 1: Desverdi folded before Flop (didn't bet)
Seat 2: ThiagoKigami (button) folded before Flop (didn't bet)
Seat 3: AIien Hand (small blind) folded before Flop
Seat 4: sta$igk (big blind) collected ($1)
Seat 5: mr.Jckpot folded before Flop (didn't bet)
Seat 6: TheBraveGirl folded before Flop (didn't bet)



PokerStars Hand #254263586830:  Hold'em No Limit ($0.50/$1.00 USD) - 2025/01/08 17:09:12 WET [2025/01/08 12:09:12 ET]
Table 'Laertes III' 6-max Seat #3 is the button
Seat 1: Desverdi ($89.25 in chips) 
Seat 2: ThiagoKigami ($101.50 in chips) 
Seat 3: AIien Hand ($117.12 in chips) 
Seat 4: sta$igk ($100.50 in chips) 
Seat 5: mr.Jckpot ($225.78 in chips) 
Seat 6: TheBraveGirl ($126.81 in chips) 
sta$igk: posts small blind $0.50
mr.Jckpot: posts big blind $1
*** HOLE CARDS ***
TheBraveGirl: folds 
Desverdi: folds 
ThiagoKigami: folds 
AIien Hand: raises $1.50 to $2.50
sta$igk: folds 
mr.Jckpot: calls $1.50
*** FLOP *** [Jc 2h 6h]
mr.Jckpot: checks 
AIien Hand: bets $2.09
mr.Jckpot: folds 
Uncalled bet ($2.09) returned to AIien Hand
AIien Hand collected $5.22 from pot
AIien Hand: doesn't show hand 
*** SUMMARY ***
Total pot $5.50 | Rake $0.28 
Board [Jc 2h 6h]
Seat 1: Desverdi folded before Flop (didn't bet)
Seat 2: ThiagoKigami folded before Flop (didn't bet)
Seat 3: AIien Hand (button) collected ($5.22)
Seat 4: sta$igk (small blind) folded before Flop
Seat 5: mr.Jckpot (big blind) folded on the Flop
Seat 6: TheBraveGirl folded before Flop (didn't bet)



PokerStars Hand #254263598293:  Hold'em No Limit ($0.50/$1.00 USD) - 2025/01/08 17:09:56 WET [2025/01/08 12:09:56 ET]
Table 'Laertes III' 6-max Seat #4 is the button
Seat 1: Desverdi ($89.25 in chips) 
Seat 2: ThiagoKigami ($101.50 in chips) 
Seat 3: AIien Hand ($119.84 in chips) 
Seat 4: sta$igk ($100 in chips) 
Seat 5: mr.Jckpot ($223.28 in chips) 
Seat 6: TheBraveGirl ($126.81 in chips) 
mr.Jckpot: posts small blind $0.50
TheBraveGirl: posts big blind $1
*** HOLE CARDS ***
Desverdi: folds 
ThiagoKigami: folds 
AIien Hand: raises $1.20 to $2.20
sta$igk: folds 
mr.Jckpot: folds 
TheBraveGirl: calls $1.20
*** FLOP *** [8h Ks Jd]
TheBraveGirl: checks 
AIien Hand: bets $6.99
TheBraveGirl: folds 
Uncalled bet ($6.99) returned to AIien Hand
AIien Hand collected $4.66 from pot
AIien Hand: doesn't show hand 
*** SUMMARY ***
Total pot $4.90 | Rake $0.24 
Board [8h Ks Jd]
Seat 1: Desverdi folded before Flop (didn't bet)
Seat 2: ThiagoKigami folded before Flop (didn't bet)
Seat 3: AIien Hand collected ($4.66)
Seat 4: sta$igk (button) folded before Flop (didn't bet)
Seat 5: mr.Jckpot (small blind) folded before Flop
Seat 6: TheBraveGirl (big blind) folded on the Flop



PokerStars Hand #254263613594:  Hold'em No Limit ($0.50/$1.00 USD) - 2025/01/08 17:10:55 WET [2025/01/08 12:10:55 ET]
Table 'Laertes III' 6-max Seat #5 is the button
Seat 1: Desverdi ($89.25 in chips) 
Seat 2: ThiagoKigami ($101.50 in chips) 
Seat 3: AIien Hand ($122.30 in chips) 
Seat 4: sta$igk ($100 in chips) 
Seat 5: mr.Jckpot ($222.78 in chips) 
Seat 6: TheBraveGirl ($124.61 in chips) 
TheBraveGirl: posts small blind $0.50
Desverdi: posts big blind $1
*** HOLE CARDS ***
ThiagoKigami: folds 
AIien Hand: folds 
sta$igk: folds 
mr.Jckpot: folds 
TheBraveGirl: folds 
Uncalled bet ($0.50) returned to Desverdi
Desverdi collected $1 from pot
*** SUMMARY ***
Total pot $1 | Rake $0 
Seat 1: Desverdi (big blind) collected ($1)
Seat 2: ThiagoKigami folded before Flop (didn't bet)
Seat 3: AIien Hand folded before Flop (didn't bet)
Seat 4: sta$igk folded before Flop (didn't bet)
Seat 5: mr.Jckpot (button) folded before Flop (didn't bet)
Seat 6: TheBraveGirl (small blind) folded before Flop



PokerStars Hand #254263617471:  Hold'em No Limit ($0.50/$1.00 USD) - 2025/01/08 17:11:09 WET [2025/01/08 12:11:09 ET]
Table 'Laertes III' 6-max Seat #6 is the button
Seat 1: Desverdi ($89.75 in chips) 
Seat 2: ThiagoKigami ($101.50 in chips) 
Seat 3: AIien Hand ($122.30 in chips) 
Seat 4: sta$igk ($100 in chips) 
Seat 5: mr.Jckpot ($222.78 in chips) 
Seat 6: TheBraveGirl ($124.11 in chips) 
Desverdi: posts small blind $0.50
ThiagoKigami: posts big blind $1
*** HOLE CARDS ***
AIien Hand: folds 
sta$igk: folds 
mr.Jckpot: folds 
TheBraveGirl: raises $1 to $2
Desverdi: folds 
ThiagoKigami: folds 
Uncalled bet ($1) returned to TheBraveGirl
TheBraveGirl collected $2.50 from pot
TheBraveGirl: doesn't show hand 
*** SUMMARY ***
Total pot $2.50 | Rake $0 
Seat 1: Desverdi (small blind) folded before Flop
Seat 2: ThiagoKigami (big blind) folded before Flop
Seat 3: AIien Hand folded before Flop (didn't bet)
Seat 4: sta$igk folded before Flop (didn't bet)
Seat 5: mr.Jckpot folded before Flop (didn't bet)
Seat 6: TheBraveGirl (button) collected ($2.50)



PokerStars Hand #254263621471:  Hold'em No Limit ($0.50/$1.00 USD) - 2025/01/08 17:11:24 WET [2025/01/08 12:11:24 ET]
Table 'Laertes III' 6-max Seat #1 is the button
Seat 1: Desverdi ($89.25 in chips) 
Seat 2: ThiagoKigami ($100.50 in chips) 
Seat 3: AIien Hand ($122.30 in chips) 
Seat 4: sta$igk ($100 in chips) 
Seat 5: mr.Jckpot ($222.78 in chips) 
Seat 6: TheBraveGirl ($125.61 in chips) 
ThiagoKigami: posts small blind $0.50
AIien Hand: posts big blind $1
*** HOLE CARDS ***
sta$igk: folds 
mr.Jckpot: folds 
TheBraveGirl: folds 
Desverdi: calls $1
ThiagoKigami: folds 
AIien Hand: checks 
*** FLOP *** [7d Ts Ac]
AIien Hand: checks 
Desverdi: checks 
*** TURN *** [7d Ts Ac] [Ad]
AIien Hand: bets $1.31
Desverdi: calls $1.31
*** RIVER *** [7d Ts Ac Ad] [Ah]
AIien Hand: bets $2.67
Desverdi: calls $2.67
*** SHOW DOWN ***
AIien Hand: shows [Js 3h] (three of a kind, Aces)
Desverdi: shows [Th Ks] (a full house, Aces full of Tens)
Desverdi collected $9.94 from pot
*** SUMMARY ***
Total pot $10.46 | Rake $0.52 
Board [7d Ts Ac Ad Ah]
Seat 1: Desverdi (button) showed [Th Ks] and won ($9.94) with a full house, Aces full of Tens
Seat 2: ThiagoKigami (small blind) folded before Flop
Seat 3: AIien Hand (big blind) showed [Js 3h] and lost with three of a kind, Aces
Seat 4: sta$igk folded before Flop (didn't bet)
Seat 5: mr.Jckpot folded before Flop (didn't bet)
Seat 6: TheBraveGirl folded before Flop (didn't bet)



PokerStars Hand #254263634670:  Hold'em No Limit ($0.50/$1.00 USD) - 2025/01/08 17:12:13 WET [2025/01/08 12:12:13 ET]
Table 'Laertes III' 6-max Seat #2 is the button
Seat 1: Desverdi ($94.21 in chips) 
Seat 2: ThiagoKigami ($100 in chips) 
Seat 3: AIien Hand ($117.32 in chips) 
Seat 4: sta$igk ($100 in chips) 
Seat 5: mr.Jckpot ($222.78 in chips) 
Seat 6: TheBraveGirl ($125.61 in chips) 
AIien Hand: posts small blind $0.50
sta$igk: posts big blind $1
*** HOLE CARDS ***
mr.Jckpot: raises $1.50 to $2.50
TheBraveGirl: folds 
Desverdi: folds 
ThiagoKigami: folds 
AIien Hand: folds 
sta$igk: folds 
Uncalled bet ($1.50) returned to mr.Jckpot
mr.Jckpot collected $2.50 from pot
mr.Jckpot: doesn't show hand 
*** SUMMARY ***
Total pot $2.50 | Rake $0 
Seat 1: Desverdi folded before Flop (didn't bet)
Seat 2: ThiagoKigami (button) folded before Flop (didn't bet)
Seat 3: AIien Hand (small blind) folded before Flop
Seat 4: sta$igk (big blind) folded before Flop
Seat 5: mr.Jckpot collected ($2.50)
Seat 6: TheBraveGirl folded before Flop (didn't bet)



PokerStars Hand #254263639301:  Hold'em No Limit ($0.50/$1.00 USD) - 2025/01/08 17:12:31 WET [2025/01/08 12:12:31 ET]
Table 'Laertes III' 6-max Seat #3 is the button
Seat 1: Desverdi ($94.21 in chips) 
Seat 2: ThiagoKigami ($100 in chips) 
Seat 3: AIien Hand ($116.82 in chips) 
Seat 4: sta$igk ($100 in chips) 
Seat 5: mr.Jckpot ($224.28 in chips) 
Seat 6: TheBraveGirl ($125.61 in chips) 
sta$igk: posts small blind $0.50
mr.Jckpot: posts big blind $1
*** HOLE CARDS ***
TheBraveGirl: folds 
Desverdi: folds 
ThiagoKigami: raises $1.40 to $2.40
AIien Hand: folds 
sta$igk: folds 
mr.Jckpot: folds 
Uncalled bet ($1.40) returned to ThiagoKigami
ThiagoKigami collected $2.50 from pot
ThiagoKigami: doesn't show hand 
*** SUMMARY ***
Total pot $2.50 | Rake $0 
Seat 1: Desverdi folded before Flop (didn't bet)
Seat 2: ThiagoKigami collected ($2.50)
Seat 3: AIien Hand (button) folded before Flop (didn't bet)
Seat 4: sta$igk (small blind) folded before Flop
Seat 5: mr.Jckpot (big blind) folded before Flop
Seat 6: TheBraveGirl folded before Flop (didn't bet)



PokerStars Hand #254263645218:  Hold'em No Limit ($0.50/$1.00 USD) - 2025/01/08 17:12:53 WET [2025/01/08 12:12:53 ET]
Table 'Laertes III' 6-max Seat #4 is the button
Seat 1: Desverdi ($94.21 in chips) 
Seat 2: ThiagoKigami ($101.50 in chips) 
Seat 3: AIien Hand ($116.82 in chips) 
Seat 4: sta$igk ($100 in chips) 
Seat 5: mr.Jckpot ($223.28 in chips) 
Seat 6: TheBraveGirl ($125.61 in chips) 
mr.Jckpot: posts small blind $0.50
TheBraveGirl: posts big blind $1
*** HOLE CARDS ***
Desverdi: folds 
ThiagoKigami: folds 
AIien Hand: folds 
sta$igk: folds 
mr.Jckpot: folds 
Uncalled bet ($0.50) returned to TheBraveGirl
TheBraveGirl collected $1 from pot
TheBraveGirl: doesn't show hand 
*** SUMMARY ***
Total pot $1 | Rake $0 
Seat 1: Desverdi folded before Flop (didn't bet)
Seat 2: ThiagoKigami folded before Flop (didn't bet)
Seat 3: AIien Hand folded before Flop (didn't bet)
Seat 4: sta$igk (button) folded before Flop (didn't bet)
Seat 5: mr.Jckpot (small blind) folded before Flop
Seat 6: TheBraveGirl (big blind) collected ($1)



PokerStars Hand #254263647885:  Hold'em No Limit ($0.50/$1.00 USD) - 2025/01/08 17:13:03 WET [2025/01/08 12:13:03 ET]
Table 'Laertes III' 6-max Seat #5 is the button
Seat 1: Desverdi ($94.21 in chips) 
Seat 2: ThiagoKigami ($101.50 in chips) 
Seat 3: AIien Hand ($116.82 in chips) 
Seat 4: sta$igk ($100 in chips) 
Seat 5: mr.Jckpot ($222.78 in chips) 
Seat 6: TheBraveGirl ($126.11 in chips) 
TheBraveGirl: posts small blind $0.50
Desverdi: posts big blind $1
*** HOLE CARDS ***
ThiagoKigami: folds 
AIien Hand: raises $1.20 to $2.20
sta$igk: folds 
mr.Jckpot: folds 
TheBraveGirl: folds 
Desverdi: folds 
Uncalled bet ($1.20) returned to AIien Hand
AIien Hand collected $2.50 from pot
AIien Hand: doesn't show hand 
*** SUMMARY ***
Total pot $2.50 | Rake $0 
Seat 1: Desverdi (big blind) folded before Flop
Seat 2: ThiagoKigami folded before Flop (didn't bet)
Seat 3: AIien Hand collected ($2.50)
Seat 4: sta$igk folded before Flop (didn't bet)
Seat 5: mr.Jckpot (button) folded before Flop (didn't bet)
Seat 6: TheBraveGirl (small blind) folded before Flop



PokerStars Hand #254263654772:  Hold'em No Limit ($0.50/$1.00 USD) - 2025/01/08 17:13:28 WET [2025/01/08 12:13:28 ET]
Table 'Laertes III' 6-max Seat #6 is the button
Seat 1: Desverdi ($93.21 in chips) 
Seat 2: ThiagoKigami ($101.50 in chips) 
Seat 3: AIien Hand ($118.32 in chips) 
Seat 4: sta$igk ($100 in chips) 
Seat 5: mr.Jckpot ($222.78 in chips) 
Seat 6: TheBraveGirl ($125.61 in chips) 
Desverdi: posts small blind $0.50
ThiagoKigami: posts big blind $1
*** HOLE CARDS ***
AIien Hand: folds 
sta$igk: folds 
mr.Jckpot: raises $1.50 to $2.50
TheBraveGirl: folds 
Desverdi: folds 
ThiagoKigami: folds 
Uncalled bet ($1.50) returned to mr.Jckpot
mr.Jckpot collected $2.50 from pot
mr.Jckpot: doesn't show hand 
*** SUMMARY ***
Total pot $2.50 | Rake $0 
Seat 1: Desverdi (small blind) folded before Flop
Seat 2: ThiagoKigami (big blind) folded before Flop
Seat 3: AIien Hand folded before Flop (didn't bet)
Seat 4: sta$igk folded before Flop (didn't bet)
Seat 5: mr.Jckpot collected ($2.50)
Seat 6: TheBraveGirl (button) folded before Flop (didn't bet)



PokerStars Hand #254263661634:  Hold'em No Limit ($0.50/$1.00 USD) - 2025/01/08 17:13:54 WET [2025/01/08 12:13:54 ET]
Table 'Laertes III' 6-max Seat #1 is the button
Seat 1: Desverdi ($92.71 in chips) 
Seat 2: ThiagoKigami ($100.50 in chips) 
Seat 3: AIien Hand ($118.32 in chips) 
Seat 4: sta$igk ($100 in chips) 
Seat 5: mr.Jckpot ($224.28 in chips) 
Seat 6: TheBraveGirl ($125.61 in chips) 
ThiagoKigami: posts small blind $0.50
AIien Hand: posts big blind $1
*** HOLE CARDS ***
sta$igk: folds 
mr.Jckpot: folds 
TheBraveGirl: folds 
Desverdi: folds 
ThiagoKigami: folds 
Uncalled bet ($0.50) returned to AIien Hand
AIien Hand collected $1 from pot
AIien Hand: doesn't show hand 
*** SUMMARY ***
Total pot $1 | Rake $0 
Seat 1: Desverdi (button) folded before Flop (didn't bet)
Seat 2: ThiagoKigami (small blind) folded before Flop
Seat 3: AIien Hand (big blind) collected ($1)
Seat 4: sta$igk folded before Flop (didn't bet)
Seat 5: mr.Jckpot folded before Flop (didn't bet)
Seat 6: TheBraveGirl folded before Flop (didn't bet)



PokerStars Hand #254263666424:  Hold'em No Limit ($0.50/$1.00 USD) - 2025/01/08 17:14:12 WET [2025/01/08 12:14:12 ET]
Table 'Laertes III' 6-max Seat #2 is the button
Seat 1: Desverdi ($92.71 in chips) 
Seat 2: ThiagoKigami ($100 in chips) 
Seat 3: AIien Hand ($118.82 in chips) 
Seat 4: sta$igk ($100 in chips) 
Seat 5: mr.Jckpot ($224.28 in chips) 
Seat 6: TheBraveGirl ($125.61 in chips) 
AIien Hand: posts small blind $0.50
sta$igk: posts big blind $1
*** HOLE CARDS ***
mr.Jckpot: folds 
TheBraveGirl: folds 
Desverdi: folds 
ThiagoKigami: folds 
AIien Hand: folds 
Uncalled bet ($0.50) returned to sta$igk
sta$igk collected $1 from pot
sta$igk: doesn't show hand 
*** SUMMARY ***
Total pot $1 | Rake $0 
Seat 1: Desverdi folded before Flop (didn't bet)
Seat 2: ThiagoKigami (button) folded before Flop (didn't bet)
Seat 3: AIien Hand (small blind) folded before Flop
Seat 4: sta$igk (big blind) collected ($1)
Seat 5: mr.Jckpot folded before Flop (didn't bet)
Seat 6: TheBraveGirl folded before Flop (didn't bet)



PokerStars Hand #254263668722:  Hold'em No Limit ($0.50/$1.00 USD) - 2025/01/08 17:14:21 WET [2025/01/08 12:14:21 ET]
Table 'Laertes III' 6-max Seat #3 is the button
Seat 1: Desverdi ($92.71 in chips) 
Seat 2: ThiagoKigami ($100 in chips) 
Seat 3: AIien Hand ($118.32 in chips) 
Seat 4: sta$igk ($100.50 in chips) 
Seat 5: mr.Jckpot ($224.28 in chips) 
Seat 6: TheBraveGirl ($125.61 in chips) 
sta$igk: posts small blind $0.50
mr.Jckpot: posts big blind $1
*** HOLE CARDS ***
TheBraveGirl: folds 
Desverdi: folds 
ThiagoKigami: folds 
AIien Hand: raises $1.50 to $2.50
sta$igk: folds 
mr.Jckpot: raises $9.50 to $12
AIien Hand: folds 
Uncalled bet ($9.50) returned to mr.Jckpot
mr.Jckpot collected $5.50 from pot
mr.Jckpot: doesn't show hand 
*** SUMMARY ***
Total pot $5.50 | Rake $0 
Seat 1: Desverdi folded before Flop (didn't bet)
Seat 2: ThiagoKigami folded before Flop (didn't bet)
Seat 3: AIien Hand (button) folded before Flop
Seat 4: sta$igk (small blind) folded before Flop
Seat 5: mr.Jckpot (big blind) collected ($5.50)
Seat 6: TheBraveGirl folded before Flop (didn't bet)



PokerStars Hand #254263679251:  Hold'em No Limit ($0.50/$1.00 USD) - 2025/01/08 17:14:59 WET [2025/01/08 12:14:59 ET]
Table 'Laertes III' 6-max Seat #4 is the button
Seat 1: Desverdi ($92.71 in chips) 
Seat 2: ThiagoKigami ($100 in chips) 
Seat 3: AIien Hand ($115.82 in chips) 
Seat 4: sta$igk ($100 in chips) 
Seat 5: mr.Jckpot ($227.28 in chips) 
Seat 6: TheBraveGirl ($125.61 in chips) 
mr.Jckpot: posts small blind $0.50
TheBraveGirl: posts big blind $1
*** HOLE CARDS ***
Desverdi: calls $1
ThiagoKigami: calls $1
AIien Hand: folds 
sta$igk: folds 
mr.Jckpot: folds 
TheBraveGirl: checks 
*** FLOP *** [Kc Ah Kh]
TheBraveGirl: checks 
Desverdi is disconnected 
Desverdi has timed out while disconnected
Desverdi: checks 
ThiagoKigami: checks 
*** TURN *** [Kc Ah Kh] [7c]
TheBraveGirl: checks 
Desverdi is connected 
Desverdi: checks 
ThiagoKigami: bets $1
TheBraveGirl: folds 
Desverdi: raises $3 to $4
ThiagoKigami: calls $3
*** RIVER *** [Kc Ah Kh 7c] [Qh]
Desverdi: checks 
ThiagoKigami: bets $10.92
Desverdi: calls $10.92
*** SHOW DOWN ***
ThiagoKigami: shows [Ad Ks] (a full house, Kings full of Aces)
Desverdi: shows [6h Kd] (three of a kind, Kings)
ThiagoKigami collected $31.67 from pot
*** SUMMARY ***
Total pot $33.34 | Rake $1.67 
Board [Kc Ah Kh 7c Qh]
Seat 1: Desverdi showed [6h Kd] and lost with three of a kind, Kings
Seat 2: ThiagoKigami showed [Ad Ks] and won ($31.67) with a full house, Kings full of Aces
Seat 3: AIien Hand folded before Flop (didn't bet)
Seat 4: sta$igk (button) folded before Flop (didn't bet)
Seat 5: mr.Jckpot (small blind) folded before Flop
Seat 6: TheBraveGirl (big blind) folded on the Turn



PokerStars Hand #254263712739:  Hold'em No Limit ($0.50/$1.00 USD) - 2025/01/08 17:17:02 WET [2025/01/08 12:17:02 ET]
Table 'Laertes III' 6-max Seat #5 is the button
Seat 1: Desverdi ($76.79 in chips) 
Seat 2: ThiagoKigami ($115.75 in chips) 
Seat 3: AIien Hand ($115.82 in chips) 
Seat 4: sta$igk ($100 in chips) 
Seat 5: mr.Jckpot ($226.78 in chips) 
Seat 6: TheBraveGirl ($124.61 in chips) 
TheBraveGirl: posts small blind $0.50
Desverdi: posts big blind $1
*** HOLE CARDS ***
ThiagoKigami: folds 
AIien Hand: raises $1.20 to $2.20
sta$igk: folds 
mr.Jckpot: folds 
TheBraveGirl: folds 
Desverdi: calls $1.20
*** FLOP *** [5d 8s Ts]
Desverdi: checks 
AIien Hand: checks 
*** TURN *** [5d 8s Ts] [5h]
Desverdi: checks 
AIien Hand: bets $1
Desverdi: calls $1
*** RIVER *** [5d 8s Ts 5h] [8h]
Desverdi: bets $2
AIien Hand: calls $2
*** SHOW DOWN ***
Desverdi: shows [2d Qc] (two pair, Eights and Fives)
AIien Hand: shows [9s Ah] (two pair, Eights and Fives - Ace kicker)
AIien Hand collected $10.36 from pot
*** SUMMARY ***
Total pot $10.90 | Rake $0.54 
Board [5d 8s Ts 5h 8h]
Seat 1: Desverdi (big blind) showed [2d Qc] and lost with two pair, Eights and Fives
Seat 2: ThiagoKigami folded before Flop (didn't bet)
Seat 3: AIien Hand showed [9s Ah] and won ($10.36) with two pair, Eights and Fives
Seat 4: sta$igk folded before Flop (didn't bet)
Seat 5: mr.Jckpot (button) folded before Flop (didn't bet)
Seat 6: TheBraveGirl (small blind) folded before Flop



PokerStars Hand #254263729116:  Hold'em No Limit ($0.50/$1.00 USD) - 2025/01/08 17:18:01 WET [2025/01/08 12:18:01 ET]
Table 'Laertes III' 6-max Seat #6 is the button
Seat 5: mr.Jckpot ($226.78 in chips) is sitting out
Seat 1: Desverdi ($71.59 in chips) 
Seat 2: ThiagoKigami ($115.75 in chips) 
Seat 3: AIien Hand ($120.98 in chips) 
Seat 4: sta$igk ($100 in chips) 
Seat 6: TheBraveGirl ($124.11 in chips) 
Desverdi: posts small blind $0.50
ThiagoKigami: posts big blind $1
*** HOLE CARDS ***
AIien Hand: folds 
sta$igk: folds 
TheBraveGirl: folds 
Desverdi: calls $0.50
ThiagoKigami: checks 
*** FLOP *** [5d Tc As]
Desverdi: checks 
ThiagoKigami: checks 
*** TURN *** [5d Tc As] [4c]
Desverdi: checks 
ThiagoKigami: bets $1
Desverdi: folds 
Uncalled bet ($1) returned to ThiagoKigami
ThiagoKigami collected $1.90 from pot
ThiagoKigami: doesn't show hand 
*** SUMMARY ***
Total pot $2 | Rake $0.10 
Board [5d Tc As 4c]
Seat 5: mr.Jckpot
Seat 1: Desverdi (small blind) folded on the Turn
Seat 2: ThiagoKigami (big blind) collected ($1.90)
Seat 3: AIien Hand folded before Flop (didn't bet)
Seat 4: sta$igk folded before Flop (didn't bet)
Seat 6: TheBraveGirl (button) folded before Flop (didn't bet)



PokerStars Hand #254263736819:  Hold'em No Limit ($0.50/$1.00 USD) - 2025/01/08 17:18:29 WET [2025/01/08 12:18:29 ET]
Table 'Laertes III' 6-max Seat #1 is the button
Seat 5: mr.Jckpot ($226.78 in chips) is sitting out
Seat 1: Desverdi ($70.59 in chips) 
Seat 2: ThiagoKigami ($116.65 in chips) 
Seat 3: AIien Hand ($120.98 in chips) 
Seat 4: sta$igk ($100 in chips) 
Seat 6: TheBraveGirl ($124.11 in chips) 
ThiagoKigami: posts small blind $0.50
AIien Hand: posts big blind $1
*** HOLE CARDS ***
sta$igk: folds 
TheBraveGirl: folds 
Desverdi: calls $1
ThiagoKigami: folds 
AIien Hand: checks 
*** FLOP *** [9s Qs Ac]
AIien Hand: checks 
Desverdi: checks 
*** TURN *** [9s Qs Ac] [4d]
AIien Hand: bets $1.31
Desverdi: calls $1.31
*** RIVER *** [9s Qs Ac 4d] [8h]
AIien Hand: checks 
Desverdi: checks 
*** SHOW DOWN ***
AIien Hand: shows [3s Jd] (high card Ace)
Desverdi: shows [7h 7c] (a pair of Sevens)
Desverdi collected $4.86 from pot
*** SUMMARY ***
Total pot $5.12 | Rake $0.26 
Board [9s Qs Ac 4d 8h]
Seat 5: mr.Jckpot
Seat 1: Desverdi (button) showed [7h 7c] and won ($4.86) with a pair of Sevens
Seat 2: ThiagoKigami (small blind) folded before Flop
Seat 3: AIien Hand (big blind) showed [3s Jd] and lost with high card Ace
Seat 4: sta$igk folded before Flop (didn't bet)
Seat 6: TheBraveGirl folded before Flop (didn't bet)



PokerStars Hand #254263747823:  Hold'em No Limit ($0.50/$1.00 USD) - 2025/01/08 17:19:09 WET [2025/01/08 12:19:09 ET]
Table 'Laertes III' 6-max Seat #2 is the button
Seat 1: Desverdi ($73.14 in chips) 
Seat 2: ThiagoKigami ($116.15 in chips) 
Seat 3: AIien Hand ($118.67 in chips) 
Seat 4: sta$igk ($100 in chips) 
Seat 5: mr.Jckpot ($226.78 in chips) 
Seat 6: TheBraveGirl ($124.11 in chips) 
AIien Hand: posts small blind $0.50
sta$igk: posts big blind $1
*** HOLE CARDS ***
mr.Jckpot: folds 
TheBraveGirl: folds 
Desverdi: folds 
ThiagoKigami: folds 
AIien Hand: raises $2 to $3
sta$igk: folds 
Uncalled bet ($2) returned to AIien Hand
AIien Hand collected $2 from pot
AIien Hand: doesn't show hand 
*** SUMMARY ***
Total pot $2 | Rake $0 
Seat 1: Desverdi folded before Flop (didn't bet)
Seat 2: ThiagoKigami (button) folded before Flop (didn't bet)
Seat 3: AIien Hand (small blind) collected ($2)
Seat 4: sta$igk (big blind) folded before Flop
Seat 5: mr.Jckpot folded before Flop (didn't bet)
Seat 6: TheBraveGirl folded before Flop (didn't bet)



PokerStars Hand #254263752636:  Hold'em No Limit ($0.50/$1.00 USD) - 2025/01/08 17:19:26 WET [2025/01/08 12:19:26 ET]
Table 'Laertes III' 6-max Seat #3 is the button
Seat 1: Desverdi ($73.14 in chips) 
Seat 2: ThiagoKigami ($116.15 in chips) 
Seat 3: AIien Hand ($119.67 in chips) 
Seat 4: sta$igk ($100 in chips) 
Seat 5: mr.Jckpot ($226.78 in chips) 
Seat 6: TheBraveGirl ($124.11 in chips) 
sta$igk: posts small blind $0.50
mr.Jckpot: posts big blind $1
*** HOLE CARDS ***
TheBraveGirl: folds 
Desverdi: calls $1
ThiagoKigami: folds 
AIien Hand: raises $2.50 to $3.50
sta$igk: raises $10.50 to $14
mr.Jckpot: folds 
Desverdi: calls $13
AIien Hand: folds 
*** FLOP *** [Kd 5d 9s]
sta$igk: bets $10.19
Desverdi: folds 
Uncalled bet ($10.19) returned to sta$igk
sta$igk collected $30.88 from pot
sta$igk: doesn't show hand 
*** SUMMARY ***
Total pot $32.50 | Rake $1.62 
Board [Kd 5d 9s]
Seat 1: Desverdi folded on the Flop
Seat 2: ThiagoKigami folded before Flop (didn't bet)
Seat 3: AIien Hand (button) folded before Flop
Seat 4: sta$igk (small blind) collected ($30.88)
Seat 5: mr.Jckpot (big blind) folded before Flop
Seat 6: TheBraveGirl folded before Flop (didn't bet)



PokerStars Hand #254263767926:  Hold'em No Limit ($0.50/$1.00 USD) - 2025/01/08 17:20:21 WET [2025/01/08 12:20:21 ET]
Table 'Laertes III' 6-max Seat #4 is the button
Seat 1: Desverdi ($59.14 in chips) 
Seat 2: ThiagoKigami ($116.15 in chips) 
Seat 3: AIien Hand ($116.17 in chips) 
Seat 4: sta$igk ($116.88 in chips) 
Seat 5: mr.Jckpot ($225.78 in chips) 
Seat 6: TheBraveGirl ($124.11 in chips) 
mr.Jckpot: posts small blind $0.50
TheBraveGirl: posts big blind $1
*** HOLE CARDS ***
Desverdi: calls $1
ThiagoKigami: folds 
AIien Hand: folds 
sta$igk: folds 
mr.Jckpot: folds 
TheBraveGirl: checks 
*** FLOP *** [8d Ks 6c]
TheBraveGirl: checks 
Desverdi: bets $2
TheBraveGirl: raises $7.98 to $9.98
Desverdi: calls $7.98
*** TURN *** [8d Ks 6c] [9d]
TheBraveGirl: bets $113.13 and is all-in
Desverdi has timed out
Desverdi: folds 
Uncalled bet ($113.13) returned to TheBraveGirl
TheBraveGirl collected $21.34 from pot
TheBraveGirl: doesn't show hand 
*** SUMMARY ***
Total pot $22.46 | Rake $1.12 
Board [8d Ks 6c 9d]
Seat 1: Desverdi folded on the Turn
Seat 2: ThiagoKigami folded before Flop (didn't bet)
Seat 3: AIien Hand folded before Flop (didn't bet)
Seat 4: sta$igk (button) folded before Flop (didn't bet)
Seat 5: mr.Jckpot (small blind) folded before Flop
Seat 6: TheBraveGirl (big blind) collected ($21.34)



PokerStars Hand #254263782380:  Hold'em No Limit ($0.50/$1.00 USD) - 2025/01/08 17:21:13 WET [2025/01/08 12:21:13 ET]
Table 'Laertes III' 6-max Seat #5 is the button
Seat 1: Desverdi ($48.16 in chips) 
Seat 2: ThiagoKigami ($116.15 in chips) 
Seat 3: AIien Hand ($116.17 in chips) 
Seat 4: sta$igk ($116.88 in chips) 
Seat 5: mr.Jckpot ($225.28 in chips) 
Seat 6: TheBraveGirl ($134.47 in chips) 
TheBraveGirl: posts small blind $0.50
Desverdi: posts big blind $1
*** HOLE CARDS ***
ThiagoKigami: folds 
AIien Hand: folds 
ThiagoKigami leaves the table
sta$igk: raises $1.50 to $2.50
mr.Jckpot: folds 
Xenicide joins the table at seat #2 
TheBraveGirl: folds 
Desverdi: folds 
Uncalled bet ($1.50) returned to sta$igk
sta$igk collected $2.50 from pot
sta$igk: doesn't show hand 
*** SUMMARY ***
Total pot $2.50 | Rake $0 
Seat 1: Desverdi (big blind) folded before Flop
Seat 2: ThiagoKigami folded before Flop (didn't bet)
Seat 3: AIien Hand folded before Flop (didn't bet)
Seat 4: sta$igk collected ($2.50)
Seat 5: mr.Jckpot (button) folded before Flop (didn't bet)
Seat 6: TheBraveGirl (small blind) folded before Flop



PokerStars Hand #254263788190:  Hold'em No Limit ($0.50/$1.00 USD) - 2025/01/08 17:21:34 WET [2025/01/08 12:21:34 ET]
Table 'Laertes III' 6-max Seat #6 is the button
Seat 1: Desverdi ($47.16 in chips) 
Seat 2: Xenicide ($100 in chips) 
Seat 3: AIien Hand ($116.17 in chips) 
Seat 4: sta$igk ($118.38 in chips) 
Seat 5: mr.Jckpot ($225.28 in chips) 
Seat 6: TheBraveGirl ($133.97 in chips) 
Desverdi: posts small blind $0.50
Xenicide: posts big blind $1
*** HOLE CARDS ***
AIien Hand: folds 
sta$igk: raises $1.50 to $2.50
mr.Jckpot: folds 
TheBraveGirl: folds 
Desverdi: calls $2
Xenicide: calls $1.50
*** FLOP *** [5h As 2c]
Desverdi: checks 
Xenicide: bets $2.99
sta$igk: calls $2.99
Desverdi: calls $2.99
*** TURN *** [5h As 2c] [3c]
Desverdi: checks 
Xenicide: bets $5.48
sta$igk: folds 
Desverdi: folds 
Uncalled bet ($5.48) returned to Xenicide
Xenicide collected $15.65 from pot
Xenicide: doesn't show hand 
*** SUMMARY ***
Total pot $16.47 | Rake $0.82 
Board [5h As 2c 3c]
Seat 1: Desverdi (small blind) folded on the Turn
Seat 2: Xenicide (big blind) collected ($15.65)
Seat 3: AIien Hand folded before Flop (didn't bet)
Seat 4: sta$igk folded on the Turn
Seat 5: mr.Jckpot folded before Flop (didn't bet)
Seat 6: TheBraveGirl (button) folded before Flop (didn't bet)



PokerStars Hand #254263803046:  Hold'em No Limit ($0.50/$1.00 USD) - 2025/01/08 17:22:28 WET [2025/01/08 12:22:28 ET]
Table 'Laertes III' 6-max Seat #1 is the button
Seat 3: AIien Hand ($116.17 in chips) is sitting out
Seat 1: Desverdi ($41.67 in chips) 
Seat 2: Xenicide ($110.16 in chips) 
Seat 4: sta$igk ($112.89 in chips) 
Seat 5: mr.Jckpot ($225.28 in chips) 
Seat 6: TheBraveGirl ($133.97 in chips) 
Xenicide: posts small blind $0.50
AIien Hand: is sitting out 
sta$igk: posts big blind $1
*** HOLE CARDS ***
mr.Jckpot: folds 
TheBraveGirl: raises $1 to $2
Desverdi: calls $2
Xenicide: folds 
sta$igk: folds 
*** FLOP *** [4s 2d 7c]
TheBraveGirl: checks 
Desverdi: checks 
*** TURN *** [4s 2d 7c] [5h]
TheBraveGirl: bets $1.72
Desverdi: folds 
Uncalled bet ($1.72) returned to TheBraveGirl
TheBraveGirl collected $5.22 from pot
TheBraveGirl: doesn't show hand 
*** SUMMARY ***
Total pot $5.50 | Rake $0.28 
Board [4s 2d 7c 5h]
Seat 3: AIien Hand
Seat 1: Desverdi (button) folded on the Turn
Seat 2: Xenicide (small blind) folded before Flop
Seat 4: sta$igk (big blind) folded before Flop
Seat 5: mr.Jckpot folded before Flop (didn't bet)
Seat 6: TheBraveGirl collected ($5.22)



PokerStars Hand #254263813049:  Hold'em No Limit ($0.50/$1.00 USD) - 2025/01/08 17:23:05 WET [2025/01/08 12:23:05 ET]
Table 'Laertes III' 6-max Seat #2 is the button
Seat 3: AIien Hand ($116.17 in chips) is sitting out
Seat 1: Desverdi ($39.67 in chips) 
Seat 2: Xenicide ($109.66 in chips) 
Seat 4: sta$igk ($111.89 in chips) 
Seat 5: mr.Jckpot ($225.28 in chips) 
Seat 6: TheBraveGirl ($137.19 in chips) 
sta$igk: posts small blind $0.50
mr.Jckpot: posts big blind $1
*** HOLE CARDS ***
TheBraveGirl: raises $1 to $2
Desverdi: folds 
Xenicide: folds 
sta$igk: folds 
mr.Jckpot: folds 
Uncalled bet ($1) returned to TheBraveGirl
TheBraveGirl collected $2.50 from pot
TheBraveGirl: doesn't show hand 
*** SUMMARY ***
Total pot $2.50 | Rake $0 
Seat 3: AIien Hand
Seat 1: Desverdi folded before Flop (didn't bet)
Seat 2: Xenicide (button) folded before Flop (didn't bet)
Seat 4: sta$igk (small blind) folded before Flop
Seat 5: mr.Jckpot (big blind) folded before Flop
Seat 6: TheBraveGirl collected ($2.50)



PokerStars Hand #254263816783:  Hold'em No Limit ($0.50/$1.00 USD) - 2025/01/08 17:23:19 WET [2025/01/08 12:23:19 ET]
Table 'Laertes III' 6-max Seat #4 is the button
Seat 3: AIien Hand ($116.17 in chips) is sitting out
Seat 1: Desverdi ($39.67 in chips) 
Seat 2: Xenicide ($109.66 in chips) 
Seat 4: sta$igk ($111.39 in chips) 
Seat 5: mr.Jckpot ($224.28 in chips) 
Seat 6: TheBraveGirl ($138.69 in chips) 
mr.Jckpot: posts small blind $0.50
TheBraveGirl: posts big blind $1
*** HOLE CARDS ***
Desverdi: folds 
Xenicide: folds 
sta$igk: folds 
mr.Jckpot: folds 
Uncalled bet ($0.50) returned to TheBraveGirl
TheBraveGirl collected $1 from pot
TheBraveGirl: doesn't show hand 
*** SUMMARY ***
Total pot $1 | Rake $0 
Seat 3: AIien Hand
Seat 1: Desverdi folded before Flop (didn't bet)
Seat 2: Xenicide folded before Flop (didn't bet)
Seat 4: sta$igk (button) folded before Flop (didn't bet)
Seat 5: mr.Jckpot (small blind) folded before Flop
Seat 6: TheBraveGirl (big blind) collected ($1)



PokerStars Hand #254263820918:  Hold'em No Limit ($0.50/$1.00 USD) - 2025/01/08 17:23:34 WET [2025/01/08 12:23:34 ET]
Table 'Laertes III' 6-max Seat #5 is the button
Seat 3: AIien Hand ($116.17 in chips) is sitting out
Seat 1: Desverdi ($39.67 in chips) 
Seat 2: Xenicide ($109.66 in chips) 
Seat 4: sta$igk ($111.39 in chips) 
Seat 5: mr.Jckpot ($223.78 in chips) 
Seat 6: TheBraveGirl ($139.19 in chips) 
TheBraveGirl: posts small blind $0.50
Desverdi: posts big blind $1
*** HOLE CARDS ***
Xenicide: folds 
sta$igk: folds 
mr.Jckpot: raises $1.50 to $2.50
TheBraveGirl: folds 
Desverdi: calls $1.50
*** FLOP *** [3c Ks Ah]
Desverdi: checks 
mr.Jckpot: bets $1.72
Desverdi: folds 
Uncalled bet ($1.72) returned to mr.Jckpot
mr.Jckpot collected $5.22 from pot
mr.Jckpot: doesn't show hand 
*** SUMMARY ***
Total pot $5.50 | Rake $0.28 
Board [3c Ks Ah]
Seat 3: AIien Hand
Seat 1: Desverdi (big blind) folded on the Flop
Seat 2: Xenicide folded before Flop (didn't bet)
Seat 4: sta$igk folded before Flop (didn't bet)
Seat 5: mr.Jckpot (button) collected ($5.22)
Seat 6: TheBraveGirl (small blind) folded before Flop



PokerStars Hand #254263830570:  Hold'em No Limit ($0.50/$1.00 USD) - 2025/01/08 17:24:10 WET [2025/01/08 12:24:10 ET]
Table 'Laertes III' 6-max Seat #6 is the button
Seat 3: AIien Hand ($116.17 in chips) is sitting out
Seat 1: Desverdi ($37.17 in chips) 
Seat 2: Xenicide ($109.66 in chips) 
Seat 4: sta$igk ($111.39 in chips) 
Seat 5: mr.Jckpot ($226.50 in chips) 
Seat 6: TheBraveGirl ($138.69 in chips) 
Desverdi: posts small blind $0.50
Xenicide: posts big blind $1
*** HOLE CARDS ***
sta$igk: raises $1.50 to $2.50
mr.Jckpot: raises $5 to $7.50
TheBraveGirl: folds 
Desverdi: folds 
Xenicide: folds 
sta$igk: folds 
Uncalled bet ($5) returned to mr.Jckpot
Desverdi leaves the table
mr.Jckpot collected $6.50 from pot
mr.Jckpot: doesn't show hand 
*** SUMMARY ***
Total pot $6.50 | Rake $0 
Seat 3: AIien Hand
Seat 1: Desverdi (small blind) folded before Flop
Seat 2: Xenicide (big blind) folded before Flop
Seat 4: sta$igk folded before Flop
Seat 5: mr.Jckpot collected ($6.50)
Seat 6: TheBraveGirl (button) folded before Flop (didn't bet)



PokerStars Hand #254263835801:  Hold'em No Limit ($0.50/$1.00 USD) - 2025/01/08 17:24:29 WET [2025/01/08 12:24:29 ET]
Table 'Laertes III' 6-max Seat #2 is the button
Seat 3: AIien Hand ($116.17 in chips) is sitting out
Seat 5: mr.Jckpot ($230.50 in chips) is sitting out
Seat 2: Xenicide ($108.66 in chips) 
Seat 4: sta$igk ($108.89 in chips) 
Seat 6: TheBraveGirl ($138.69 in chips) 
sta$igk: posts small blind $0.50
mr.Jckpot: is sitting out 
TheBraveGirl: posts big blind $1
*** HOLE CARDS ***
mr.Jckpot leaves the table
Xenicide: raises $1.25 to $2.25
sta$igk: raises $8.75 to $11
TheBraveGirl: folds 
Xenicide: folds 
Uncalled bet ($8.75) returned to sta$igk
sta$igk collected $5.50 from pot
sta$igk: doesn't show hand 
*** SUMMARY ***
Total pot $5.50 | Rake $0 
Seat 3: AIien Hand
Seat 5: mr.Jckpot
Seat 2: Xenicide (button) folded before Flop
Seat 4: sta$igk (small blind) collected ($5.50)
Seat 6: TheBraveGirl (big blind) folded before Flop



