PokerStars Hand #254258651150:  Hold'em No Limit ($0.50/$1.00 USD) - 2025/01/08 9:41:14 WET [2025/01/08 4:41:14 ET]
Table 'Artemis II' 6-max Seat #4 is the button
Seat 1: BadenBadenPH ($104 in chips) 
Seat 2: NikoPale ($101.50 in chips) 
Seat 3: ketchum88 ($61.40 in chips) 
Seat 4: VahTang_89 ($100 in chips) 
Seat 5: Dearic99 ($100 in chips) 
Seat 6: fedor0f ($105.57 in chips) 
Dearic99: posts small blind $0.50
fedor0f: posts big blind $1
*** HOLE CARDS ***
BadenBadenPH: folds 
NikoPale: folds 
ketchum88: folds 
VahTang_89: raises $1.20 to $2.20
Dearic99: folds 
fedor0f: calls $1.20
*** FLOP *** [Tc Ah Qh]
fedor0f: checks 
VahTang_89: bets $3.49
fedor0f: calls $3.49
*** TURN *** [Tc Ah Qh] [2c]
fedor0f: checks 
VahTang_89: checks 
*** RIVER *** [Tc Ah Qh 2c] [Js]
fedor0f: checks 
VahTang_89: bets $3.73
fedor0f: calls $3.73
*** SHOW DOWN ***
VahTang_89: shows [Kd Td] (a straight, Ten to Ace)
fedor0f: mucks hand 
VahTang_89 collected $18.37 from pot
*** SUMMARY ***
Total pot $19.34 | Rake $0.97 
Board [Tc Ah Qh 2c Js]
Seat 1: BadenBadenPH folded before Flop (didn't bet)
Seat 2: NikoPale folded before Flop (didn't bet)
Seat 3: ketchum88 folded before Flop (didn't bet)
Seat 4: VahTang_89 (button) showed [Kd Td] and won ($18.37) with a straight, Ten to Ace
Seat 5: Dearic99 (small blind) folded before Flop
Seat 6: fedor0f (big blind) mucked



PokerStars Hand #254258659749:  Hold'em No Limit ($0.50/$1.00 USD) - 2025/01/08 9:42:45 WET [2025/01/08 4:42:45 ET]
Table 'Artemis II' 6-max Seat #5 is the button
Seat 1: BadenBadenPH ($104 in chips) 
Seat 2: NikoPale ($101.50 in chips) 
Seat 3: ketchum88 ($61.40 in chips) 
Seat 4: VahTang_89 ($108.95 in chips) 
Seat 5: Dearic99 ($100 in chips) 
Seat 6: fedor0f ($100 in chips) 
fedor0f: posts small blind $0.50
BadenBadenPH: posts big blind $1
*** HOLE CARDS ***
NikoPale: folds 
ketchum88: raises $1 to $2
VahTang_89: folds 
Dearic99: folds 
fedor0f: folds 
BadenBadenPH: calls $1
*** FLOP *** [Jd 5h Ac]
BadenBadenPH: checks 
ketchum88: checks 
*** TURN *** [Jd 5h Ac] [Ks]
BadenBadenPH: checks 
ketchum88: checks 
*** RIVER *** [Jd 5h Ac Ks] [5c]
BadenBadenPH: checks 
ketchum88: bets $4.28
BadenBadenPH: folds 
Uncalled bet ($4.28) returned to ketchum88
ketchum88 collected $4.28 from pot
*** SUMMARY ***
Total pot $4.50 | Rake $0.22 
Board [Jd 5h Ac Ks 5c]
Seat 1: BadenBadenPH (big blind) folded on the River
Seat 2: NikoPale folded before Flop (didn't bet)
Seat 3: ketchum88 collected ($4.28)
Seat 4: VahTang_89 folded before Flop (didn't bet)
Seat 5: Dearic99 (button) folded before Flop (didn't bet)
Seat 6: fedor0f (small blind) folded before Flop



PokerStars Hand #254258662763:  Hold'em No Limit ($0.50/$1.00 USD) - 2025/01/08 9:43:17 WET [2025/01/08 4:43:17 ET]
Table 'Artemis II' 6-max Seat #6 is the button
Seat 1: BadenBadenPH ($102 in chips) 
Seat 2: NikoPale ($101.50 in chips) 
Seat 3: ketchum88 ($63.68 in chips) 
Seat 4: VahTang_89 ($108.95 in chips) 
Seat 5: Dearic99 ($100 in chips) 
Seat 6: fedor0f ($100 in chips) 
BadenBadenPH: posts small blind $0.50
NikoPale: posts big blind $1
*** HOLE CARDS ***
ketchum88: raises $1 to $2
VahTang_89: folds 
Dearic99: folds 
fedor0f: folds 
BadenBadenPH: folds 
NikoPale: folds 
Uncalled bet ($1) returned to ketchum88
ketchum88 collected $2.50 from pot
*** SUMMARY ***
Total pot $2.50 | Rake $0 
Seat 1: BadenBadenPH (small blind) folded before Flop
Seat 2: NikoPale (big blind) folded before Flop
Seat 3: ketchum88 collected ($2.50)
Seat 4: VahTang_89 folded before Flop (didn't bet)
Seat 5: Dearic99 folded before Flop (didn't bet)
Seat 6: fedor0f (button) folded before Flop (didn't bet)



PokerStars Hand #254258664115:  Hold'em No Limit ($0.50/$1.00 USD) - 2025/01/08 9:43:31 WET [2025/01/08 4:43:31 ET]
Table 'Artemis II' 6-max Seat #1 is the button
Seat 1: BadenBadenPH ($101.50 in chips) 
Seat 2: NikoPale ($100.50 in chips) 
Seat 3: ketchum88 ($65.18 in chips) 
Seat 4: VahTang_89 ($108.95 in chips) 
Seat 5: Dearic99 ($100 in chips) 
Seat 6: fedor0f ($100 in chips) 
NikoPale: posts small blind $0.50
ketchum88: posts big blind $1
*** HOLE CARDS ***
VahTang_89: folds 
Dearic99: raises $1.50 to $2.50
fedor0f: folds 
BadenBadenPH: raises $7.50 to $10
NikoPale: folds 
ketchum88: raises $55.18 to $65.18 and is all-in
Dearic99: folds 
BadenBadenPH: calls $55.18
BadenBadenPH has timed out
*** FLOP *** [6s 7d 7h]
*** TURN *** [6s 7d 7h] [3s]
*** RIVER *** [6s 7d 7h 3s] [6d]
*** SHOW DOWN ***
ketchum88: shows [Ad Kd] (two pair, Sevens and Sixes)
BadenBadenPH: shows [As Ah] (two pair, Aces and Sevens)
BadenBadenPH collected $130.24 from pot
*** SUMMARY ***
Total pot $133.36 | Rake $3.12 
Board [6s 7d 7h 3s 6d]
Seat 1: BadenBadenPH (button) showed [As Ah] and won ($130.24) with two pair, Aces and Sevens
Seat 2: NikoPale (small blind) folded before Flop
Seat 3: ketchum88 (big blind) showed [Ad Kd] and lost with two pair, Sevens and Sixes
Seat 4: VahTang_89 folded before Flop (didn't bet)
Seat 5: Dearic99 folded before Flop
Seat 6: fedor0f folded before Flop (didn't bet)



PokerStars Hand #254258667953:  Hold'em No Limit ($0.50/$1.00 USD) - 2025/01/08 9:44:13 WET [2025/01/08 4:44:13 ET]
Table 'Artemis II' 6-max Seat #2 is the button
Seat 3: ketchum88 ($0 in chips) is sitting out
Seat 1: BadenBadenPH ($166.56 in chips) 
Seat 2: NikoPale ($100 in chips) 
Seat 4: VahTang_89 ($108.95 in chips) 
Seat 5: Dearic99 ($100 in chips) 
Seat 6: fedor0f ($100 in chips) 
VahTang_89: posts small blind $0.50
Dearic99: posts big blind $1
*** HOLE CARDS ***
fedor0f: folds 
BadenBadenPH: raises $1.20 to $2.20
NikoPale: folds 
VahTang_89: raises $7.80 to $10
Dearic99: folds 
BadenBadenPH: folds 
Uncalled bet ($7.80) returned to VahTang_89
VahTang_89 collected $5.40 from pot
VahTang_89: doesn't show hand 
*** SUMMARY ***
Total pot $5.40 | Rake $0 
Seat 3: ketchum88
Seat 1: BadenBadenPH folded before Flop
Seat 2: NikoPale (button) folded before Flop (didn't bet)
Seat 4: VahTang_89 (small blind) collected ($5.40)
Seat 5: Dearic99 (big blind) folded before Flop
Seat 6: fedor0f folded before Flop (didn't bet)



PokerStars Hand #254258669859:  Hold'em No Limit ($0.50/$1.00 USD) - 2025/01/08 9:44:34 WET [2025/01/08 4:44:34 ET]
Table 'Artemis II' 6-max Seat #4 is the button
Seat 3: ketchum88 ($0 in chips) is sitting out
Seat 1: BadenBadenPH ($164.36 in chips) 
Seat 2: NikoPale ($100 in chips) 
Seat 4: VahTang_89 ($112.15 in chips) 
Seat 5: Dearic99 ($100 in chips) 
Seat 6: fedor0f ($100 in chips) 
Dearic99: posts small blind $0.50
fedor0f: posts big blind $1
*** HOLE CARDS ***
BadenBadenPH: folds 
NikoPale: folds 
VahTang_89: raises $1.20 to $2.20
Dearic99: folds 
fedor0f: calls $1.20
*** FLOP *** [7h 4d Th]
fedor0f: checks 
VahTang_89: checks 
*** TURN *** [7h 4d Th] [Jd]
fedor0f: checks 
VahTang_89: bets $3.08
fedor0f: folds 
Uncalled bet ($3.08) returned to VahTang_89
VahTang_89 collected $4.66 from pot
VahTang_89: doesn't show hand 
*** SUMMARY ***
Total pot $4.90 | Rake $0.24 
Board [7h 4d Th Jd]
Seat 3: ketchum88
Seat 1: BadenBadenPH folded before Flop (didn't bet)
Seat 2: NikoPale folded before Flop (didn't bet)
Seat 4: VahTang_89 (button) collected ($4.66)
Seat 5: Dearic99 (small blind) folded before Flop
Seat 6: fedor0f (big blind) folded on the Turn



PokerStars Hand #254258673640:  Hold'em No Limit ($0.50/$1.00 USD) - 2025/01/08 9:45:13 WET [2025/01/08 4:45:13 ET]
Table 'Artemis II' 6-max Seat #5 is the button
Seat 3: ketchum88 ($0 in chips) is sitting out
Seat 1: BadenBadenPH ($164.36 in chips) 
Seat 2: NikoPale ($100 in chips) 
Seat 4: VahTang_89 ($114.61 in chips) 
Seat 5: Dearic99 ($100 in chips) 
Seat 6: fedor0f ($100 in chips) 
fedor0f: posts small blind $0.50
BadenBadenPH: posts big blind $1
*** HOLE CARDS ***
NikoPale: folds 
VahTang_89: folds 
Dearic99: raises $1 to $2
fedor0f: raises $6.50 to $8.50
BadenBadenPH: folds 
Dearic99: folds 
Uncalled bet ($6.50) returned to fedor0f
fedor0f collected $5 from pot
fedor0f: doesn't show hand 
*** SUMMARY ***
Total pot $5 | Rake $0 
Seat 3: ketchum88
Seat 1: BadenBadenPH (big blind) folded before Flop
Seat 2: NikoPale folded before Flop (didn't bet)
Seat 4: VahTang_89 folded before Flop (didn't bet)
Seat 5: Dearic99 (button) folded before Flop
Seat 6: fedor0f (small blind) collected ($5)



PokerStars Hand #254258674987:  Hold'em No Limit ($0.50/$1.00 USD) - 2025/01/08 9:45:27 WET [2025/01/08 4:45:27 ET]
Table 'Artemis II' 6-max Seat #6 is the button
Seat 2: NikoPale ($100 in chips) is sitting out
Seat 3: ketchum88 ($0 in chips) is sitting out
Seat 1: BadenBadenPH ($163.36 in chips) 
Seat 4: VahTang_89 ($114.61 in chips) 
Seat 5: Dearic99 ($100 in chips) 
Seat 6: fedor0f ($103 in chips) 
BadenBadenPH: posts small blind $0.50
NikoPale: is sitting out 
VahTang_89: posts big blind $1
*** HOLE CARDS ***
Dearic99: folds 
fedor0f: raises $1.20 to $2.20
BadenBadenPH: folds 
VahTang_89: folds 
Uncalled bet ($1.20) returned to fedor0f
NikoPale leaves the table
fedor0f collected $2.50 from pot
fedor0f: doesn't show hand 
*** SUMMARY ***
Total pot $2.50 | Rake $0 
Seat 2: NikoPale
Seat 3: ketchum88
Seat 1: BadenBadenPH (small blind) folded before Flop
Seat 4: VahTang_89 (big blind) folded before Flop
Seat 5: Dearic99 folded before Flop (didn't bet)
Seat 6: fedor0f (button) collected ($2.50)



PokerStars Hand #254258676286:  Hold'em No Limit ($0.50/$1.00 USD) - 2025/01/08 9:45:41 WET [2025/01/08 4:45:41 ET]
Table 'Artemis II' 6-max Seat #1 is the button
Seat 3: ketchum88 ($0 in chips) is sitting out
Seat 5: Dearic99 ($100 in chips) is sitting out
Seat 1: BadenBadenPH ($162.86 in chips) 
Seat 4: VahTang_89 ($113.61 in chips) 
Seat 6: fedor0f ($104.50 in chips) 
VahTang_89: posts small blind $0.50
Dearic99: is sitting out 
fedor0f: posts big blind $1
*** HOLE CARDS ***
BadenBadenPH: folds 
Dearic99 leaves the table
VahTang_89: folds 
Uncalled bet ($0.50) returned to fedor0f
fedor0f collected $1 from pot
fedor0f: doesn't show hand 
*** SUMMARY ***
Total pot $1 | Rake $0 
Seat 3: ketchum88
Seat 5: Dearic99
Seat 1: BadenBadenPH (button) folded before Flop (didn't bet)
Seat 4: VahTang_89 (small blind) folded before Flop
Seat 6: fedor0f (big blind) collected ($1)



PokerStars Hand #254258677042:  Hold'em No Limit ($0.50/$1.00 USD) - 2025/01/08 9:45:49 WET [2025/01/08 4:45:49 ET]
Table 'Artemis II' 6-max Seat #4 is the button
Seat 3: ketchum88 ($0 in chips) is sitting out
Seat 1: BadenBadenPH ($162.86 in chips) 
Seat 4: VahTang_89 ($113.11 in chips) 
Seat 6: fedor0f ($105 in chips) 
fedor0f: posts small blind $0.50
BadenBadenPH: posts big blind $1
*** HOLE CARDS ***
VahTang_89: folds 
fedor0f: folds 
Uncalled bet ($0.50) returned to BadenBadenPH
BadenBadenPH collected $1 from pot
*** SUMMARY ***
Total pot $1 | Rake $0 
Seat 3: ketchum88
Seat 1: BadenBadenPH (big blind) collected ($1)
Seat 4: VahTang_89 (button) folded before Flop (didn't bet)
Seat 6: fedor0f (small blind) folded before Flop



PokerStars Hand #254258678115:  Hold'em No Limit ($0.50/$1.00 USD) - 2025/01/08 9:46:00 WET [2025/01/08 4:46:00 ET]
Table 'Artemis II' 6-max Seat #6 is the button
Seat 3: ketchum88 ($0 in chips) is sitting out
Seat 1: BadenBadenPH ($163.36 in chips) 
Seat 4: VahTang_89 ($113.11 in chips) 
Seat 6: fedor0f ($104.50 in chips) 
BadenBadenPH: posts small blind $0.50
VahTang_89: posts big blind $1
*** HOLE CARDS ***
fedor0f: folds 
BadenBadenPH: raises $1.50 to $2.50
VahTang_89: raises $6.50 to $9
BadenBadenPH: calls $6.50
*** FLOP *** [Jh Th Qc]
BadenBadenPH: checks 
VahTang_89: bets $8.55
BadenBadenPH: folds 
Uncalled bet ($8.55) returned to VahTang_89
VahTang_89 collected $17.10 from pot
VahTang_89: doesn't show hand 
*** SUMMARY ***
Total pot $18 | Rake $0.90 
Board [Jh Th Qc]
Seat 3: ketchum88
Seat 1: BadenBadenPH (small blind) folded on the Flop
Seat 4: VahTang_89 (big blind) collected ($17.10)
Seat 6: fedor0f (button) folded before Flop (didn't bet)



PokerStars Hand #254258681576:  Hold'em No Limit ($0.50/$1.00 USD) - 2025/01/08 9:46:36 WET [2025/01/08 4:46:36 ET]
Table 'Artemis II' 6-max Seat #4 is the button
Seat 3: ketchum88 ($67.51 in chips) is sitting out
Seat 6: fedor0f ($104.50 in chips) is sitting out
Seat 1: BadenBadenPH ($154.36 in chips) 
Seat 4: VahTang_89 ($121.21 in chips) 
VahTang_89: posts small blind $0.50
fedor0f: is sitting out 
BadenBadenPH: posts big blind $1
*** HOLE CARDS ***
B1GBankroll joins the table at seat #5 
VahTang_89: folds 
Uncalled bet ($0.50) returned to BadenBadenPH
BadenBadenPH collected $1 from pot
*** SUMMARY ***
Total pot $1 | Rake $0 
Seat 3: ketchum88
Seat 6: fedor0f
Seat 1: BadenBadenPH (big blind) collected ($1)
Seat 4: VahTang_89 (button) (small blind) folded before Flop



PokerStars Hand #254258682385:  Hold'em No Limit ($0.50/$1.00 USD) - 2025/01/08 9:46:44 WET [2025/01/08 4:46:44 ET]
Table 'Artemis II' 6-max Seat #1 is the button
Seat 3: ketchum88 ($67.51 in chips) is sitting out
Seat 6: fedor0f ($104.50 in chips) is sitting out
Seat 1: BadenBadenPH ($154.86 in chips) 
Seat 4: VahTang_89 ($120.71 in chips) 
Seat 5: B1GBankroll ($100 in chips) 
VahTang_89: posts small blind $0.50
B1GBankroll: posts big blind $1
fedor0f: sits out 
*** HOLE CARDS ***
Consig|iori joins the table at seat #2 
BadenBadenPH: raises $1.50 to $2.50
VahTang_89: raises $9 to $11.50
B1GBankroll: folds 
BadenBadenPH: folds 
Uncalled bet ($9) returned to VahTang_89
VahTang_89 collected $6 from pot
VahTang_89: doesn't show hand 
*** SUMMARY ***
Total pot $6 | Rake $0 
Seat 3: ketchum88
Seat 6: fedor0f
Seat 1: BadenBadenPH (button) folded before Flop
Seat 4: VahTang_89 (small blind) collected ($6)
Seat 5: B1GBankroll (big blind) folded before Flop



PokerStars Hand #254258684485:  Hold'em No Limit ($0.50/$1.00 USD) - 2025/01/08 9:47:06 WET [2025/01/08 4:47:06 ET]
Table 'Artemis II' 6-max Seat #4 is the button
Seat 2: Consig|iori ($100 in chips) is sitting out
Seat 1: BadenBadenPH ($152.36 in chips) 
Seat 3: ketchum88 ($67.51 in chips) 
Seat 4: VahTang_89 ($124.21 in chips) 
Seat 5: B1GBankroll ($100 in chips) 
Seat 6: fedor0f ($104.50 in chips) 
B1GBankroll: posts small blind $0.50
fedor0f: posts big blind $1
Consig|iori: sits out 
ketchum88: posts small & big blinds $1.50
*** HOLE CARDS ***
BadenBadenPH: folds 
ketchum88: checks 
VahTang_89: folds 
B1GBankroll: raises $3.80 to $4.80
fedor0f: folds 
ketchum88: folds 
Uncalled bet ($3.80) returned to B1GBankroll
B1GBankroll collected $3.50 from pot
B1GBankroll: doesn't show hand 
*** SUMMARY ***
Total pot $3.50 | Rake $0 
Seat 2: Consig|iori
Seat 1: BadenBadenPH folded before Flop (didn't bet)
Seat 3: ketchum88 folded before Flop (didn't bet)
Seat 4: VahTang_89 (button) folded before Flop (didn't bet)
Seat 5: B1GBankroll (small blind) collected ($3.50)
Seat 6: fedor0f (big blind) folded before Flop



PokerStars Hand #254258686825:  Hold'em No Limit ($0.50/$1.00 USD) - 2025/01/08 9:47:30 WET [2025/01/08 4:47:30 ET]
Table 'Artemis II' 6-max Seat #5 is the button
Seat 2: Consig|iori ($100 in chips) is sitting out
Seat 1: BadenBadenPH ($152.36 in chips) 
Seat 3: ketchum88 ($66.01 in chips) 
Seat 4: VahTang_89 ($124.21 in chips) 
Seat 5: B1GBankroll ($102.50 in chips) 
Seat 6: fedor0f ($103.50 in chips) 
fedor0f: posts small blind $0.50
BadenBadenPH: posts big blind $1
Consig|iori: sits out 
*** HOLE CARDS ***
ketchum88: folds 
VahTang_89: folds 
B1GBankroll: folds 
fedor0f: raises $2 to $3
BadenBadenPH: calls $2
*** FLOP *** [5h 7s 3s]
fedor0f: checks 
BadenBadenPH: bets $2.85
fedor0f: calls $2.85
*** TURN *** [5h 7s 3s] [9h]
fedor0f: checks 
BadenBadenPH: bets $11.12
fedor0f: folds 
Uncalled bet ($11.12) returned to BadenBadenPH
BadenBadenPH collected $10.98 from pot
*** SUMMARY ***
Total pot $11.70 | Rake $0.72 
Board [5h 7s 3s 9h]
Seat 2: Consig|iori
Seat 1: BadenBadenPH (big blind) collected ($10.98)
Seat 3: ketchum88 folded before Flop (didn't bet)
Seat 4: VahTang_89 folded before Flop (didn't bet)
Seat 5: B1GBankroll (button) folded before Flop (didn't bet)
Seat 6: fedor0f (small blind) folded on the Turn



PokerStars Hand #254258690279:  Hold'em No Limit ($0.50/$1.00 USD) - 2025/01/08 9:48:05 WET [2025/01/08 4:48:05 ET]
Table 'Artemis II' 6-max Seat #6 is the button
Seat 1: BadenBadenPH ($157.49 in chips) 
Seat 2: Consig|iori ($100 in chips) 
Seat 3: ketchum88 ($66.01 in chips) 
Seat 4: VahTang_89 ($124.21 in chips) 
Seat 5: B1GBankroll ($102.50 in chips) 
Seat 6: fedor0f ($100 in chips) 
BadenBadenPH: posts small blind $0.50
Consig|iori: posts big blind $1
*** HOLE CARDS ***
ketchum88: folds 
VahTang_89: raises $1.20 to $2.20
B1GBankroll: folds 
fedor0f: folds 
BadenBadenPH: folds 
Consig|iori: folds 
Uncalled bet ($1.20) returned to VahTang_89
VahTang_89 collected $2.50 from pot
VahTang_89: doesn't show hand 
*** SUMMARY ***
Total pot $2.50 | Rake $0 
Seat 1: BadenBadenPH (small blind) folded before Flop
Seat 2: Consig|iori (big blind) folded before Flop
Seat 3: ketchum88 folded before Flop (didn't bet)
Seat 4: VahTang_89 collected ($2.50)
Seat 5: B1GBankroll folded before Flop (didn't bet)
Seat 6: fedor0f (button) folded before Flop (didn't bet)



PokerStars Hand #254258691572:  Hold'em No Limit ($0.50/$1.00 USD) - 2025/01/08 9:48:18 WET [2025/01/08 4:48:18 ET]
Table 'Artemis II' 6-max Seat #1 is the button
Seat 1: BadenBadenPH ($156.99 in chips) 
Seat 2: Consig|iori ($100 in chips) 
Seat 3: ketchum88 ($66.01 in chips) 
Seat 4: VahTang_89 ($125.71 in chips) 
Seat 5: B1GBankroll ($102.50 in chips) 
Seat 6: fedor0f ($100 in chips) 
Consig|iori: posts small blind $0.50
ketchum88: posts big blind $1
*** HOLE CARDS ***
VahTang_89: folds 
B1GBankroll: raises $1.50 to $2.50
fedor0f: folds 
BadenBadenPH: folds 
Consig|iori: folds 
ketchum88: calls $1.50
*** FLOP *** [Qs 7h 8s]
ketchum88: bets $2.61
B1GBankroll: folds 
Uncalled bet ($2.61) returned to ketchum88
ketchum88 collected $5.22 from pot
*** SUMMARY ***
Total pot $5.50 | Rake $0.28 
Board [Qs 7h 8s]
Seat 1: BadenBadenPH (button) folded before Flop (didn't bet)
Seat 2: Consig|iori (small blind) folded before Flop
Seat 3: ketchum88 (big blind) collected ($5.22)
Seat 4: VahTang_89 folded before Flop (didn't bet)
Seat 5: B1GBankroll folded on the Flop
Seat 6: fedor0f folded before Flop (didn't bet)



PokerStars Hand #254258694444:  Hold'em No Limit ($0.50/$1.00 USD) - 2025/01/08 9:48:47 WET [2025/01/08 4:48:47 ET]
Table 'Artemis II' 6-max Seat #2 is the button
Seat 1: BadenBadenPH ($156.99 in chips) is sitting out
Seat 2: Consig|iori ($100 in chips) 
Seat 3: ketchum88 ($68.73 in chips) 
Seat 4: VahTang_89 ($125.71 in chips) 
Seat 5: B1GBankroll ($100 in chips) 
Seat 6: fedor0f ($100 in chips) 
ketchum88: posts small blind $0.50
VahTang_89: posts big blind $1
*** HOLE CARDS ***
BadenBadenPH is disconnected 
B1GBankroll: folds 
fedor0f: raises $1.20 to $2.20
Consig|iori: folds 
ketchum88: calls $1.70
VahTang_89: folds 
*** FLOP *** [Kd 6c 3c]
ketchum88: bets $2.57
fedor0f: calls $2.57
*** TURN *** [Kd 6c 3c] [7h]
ketchum88: bets $5.01
fedor0f: calls $5.01
*** RIVER *** [Kd 6c 3c 7h] [8s]
ketchum88: bets $58.95 and is all-in
fedor0f: folds 
Uncalled bet ($58.95) returned to ketchum88
ketchum88 collected $19.53 from pot
*** SUMMARY ***
Total pot $20.56 | Rake $1.03 
Board [Kd 6c 3c 7h 8s]
Seat 1: BadenBadenPH
Seat 2: Consig|iori (button) folded before Flop (didn't bet)
Seat 3: ketchum88 (small blind) collected ($19.53)
Seat 4: VahTang_89 (big blind) folded before Flop
Seat 5: B1GBankroll folded before Flop (didn't bet)
Seat 6: fedor0f folded on the River



PokerStars Hand #254258701497:  Hold'em No Limit ($0.50/$1.00 USD) - 2025/01/08 9:49:58 WET [2025/01/08 4:49:58 ET]
Table 'Artemis II' 6-max Seat #3 is the button
Seat 1: BadenBadenPH ($156.99 in chips) is sitting out
Seat 2: Consig|iori ($100 in chips) 
Seat 3: ketchum88 ($78.48 in chips) 
Seat 4: VahTang_89 ($124.71 in chips) 
Seat 5: B1GBankroll ($100 in chips) 
Seat 6: fedor0f ($100 in chips) 
VahTang_89: posts small blind $0.50
B1GBankroll: posts big blind $1
*** HOLE CARDS ***
fedor0f: folds 
Consig|iori: folds 
ketchum88: calls $1
VahTang_89: folds 
B1GBankroll: checks 
*** FLOP *** [Ac 6d Kc]
B1GBankroll: checks 
BadenBadenPH is disconnected 
ketchum88: bets $5
B1GBankroll: folds 
Uncalled bet ($5) returned to ketchum88
ketchum88 collected $2.38 from pot
*** SUMMARY ***
Total pot $2.50 | Rake $0.12 
Board [Ac 6d Kc]
Seat 1: BadenBadenPH
Seat 2: Consig|iori folded before Flop (didn't bet)
Seat 3: ketchum88 (button) collected ($2.38)
Seat 4: VahTang_89 (small blind) folded before Flop
Seat 5: B1GBankroll (big blind) folded on the Flop
Seat 6: fedor0f folded before Flop (didn't bet)



PokerStars Hand #254258704591:  Hold'em No Limit ($0.50/$1.00 USD) - 2025/01/08 9:50:29 WET [2025/01/08 4:50:29 ET]
Table 'Artemis II' 6-max Seat #4 is the button
Seat 1: BadenBadenPH ($156.99 in chips) is sitting out
Seat 2: Consig|iori ($100 in chips) 
Seat 3: ketchum88 ($79.86 in chips) 
Seat 4: VahTang_89 ($124.21 in chips) 
Seat 5: B1GBankroll ($100 in chips) 
Seat 6: fedor0f ($100 in chips) 
B1GBankroll: posts small blind $0.50
fedor0f: posts big blind $1
*** HOLE CARDS ***
Consig|iori: raises $1.40 to $2.40
ketchum88: folds 
VahTang_89: folds 
B1GBankroll: folds 
fedor0f: folds 
Uncalled bet ($1.40) returned to Consig|iori
Consig|iori collected $2.50 from pot
Consig|iori: doesn't show hand 
*** SUMMARY ***
Total pot $2.50 | Rake $0 
Seat 1: BadenBadenPH
Seat 2: Consig|iori collected ($2.50)
Seat 3: ketchum88 folded before Flop (didn't bet)
Seat 4: VahTang_89 (button) folded before Flop (didn't bet)
Seat 5: B1GBankroll (small blind) folded before Flop
Seat 6: fedor0f (big blind) folded before Flop



PokerStars Hand #254258706089:  Hold'em No Limit ($0.50/$1.00 USD) - 2025/01/08 9:50:43 WET [2025/01/08 4:50:43 ET]
Table 'Artemis II' 6-max Seat #5 is the button
Seat 1: BadenBadenPH ($156.99 in chips) is sitting out
Seat 2: Consig|iori ($101.50 in chips) 
Seat 3: ketchum88 ($79.86 in chips) 
Seat 4: VahTang_89 ($124.21 in chips) 
Seat 5: B1GBankroll ($100 in chips) 
Seat 6: fedor0f ($100 in chips) 
fedor0f: posts small blind $0.50
Consig|iori: posts big blind $1
*** HOLE CARDS ***
ketchum88: calls $1
VahTang_89: folds 
B1GBankroll: raises $3 to $4
fedor0f: folds 
Consig|iori: folds 
ketchum88: calls $3
*** FLOP *** [Ad 9s Td]
ketchum88: bets $10
B1GBankroll: folds 
Uncalled bet ($10) returned to ketchum88
ketchum88 collected $9.02 from pot
*** SUMMARY ***
Total pot $9.50 | Rake $0.48 
Board [Ad 9s Td]
Seat 1: BadenBadenPH
Seat 2: Consig|iori (big blind) folded before Flop
Seat 3: ketchum88 collected ($9.02)
Seat 4: VahTang_89 folded before Flop (didn't bet)
Seat 5: B1GBankroll (button) folded on the Flop
Seat 6: fedor0f (small blind) folded before Flop



PokerStars Hand #254258709090:  Hold'em No Limit ($0.50/$1.00 USD) - 2025/01/08 9:51:13 WET [2025/01/08 4:51:13 ET]
Table 'Artemis II' 6-max Seat #6 is the button
Seat 1: BadenBadenPH ($156.99 in chips) is sitting out
Seat 2: Consig|iori ($100.50 in chips) 
Seat 3: ketchum88 ($84.88 in chips) 
Seat 4: VahTang_89 ($124.21 in chips) 
Seat 5: B1GBankroll ($100 in chips) 
Seat 6: fedor0f ($100 in chips) 
Consig|iori: posts small blind $0.50
ketchum88: posts big blind $1
*** HOLE CARDS ***
VahTang_89: folds 
B1GBankroll: folds 
fedor0f has timed out
fedor0f: folds 
Consig|iori: folds 
Uncalled bet ($0.50) returned to ketchum88
ketchum88 collected $1 from pot
*** SUMMARY ***
Total pot $1 | Rake $0 
Seat 1: BadenBadenPH
Seat 2: Consig|iori (small blind) folded before Flop
Seat 3: ketchum88 (big blind) collected ($1)
Seat 4: VahTang_89 folded before Flop (didn't bet)
Seat 5: B1GBankroll folded before Flop (didn't bet)
Seat 6: fedor0f (button) folded before Flop (didn't bet)



PokerStars Hand #254258714700:  Hold'em No Limit ($0.50/$1.00 USD) - 2025/01/08 9:52:09 WET [2025/01/08 4:52:09 ET]
Table 'Artemis II' 6-max Seat #2 is the button
Seat 1: BadenBadenPH ($156.99 in chips) is sitting out
Seat 2: Consig|iori ($100 in chips) 
Seat 3: ketchum88 ($85.38 in chips) 
Seat 4: VahTang_89 ($124.21 in chips) 
Seat 5: B1GBankroll ($100 in chips) 
Seat 6: fedor0f ($100 in chips) 
ketchum88: posts small blind $0.50
VahTang_89: posts big blind $1
*** HOLE CARDS ***
B1GBankroll: folds 
fedor0f: folds 
Consig|iori: raises $1.40 to $2.40
ketchum88: folds 
VahTang_89: folds 
Uncalled bet ($1.40) returned to Consig|iori
Consig|iori collected $2.50 from pot
Consig|iori: doesn't show hand 
*** SUMMARY ***
Total pot $2.50 | Rake $0 
Seat 1: BadenBadenPH
Seat 2: Consig|iori (button) collected ($2.50)
Seat 3: ketchum88 (small blind) folded before Flop
Seat 4: VahTang_89 (big blind) folded before Flop
Seat 5: B1GBankroll folded before Flop (didn't bet)
Seat 6: fedor0f folded before Flop (didn't bet)



PokerStars Hand #254258715937:  Hold'em No Limit ($0.50/$1.00 USD) - 2025/01/08 9:52:21 WET [2025/01/08 4:52:21 ET]
Table 'Artemis II' 6-max Seat #3 is the button
Seat 1: BadenBadenPH ($156.99 in chips) is sitting out
Seat 2: Consig|iori ($101.50 in chips) 
Seat 3: ketchum88 ($84.88 in chips) 
Seat 4: VahTang_89 ($123.21 in chips) 
Seat 5: B1GBankroll ($100 in chips) 
Seat 6: fedor0f ($100 in chips) 
VahTang_89: posts small blind $0.50
B1GBankroll: posts big blind $1
*** HOLE CARDS ***
fedor0f: raises $1 to $2
Consig|iori: raises $6 to $8
ketchum88: folds 
BadenBadenPH leaves the table
VahTang_89: folds 
B1GBankroll: folds 
JoeBlack_MS joins the table at seat #1 
fedor0f: folds 
Uncalled bet ($6) returned to Consig|iori
Consig|iori collected $5.50 from pot
Consig|iori: doesn't show hand 
*** SUMMARY ***
Total pot $5.50 | Rake $0 
Seat 1: BadenBadenPH
Seat 2: Consig|iori collected ($5.50)
Seat 3: ketchum88 (button) folded before Flop (didn't bet)
Seat 4: VahTang_89 (small blind) folded before Flop
Seat 5: B1GBankroll (big blind) folded before Flop
Seat 6: fedor0f folded before Flop



PokerStars Hand #254258718983:  Hold'em No Limit ($0.50/$1.00 USD) - 2025/01/08 9:52:51 WET [2025/01/08 4:52:51 ET]
Table 'Artemis II' 6-max Seat #4 is the button
Seat 1: JoeBlack_MS ($100 in chips) is sitting out
Seat 2: Consig|iori ($105 in chips) 
Seat 3: ketchum88 ($84.88 in chips) 
Seat 4: VahTang_89 ($122.71 in chips) 
Seat 5: B1GBankroll ($100 in chips) 
Seat 6: fedor0f ($100 in chips) 
B1GBankroll: posts small blind $0.50
fedor0f: posts big blind $1
JoeBlack_MS: sits out 
*** HOLE CARDS ***
Consig|iori: folds 
ketchum88: raises $1 to $2
VahTang_89: raises $4 to $6
B1GBankroll: folds 
fedor0f: folds 
ketchum88: calls $4
*** FLOP *** [Tc 5h 5c]
ketchum88: bets $6.41
VahTang_89: calls $6.41
*** TURN *** [Tc 5h 5c] [7h]
ketchum88: checks 
VahTang_89: bets $12.50
ketchum88: folds 
Uncalled bet ($12.50) returned to VahTang_89
VahTang_89 collected $25 from pot
VahTang_89: doesn't show hand 
*** SUMMARY ***
Total pot $26.32 | Rake $1.32 
Board [Tc 5h 5c 7h]
Seat 1: JoeBlack_MS
Seat 2: Consig|iori folded before Flop (didn't bet)
Seat 3: ketchum88 folded on the Turn
Seat 4: VahTang_89 (button) collected ($25)
Seat 5: B1GBankroll (small blind) folded before Flop
Seat 6: fedor0f (big blind) folded before Flop



PokerStars Hand #254258722158:  Hold'em No Limit ($0.50/$1.00 USD) - 2025/01/08 9:53:24 WET [2025/01/08 4:53:24 ET]
Table 'Artemis II' 6-max Seat #5 is the button
Seat 1: JoeBlack_MS ($100 in chips) 
Seat 2: Consig|iori ($105 in chips) 
Seat 3: ketchum88 ($72.47 in chips) 
Seat 4: VahTang_89 ($135.30 in chips) 
Seat 5: B1GBankroll ($100 in chips) 
Seat 6: fedor0f ($100 in chips) 
fedor0f: posts small blind $0.50
JoeBlack_MS: posts big blind $1
*** HOLE CARDS ***
Consig|iori: raises $1.40 to $2.40
ketchum88: folds 
VahTang_89: folds 
B1GBankroll: folds 
fedor0f: folds 
JoeBlack_MS: folds 
Uncalled bet ($1.40) returned to Consig|iori
Consig|iori collected $2.50 from pot
Consig|iori: doesn't show hand 
*** SUMMARY ***
Total pot $2.50 | Rake $0 
Seat 1: JoeBlack_MS (big blind) folded before Flop
Seat 2: Consig|iori collected ($2.50)
Seat 3: ketchum88 folded before Flop (didn't bet)
Seat 4: VahTang_89 folded before Flop (didn't bet)
Seat 5: B1GBankroll (button) folded before Flop (didn't bet)
Seat 6: fedor0f (small blind) folded before Flop



PokerStars Hand #254258725248:  Hold'em No Limit ($0.50/$1.00 USD) - 2025/01/08 9:53:55 WET [2025/01/08 4:53:55 ET]
Table 'Artemis II' 6-max Seat #6 is the button
Seat 1: JoeBlack_MS ($100 in chips) 
Seat 2: Consig|iori ($106.50 in chips) 
Seat 3: ketchum88 ($72.47 in chips) 
Seat 4: VahTang_89 ($135.30 in chips) 
Seat 5: B1GBankroll ($100 in chips) 
Seat 6: fedor0f ($100 in chips) 
JoeBlack_MS: posts small blind $0.50
Consig|iori: posts big blind $1
*** HOLE CARDS ***
ketchum88: calls $1
VahTang_89: folds 
B1GBankroll: folds 
fedor0f: folds 
JoeBlack_MS: calls $0.50
Consig|iori: checks 
*** FLOP *** [2d As 5c]
JoeBlack_MS: checks 
Consig|iori: checks 
ketchum88: checks 
*** TURN *** [2d As 5c] [7c]
JoeBlack_MS: checks 
Consig|iori: checks 
ketchum88: bets $2
JoeBlack_MS: calls $2
Consig|iori: folds 
*** RIVER *** [2d As 5c 7c] [5s]
JoeBlack_MS: bets $3
ketchum88: raises $12.65 to $15.65
JoeBlack_MS: folds 
Uncalled bet ($12.65) returned to ketchum88
ketchum88 collected $12.35 from pot
*** SUMMARY ***
Total pot $13 | Rake $0.65 
Board [2d As 5c 7c 5s]
Seat 1: JoeBlack_MS (small blind) folded on the River
Seat 2: Consig|iori (big blind) folded on the Turn
Seat 3: ketchum88 collected ($12.35)
Seat 4: VahTang_89 folded before Flop (didn't bet)
Seat 5: B1GBankroll folded before Flop (didn't bet)
Seat 6: fedor0f (button) folded before Flop (didn't bet)



PokerStars Hand #254258731953:  Hold'em No Limit ($0.50/$1.00 USD) - 2025/01/08 9:55:02 WET [2025/01/08 4:55:02 ET]
Table 'Artemis II' 6-max Seat #1 is the button
Seat 1: JoeBlack_MS ($100 in chips) 
Seat 2: Consig|iori ($105.50 in chips) 
Seat 3: ketchum88 ($78.82 in chips) 
Seat 4: VahTang_89 ($135.30 in chips) 
Seat 5: B1GBankroll ($100 in chips) 
Seat 6: fedor0f ($100 in chips) 
Consig|iori: posts small blind $0.50
ketchum88: posts big blind $1
*** HOLE CARDS ***
VahTang_89: raises $1.20 to $2.20
B1GBankroll: folds 
fedor0f: folds 
JoeBlack_MS: calls $2.20
Consig|iori: folds 
ketchum88: calls $1.20
*** FLOP *** [9c Qc 5c]
ketchum88: bets $3.37
VahTang_89: folds 
JoeBlack_MS: folds 
Uncalled bet ($3.37) returned to ketchum88
ketchum88 collected $6.74 from pot
*** SUMMARY ***
Total pot $7.10 | Rake $0.36 
Board [9c Qc 5c]
Seat 1: JoeBlack_MS (button) folded on the Flop
Seat 2: Consig|iori (small blind) folded before Flop
Seat 3: ketchum88 (big blind) collected ($6.74)
Seat 4: VahTang_89 folded on the Flop
Seat 5: B1GBankroll folded before Flop (didn't bet)
Seat 6: fedor0f folded before Flop (didn't bet)



PokerStars Hand #254258734218:  Hold'em No Limit ($0.50/$1.00 USD) - 2025/01/08 9:55:28 WET [2025/01/08 4:55:28 ET]
Table 'Artemis II' 6-max Seat #2 is the button
Seat 1: JoeBlack_MS ($100 in chips) 
Seat 2: Consig|iori ($105 in chips) 
Seat 3: ketchum88 ($83.36 in chips) 
Seat 4: VahTang_89 ($133.10 in chips) 
Seat 5: B1GBankroll ($100 in chips) 
Seat 6: fedor0f ($100 in chips) 
ketchum88: posts small blind $0.50
VahTang_89: posts big blind $1
*** HOLE CARDS ***
B1GBankroll: folds 
fedor0f: raises $1 to $2
JoeBlack_MS: raises $4.50 to $6.50
Consig|iori: folds 
ketchum88: calls $6
VahTang_89: folds 
fedor0f: folds 
*** FLOP *** [Ad 5s 2h]
ketchum88: checks 
JoeBlack_MS: checks 
*** TURN *** [Ad 5s 2h] [Kc]
ketchum88: checks 
JoeBlack_MS: checks 
*** RIVER *** [Ad 5s 2h Kc] [9s]
ketchum88: checks 
JoeBlack_MS: bets $9.12
ketchum88: raises $67.74 to $76.86 and is all-in
JoeBlack_MS: folds 
Uncalled bet ($67.74) returned to ketchum88
ketchum88 collected $32.53 from pot
*** SUMMARY ***
Total pot $34.24 | Rake $1.71 
Board [Ad 5s 2h Kc 9s]
Seat 1: JoeBlack_MS folded on the River
Seat 2: Consig|iori (button) folded before Flop (didn't bet)
Seat 3: ketchum88 (small blind) collected ($32.53)
Seat 4: VahTang_89 (big blind) folded before Flop
Seat 5: B1GBankroll folded before Flop (didn't bet)
Seat 6: fedor0f folded before Flop



PokerStars Hand #254258739536:  Hold'em No Limit ($0.50/$1.00 USD) - 2025/01/08 9:56:32 WET [2025/01/08 4:56:32 ET]
Table 'Artemis II' 6-max Seat #3 is the button
Seat 1: JoeBlack_MS ($100 in chips) 
Seat 2: Consig|iori ($105 in chips) 
Seat 3: ketchum88 ($100.27 in chips) 
Seat 4: VahTang_89 ($132.10 in chips) 
Seat 5: B1GBankroll ($100 in chips) 
Seat 6: fedor0f ($100 in chips) 
VahTang_89: posts small blind $0.50
B1GBankroll: posts big blind $1
*** HOLE CARDS ***
fedor0f: folds 
JoeBlack_MS: folds 
Consig|iori: raises $1.40 to $2.40
ketchum88: folds 
VahTang_89: folds 
B1GBankroll: folds 
Uncalled bet ($1.40) returned to Consig|iori
Consig|iori collected $2.50 from pot
Consig|iori: doesn't show hand 
*** SUMMARY ***
Total pot $2.50 | Rake $0 
Seat 1: JoeBlack_MS folded before Flop (didn't bet)
Seat 2: Consig|iori collected ($2.50)
Seat 3: ketchum88 (button) folded before Flop (didn't bet)
Seat 4: VahTang_89 (small blind) folded before Flop
Seat 5: B1GBankroll (big blind) folded before Flop
Seat 6: fedor0f folded before Flop (didn't bet)



PokerStars Hand #254258740965:  Hold'em No Limit ($0.50/$1.00 USD) - 2025/01/08 9:56:49 WET [2025/01/08 4:56:49 ET]
Table 'Artemis II' 6-max Seat #4 is the button
Seat 6: fedor0f ($100 in chips) is sitting out
Seat 1: JoeBlack_MS ($100 in chips) 
Seat 2: Consig|iori ($106.50 in chips) 
Seat 3: ketchum88 ($100.27 in chips) 
Seat 4: VahTang_89 ($131.60 in chips) 
Seat 5: B1GBankroll ($100 in chips) 
B1GBankroll: posts small blind $0.50
fedor0f: is sitting out 
JoeBlack_MS: posts big blind $1
*** HOLE CARDS ***
Consig|iori: folds 
ketchum88: folds 
VahTang_89: raises $1.20 to $2.20
B1GBankroll: folds 
JoeBlack_MS: folds 
Uncalled bet ($1.20) returned to VahTang_89
VahTang_89 collected $2.50 from pot
VahTang_89: doesn't show hand 
*** SUMMARY ***
Total pot $2.50 | Rake $0 
Seat 6: fedor0f
Seat 1: JoeBlack_MS (big blind) folded before Flop
Seat 2: Consig|iori folded before Flop (didn't bet)
Seat 3: ketchum88 folded before Flop (didn't bet)
Seat 4: VahTang_89 (button) collected ($2.50)
Seat 5: B1GBankroll (small blind) folded before Flop



PokerStars Hand #254258742439:  Hold'em No Limit ($0.50/$1.00 USD) - 2025/01/08 9:57:07 WET [2025/01/08 4:57:07 ET]
Table 'Artemis II' 6-max Seat #5 is the button
Seat 1: JoeBlack_MS ($100 in chips) 
Seat 2: Consig|iori ($106.50 in chips) 
Seat 3: ketchum88 ($100.27 in chips) 
Seat 4: VahTang_89 ($133.10 in chips) 
Seat 5: B1GBankroll ($100 in chips) 
JoeBlack_MS: posts small blind $0.50
fedor0f leaves the table
Consig|iori: posts big blind $1
*** HOLE CARDS ***
ketchum88: calls $1
VahTang_89: raises $3 to $4
Pumuking joins the table at seat #6 
B1GBankroll: folds 
JoeBlack_MS: folds 
Consig|iori: folds 
ketchum88: calls $3
*** FLOP *** [8c Qd 2c]
ketchum88: checks 
VahTang_89: bets $4.51
ketchum88: folds 
Uncalled bet ($4.51) returned to VahTang_89
VahTang_89 collected $9.02 from pot
VahTang_89: doesn't show hand 
*** SUMMARY ***
Total pot $9.50 | Rake $0.48 
Board [8c Qd 2c]
Seat 1: JoeBlack_MS (small blind) folded before Flop
Seat 2: Consig|iori (big blind) folded before Flop
Seat 3: ketchum88 folded on the Flop
Seat 4: VahTang_89 collected ($9.02)
Seat 5: B1GBankroll (button) folded before Flop (didn't bet)



PokerStars Hand #254258746167:  Hold'em No Limit ($0.50/$1.00 USD) - 2025/01/08 9:57:51 WET [2025/01/08 4:57:51 ET]
Table 'Artemis II' 6-max Seat #1 is the button
Seat 6: Pumuking ($100 in chips) is sitting out
Seat 1: JoeBlack_MS ($100 in chips) 
Seat 2: Consig|iori ($105.50 in chips) 
Seat 3: ketchum88 ($96.27 in chips) 
Seat 4: VahTang_89 ($138.12 in chips) 
Seat 5: B1GBankroll ($100 in chips) 
Consig|iori: posts small blind $0.50
ketchum88: posts big blind $1
Pumuking: sits out 
*** HOLE CARDS ***
VahTang_89: folds 
B1GBankroll: folds 
JoeBlack_MS: folds 
Consig|iori: folds 
Uncalled bet ($0.50) returned to ketchum88
ketchum88 collected $1 from pot
*** SUMMARY ***
Total pot $1 | Rake $0 
Seat 6: Pumuking
Seat 1: JoeBlack_MS (button) folded before Flop (didn't bet)
Seat 2: Consig|iori (small blind) folded before Flop
Seat 3: ketchum88 (big blind) collected ($1)
Seat 4: VahTang_89 folded before Flop (didn't bet)
Seat 5: B1GBankroll folded before Flop (didn't bet)



PokerStars Hand #254258746967:  Hold'em No Limit ($0.50/$1.00 USD) - 2025/01/08 9:58:01 WET [2025/01/08 4:58:01 ET]
Table 'Artemis II' 6-max Seat #2 is the button
Seat 6: Pumuking ($100 in chips) is sitting out
Seat 1: JoeBlack_MS ($100 in chips) 
Seat 2: Consig|iori ($105 in chips) 
Seat 3: ketchum88 ($96.77 in chips) 
Seat 4: VahTang_89 ($138.12 in chips) 
Seat 5: B1GBankroll ($100 in chips) 
ketchum88: posts small blind $0.50
VahTang_89: posts big blind $1
Pumuking: sits out 
*** HOLE CARDS ***
B1GBankroll: folds 
JoeBlack_MS: raises $1.30 to $2.30
Consig|iori: folds 
ketchum88: folds 
VahTang_89: folds 
Uncalled bet ($1.30) returned to JoeBlack_MS
JoeBlack_MS collected $2.50 from pot
JoeBlack_MS: doesn't show hand 
*** SUMMARY ***
Total pot $2.50 | Rake $0 
Seat 6: Pumuking
Seat 1: JoeBlack_MS collected ($2.50)
Seat 2: Consig|iori (button) folded before Flop (didn't bet)
Seat 3: ketchum88 (small blind) folded before Flop
Seat 4: VahTang_89 (big blind) folded before Flop
Seat 5: B1GBankroll folded before Flop (didn't bet)



PokerStars Hand #254258747879:  Hold'em No Limit ($0.50/$1.00 USD) - 2025/01/08 9:58:12 WET [2025/01/08 4:58:12 ET]
Table 'Artemis II' 6-max Seat #3 is the button
Seat 6: Pumuking ($100 in chips) is sitting out
Seat 1: JoeBlack_MS ($101.50 in chips) 
Seat 2: Consig|iori ($105 in chips) 
Seat 3: ketchum88 ($96.27 in chips) 
Seat 4: VahTang_89 ($137.12 in chips) 
Seat 5: B1GBankroll ($100 in chips) 
VahTang_89: posts small blind $0.50
B1GBankroll: posts big blind $1
Pumuking: sits out 
*** HOLE CARDS ***
JoeBlack_MS: raises $1 to $2
Consig|iori: folds 
ketchum88: calls $2
VahTang_89: folds 
B1GBankroll: raises $11 to $13
JoeBlack_MS: calls $11
ketchum88: folds 
*** FLOP *** [9c 7c 7h]
B1GBankroll: checks 
JoeBlack_MS: checks 
*** TURN *** [9c 7c 7h] [Ad]
B1GBankroll: bets $9.21
JoeBlack_MS: folds 
Uncalled bet ($9.21) returned to B1GBankroll
B1GBankroll collected $27.08 from pot
B1GBankroll: doesn't show hand 
*** SUMMARY ***
Total pot $28.50 | Rake $1.42 
Board [9c 7c 7h Ad]
Seat 6: Pumuking
Seat 1: JoeBlack_MS folded on the Turn
Seat 2: Consig|iori folded before Flop (didn't bet)
Seat 3: ketchum88 (button) folded before Flop
Seat 4: VahTang_89 (small blind) folded before Flop
Seat 5: B1GBankroll (big blind) collected ($27.08)



PokerStars Hand #254258754215:  Hold'em No Limit ($0.50/$1.00 USD) - 2025/01/08 9:59:27 WET [2025/01/08 4:59:27 ET]
Table 'Artemis II' 6-max Seat #4 is the button
Seat 1: JoeBlack_MS ($100 in chips) 
Seat 2: Consig|iori ($105 in chips) 
Seat 3: ketchum88 ($94.27 in chips) 
Seat 4: VahTang_89 ($136.62 in chips) 
Seat 5: B1GBankroll ($114.08 in chips) 
Seat 6: Pumuking ($100 in chips) 
B1GBankroll: posts small blind $0.50
Pumuking: posts big blind $1
*** HOLE CARDS ***
JoeBlack_MS: folds 
Consig|iori: folds 
ketchum88: folds 
VahTang_89: raises $1.20 to $2.20
B1GBankroll: folds 
Pumuking: calls $1.20
*** FLOP *** [4s 4d Tc]
Pumuking: checks 
VahTang_89: checks 
*** TURN *** [4s 4d Tc] [3c]
Pumuking: bets $1.17
VahTang_89: folds 
Uncalled bet ($1.17) returned to Pumuking
Pumuking collected $4.66 from pot
Pumuking: doesn't show hand 
*** SUMMARY ***
Total pot $4.90 | Rake $0.24 
Board [4s 4d Tc 3c]
Seat 1: JoeBlack_MS folded before Flop (didn't bet)
Seat 2: Consig|iori folded before Flop (didn't bet)
Seat 3: ketchum88 folded before Flop (didn't bet)
Seat 4: VahTang_89 (button) folded on the Turn
Seat 5: B1GBankroll (small blind) folded before Flop
Seat 6: Pumuking (big blind) collected ($4.66)



PokerStars Hand #254258758434:  Hold'em No Limit ($0.50/$1.00 USD) - 2025/01/08 10:00:16 WET [2025/01/08 5:00:16 ET]
Table 'Artemis II' 6-max Seat #5 is the button
Seat 1: JoeBlack_MS ($100 in chips) 
Seat 2: Consig|iori ($105 in chips) 
Seat 3: ketchum88 ($94.27 in chips) 
Seat 4: VahTang_89 ($134.42 in chips) 
Seat 5: B1GBankroll ($113.58 in chips) 
Seat 6: Pumuking ($102.46 in chips) 
Pumuking: posts small blind $0.50
JoeBlack_MS: posts big blind $1
*** HOLE CARDS ***
Consig|iori: folds 
ketchum88: folds 
VahTang_89: raises $1.20 to $2.20
B1GBankroll: folds 
Pumuking: folds 
JoeBlack_MS: calls $1.20
*** FLOP *** [4d 4c As]
JoeBlack_MS: checks 
VahTang_89: bets $1.54
JoeBlack_MS: folds 
Uncalled bet ($1.54) returned to VahTang_89
VahTang_89 collected $4.66 from pot
VahTang_89: doesn't show hand 
*** SUMMARY ***
Total pot $4.90 | Rake $0.24 
Board [4d 4c As]
Seat 1: JoeBlack_MS (big blind) folded on the Flop
Seat 2: Consig|iori folded before Flop (didn't bet)
Seat 3: ketchum88 folded before Flop (didn't bet)
Seat 4: VahTang_89 collected ($4.66)
Seat 5: B1GBankroll (button) folded before Flop (didn't bet)
Seat 6: Pumuking (small blind) folded before Flop



PokerStars Hand #254258761211:  Hold'em No Limit ($0.50/$1.00 USD) - 2025/01/08 10:00:47 WET [2025/01/08 5:00:47 ET]
Table 'Artemis II' 6-max Seat #6 is the button
Seat 1: JoeBlack_MS ($100 in chips) 
Seat 2: Consig|iori ($105 in chips) 
Seat 3: ketchum88 ($94.27 in chips) 
Seat 4: VahTang_89 ($136.88 in chips) 
Seat 5: B1GBankroll ($113.58 in chips) 
Seat 6: Pumuking ($101.96 in chips) 
JoeBlack_MS: posts small blind $0.50
Consig|iori: posts big blind $1
*** HOLE CARDS ***
ketchum88: calls $1
VahTang_89: folds 
B1GBankroll: raises $3 to $4
Pumuking: folds 
JoeBlack_MS: folds 
Consig|iori: folds 
ketchum88: calls $3
*** FLOP *** [Qc Jc 4d]
ketchum88: bets $4.51
B1GBankroll: folds 
Uncalled bet ($4.51) returned to ketchum88
ketchum88 collected $9.02 from pot
*** SUMMARY ***
Total pot $9.50 | Rake $0.48 
Board [Qc Jc 4d]
Seat 1: JoeBlack_MS (small blind) folded before Flop
Seat 2: Consig|iori (big blind) folded before Flop
Seat 3: ketchum88 collected ($9.02)
Seat 4: VahTang_89 folded before Flop (didn't bet)
Seat 5: B1GBankroll folded on the Flop
Seat 6: Pumuking (button) folded before Flop (didn't bet)



PokerStars Hand #254258765746:  Hold'em No Limit ($0.50/$1.00 USD) - 2025/01/08 10:01:31 WET [2025/01/08 5:01:31 ET]
Table 'Artemis II' 6-max Seat #1 is the button
Seat 1: JoeBlack_MS ($100 in chips) 
Seat 2: Consig|iori ($104 in chips) 
Seat 3: ketchum88 ($99.29 in chips) 
Seat 4: VahTang_89 ($136.88 in chips) 
Seat 5: B1GBankroll ($109.58 in chips) 
Seat 6: Pumuking ($101.96 in chips) 
Consig|iori: posts small blind $0.50
ketchum88: posts big blind $1
*** HOLE CARDS ***
VahTang_89: folds 
B1GBankroll: raises $1.50 to $2.50
Pumuking: folds 
JoeBlack_MS: folds 
Consig|iori: folds 
ketchum88: calls $1.50
*** FLOP *** [8s 4h 8c]
ketchum88: bets $5.22
B1GBankroll: calls $5.22
*** TURN *** [8s 4h 8c] [Td]
ketchum88: bets $7.57
B1GBankroll: calls $7.57
*** RIVER *** [8s 4h 8c Td] [Js]
ketchum88: bets $4
B1GBankroll: calls $4
*** SHOW DOWN ***
ketchum88: shows [Jd 4c] (two pair, Jacks and Eights)
B1GBankroll: mucks hand 
ketchum88 collected $37.13 from pot
*** SUMMARY ***
Total pot $39.08 | Rake $1.95 
Board [8s 4h 8c Td Js]
Seat 1: JoeBlack_MS (button) folded before Flop (didn't bet)
Seat 2: Consig|iori (small blind) folded before Flop
Seat 3: ketchum88 (big blind) showed [Jd 4c] and won ($37.13) with two pair, Jacks and Eights
Seat 4: VahTang_89 folded before Flop (didn't bet)
Seat 5: B1GBankroll mucked
Seat 6: Pumuking folded before Flop (didn't bet)



PokerStars Hand #254258774553:  Hold'em No Limit ($0.50/$1.00 USD) - 2025/01/08 10:02:59 WET [2025/01/08 5:02:59 ET]
Table 'Artemis II' 6-max Seat #2 is the button
Seat 1: JoeBlack_MS ($100 in chips) 
Seat 2: Consig|iori ($103.50 in chips) 
Seat 3: ketchum88 ($117.13 in chips) 
Seat 4: VahTang_89 ($136.88 in chips) 
Seat 5: B1GBankroll ($100 in chips) 
Seat 6: Pumuking ($101.96 in chips) 
ketchum88: posts small blind $0.50
VahTang_89: posts big blind $1
*** HOLE CARDS ***
B1GBankroll: folds 
Pumuking: raises $1.25 to $2.25
JoeBlack_MS: folds 
Consig|iori: raises $5.25 to $7.50
ketchum88: folds 
VahTang_89: folds 
Pumuking: calls $5.25
*** FLOP *** [7h 6c 8d]
Pumuking: checks 
Consig|iori: checks 
*** TURN *** [7h 6c 8d] [Js]
Pumuking: bets $19.60
Consig|iori: folds 
Uncalled bet ($19.60) returned to Pumuking
Pumuking collected $15.68 from pot
Pumuking: doesn't show hand 
*** SUMMARY ***
Total pot $16.50 | Rake $0.82 
Board [7h 6c 8d Js]
Seat 1: JoeBlack_MS folded before Flop (didn't bet)
Seat 2: Consig|iori (button) folded on the Turn
Seat 3: ketchum88 (small blind) folded before Flop
Seat 4: VahTang_89 (big blind) folded before Flop
Seat 5: B1GBankroll folded before Flop (didn't bet)
Seat 6: Pumuking collected ($15.68)



PokerStars Hand #254258781728:  Hold'em No Limit ($0.50/$1.00 USD) - 2025/01/08 10:04:09 WET [2025/01/08 5:04:09 ET]
Table 'Artemis II' 6-max Seat #3 is the button
Seat 1: JoeBlack_MS ($100 in chips) 
Seat 2: Consig|iori ($100 in chips) 
Seat 3: ketchum88 ($116.63 in chips) 
Seat 4: VahTang_89 ($135.88 in chips) 
Seat 5: B1GBankroll ($100 in chips) 
Seat 6: Pumuking ($110.14 in chips) 
VahTang_89: posts small blind $0.50
B1GBankroll: posts big blind $1
*** HOLE CARDS ***
Pumuking: folds 
JoeBlack_MS: folds 
Consig|iori: folds 
ketchum88: raises $1 to $2
VahTang_89: folds 
B1GBankroll: folds 
Uncalled bet ($1) returned to ketchum88
ketchum88 collected $2.50 from pot
*** SUMMARY ***
Total pot $2.50 | Rake $0 
Seat 1: JoeBlack_MS folded before Flop (didn't bet)
Seat 2: Consig|iori folded before Flop (didn't bet)
Seat 3: ketchum88 (button) collected ($2.50)
Seat 4: VahTang_89 (small blind) folded before Flop
Seat 5: B1GBankroll (big blind) folded before Flop
Seat 6: Pumuking folded before Flop (didn't bet)



PokerStars Hand #254258783418:  Hold'em No Limit ($0.50/$1.00 USD) - 2025/01/08 10:04:26 WET [2025/01/08 5:04:26 ET]
Table 'Artemis II' 6-max Seat #4 is the button
Seat 1: JoeBlack_MS ($100 in chips) 
Seat 2: Consig|iori ($100 in chips) 
Seat 3: ketchum88 ($118.13 in chips) 
Seat 4: VahTang_89 ($135.38 in chips) 
Seat 5: B1GBankroll ($100 in chips) 
Seat 6: Pumuking ($110.14 in chips) 
B1GBankroll: posts small blind $0.50
Pumuking: posts big blind $1
*** HOLE CARDS ***
JoeBlack_MS: folds 
Consig|iori: raises $1.40 to $2.40
ketchum88: folds 
VahTang_89: folds 
B1GBankroll: folds 
Pumuking: folds 
Uncalled bet ($1.40) returned to Consig|iori
Consig|iori collected $2.50 from pot
Consig|iori: doesn't show hand 
*** SUMMARY ***
Total pot $2.50 | Rake $0 
Seat 1: JoeBlack_MS folded before Flop (didn't bet)
Seat 2: Consig|iori collected ($2.50)
Seat 3: ketchum88 folded before Flop (didn't bet)
Seat 4: VahTang_89 (button) folded before Flop (didn't bet)
Seat 5: B1GBankroll (small blind) folded before Flop
Seat 6: Pumuking (big blind) folded before Flop



PokerStars Hand #254258785636:  Hold'em No Limit ($0.50/$1.00 USD) - 2025/01/08 10:04:48 WET [2025/01/08 5:04:48 ET]
Table 'Artemis II' 6-max Seat #5 is the button
Seat 1: JoeBlack_MS ($100 in chips) 
Seat 2: Consig|iori ($101.50 in chips) 
Seat 3: ketchum88 ($118.13 in chips) 
Seat 4: VahTang_89 ($135.38 in chips) 
Seat 5: B1GBankroll ($100 in chips) 
Seat 6: Pumuking ($109.14 in chips) 
Pumuking: posts small blind $0.50
JoeBlack_MS: posts big blind $1
*** HOLE CARDS ***
Consig|iori: folds 
ketchum88: folds 
VahTang_89: folds 
B1GBankroll: folds 
Pumuking: folds 
Uncalled bet ($0.50) returned to JoeBlack_MS
JoeBlack_MS collected $1 from pot
JoeBlack_MS: doesn't show hand 
*** SUMMARY ***
Total pot $1 | Rake $0 
Seat 1: JoeBlack_MS (big blind) collected ($1)
Seat 2: Consig|iori folded before Flop (didn't bet)
Seat 3: ketchum88 folded before Flop (didn't bet)
Seat 4: VahTang_89 folded before Flop (didn't bet)
Seat 5: B1GBankroll (button) folded before Flop (didn't bet)
Seat 6: Pumuking (small blind) folded before Flop



PokerStars Hand #254258787704:  Hold'em No Limit ($0.50/$1.00 USD) - 2025/01/08 10:05:08 WET [2025/01/08 5:05:08 ET]
Table 'Artemis II' 6-max Seat #6 is the button
Seat 1: JoeBlack_MS ($100.50 in chips) 
Seat 2: Consig|iori ($101.50 in chips) 
Seat 3: ketchum88 ($118.13 in chips) 
Seat 4: VahTang_89 ($135.38 in chips) 
Seat 5: B1GBankroll ($100 in chips) 
Seat 6: Pumuking ($108.64 in chips) 
JoeBlack_MS: posts small blind $0.50
Consig|iori: posts big blind $1
*** HOLE CARDS ***
ketchum88: folds 
VahTang_89: folds 
B1GBankroll: raises $1.50 to $2.50
Pumuking: folds 
JoeBlack_MS: folds 
Consig|iori: folds 
Uncalled bet ($1.50) returned to B1GBankroll
B1GBankroll collected $2.50 from pot
B1GBankroll: doesn't show hand 
*** SUMMARY ***
Total pot $2.50 | Rake $0 
Seat 1: JoeBlack_MS (small blind) folded before Flop
Seat 2: Consig|iori (big blind) folded before Flop
Seat 3: ketchum88 folded before Flop (didn't bet)
Seat 4: VahTang_89 folded before Flop (didn't bet)
Seat 5: B1GBankroll collected ($2.50)
Seat 6: Pumuking (button) folded before Flop (didn't bet)



PokerStars Hand #254258790672:  Hold'em No Limit ($0.50/$1.00 USD) - 2025/01/08 10:05:38 WET [2025/01/08 5:05:38 ET]
Table 'Artemis II' 6-max Seat #1 is the button
Seat 1: JoeBlack_MS ($100 in chips) 
Seat 2: Consig|iori ($100.50 in chips) 
Seat 3: ketchum88 ($118.13 in chips) 
Seat 4: VahTang_89 ($135.38 in chips) 
Seat 5: B1GBankroll ($101.50 in chips) 
Seat 6: Pumuking ($108.64 in chips) 
Consig|iori: posts small blind $0.50
ketchum88: posts big blind $1
*** HOLE CARDS ***
VahTang_89: folds 
B1GBankroll: folds 
Pumuking: folds 
JoeBlack_MS: folds 
Consig|iori: raises $2.10 to $3.10
ketchum88: folds 
Uncalled bet ($2.10) returned to Consig|iori
Consig|iori collected $2 from pot
Consig|iori: doesn't show hand 
*** SUMMARY ***
Total pot $2 | Rake $0 
Seat 1: JoeBlack_MS (button) folded before Flop (didn't bet)
Seat 2: Consig|iori (small blind) collected ($2)
Seat 3: ketchum88 (big blind) folded before Flop
Seat 4: VahTang_89 folded before Flop (didn't bet)
Seat 5: B1GBankroll folded before Flop (didn't bet)
Seat 6: Pumuking folded before Flop (didn't bet)



PokerStars Hand #254258793097:  Hold'em No Limit ($0.50/$1.00 USD) - 2025/01/08 10:06:01 WET [2025/01/08 5:06:01 ET]
Table 'Artemis II' 6-max Seat #2 is the button
Seat 1: JoeBlack_MS ($100 in chips) 
Seat 2: Consig|iori ($101.50 in chips) 
Seat 3: ketchum88 ($117.13 in chips) 
Seat 4: VahTang_89 ($135.38 in chips) 
Seat 5: B1GBankroll ($101.50 in chips) 
Seat 6: Pumuking ($108.64 in chips) 
ketchum88: posts small blind $0.50
VahTang_89: posts big blind $1
*** HOLE CARDS ***
B1GBankroll: raises $1.50 to $2.50
Pumuking: folds 
JoeBlack_MS: folds 
Consig|iori: calls $2.50
ketchum88: folds 
VahTang_89: folds 
*** FLOP *** [8h 5s 4c]
B1GBankroll: checks 
Consig|iori: bets $4.02
B1GBankroll: folds 
Uncalled bet ($4.02) returned to Consig|iori
Consig|iori collected $6.18 from pot
Consig|iori: doesn't show hand 
*** SUMMARY ***
Total pot $6.50 | Rake $0.32 
Board [8h 5s 4c]
Seat 1: JoeBlack_MS folded before Flop (didn't bet)
Seat 2: Consig|iori (button) collected ($6.18)
Seat 3: ketchum88 (small blind) folded before Flop
Seat 4: VahTang_89 (big blind) folded before Flop
Seat 5: B1GBankroll folded on the Flop
Seat 6: Pumuking folded before Flop (didn't bet)



PokerStars Hand #254258797556:  Hold'em No Limit ($0.50/$1.00 USD) - 2025/01/08 10:06:45 WET [2025/01/08 5:06:45 ET]
Table 'Artemis II' 6-max Seat #3 is the button
Seat 1: JoeBlack_MS ($100 in chips) 
Seat 2: Consig|iori ($105.18 in chips) 
Seat 3: ketchum88 ($116.63 in chips) 
Seat 4: VahTang_89 ($134.38 in chips) 
Seat 5: B1GBankroll ($100 in chips) 
Seat 6: Pumuking ($108.64 in chips) 
VahTang_89: posts small blind $0.50
B1GBankroll: posts big blind $1
*** HOLE CARDS ***
Pumuking: raises $1.25 to $2.25
JoeBlack_MS: folds 
Consig|iori: folds 
ketchum88: folds 
VahTang_89: folds 
B1GBankroll: folds 
Uncalled bet ($1.25) returned to Pumuking
Pumuking collected $2.50 from pot
Pumuking: doesn't show hand 
*** SUMMARY ***
Total pot $2.50 | Rake $0 
Seat 1: JoeBlack_MS folded before Flop (didn't bet)
Seat 2: Consig|iori folded before Flop (didn't bet)
Seat 3: ketchum88 (button) folded before Flop (didn't bet)
Seat 4: VahTang_89 (small blind) folded before Flop
Seat 5: B1GBankroll (big blind) folded before Flop
Seat 6: Pumuking collected ($2.50)



PokerStars Hand #254258799085:  Hold'em No Limit ($0.50/$1.00 USD) - 2025/01/08 10:07:00 WET [2025/01/08 5:07:00 ET]
Table 'Artemis II' 6-max Seat #4 is the button
Seat 1: JoeBlack_MS ($100 in chips) 
Seat 2: Consig|iori ($105.18 in chips) 
Seat 3: ketchum88 ($116.63 in chips) 
Seat 4: VahTang_89 ($133.88 in chips) 
Seat 5: B1GBankroll ($100 in chips) 
Seat 6: Pumuking ($110.14 in chips) 
B1GBankroll: posts small blind $0.50
Pumuking: posts big blind $1
*** HOLE CARDS ***
JoeBlack_MS: folds 
Consig|iori: folds 
ketchum88: folds 
VahTang_89: folds 
B1GBankroll: folds 
Uncalled bet ($0.50) returned to Pumuking
Pumuking collected $1 from pot
JoeBlack_MS leaves the table
Pumuking: doesn't show hand 
*** SUMMARY ***
Total pot $1 | Rake $0 
Seat 1: JoeBlack_MS folded before Flop (didn't bet)
Seat 2: Consig|iori folded before Flop (didn't bet)
Seat 3: ketchum88 folded before Flop (didn't bet)
Seat 4: VahTang_89 (button) folded before Flop (didn't bet)
Seat 5: B1GBankroll (small blind) folded before Flop
Seat 6: Pumuking (big blind) collected ($1)



PokerStars Hand #254258800844:  Hold'em No Limit ($0.50/$1.00 USD) - 2025/01/08 10:07:18 WET [2025/01/08 5:07:18 ET]
Table 'Artemis II' 6-max Seat #5 is the button
Seat 2: Consig|iori ($105.18 in chips) 
Seat 3: ketchum88 ($116.63 in chips) 
Seat 4: VahTang_89 ($133.88 in chips) 
Seat 5: B1GBankroll ($100 in chips) 
Seat 6: Pumuking ($110.64 in chips) 
Pumuking: posts small blind $0.50
Consig|iori: posts big blind $1
*** HOLE CARDS ***
ketchum88: calls $1
VahTang_89: folds 
B1GBankroll: folds 
Pumuking: raises $3.50 to $4.50
Consig|iori: folds 
ketchum88: calls $3.50
*** FLOP *** [8d 9s 6d]
Pumuking: checks 
ketchum88: bets $4.75
Pon4uk.ua joins the table at seat #1 
Pumuking: raises $12.73 to $17.48
ketchum88: folds 
Uncalled bet ($12.73) returned to Pumuking
Pumuking collected $18.52 from pot
Pumuking: doesn't show hand 
*** SUMMARY ***
Total pot $19.50 | Rake $0.98 
Board [8d 9s 6d]
Seat 2: Consig|iori (big blind) folded before Flop
Seat 3: ketchum88 folded on the Flop
Seat 4: VahTang_89 folded before Flop (didn't bet)
Seat 5: B1GBankroll (button) folded before Flop (didn't bet)
Seat 6: Pumuking (small blind) collected ($18.52)



PokerStars Hand #254258805405:  Hold'em No Limit ($0.50/$1.00 USD) - 2025/01/08 10:08:03 WET [2025/01/08 5:08:03 ET]
Table 'Artemis II' 6-max Seat #6 is the button
Seat 1: Pon4uk.ua ($100 in chips) is sitting out
Seat 2: Consig|iori ($104.18 in chips) 
Seat 3: ketchum88 ($107.38 in chips) 
Seat 4: VahTang_89 ($133.88 in chips) 
Seat 5: B1GBankroll ($100 in chips) 
Seat 6: Pumuking ($119.91 in chips) 
Consig|iori: posts small blind $0.50
ketchum88: posts big blind $1
*** HOLE CARDS ***
VahTang_89: raises $1.20 to $2.20
B1GBankroll: folds 
Pumuking: folds 
Consig|iori: folds 
ketchum88: calls $1.20
*** FLOP *** [Tc Jh 5c]
ketchum88: bets $2.33
VahTang_89: calls $2.33
*** TURN *** [Tc Jh 5c] [7s]
ketchum88: checks 
VahTang_89: bets $4.54
ketchum88: folds 
Uncalled bet ($4.54) returned to VahTang_89
VahTang_89 collected $9.08 from pot
VahTang_89: doesn't show hand 
*** SUMMARY ***
Total pot $9.56 | Rake $0.48 
Board [Tc Jh 5c 7s]
Seat 1: Pon4uk.ua
Seat 2: Consig|iori (small blind) folded before Flop
Seat 3: ketchum88 (big blind) folded on the Turn
Seat 4: VahTang_89 collected ($9.08)
Seat 5: B1GBankroll folded before Flop (didn't bet)
Seat 6: Pumuking (button) folded before Flop (didn't bet)



PokerStars Hand #254258808830:  Hold'em No Limit ($0.50/$1.00 USD) - 2025/01/08 10:08:36 WET [2025/01/08 5:08:36 ET]
Table 'Artemis II' 6-max Seat #2 is the button
Seat 1: Pon4uk.ua ($100 in chips) is sitting out
Seat 2: Consig|iori ($103.68 in chips) 
Seat 3: ketchum88 ($102.85 in chips) 
Seat 4: VahTang_89 ($138.43 in chips) 
Seat 5: B1GBankroll ($100 in chips) 
Seat 6: Pumuking ($119.91 in chips) 
ketchum88: posts small blind $0.50
VahTang_89: posts big blind $1
Pon4uk.ua: sits out 
*** HOLE CARDS ***
B1GBankroll: folds 
Pumuking: folds 
Consig|iori: folds 
ketchum88: calls $0.50
VahTang_89: checks 
*** FLOP *** [5s Th Qs]
ketchum88: checks 
VahTang_89: checks 
*** TURN *** [5s Th Qs] [9c]
ketchum88: checks 
VahTang_89: checks 
*** RIVER *** [5s Th Qs 9c] [8h]
ketchum88: bets $1
VahTang_89: calls $1
*** SHOW DOWN ***
ketchum88: shows [Ac Ts] (a pair of Tens)
VahTang_89: shows [7d 6h] (a straight, Six to Ten)
VahTang_89 collected $3.80 from pot
*** SUMMARY ***
Total pot $4 | Rake $0.20 
Board [5s Th Qs 9c 8h]
Seat 1: Pon4uk.ua
Seat 2: Consig|iori (button) folded before Flop (didn't bet)
Seat 3: ketchum88 (small blind) showed [Ac Ts] and lost with a pair of Tens
Seat 4: VahTang_89 (big blind) showed [7d 6h] and won ($3.80) with a straight, Six to Ten
Seat 5: B1GBankroll folded before Flop (didn't bet)
Seat 6: Pumuking folded before Flop (didn't bet)



PokerStars Hand #254258811865:  Hold'em No Limit ($0.50/$1.00 USD) - 2025/01/08 10:09:06 WET [2025/01/08 5:09:06 ET]
Table 'Artemis II' 6-max Seat #3 is the button
Seat 1: Pon4uk.ua ($100 in chips) is sitting out
Seat 2: Consig|iori ($103.68 in chips) 
Seat 3: ketchum88 ($100.85 in chips) 
Seat 4: VahTang_89 ($140.23 in chips) 
Seat 5: B1GBankroll ($100 in chips) 
Seat 6: Pumuking ($119.91 in chips) 
VahTang_89: posts small blind $0.50
B1GBankroll: posts big blind $1
Pon4uk.ua: sits out 
*** HOLE CARDS ***
Pumuking: folds 
Consig|iori: folds 
ketchum88: calls $1
VahTang_89: folds 
B1GBankroll: raises $4 to $5
ketchum88: calls $4
*** FLOP *** [2s Ks 2c]
B1GBankroll: checks 
ketchum88: checks 
*** TURN *** [2s Ks 2c] [6c]
B1GBankroll: bets $7.39
ketchum88: folds 
Uncalled bet ($7.39) returned to B1GBankroll
B1GBankroll collected $9.98 from pot
B1GBankroll: doesn't show hand 
*** SUMMARY ***
Total pot $10.50 | Rake $0.52 
Board [2s Ks 2c 6c]
Seat 1: Pon4uk.ua
Seat 2: Consig|iori folded before Flop (didn't bet)
Seat 3: ketchum88 (button) folded on the Turn
Seat 4: VahTang_89 (small blind) folded before Flop
Seat 5: B1GBankroll (big blind) collected ($9.98)
Seat 6: Pumuking folded before Flop (didn't bet)



PokerStars Hand #254258816858:  Hold'em No Limit ($0.50/$1.00 USD) - 2025/01/08 10:09:54 WET [2025/01/08 5:09:54 ET]
Table 'Artemis II' 6-max Seat #4 is the button
Seat 1: Pon4uk.ua ($100 in chips) is sitting out
Seat 3: ketchum88 ($95.85 in chips) is sitting out
Seat 2: Consig|iori ($103.68 in chips) 
Seat 4: VahTang_89 ($139.73 in chips) 
Seat 5: B1GBankroll ($104.98 in chips) 
Seat 6: Pumuking ($119.91 in chips) 
B1GBankroll: posts small blind $0.50
Pumuking: posts big blind $1
Pon4uk.ua: sits out 
*** HOLE CARDS ***
Consig|iori: folds 
ketchum88 leaves the table
VahTang_89: folds 
B1GBankroll: folds 
Uncalled bet ($0.50) returned to Pumuking
Pumuking collected $1 from pot
Pumuking: doesn't show hand 
*** SUMMARY ***
Total pot $1 | Rake $0 
Seat 1: Pon4uk.ua
Seat 3: ketchum88
Seat 2: Consig|iori folded before Flop (didn't bet)
Seat 4: VahTang_89 (button) folded before Flop (didn't bet)
Seat 5: B1GBankroll (small blind) folded before Flop
Seat 6: Pumuking (big blind) collected ($1)



PokerStars Hand #254258817992:  Hold'em No Limit ($0.50/$1.00 USD) - 2025/01/08 10:10:06 WET [2025/01/08 5:10:06 ET]
Table 'Artemis II' 6-max Seat #5 is the button
Seat 1: Pon4uk.ua ($100 in chips) 
Seat 2: Consig|iori ($103.68 in chips) 
Seat 4: VahTang_89 ($139.73 in chips) 
Seat 5: B1GBankroll ($104.48 in chips) 
Seat 6: Pumuking ($120.41 in chips) 
Pumuking: posts small blind $0.50
Pon4uk.ua: posts big blind $1
*** HOLE CARDS ***
Consig|iori: folds 
VahTang_89: folds 
Consig|iori leaves the table
B1GBankroll: raises $1.50 to $2.50
PayTaxOrDie joins the table at seat #3 
Pumuking: raises $8.50 to $11
Pon4uk.ua: folds 
B1GBankroll: raises $11.50 to $22.50
Pumuking: calls $11.50
*** FLOP *** [Qc 5s 4s]
Pon4uk.ua leaves the table
Pumuking: checks 
B1GBankroll: bets $14.86
Pumuking: calls $14.86
*** TURN *** [Qc 5s 4s] [Js]
Pumuking: checks 
B1GBankroll: checks 
*** RIVER *** [Qc 5s 4s Js] [7h]
Pumuking: bets $83.05 and is all-in
B1GBankroll: folds 
Uncalled bet ($83.05) returned to Pumuking
Pumuking collected $73.22 from pot
Pumuking: doesn't show hand 
*** SUMMARY ***
Total pot $75.72 | Rake $2.50 
Board [Qc 5s 4s Js 7h]
Seat 1: Pon4uk.ua (big blind) folded before Flop
Seat 2: Consig|iori folded before Flop (didn't bet)
Seat 4: VahTang_89 folded before Flop (didn't bet)
Seat 5: B1GBankroll (button) folded on the River
Seat 6: Pumuking (small blind) collected ($73.22)



PokerStars Hand #254258834082:  Hold'em No Limit ($0.50/$1.00 USD) - 2025/01/08 10:12:38 WET [2025/01/08 5:12:38 ET]
Table 'Artemis II' 6-max Seat #4 is the button
Seat 3: PayTaxOrDie ($100 in chips) is sitting out
Seat 5: B1GBankroll ($100 in chips) is sitting out
Seat 4: VahTang_89 ($139.73 in chips) 
Seat 6: Pumuking ($156.27 in chips) 
VahTang_89: posts small blind $0.50
B1GBankroll: is sitting out 
Pumuking: posts big blind $1
*** HOLE CARDS ***
VahTang_89: raises $1 to $2
B1GBankroll leaves the table
Pumuking: calls $1
*** FLOP *** [9c Td 5h]
Pumuking: checks 
VahTang_89: checks 
*** TURN *** [9c Td 5h] [3s]
Pumuking: bets $4.75
VahTang_89: folds 
Uncalled bet ($4.75) returned to Pumuking
Pumuking collected $3.80 from pot
Pumuking: doesn't show hand 
*** SUMMARY ***
Total pot $4 | Rake $0.20 
Board [9c Td 5h 3s]
Seat 3: PayTaxOrDie
Seat 5: B1GBankroll
Seat 4: VahTang_89 (button) (small blind) folded on the Turn
Seat 6: Pumuking (big blind) collected ($3.80)



PokerStars Hand #254258837482:  Hold'em No Limit ($0.50/$1.00 USD) - 2025/01/08 10:13:10 WET [2025/01/08 5:13:10 ET]
Table 'Artemis II' 6-max Seat #4 is the button
Seat 3: PayTaxOrDie ($100 in chips) 
Seat 4: VahTang_89 ($137.73 in chips) 
Seat 6: Pumuking ($158.07 in chips) 
Pumuking: posts small blind $0.50
PayTaxOrDie: posts big blind $1
*** HOLE CARDS ***
VahTang_89: raises $1.20 to $2.20
Pumuking: folds 
PayTaxOrDie: calls $1.20
*** FLOP *** [9c Th 6c]
PayTaxOrDie: checks 
VahTang_89: bets $3.08
PayTaxOrDie: calls $3.08
*** TURN *** [9c Th 6c] [4d]
PayTaxOrDie: checks 
VahTang_89: checks 
*** RIVER *** [9c Th 6c 4d] [5s]
PayTaxOrDie: bets $3.47
VahTang_89: calls $3.47
*** SHOW DOWN ***
PayTaxOrDie: shows [9h Kh] (a pair of Nines)
VahTang_89: shows [Td Jh] (a pair of Tens)
VahTang_89 collected $17.10 from pot
*** SUMMARY ***
Total pot $18 | Rake $0.90 
Board [9c Th 6c 4d 5s]
Seat 3: PayTaxOrDie (big blind) showed [9h Kh] and lost with a pair of Nines
Seat 4: VahTang_89 (button) showed [Td Jh] and won ($17.10) with a pair of Tens
Seat 6: Pumuking (small blind) folded before Flop



PokerStars Hand #254258842366:  Hold'em No Limit ($0.50/$1.00 USD) - 2025/01/08 10:13:56 WET [2025/01/08 5:13:56 ET]
Table 'Artemis II' 6-max Seat #3 is the button
Seat 4: VahTang_89 ($146.08 in chips) is sitting out
Seat 3: PayTaxOrDie ($100 in chips) 
Seat 6: Pumuking ($157.57 in chips) 
PayTaxOrDie: posts small blind $0.50
VahTang_89: is sitting out 
Pumuking: posts big blind $1
*** HOLE CARDS ***
PayTaxOrDie: folds 
Uncalled bet ($0.50) returned to Pumuking
Pumuking collected $1 from pot
Pumuking: doesn't show hand 
*** SUMMARY ***
Total pot $1 | Rake $0 
Seat 4: VahTang_89
Seat 3: PayTaxOrDie (button) (small blind) folded before Flop
Seat 6: Pumuking (big blind) collected ($1)



PokerStars Hand #254258879709:  Hold'em No Limit ($0.50/$1.00 USD) - 2025/01/08 10:19:48 WET [2025/01/08 5:19:48 ET]
Table 'Artemis II' 6-max Seat #4 is the button
Seat 2: hitthieu ($40 in chips) 
Seat 3: VahTang_89 ($146.08 in chips) 
Seat 4: fobot21 ($100 in chips) 
hitthieu: posts small blind $0.50
VahTang_89: posts big blind $1
*** HOLE CARDS ***
fobot21: folds 
hitthieu: raises $1 to $2
VahTang_89: folds 
Uncalled bet ($1) returned to hitthieu
hitthieu collected $2 from pot
ChuckNorrisQ joins the table at seat #5 
PayTaxOrDie joins the table at seat #6 
*** SUMMARY ***
Total pot $2 | Rake $0 
Seat 2: hitthieu (small blind) collected ($2)
Seat 3: VahTang_89 (big blind) folded before Flop
Seat 4: fobot21 (button) folded before Flop (didn't bet)



PokerStars Hand #254258880658:  Hold'em No Limit ($0.50/$1.00 USD) - 2025/01/08 10:19:57 WET [2025/01/08 5:19:57 ET]
Table 'Artemis II' 6-max Seat #2 is the button
Seat 5: ChuckNorrisQ ($80 in chips) is sitting out
Seat 2: hitthieu ($41 in chips) 
Seat 3: VahTang_89 ($145.08 in chips) 
Seat 4: fobot21 ($100 in chips) 
Seat 6: PayTaxOrDie ($100 in chips) 
VahTang_89: posts small blind $0.50
fobot21: posts big blind $1
ChuckNorrisQ: sits out 
PayTaxOrDie is connected 
PayTaxOrDie: posts big blind $1
*** HOLE CARDS ***
PayTaxOrDie: checks 
hitthieu: raises $1 to $2
VahTang_89: folds 
fobot21: folds 
PayTaxOrDie: folds 
Uncalled bet ($1) returned to hitthieu
hitthieu collected $3.50 from pot
*** SUMMARY ***
Total pot $3.50 | Rake $0 
Seat 5: ChuckNorrisQ
Seat 2: hitthieu (button) collected ($3.50)
Seat 3: VahTang_89 (small blind) folded before Flop
Seat 4: fobot21 (big blind) folded before Flop
Seat 6: PayTaxOrDie folded before Flop (didn't bet)



PokerStars Hand #254258882064:  Hold'em No Limit ($0.50/$1.00 USD) - 2025/01/08 10:20:10 WET [2025/01/08 5:20:10 ET]
Table 'Artemis II' 6-max Seat #3 is the button
Seat 2: hitthieu ($43.50 in chips) 
Seat 3: VahTang_89 ($144.58 in chips) 
Seat 4: fobot21 ($100 in chips) 
Seat 5: ChuckNorrisQ ($100 in chips) 
Seat 6: PayTaxOrDie ($100 in chips) 
fobot21: posts small blind $0.50
ChuckNorrisQ: posts big blind $1
*** HOLE CARDS ***
PayTaxOrDie: folds 
hitthieu: raises $2 to $3
VahTang_89: folds 
fobot21: folds 
avlee1 joins the table at seat #1 
ChuckNorrisQ: folds 
Uncalled bet ($2) returned to hitthieu
hitthieu collected $2.50 from pot
*** SUMMARY ***
Total pot $2.50 | Rake $0 
Seat 2: hitthieu collected ($2.50)
Seat 3: VahTang_89 (button) folded before Flop (didn't bet)
Seat 4: fobot21 (small blind) folded before Flop
Seat 5: ChuckNorrisQ (big blind) folded before Flop
Seat 6: PayTaxOrDie folded before Flop (didn't bet)



PokerStars Hand #254258883923:  Hold'em No Limit ($0.50/$1.00 USD) - 2025/01/08 10:20:27 WET [2025/01/08 5:20:27 ET]
Table 'Artemis II' 6-max Seat #4 is the button
Seat 1: avlee1 ($100 in chips) is sitting out
Seat 2: hitthieu ($45 in chips) 
Seat 3: VahTang_89 ($144.58 in chips) 
Seat 4: fobot21 ($100 in chips) 
Seat 5: ChuckNorrisQ ($100 in chips) 
Seat 6: PayTaxOrDie ($100 in chips) 
ChuckNorrisQ: posts small blind $0.50
PayTaxOrDie: posts big blind $1
avlee1: sits out 
*** HOLE CARDS ***
hitthieu: folds 
VahTang_89: folds 
fobot21: raises $1.50 to $2.50
ChuckNorrisQ: folds 
PayTaxOrDie: calls $1.50
*** FLOP *** [Th 4d Jh]
PayTaxOrDie: checks 
fobot21: bets $3.97
PayTaxOrDie: calls $3.97
*** TURN *** [Th 4d Jh] [3h]
PayTaxOrDie: checks 
fobot21: checks 
*** RIVER *** [Th 4d Jh 3h] [Ts]
PayTaxOrDie: bets $4.21
fobot21: calls $4.21
*** SHOW DOWN ***
PayTaxOrDie: shows [5d Jd] (two pair, Jacks and Tens)
fobot21: shows [Kd Jc] (two pair, Jacks and Tens - King kicker)
fobot21 collected $20.77 from pot
*** SUMMARY ***
Total pot $21.86 | Rake $1.09 
Board [Th 4d Jh 3h Ts]
Seat 1: avlee1
Seat 2: hitthieu folded before Flop (didn't bet)
Seat 3: VahTang_89 folded before Flop (didn't bet)
Seat 4: fobot21 (button) showed [Kd Jc] and won ($20.77) with two pair, Jacks and Tens
Seat 5: ChuckNorrisQ (small blind) folded before Flop
Seat 6: PayTaxOrDie (big blind) showed [5d Jd] and lost with two pair, Jacks and Tens



PokerStars Hand #254258890310:  Hold'em No Limit ($0.50/$1.00 USD) - 2025/01/08 10:21:26 WET [2025/01/08 5:21:26 ET]
Table 'Artemis II' 6-max Seat #5 is the button
Seat 1: avlee1 ($100 in chips) 
Seat 2: hitthieu ($45 in chips) 
Seat 3: VahTang_89 ($144.58 in chips) 
Seat 4: fobot21 ($110.09 in chips) 
Seat 5: ChuckNorrisQ ($100 in chips) 
Seat 6: PayTaxOrDie ($100 in chips) 
PayTaxOrDie: posts small blind $0.50
avlee1: posts big blind $1
*** HOLE CARDS ***
hitthieu: folds 
VahTang_89: folds 
fobot21: folds 
ChuckNorrisQ: folds 
PayTaxOrDie: raises $2 to $3
avlee1: folds 
Uncalled bet ($2) returned to PayTaxOrDie
PayTaxOrDie collected $2 from pot
PayTaxOrDie: doesn't show hand 
*** SUMMARY ***
Total pot $2 | Rake $0 
Seat 1: avlee1 (big blind) folded before Flop
Seat 2: hitthieu folded before Flop (didn't bet)
Seat 3: VahTang_89 folded before Flop (didn't bet)
Seat 4: fobot21 folded before Flop (didn't bet)
Seat 5: ChuckNorrisQ (button) folded before Flop (didn't bet)
Seat 6: PayTaxOrDie (small blind) collected ($2)



PokerStars Hand #254258894189:  Hold'em No Limit ($0.50/$1.00 USD) - 2025/01/08 10:22:01 WET [2025/01/08 5:22:01 ET]
Table 'Artemis II' 6-max Seat #6 is the button
Seat 1: avlee1 ($100 in chips) 
Seat 2: hitthieu ($45 in chips) 
Seat 3: VahTang_89 ($144.58 in chips) 
Seat 4: fobot21 ($110.09 in chips) 
Seat 5: ChuckNorrisQ ($100 in chips) 
Seat 6: PayTaxOrDie ($101 in chips) 
avlee1: posts small blind $0.50
hitthieu: posts big blind $1
*** HOLE CARDS ***
VahTang_89: folds 
fobot21: folds 
ChuckNorrisQ: folds 
PayTaxOrDie: folds 
avlee1: raises $2 to $3
hitthieu: raises $6 to $9
avlee1: folds 
Uncalled bet ($6) returned to hitthieu
hitthieu collected $6 from pot
*** SUMMARY ***
Total pot $6 | Rake $0 
Seat 1: avlee1 (small blind) folded before Flop
Seat 2: hitthieu (big blind) collected ($6)
Seat 3: VahTang_89 folded before Flop (didn't bet)
Seat 4: fobot21 folded before Flop (didn't bet)
Seat 5: ChuckNorrisQ folded before Flop (didn't bet)
Seat 6: PayTaxOrDie (button) folded before Flop (didn't bet)



PokerStars Hand #254258897992:  Hold'em No Limit ($0.50/$1.00 USD) - 2025/01/08 10:22:37 WET [2025/01/08 5:22:37 ET]
Table 'Artemis II' 6-max Seat #1 is the button
Seat 1: avlee1 ($100 in chips) 
Seat 2: hitthieu ($48 in chips) 
Seat 3: VahTang_89 ($144.58 in chips) 
Seat 4: fobot21 ($110.09 in chips) 
Seat 5: ChuckNorrisQ ($100 in chips) 
Seat 6: PayTaxOrDie ($101 in chips) 
hitthieu: posts small blind $0.50
VahTang_89: posts big blind $1
*** HOLE CARDS ***
fobot21: folds 
ChuckNorrisQ: folds 
PayTaxOrDie: raises $1.30 to $2.30
avlee1: folds 
hitthieu: folds 
VahTang_89: folds 
Uncalled bet ($1.30) returned to PayTaxOrDie
PayTaxOrDie collected $2.50 from pot
PayTaxOrDie: doesn't show hand 
*** SUMMARY ***
Total pot $2.50 | Rake $0 
Seat 1: avlee1 (button) folded before Flop (didn't bet)
Seat 2: hitthieu (small blind) folded before Flop
Seat 3: VahTang_89 (big blind) folded before Flop
Seat 4: fobot21 folded before Flop (didn't bet)
Seat 5: ChuckNorrisQ folded before Flop (didn't bet)
Seat 6: PayTaxOrDie collected ($2.50)



PokerStars Hand #254258899482:  Hold'em No Limit ($0.50/$1.00 USD) - 2025/01/08 10:22:51 WET [2025/01/08 5:22:51 ET]
Table 'Artemis II' 6-max Seat #2 is the button
Seat 1: avlee1 ($100 in chips) 
Seat 2: hitthieu ($47.50 in chips) 
Seat 3: VahTang_89 ($143.58 in chips) 
Seat 4: fobot21 ($110.09 in chips) 
Seat 5: ChuckNorrisQ ($100 in chips) 
Seat 6: PayTaxOrDie ($102.50 in chips) 
VahTang_89: posts small blind $0.50
fobot21: posts big blind $1
*** HOLE CARDS ***
ChuckNorrisQ: folds 
PayTaxOrDie: folds 
avlee1: folds 
hitthieu: raises $2 to $3
VahTang_89: folds 
fobot21: folds 
Uncalled bet ($2) returned to hitthieu
hitthieu collected $2.50 from pot
*** SUMMARY ***
Total pot $2.50 | Rake $0 
Seat 1: avlee1 folded before Flop (didn't bet)
Seat 2: hitthieu (button) collected ($2.50)
Seat 3: VahTang_89 (small blind) folded before Flop
Seat 4: fobot21 (big blind) folded before Flop
Seat 5: ChuckNorrisQ folded before Flop (didn't bet)
Seat 6: PayTaxOrDie folded before Flop (didn't bet)



PokerStars Hand #254258901466:  Hold'em No Limit ($0.50/$1.00 USD) - 2025/01/08 10:23:10 WET [2025/01/08 5:23:10 ET]
Table 'Artemis II' 6-max Seat #3 is the button
Seat 1: avlee1 ($100 in chips) 
Seat 2: hitthieu ($49 in chips) 
Seat 3: VahTang_89 ($143.08 in chips) 
Seat 4: fobot21 ($109.09 in chips) 
Seat 5: ChuckNorrisQ ($100 in chips) 
Seat 6: PayTaxOrDie ($102.50 in chips) 
fobot21: posts small blind $0.50
ChuckNorrisQ: posts big blind $1
*** HOLE CARDS ***
PayTaxOrDie: folds 
avlee1: folds 
hitthieu: folds 
VahTang_89: raises $1.20 to $2.20
fobot21: raises $8.80 to $11
ChuckNorrisQ: folds 
VahTang_89: folds 
Uncalled bet ($8.80) returned to fobot21
fobot21 collected $5.40 from pot
fobot21: doesn't show hand 
*** SUMMARY ***
Total pot $5.40 | Rake $0 
Seat 1: avlee1 folded before Flop (didn't bet)
Seat 2: hitthieu folded before Flop (didn't bet)
Seat 3: VahTang_89 (button) folded before Flop
Seat 4: fobot21 (small blind) collected ($5.40)
Seat 5: ChuckNorrisQ (big blind) folded before Flop
Seat 6: PayTaxOrDie folded before Flop (didn't bet)



PokerStars Hand #254258904453:  Hold'em No Limit ($0.50/$1.00 USD) - 2025/01/08 10:23:38 WET [2025/01/08 5:23:38 ET]
Table 'Artemis II' 6-max Seat #4 is the button
Seat 1: avlee1 ($100 in chips) 
Seat 2: hitthieu ($49 in chips) 
Seat 3: VahTang_89 ($140.88 in chips) 
Seat 4: fobot21 ($112.29 in chips) 
Seat 5: ChuckNorrisQ ($100 in chips) 
Seat 6: PayTaxOrDie ($102.50 in chips) 
ChuckNorrisQ: posts small blind $0.50
PayTaxOrDie: posts big blind $1
*** HOLE CARDS ***
avlee1: raises $1.50 to $2.50
hitthieu: raises $5.50 to $8
VahTang_89: folds 
fobot21: folds 
ChuckNorrisQ: folds 
PayTaxOrDie: folds 
avlee1: folds 
Uncalled bet ($5.50) returned to hitthieu
hitthieu collected $6.50 from pot
*** SUMMARY ***
Total pot $6.50 | Rake $0 
Seat 1: avlee1 folded before Flop
Seat 2: hitthieu collected ($6.50)
Seat 3: VahTang_89 folded before Flop (didn't bet)
Seat 4: fobot21 (button) folded before Flop (didn't bet)
Seat 5: ChuckNorrisQ (small blind) folded before Flop
Seat 6: PayTaxOrDie (big blind) folded before Flop



PokerStars Hand #254258906699:  Hold'em No Limit ($0.50/$1.00 USD) - 2025/01/08 10:23:59 WET [2025/01/08 5:23:59 ET]
Table 'Artemis II' 6-max Seat #5 is the button
Seat 1: avlee1 ($100 in chips) is sitting out
Seat 2: hitthieu ($53 in chips) 
Seat 3: VahTang_89 ($140.88 in chips) 
Seat 4: fobot21 ($112.29 in chips) 
Seat 5: ChuckNorrisQ ($100 in chips) 
Seat 6: PayTaxOrDie ($101.50 in chips) 
PayTaxOrDie: posts small blind $0.50
avlee1: is sitting out 
hitthieu: posts big blind $1
*** HOLE CARDS ***
VahTang_89: raises $1.20 to $2.20
avlee1 leaves the table
fobot21: raises $5.30 to $7.50
ChuckNorrisQ: folds 
PayTaxOrDie: folds 
hitthieu: folds 
VahTang_89: raises $12.50 to $20
Pon4uk.ua joins the table at seat #1 
fobot21: folds 
Uncalled bet ($12.50) returned to VahTang_89
VahTang_89 collected $16.50 from pot
VahTang_89: doesn't show hand 
fobot21 leaves the table
*** SUMMARY ***
Total pot $16.50 | Rake $0 
Seat 1: avlee1
Seat 2: hitthieu (big blind) folded before Flop
Seat 3: VahTang_89 collected ($16.50)
Seat 4: fobot21 folded before Flop
Seat 5: ChuckNorrisQ (button) folded before Flop (didn't bet)
Seat 6: PayTaxOrDie (small blind) folded before Flop



PokerStars Hand #254258909580:  Hold'em No Limit ($0.50/$1.00 USD) - 2025/01/08 10:24:26 WET [2025/01/08 5:24:26 ET]
Table 'Artemis II' 6-max Seat #6 is the button
Seat 1: Pon4uk.ua ($100 in chips) is sitting out
Seat 3: VahTang_89 ($149.88 in chips) is sitting out
Seat 2: hitthieu ($52 in chips) 
Seat 5: ChuckNorrisQ ($100 in chips) 
Seat 6: PayTaxOrDie ($101 in chips) 
hitthieu: posts small blind $0.50
VahTang_89: is sitting out 
ChuckNorrisQ: posts big blind $1
*** HOLE CARDS ***
PayTaxOrDie: folds 
hitthieu: folds 
Uncalled bet ($0.50) returned to ChuckNorrisQ
VahTang_89 leaves the table
ChuckNorrisQ collected $1 from pot
ChuckNorrisQ: doesn't show hand 
*** SUMMARY ***
Total pot $1 | Rake $0 
Seat 1: Pon4uk.ua
Seat 3: VahTang_89
Seat 2: hitthieu (small blind) folded before Flop
Seat 5: ChuckNorrisQ (big blind) collected ($1)
Seat 6: PayTaxOrDie (button) folded before Flop (didn't bet)



PokerStars Hand #254258910300:  Hold'em No Limit ($0.50/$1.00 USD) - 2025/01/08 10:24:33 WET [2025/01/08 5:24:33 ET]
Table 'Artemis II' 6-max Seat #2 is the button
Seat 1: Pon4uk.ua ($100 in chips) is sitting out
Seat 2: hitthieu ($51.50 in chips) 
Seat 5: ChuckNorrisQ ($100.50 in chips) 
Seat 6: PayTaxOrDie ($101 in chips) 
ChuckNorrisQ: posts small blind $0.50
PayTaxOrDie: posts big blind $1
Pon4uk.ua: sits out 
*** HOLE CARDS ***
hitthieu: raises $2 to $3
ChuckNorrisQ: folds 
PayTaxOrDie: folds 
Uncalled bet ($2) returned to hitthieu
hitthieu collected $2.50 from pot
*** SUMMARY ***
Total pot $2.50 | Rake $0 
Seat 1: Pon4uk.ua
Seat 2: hitthieu (button) collected ($2.50)
Seat 5: ChuckNorrisQ (small blind) folded before Flop
Seat 6: PayTaxOrDie (big blind) folded before Flop



PokerStars Hand #254258911551:  Hold'em No Limit ($0.50/$1.00 USD) - 2025/01/08 10:24:44 WET [2025/01/08 5:24:44 ET]
Table 'Artemis II' 6-max Seat #5 is the button
Seat 1: Pon4uk.ua ($100 in chips) 
Seat 2: hitthieu ($53 in chips) 
Seat 5: ChuckNorrisQ ($100 in chips) 
Seat 6: PayTaxOrDie ($100 in chips) 
PayTaxOrDie: posts small blind $0.50
Pon4uk.ua: posts big blind $1
*** HOLE CARDS ***
hitthieu: folds 
ChuckNorrisQ: raises $1.50 to $2.50
PayTaxOrDie: folds 
Pon4uk.ua: calls $1.50
*** FLOP *** [Ac As Th]
Pon4uk.ua: checks 
ChuckNorrisQ: bets $1.72
Pon4uk.ua: folds 
Uncalled bet ($1.72) returned to ChuckNorrisQ
ChuckNorrisQ collected $5.22 from pot
ChuckNorrisQ: doesn't show hand 
*** SUMMARY ***
Total pot $5.50 | Rake $0.28 
Board [Ac As Th]
Seat 1: Pon4uk.ua (big blind) folded on the Flop
Seat 2: hitthieu folded before Flop (didn't bet)
Seat 5: ChuckNorrisQ (button) collected ($5.22)
Seat 6: PayTaxOrDie (small blind) folded before Flop



PokerStars Hand #254258914867:  Hold'em No Limit ($0.50/$1.00 USD) - 2025/01/08 10:25:15 WET [2025/01/08 5:25:15 ET]
Table 'Artemis II' 6-max Seat #6 is the button
Seat 1: Pon4uk.ua ($100 in chips) 
Seat 2: hitthieu ($53 in chips) 
Seat 5: ChuckNorrisQ ($102.72 in chips) 
Seat 6: PayTaxOrDie ($100 in chips) 
Pon4uk.ua: posts small blind $0.50
hitthieu: posts big blind $1
*** HOLE CARDS ***
ChuckNorrisQ: raises $1.30 to $2.30
PayTaxOrDie: folds 
Pon4uk.ua: folds 
hitthieu: folds 
Uncalled bet ($1.30) returned to ChuckNorrisQ
ChuckNorrisQ collected $2.50 from pot
ChuckNorrisQ: doesn't show hand 
*** SUMMARY ***
Total pot $2.50 | Rake $0 
Seat 1: Pon4uk.ua (small blind) folded before Flop
Seat 2: hitthieu (big blind) folded before Flop
Seat 5: ChuckNorrisQ collected ($2.50)
Seat 6: PayTaxOrDie (button) folded before Flop (didn't bet)



PokerStars Hand #254258916145:  Hold'em No Limit ($0.50/$1.00 USD) - 2025/01/08 10:25:27 WET [2025/01/08 5:25:27 ET]
Table 'Artemis II' 6-max Seat #1 is the button
Seat 1: Pon4uk.ua ($100 in chips) 
Seat 2: hitthieu ($52 in chips) 
Seat 5: ChuckNorrisQ ($104.22 in chips) 
Seat 6: PayTaxOrDie ($100 in chips) 
hitthieu: posts small blind $0.50
ChuckNorrisQ: posts big blind $1
*** HOLE CARDS ***
ave_fenix800 joins the table at seat #4 
PayTaxOrDie: folds 
Pon4uk.ua: folds 
hitthieu: raises $2 to $3
ChuckNorrisQ: folds 
Uncalled bet ($2) returned to hitthieu
hitthieu collected $2 from pot
*** SUMMARY ***
Total pot $2 | Rake $0 
Seat 1: Pon4uk.ua (button) folded before Flop (didn't bet)
Seat 2: hitthieu (small blind) collected ($2)
Seat 5: ChuckNorrisQ (big blind) folded before Flop
Seat 6: PayTaxOrDie folded before Flop (didn't bet)



PokerStars Hand #254258917715:  Hold'em No Limit ($0.50/$1.00 USD) - 2025/01/08 10:25:42 WET [2025/01/08 5:25:42 ET]
Table 'Artemis II' 6-max Seat #2 is the button
Seat 4: ave_fenix800 ($100 in chips) is sitting out
Seat 1: Pon4uk.ua ($100 in chips) 
Seat 2: hitthieu ($53 in chips) 
Seat 5: ChuckNorrisQ ($103.22 in chips) 
Seat 6: PayTaxOrDie ($100 in chips) 
ChuckNorrisQ: posts small blind $0.50
PayTaxOrDie: posts big blind $1
*** HOLE CARDS ***
Pon4uk.ua: folds 
hitthieu: folds 
ChuckNorrisQ: raises $2 to $3
PayTaxOrDie: raises $6 to $9
ChuckNorrisQ: folds 
Uncalled bet ($6) returned to PayTaxOrDie
PayTaxOrDie collected $6 from pot
PayTaxOrDie: doesn't show hand 
*** SUMMARY ***
Total pot $6 | Rake $0 
Seat 4: ave_fenix800
Seat 1: Pon4uk.ua folded before Flop (didn't bet)
Seat 2: hitthieu (button) folded before Flop (didn't bet)
Seat 5: ChuckNorrisQ (small blind) folded before Flop
Seat 6: PayTaxOrDie (big blind) collected ($6)



PokerStars Hand #254258920656:  Hold'em No Limit ($0.50/$1.00 USD) - 2025/01/08 10:26:09 WET [2025/01/08 5:26:09 ET]
Table 'Artemis II' 6-max Seat #5 is the button
Seat 4: ave_fenix800 ($100 in chips) is sitting out
Seat 1: Pon4uk.ua ($100 in chips) 
Seat 2: hitthieu ($53 in chips) 
Seat 5: ChuckNorrisQ ($100.22 in chips) 
Seat 6: PayTaxOrDie ($103 in chips) 
PayTaxOrDie: posts small blind $0.50
Pon4uk.ua: posts big blind $1
ave_fenix800: sits out 
*** HOLE CARDS ***
hitthieu: raises $1 to $2
ChuckNorrisQ: folds 
PayTaxOrDie: folds 
Pon4uk.ua: calls $1
*** FLOP *** [Qs 5h 9s]
Pon4uk.ua: checks 
hitthieu: bets $3
Pon4uk.ua: folds 
Uncalled bet ($3) returned to hitthieu
hitthieu collected $4.22 from pot
*** SUMMARY ***
Total pot $4.50 | Rake $0.28 
Board [Qs 5h 9s]
Seat 4: ave_fenix800
Seat 1: Pon4uk.ua (big blind) folded on the Flop
Seat 2: hitthieu collected ($4.22)
Seat 5: ChuckNorrisQ (button) folded before Flop (didn't bet)
Seat 6: PayTaxOrDie (small blind) folded before Flop



PokerStars Hand #254258923454:  Hold'em No Limit ($0.50/$1.00 USD) - 2025/01/08 10:26:35 WET [2025/01/08 5:26:35 ET]
Table 'Artemis II' 6-max Seat #6 is the button
Seat 4: ave_fenix800 ($100 in chips) is sitting out
Seat 1: Pon4uk.ua ($100 in chips) 
Seat 2: hitthieu ($55.22 in chips) 
Seat 5: ChuckNorrisQ ($100.22 in chips) 
Seat 6: PayTaxOrDie ($102.50 in chips) 
Pon4uk.ua: posts small blind $0.50
hitthieu: posts big blind $1
ave_fenix800: sits out 
*** HOLE CARDS ***
ChuckNorrisQ: folds 
PayTaxOrDie: folds 
Pon4uk.ua: raises $1.75 to $2.75
hitthieu: folds 
Uncalled bet ($1.75) returned to Pon4uk.ua
Pon4uk.ua collected $2 from pot
Pon4uk.ua: doesn't show hand 
*** SUMMARY ***
Total pot $2 | Rake $0 
Seat 4: ave_fenix800
Seat 1: Pon4uk.ua (small blind) collected ($2)
Seat 2: hitthieu (big blind) folded before Flop
Seat 5: ChuckNorrisQ folded before Flop (didn't bet)
Seat 6: PayTaxOrDie (button) folded before Flop (didn't bet)



PokerStars Hand #254258925233:  Hold'em No Limit ($0.50/$1.00 USD) - 2025/01/08 10:26:51 WET [2025/01/08 5:26:51 ET]
Table 'Artemis II' 6-max Seat #1 is the button
Seat 1: Pon4uk.ua ($101 in chips) 
Seat 2: hitthieu ($54.22 in chips) 
Seat 4: ave_fenix800 ($100 in chips) 
Seat 5: ChuckNorrisQ ($100.22 in chips) 
Seat 6: PayTaxOrDie ($102.50 in chips) 
hitthieu: posts small blind $0.50
ave_fenix800: posts big blind $1
*** HOLE CARDS ***
ChuckNorrisQ: raises $1 to $2
PayTaxOrDie: folds 
Pon4uk.ua: folds 
hitthieu: folds 
ave_fenix800: folds 
Uncalled bet ($1) returned to ChuckNorrisQ
ChuckNorrisQ collected $2.50 from pot
ChuckNorrisQ: doesn't show hand 
*** SUMMARY ***
Total pot $2.50 | Rake $0 
Seat 1: Pon4uk.ua (button) folded before Flop (didn't bet)
Seat 2: hitthieu (small blind) folded before Flop
Seat 4: ave_fenix800 (big blind) folded before Flop
Seat 5: ChuckNorrisQ collected ($2.50)
Seat 6: PayTaxOrDie folded before Flop (didn't bet)



PokerStars Hand #254258926696:  Hold'em No Limit ($0.50/$1.00 USD) - 2025/01/08 10:27:05 WET [2025/01/08 5:27:05 ET]
Table 'Artemis II' 6-max Seat #2 is the button
Seat 1: Pon4uk.ua ($101 in chips) 
Seat 2: hitthieu ($53.72 in chips) 
Seat 4: ave_fenix800 ($100 in chips) 
Seat 5: ChuckNorrisQ ($101.72 in chips) 
Seat 6: PayTaxOrDie ($102.50 in chips) 
ave_fenix800: posts small blind $0.50
ChuckNorrisQ: posts big blind $1
*** HOLE CARDS ***
PayTaxOrDie: folds 
Pon4uk.ua: folds 
hitthieu: raises $2 to $3
gig.gyty joins the table at seat #3 
ave_fenix800: folds 
ChuckNorrisQ: folds 
Uncalled bet ($2) returned to hitthieu
hitthieu collected $2.50 from pot
*** SUMMARY ***
Total pot $2.50 | Rake $0 
Seat 1: Pon4uk.ua folded before Flop (didn't bet)
Seat 2: hitthieu (button) collected ($2.50)
Seat 4: ave_fenix800 (small blind) folded before Flop
Seat 5: ChuckNorrisQ (big blind) folded before Flop
Seat 6: PayTaxOrDie folded before Flop (didn't bet)



PokerStars Hand #254258929301:  Hold'em No Limit ($0.50/$1.00 USD) - 2025/01/08 10:27:28 WET [2025/01/08 5:27:28 ET]
Table 'Artemis II' 6-max Seat #4 is the button
Seat 3: gig.gyty ($100 in chips) is sitting out
Seat 6: PayTaxOrDie ($102.50 in chips) is sitting out
Seat 1: Pon4uk.ua ($101 in chips) 
Seat 2: hitthieu ($55.22 in chips) 
Seat 4: ave_fenix800 ($100 in chips) 
Seat 5: ChuckNorrisQ ($100.72 in chips) 
ChuckNorrisQ: posts small blind $0.50
PayTaxOrDie: is sitting out 
Pon4uk.ua: posts big blind $1
gig.gyty: sits out 
*** HOLE CARDS ***
hitthieu: folds 
PayTaxOrDie leaves the table
ave_fenix800: folds 
ChuckNorrisQ: raises $2 to $3
ddyyjj joins the table at seat #6 
Pon4uk.ua: folds 
Uncalled bet ($2) returned to ChuckNorrisQ
ChuckNorrisQ collected $2 from pot
ChuckNorrisQ: doesn't show hand 
*** SUMMARY ***
Total pot $2 | Rake $0 
Seat 3: gig.gyty
Seat 6: PayTaxOrDie
Seat 1: Pon4uk.ua (big blind) folded before Flop
Seat 2: hitthieu folded before Flop (didn't bet)
Seat 4: ave_fenix800 (button) folded before Flop (didn't bet)
Seat 5: ChuckNorrisQ (small blind) collected ($2)



PokerStars Hand #254258931766:  Hold'em No Limit ($0.50/$1.00 USD) - 2025/01/08 10:27:50 WET [2025/01/08 5:27:50 ET]
Table 'Artemis II' 6-max Seat #5 is the button
Seat 3: gig.gyty ($100 in chips) is sitting out
Seat 6: ddyyjj ($100 in chips) is sitting out
Seat 1: Pon4uk.ua ($100 in chips) 
Seat 2: hitthieu ($55.22 in chips) 
Seat 4: ave_fenix800 ($100 in chips) 
Seat 5: ChuckNorrisQ ($101.72 in chips) 
Pon4uk.ua: posts small blind $0.50
hitthieu: posts big blind $1
gig.gyty: sits out 
*** HOLE CARDS ***
ave_fenix800: folds 
ChuckNorrisQ: folds 
Pon4uk.ua: calls $0.50
hitthieu: raises $2 to $3
Pon4uk.ua: folds 
Uncalled bet ($2) returned to hitthieu
hitthieu collected $2 from pot
*** SUMMARY ***
Total pot $2 | Rake $0 
Seat 3: gig.gyty
Seat 6: ddyyjj
Seat 1: Pon4uk.ua (small blind) folded before Flop
Seat 2: hitthieu (big blind) collected ($2)
Seat 4: ave_fenix800 folded before Flop (didn't bet)
Seat 5: ChuckNorrisQ (button) folded before Flop (didn't bet)



PokerStars Hand #254258934696:  Hold'em No Limit ($0.50/$1.00 USD) - 2025/01/08 10:28:16 WET [2025/01/08 5:28:16 ET]
Table 'Artemis II' 6-max Seat #1 is the button
Seat 6: ddyyjj ($100 in chips) is sitting out
Seat 1: Pon4uk.ua ($100 in chips) 
Seat 2: hitthieu ($56.22 in chips) 
Seat 3: gig.gyty ($100 in chips) 
Seat 4: ave_fenix800 ($100 in chips) 
Seat 5: ChuckNorrisQ ($101.72 in chips) 
hitthieu: posts small blind $0.50
gig.gyty: posts big blind $1
ddyyjj: sits out 
*** HOLE CARDS ***
ave_fenix800: folds 
ChuckNorrisQ: raises $1 to $2
Pon4uk.ua: folds 
hitthieu: folds 
gig.gyty: calls $1
*** FLOP *** [4c Kc 5d]
gig.gyty: checks 
ChuckNorrisQ: bets $1.41
gig.gyty: calls $1.41
*** TURN *** [4c Kc 5d] [Td]
gig.gyty: checks 
ChuckNorrisQ: bets $5.21
gig.gyty: folds 
Uncalled bet ($5.21) returned to ChuckNorrisQ
ChuckNorrisQ collected $6.95 from pot
ChuckNorrisQ: doesn't show hand 
*** SUMMARY ***
Total pot $7.32 | Rake $0.37 
Board [4c Kc 5d Td]
Seat 6: ddyyjj
Seat 1: Pon4uk.ua (button) folded before Flop (didn't bet)
Seat 2: hitthieu (small blind) folded before Flop
Seat 3: gig.gyty (big blind) folded on the Turn
Seat 4: ave_fenix800 folded before Flop (didn't bet)
Seat 5: ChuckNorrisQ collected ($6.95)



PokerStars Hand #254258942182:  Hold'em No Limit ($0.50/$1.00 USD) - 2025/01/08 10:29:24 WET [2025/01/08 5:29:24 ET]
Table 'Artemis II' 6-max Seat #2 is the button
Seat 6: ddyyjj ($100 in chips) is sitting out
Seat 1: Pon4uk.ua ($100 in chips) 
Seat 2: hitthieu ($55.72 in chips) 
Seat 3: gig.gyty ($100 in chips) 
Seat 4: ave_fenix800 ($100 in chips) 
Seat 5: ChuckNorrisQ ($105.26 in chips) 
gig.gyty: posts small blind $0.50
ave_fenix800: posts big blind $1
ddyyjj: sits out 
*** HOLE CARDS ***
ChuckNorrisQ: folds 
Pon4uk.ua: folds 
hitthieu: folds 
gig.gyty: raises $2 to $3
ave_fenix800: calls $2
*** FLOP *** [8d Ts Tc]
gig.gyty: checks 
ave_fenix800: checks 
*** TURN *** [8d Ts Tc] [Kd]
gig.gyty: bets $1.88
ave_fenix800: calls $1.88
*** RIVER *** [8d Ts Tc Kd] [7s]
ddyyjj leaves the table
gig.gyty: bets $3.06
StupidGirl666 joins the table at seat #6 
ave_fenix800: raises $7.65 to $10.71
gig.gyty: folds 
Uncalled bet ($7.65) returned to ave_fenix800
ave_fenix800 collected $15.09 from pot
ave_fenix800: doesn't show hand 
*** SUMMARY ***
Total pot $15.88 | Rake $0.79 
Board [8d Ts Tc Kd 7s]
Seat 6: ddyyjj
Seat 1: Pon4uk.ua folded before Flop (didn't bet)
Seat 2: hitthieu (button) folded before Flop (didn't bet)
Seat 3: gig.gyty (small blind) folded on the River
Seat 4: ave_fenix800 (big blind) collected ($15.09)
Seat 5: ChuckNorrisQ folded before Flop (didn't bet)



PokerStars Hand #254258954068:  Hold'em No Limit ($0.50/$1.00 USD) - 2025/01/08 10:31:09 WET [2025/01/08 5:31:09 ET]
Table 'Artemis II' 6-max Seat #3 is the button
Seat 6: StupidGirl666 ($100 in chips) is sitting out
Seat 1: Pon4uk.ua ($100 in chips) 
Seat 2: hitthieu ($55.72 in chips) 
Seat 3: gig.gyty ($100 in chips) 
Seat 4: ave_fenix800 ($107.15 in chips) 
Seat 5: ChuckNorrisQ ($105.26 in chips) 
ave_fenix800: posts small blind $0.50
ChuckNorrisQ: posts big blind $1
StupidGirl666: sits out 
*** HOLE CARDS ***
Pon4uk.ua: raises $1 to $2
hitthieu: folds 
gig.gyty: folds 
ave_fenix800: raises $9 to $11
ChuckNorrisQ: folds 
Pon4uk.ua: calls $9
*** FLOP *** [5h Td 7c]
ave_fenix800: bets $10.95
Pon4uk.ua: calls $10.95
*** TURN *** [5h Td 7c] [5d]
ave_fenix800: checks 
Pon4uk.ua: checks 
*** RIVER *** [5h Td 7c 5d] [8d]
ave_fenix800: bets $14.09
Pon4uk.ua: raises $35.42 to $49.51
ave_fenix800: folds 
Uncalled bet ($35.42) returned to Pon4uk.ua
Pon4uk.ua collected $70.58 from pot
Pon4uk.ua: doesn't show hand 
*** SUMMARY ***
Total pot $73.08 | Rake $2.50 
Board [5h Td 7c 5d 8d]
Seat 6: StupidGirl666
Seat 1: Pon4uk.ua collected ($70.58)
Seat 2: hitthieu folded before Flop (didn't bet)
Seat 3: gig.gyty (button) folded before Flop (didn't bet)
Seat 4: ave_fenix800 (small blind) folded on the River
Seat 5: ChuckNorrisQ (big blind) folded before Flop



PokerStars Hand #254258968913:  Hold'em No Limit ($0.50/$1.00 USD) - 2025/01/08 10:33:21 WET [2025/01/08 5:33:21 ET]
Table 'Artemis II' 6-max Seat #4 is the button
Seat 1: Pon4uk.ua ($134.54 in chips) 
Seat 2: hitthieu ($55.72 in chips) 
Seat 3: gig.gyty ($100 in chips) 
Seat 4: ave_fenix800 ($100 in chips) 
Seat 5: ChuckNorrisQ ($104.26 in chips) 
Seat 6: StupidGirl666 ($100 in chips) 
ChuckNorrisQ: posts small blind $0.50
StupidGirl666: posts big blind $1
*** HOLE CARDS ***
Pon4uk.ua: folds 
hitthieu: folds 
gig.gyty: folds 
ave_fenix800: folds 
ChuckNorrisQ: folds 
Uncalled bet ($0.50) returned to StupidGirl666
StupidGirl666 collected $1 from pot
StupidGirl666: doesn't show hand 
*** SUMMARY ***
Total pot $1 | Rake $0 
Seat 1: Pon4uk.ua folded before Flop (didn't bet)
Seat 2: hitthieu folded before Flop (didn't bet)
Seat 3: gig.gyty folded before Flop (didn't bet)
Seat 4: ave_fenix800 (button) folded before Flop (didn't bet)
Seat 5: ChuckNorrisQ (small blind) folded before Flop
Seat 6: StupidGirl666 (big blind) collected ($1)



PokerStars Hand #254258970205:  Hold'em No Limit ($0.50/$1.00 USD) - 2025/01/08 10:33:32 WET [2025/01/08 5:33:32 ET]
Table 'Artemis II' 6-max Seat #5 is the button
Seat 1: Pon4uk.ua ($134.54 in chips) 
Seat 2: hitthieu ($55.72 in chips) 
Seat 3: gig.gyty ($100 in chips) 
Seat 4: ave_fenix800 ($100 in chips) 
Seat 5: ChuckNorrisQ ($103.76 in chips) 
Seat 6: StupidGirl666 ($100.50 in chips) 
StupidGirl666: posts small blind $0.50
Pon4uk.ua: posts big blind $1
*** HOLE CARDS ***
hitthieu: raises $2 to $3
gig.gyty: raises $4 to $7
ave_fenix800: folds 
ChuckNorrisQ: folds 
StupidGirl666: folds 
Pon4uk.ua: folds 
hitthieu: calls $4
*** FLOP *** [2s 3d 6d]
hitthieu: checks 
gig.gyty: checks 
*** TURN *** [2s 3d 6d] [2c]
hitthieu: bets $7
gig.gyty: folds 
Uncalled bet ($7) returned to hitthieu
hitthieu collected $14.52 from pot
*** SUMMARY ***
Total pot $15.50 | Rake $0.98 
Board [2s 3d 6d 2c]
Seat 1: Pon4uk.ua (big blind) folded before Flop
Seat 2: hitthieu collected ($14.52)
Seat 3: gig.gyty folded on the Turn
Seat 4: ave_fenix800 folded before Flop (didn't bet)
Seat 5: ChuckNorrisQ (button) folded before Flop (didn't bet)
Seat 6: StupidGirl666 (small blind) folded before Flop



PokerStars Hand #254258977093:  Hold'em No Limit ($0.50/$1.00 USD) - 2025/01/08 10:34:33 WET [2025/01/08 5:34:33 ET]
Table 'Artemis II' 6-max Seat #6 is the button
Seat 1: Pon4uk.ua ($133.54 in chips) 
Seat 2: hitthieu ($63.24 in chips) 
Seat 3: gig.gyty ($100 in chips) 
Seat 4: ave_fenix800 ($100 in chips) 
Seat 5: ChuckNorrisQ ($103.76 in chips) 
Seat 6: StupidGirl666 ($100 in chips) 
Pon4uk.ua: posts small blind $0.50
hitthieu: posts big blind $1
*** HOLE CARDS ***
gig.gyty: folds 
ave_fenix800: folds 
ChuckNorrisQ: folds 
StupidGirl666: raises $1.35 to $2.35
Pon4uk.ua: folds 
hitthieu: folds 
Uncalled bet ($1.35) returned to StupidGirl666
StupidGirl666 collected $2.50 from pot
StupidGirl666: doesn't show hand 
*** SUMMARY ***
Total pot $2.50 | Rake $0 
Seat 1: Pon4uk.ua (small blind) folded before Flop
Seat 2: hitthieu (big blind) folded before Flop
Seat 3: gig.gyty folded before Flop (didn't bet)
Seat 4: ave_fenix800 folded before Flop (didn't bet)
Seat 5: ChuckNorrisQ folded before Flop (didn't bet)
Seat 6: StupidGirl666 (button) collected ($2.50)



PokerStars Hand #254258978710:  Hold'em No Limit ($0.50/$1.00 USD) - 2025/01/08 10:34:48 WET [2025/01/08 5:34:48 ET]
Table 'Artemis II' 6-max Seat #1 is the button
Seat 1: Pon4uk.ua ($133.04 in chips) 
Seat 2: hitthieu ($62.24 in chips) 
Seat 3: gig.gyty ($100 in chips) 
Seat 4: ave_fenix800 ($100 in chips) 
Seat 5: ChuckNorrisQ ($103.76 in chips) 
Seat 6: StupidGirl666 ($101.50 in chips) 
hitthieu: posts small blind $0.50
gig.gyty: posts big blind $1
*** HOLE CARDS ***
ave_fenix800: folds 
ChuckNorrisQ: folds 
StupidGirl666: folds 
Pon4uk.ua: folds 
hitthieu: raises $1 to $2
gig.gyty: calls $1
*** FLOP *** [2h 7d Tc]
hitthieu: bets $2
gig.gyty: calls $2
*** TURN *** [2h 7d Tc] [As]
hitthieu: bets $4
gig.gyty: calls $4
*** RIVER *** [2h 7d Tc As] [9h]
hitthieu: bets $13.60
gig.gyty: calls $13.60
*** SHOW DOWN ***
hitthieu: shows [2s Ah] (two pair, Aces and Deuces)
gig.gyty: mucks hand 
hitthieu collected $40.50 from pot
*** SUMMARY ***
Total pot $43.20 | Rake $2.70 
Board [2h 7d Tc As 9h]
Seat 1: Pon4uk.ua (button) folded before Flop (didn't bet)
Seat 2: hitthieu (small blind) showed [2s Ah] and won ($40.50) with two pair, Aces and Deuces
Seat 3: gig.gyty (big blind) mucked
Seat 4: ave_fenix800 folded before Flop (didn't bet)
Seat 5: ChuckNorrisQ folded before Flop (didn't bet)
Seat 6: StupidGirl666 folded before Flop (didn't bet)



PokerStars Hand #254258986936:  Hold'em No Limit ($0.50/$1.00 USD) - 2025/01/08 10:36:00 WET [2025/01/08 5:36:00 ET]
Table 'Artemis II' 6-max Seat #2 is the button
Seat 1: Pon4uk.ua ($133.04 in chips) 
Seat 2: hitthieu ($81.14 in chips) 
Seat 3: gig.gyty ($100 in chips) 
Seat 4: ave_fenix800 ($100 in chips) 
Seat 5: ChuckNorrisQ ($103.76 in chips) 
Seat 6: StupidGirl666 ($101.50 in chips) 
gig.gyty: posts small blind $0.50
ave_fenix800: posts big blind $1
*** HOLE CARDS ***
ChuckNorrisQ: folds 
StupidGirl666: folds 
Pon4uk.ua: folds 
hitthieu: raises $2 to $3
gig.gyty: folds 
ave_fenix800: folds 
Uncalled bet ($2) returned to hitthieu
hitthieu collected $2.50 from pot
*** SUMMARY ***
Total pot $2.50 | Rake $0 
Seat 1: Pon4uk.ua folded before Flop (didn't bet)
Seat 2: hitthieu (button) collected ($2.50)
Seat 3: gig.gyty (small blind) folded before Flop
Seat 4: ave_fenix800 (big blind) folded before Flop
Seat 5: ChuckNorrisQ folded before Flop (didn't bet)
Seat 6: StupidGirl666 folded before Flop (didn't bet)



PokerStars Hand #254258989810:  Hold'em No Limit ($0.50/$1.00 USD) - 2025/01/08 10:36:26 WET [2025/01/08 5:36:26 ET]
Table 'Artemis II' 6-max Seat #3 is the button
Seat 1: Pon4uk.ua ($133.04 in chips) 
Seat 2: hitthieu ($82.64 in chips) 
Seat 3: gig.gyty ($100 in chips) 
Seat 4: ave_fenix800 ($100 in chips) 
Seat 5: ChuckNorrisQ ($103.76 in chips) 
Seat 6: StupidGirl666 ($101.50 in chips) 
ave_fenix800: posts small blind $0.50
ChuckNorrisQ: posts big blind $1
*** HOLE CARDS ***
StupidGirl666: folds 
Pon4uk.ua: folds 
hitthieu: raises $2 to $3
gig.gyty: raises $4 to $7
ave_fenix800: folds 
ChuckNorrisQ: folds 
hitthieu: calls $4
*** FLOP *** [3c Js Tc]
hitthieu: checks 
gig.gyty: bets $3.68
hitthieu: raises $3.68 to $7.36
gig.gyty: folds 
Uncalled bet ($3.68) returned to hitthieu
hitthieu collected $21.44 from pot
*** SUMMARY ***
Total pot $22.86 | Rake $1.42 
Board [3c Js Tc]
Seat 1: Pon4uk.ua folded before Flop (didn't bet)
Seat 2: hitthieu collected ($21.44)
Seat 3: gig.gyty (button) folded on the Flop
Seat 4: ave_fenix800 (small blind) folded before Flop
Seat 5: ChuckNorrisQ (big blind) folded before Flop
Seat 6: StupidGirl666 folded before Flop (didn't bet)



PokerStars Hand #254258993897:  Hold'em No Limit ($0.50/$1.00 USD) - 2025/01/08 10:37:02 WET [2025/01/08 5:37:02 ET]
Table 'Artemis II' 6-max Seat #4 is the button
Seat 6: StupidGirl666 ($101.50 in chips) is sitting out
Seat 1: Pon4uk.ua ($133.04 in chips) 
Seat 2: hitthieu ($93.40 in chips) 
Seat 3: gig.gyty ($100 in chips) 
Seat 4: ave_fenix800 ($100 in chips) 
Seat 5: ChuckNorrisQ ($102.76 in chips) 
ChuckNorrisQ: posts small blind $0.50
StupidGirl666: is sitting out 
Pon4uk.ua: posts big blind $1
*** HOLE CARDS ***
hitthieu: raises $2 to $3
gig.gyty: folds 
StupidGirl666 leaves the table
ave_fenix800: folds 
ChuckNorrisQ: folds 
Pon4uk.ua: folds 
Uncalled bet ($2) returned to hitthieu
hitthieu collected $2.50 from pot
*** SUMMARY ***
Total pot $2.50 | Rake $0 
Seat 6: StupidGirl666
Seat 1: Pon4uk.ua (big blind) folded before Flop
Seat 2: hitthieu collected ($2.50)
Seat 3: gig.gyty folded before Flop (didn't bet)
Seat 4: ave_fenix800 (button) folded before Flop (didn't bet)
Seat 5: ChuckNorrisQ (small blind) folded before Flop



PokerStars Hand #254258995539:  Hold'em No Limit ($0.50/$1.00 USD) - 2025/01/08 10:37:16 WET [2025/01/08 5:37:16 ET]
Table 'Artemis II' 6-max Seat #5 is the button
Seat 1: Pon4uk.ua ($132.04 in chips) 
Seat 2: hitthieu ($94.90 in chips) 
Seat 3: gig.gyty ($100 in chips) 
Seat 4: ave_fenix800 ($100 in chips) 
Seat 5: ChuckNorrisQ ($102.26 in chips) 
Pon4uk.ua: posts small blind $0.50
hitthieu: posts big blind $1
*** HOLE CARDS ***
gig.gyty: folds 
ave_fenix800: raises $1.20 to $2.20
ChuckNorrisQ: folds 
Pon4uk.ua: folds 
hitthieu: calls $1.20
*** FLOP *** [8s 9s Ac]
hitthieu: checks 
ave_fenix800: bets $1.54
hitthieu: calls $1.54
*** TURN *** [8s 9s Ac] [6d]
hitthieu: checks 
MrAdris9 joins the table at seat #6 
ave_fenix800: bets $5.69
hitthieu: folds 
Uncalled bet ($5.69) returned to ave_fenix800
ave_fenix800 collected $7.58 from pot
ave_fenix800: doesn't show hand 
*** SUMMARY ***
Total pot $7.98 | Rake $0.40 
Board [8s 9s Ac 6d]
Seat 1: Pon4uk.ua (small blind) folded before Flop
Seat 2: hitthieu (big blind) folded on the Turn
Seat 3: gig.gyty folded before Flop (didn't bet)
Seat 4: ave_fenix800 collected ($7.58)
Seat 5: ChuckNorrisQ (button) folded before Flop (didn't bet)



PokerStars Hand #254259001354:  Hold'em No Limit ($0.50/$1.00 USD) - 2025/01/08 10:38:07 WET [2025/01/08 5:38:07 ET]
Table 'Artemis II' 6-max Seat #1 is the button
Seat 6: MrAdris9 ($100 in chips) is sitting out
Seat 1: Pon4uk.ua ($131.54 in chips) 
Seat 2: hitthieu ($91.16 in chips) 
Seat 3: gig.gyty ($100 in chips) 
Seat 4: ave_fenix800 ($103.84 in chips) 
Seat 5: ChuckNorrisQ ($102.26 in chips) 
hitthieu: posts small blind $0.50
gig.gyty: posts big blind $1
MrAdris9: sits out 
*** HOLE CARDS ***
ave_fenix800: folds 
ChuckNorrisQ: raises $1 to $2
Pon4uk.ua: calls $2
hitthieu: folds 
gig.gyty: folds 
*** FLOP *** [Ad 9s Ts]
hitthieu leaves the table
ChuckNorrisQ: checks 
Pon4uk.ua: checks 
*** TURN *** [Ad 9s Ts] [2h]
ChuckNorrisQ: checks 
Pon4uk.ua: checks 
*** RIVER *** [Ad 9s Ts 2h] [8h]
ChuckNorrisQ: bets $1.72
Pon4uk.ua: folds 
Uncalled bet ($1.72) returned to ChuckNorrisQ
ChuckNorrisQ collected $5.22 from pot
ChuckNorrisQ: doesn't show hand 
*** SUMMARY ***
Total pot $5.50 | Rake $0.28 
Board [Ad 9s Ts 2h 8h]
Seat 6: MrAdris9
Seat 1: Pon4uk.ua (button) folded on the River
Seat 2: hitthieu (small blind) folded before Flop
Seat 3: gig.gyty (big blind) folded before Flop
Seat 4: ave_fenix800 folded before Flop (didn't bet)
Seat 5: ChuckNorrisQ collected ($5.22)



PokerStars Hand #254259007874:  Hold'em No Limit ($0.50/$1.00 USD) - 2025/01/08 10:39:04 WET [2025/01/08 5:39:04 ET]
Table 'Artemis II' 6-max Seat #3 is the button
Seat 6: MrAdris9 ($100 in chips) is sitting out
Seat 1: Pon4uk.ua ($129.54 in chips) 
Seat 3: gig.gyty ($100 in chips) 
Seat 4: ave_fenix800 ($103.84 in chips) 
Seat 5: ChuckNorrisQ ($105.48 in chips) 
ave_fenix800: posts small blind $0.50
ChuckNorrisQ: posts big blind $1
MrAdris9: sits out 
*** HOLE CARDS ***
Pon4uk.ua: folds 
gig.gyty: folds 
MrAdris9 leaves the table
ave_fenix800: raises $2 to $3
ChuckNorrisQ: raises $6 to $9
ave_fenix800: calls $6
*** FLOP *** [7c 8s 6c]
ave_fenix800: checks 
ChuckNorrisQ: checks 
*** TURN *** [7c 8s 6c] [Ad]
ave_fenix800: bets $4.28
ChuckNorrisQ: calls $4.28
*** RIVER *** [7c 8s 6c Ad] [Jc]
ave_fenix800: checks 
ChuckNorrisQ: bets $92.20 and is all-in
ave_fenix800: folds 
Uncalled bet ($92.20) returned to ChuckNorrisQ
ChuckNorrisQ collected $25.56 from pot
ChuckNorrisQ: doesn't show hand 
*** SUMMARY ***
Total pot $26.56 | Rake $1 
Board [7c 8s 6c Ad Jc]
Seat 6: MrAdris9
Seat 1: Pon4uk.ua folded before Flop (didn't bet)
Seat 3: gig.gyty (button) folded before Flop (didn't bet)
Seat 4: ave_fenix800 (small blind) folded on the River
Seat 5: ChuckNorrisQ (big blind) collected ($25.56)



PokerStars Hand #254259020462:  Hold'em No Limit ($0.50/$1.00 USD) - 2025/01/08 10:40:55 WET [2025/01/08 5:40:55 ET]
Table 'Artemis II' 6-max Seat #4 is the button
Seat 1: Pon4uk.ua ($129.54 in chips) is sitting out
Seat 3: gig.gyty ($100 in chips) 
Seat 4: ave_fenix800 ($100 in chips) 
Seat 5: ChuckNorrisQ ($117.76 in chips) 
ChuckNorrisQ: posts small blind $0.50
Pon4uk.ua: is sitting out 
gig.gyty: posts big blind $1
*** HOLE CARDS ***
ave_fenix800: folds 
Pon4uk.ua leaves the table
ChuckNorrisQ: folds 
Uncalled bet ($0.50) returned to gig.gyty
gig.gyty collected $1 from pot
gig.gyty: doesn't show hand 
*** SUMMARY ***
Total pot $1 | Rake $0 
Seat 1: Pon4uk.ua
Seat 3: gig.gyty (big blind) collected ($1)
Seat 4: ave_fenix800 (button) folded before Flop (didn't bet)
Seat 5: ChuckNorrisQ (small blind) folded before Flop



PokerStars Hand #254259021630:  Hold'em No Limit ($0.50/$1.00 USD) - 2025/01/08 10:41:05 WET [2025/01/08 5:41:05 ET]
Table 'Artemis II' 6-max Seat #3 is the button
Seat 4: ave_fenix800 ($100 in chips) is sitting out
Seat 3: gig.gyty ($100.50 in chips) 
Seat 5: ChuckNorrisQ ($117.26 in chips) 
gig.gyty: posts small blind $0.50
ave_fenix800: is sitting out 
ChuckNorrisQ: posts big blind $1
*** HOLE CARDS ***
gig.gyty: folds 
Uncalled bet ($0.50) returned to ChuckNorrisQ
ChuckNorrisQ collected $1 from pot
ChuckNorrisQ: doesn't show hand 
*** SUMMARY ***
Total pot $1 | Rake $0 
Seat 4: ave_fenix800
Seat 3: gig.gyty (button) (small blind) folded before Flop
Seat 5: ChuckNorrisQ (big blind) collected ($1)



