PokerStars Hand #254268420051:  Hold'em No Limit ($0.50/$1.00 USD) - 2025/01/08 21:11:03 WET [2025/01/08 16:11:03 ET]
Table 'Lumen III' 6-max Seat #5 is the button
Seat 1: YeeesMan ($100 in chips) 
Seat 3: Supermegopro ($100 in chips) 
Seat 5: nikalas22 ($100 in chips) 
YeeesMan: posts small blind $0.50
Supermegopro: posts big blind $1
*** HOLE CARDS ***
nikalas22: folds 
YeeesMan: folds 
Uncalled bet ($0.50) returned to Supermegopro
Supermegopro collected $1 from pot
Supermegopro: doesn't show hand 
*** SUMMARY ***
Total pot $1 | Rake $0 
Seat 1: YeeesMan (small blind) folded before Flop
Seat 3: Supermegopro (big blind) collected ($1)
Seat 5: nikalas22 (button) folded before Flop (didn't bet)



PokerStars Hand #254268425256:  Hold'em No Limit ($0.50/$1.00 USD) - 2025/01/08 21:11:18 WET [2025/01/08 16:11:18 ET]
Table 'Lumen III' 6-max Seat #1 is the button
Seat 1: YeeesMan ($100 in chips) 
Seat 3: Supermegopro ($100.50 in chips) 
Seat 5: nikalas22 ($100 in chips) 
Supermegopro: posts small blind $0.50
nikalas22: posts big blind $1
*** HOLE CARDS ***
YeeesMan: folds 
Supermegopro: raises $3 to $4
nikalas22: calls $3
*** FLOP *** [9h Qs Qd]
Supermegopro: checks 
nikalas22: checks 
*** TURN *** [9h Qs Qd] [3c]
Supermegopro: checks 
nikalas22: checks 
*** RIVER *** [9h Qs Qd 3c] [8s]
Supermegopro: checks 
nikalas22: checks 
*** SHOW DOWN ***
Supermegopro: shows [6c 5s] (a pair of Queens)
nikalas22: shows [7c Ah] (a pair of Queens - Ace kicker)
nikalas22 collected $7.60 from pot
*** SUMMARY ***
Total pot $8 | Rake $0.40 
Board [9h Qs Qd 3c 8s]
Seat 1: YeeesMan (button) folded before Flop (didn't bet)
Seat 3: Supermegopro (small blind) showed [6c 5s] and lost with a pair of Queens
Seat 5: nikalas22 (big blind) showed [7c Ah] and won ($7.60) with a pair of Queens



PokerStars Hand #254268442475:  Hold'em No Limit ($0.50/$1.00 USD) - 2025/01/08 21:12:08 WET [2025/01/08 16:12:08 ET]
Table 'Lumen III' 6-max Seat #3 is the button
Seat 1: YeeesMan ($100 in chips) 
Seat 3: Supermegopro ($100 in chips) 
Seat 5: nikalas22 ($103.60 in chips) 
nikalas22: posts small blind $0.50
YeeesMan: posts big blind $1
*** HOLE CARDS ***
Supermegopro: raises $1.50 to $2.50
nikalas22: folds 
YeeesMan: calls $1.50
*** FLOP *** [3c 8d 3d]
blistein joins the table at seat #4 
Zvst joins the table at seat #6 
Jackso031117 joins the table at seat #2 
YeeesMan: checks 
Supermegopro: bets $7.83
YeeesMan: raises $8.83 to $16.66
Supermegopro: raises $12.72 to $29.38
YeeesMan: raises $68.12 to $97.50 and is all-in
Supermegopro: folds 
Uncalled bet ($68.12) returned to YeeesMan
YeeesMan collected $63.26 from pot
YeeesMan: doesn't show hand 
*** SUMMARY ***
Total pot $64.26 | Rake $1 
Board [3c 8d 3d]
Seat 1: YeeesMan (big blind) collected ($63.26)
Seat 3: Supermegopro (button) folded on the Flop
Seat 5: nikalas22 (small blind) folded before Flop



PokerStars Hand #254268466221:  Hold'em No Limit ($0.50/$1.00 USD) - 2025/01/08 21:13:15 WET [2025/01/08 16:13:15 ET]
Table 'Lumen III' 6-max Seat #5 is the button
Seat 1: YeeesMan ($131.38 in chips) is sitting out
Seat 2: Jackso031117 ($100 in chips) is sitting out
Seat 6: Zvst ($100 in chips) is sitting out
Seat 3: Supermegopro ($100 in chips) 
Seat 4: blistein ($100 in chips) 
Seat 5: nikalas22 ($103.10 in chips) 
Supermegopro: posts small blind $0.50
blistein: posts big blind $1
*** HOLE CARDS ***
nikalas22: raises $1.50 to $2.50
YeeesMan leaves the table
Supermegopro: folds 
blistein: folds 
Uncalled bet ($1.50) returned to nikalas22
mr.Jckpot joins the table at seat #1 
nikalas22 collected $2.50 from pot
nikalas22: doesn't show hand 
*** SUMMARY ***
Total pot $2.50 | Rake $0 
Seat 1: YeeesMan
Seat 2: Jackso031117
Seat 6: Zvst
Seat 3: Supermegopro (small blind) folded before Flop
Seat 4: blistein (big blind) folded before Flop
Seat 5: nikalas22 (button) collected ($2.50)



PokerStars Hand #254268471905:  Hold'em No Limit ($0.50/$1.00 USD) - 2025/01/08 21:13:31 WET [2025/01/08 16:13:31 ET]
Table 'Lumen III' 6-max Seat #3 is the button
Seat 1: mr.Jckpot ($100 in chips) is sitting out
Seat 6: Zvst ($100 in chips) is sitting out
Seat 2: Jackso031117 ($100 in chips) 
Seat 3: Supermegopro ($100 in chips) 
Seat 4: blistein ($100 in chips) 
Seat 5: nikalas22 ($104.60 in chips) 
blistein: posts small blind $0.50
nikalas22: posts big blind $1
Zvst: sits out 
mr.Jckpot: sits out 
Jackso031117: posts big blind $1
*** HOLE CARDS ***
Jackso031117: checks 
Supermegopro: raises $4 to $5
blistein: folds 
nikalas22: raises $13 to $18
Jackso031117: folds 
Supermegopro: folds 
Uncalled bet ($13) returned to nikalas22
nikalas22 collected $11.50 from pot
nikalas22: doesn't show hand 
*** SUMMARY ***
Total pot $11.50 | Rake $0 
Seat 1: mr.Jckpot
Seat 6: Zvst
Seat 2: Jackso031117 folded before Flop (didn't bet)
Seat 3: Supermegopro (button) folded before Flop
Seat 4: blistein (small blind) folded before Flop
Seat 5: nikalas22 (big blind) collected ($11.50)



PokerStars Hand #254268479418:  Hold'em No Limit ($0.50/$1.00 USD) - 2025/01/08 21:13:53 WET [2025/01/08 16:13:53 ET]
Table 'Lumen III' 6-max Seat #4 is the button
Seat 1: mr.Jckpot ($100 in chips) is sitting out
Seat 2: Jackso031117 ($99 in chips) 
Seat 3: Supermegopro ($100 in chips) 
Seat 4: blistein ($100 in chips) 
Seat 5: nikalas22 ($111.10 in chips) 
Seat 6: Zvst ($100 in chips) 
nikalas22: posts small blind $0.50
Zvst: posts big blind $1
mr.Jckpot: sits out 
*** HOLE CARDS ***
Jackso031117: folds 
Supermegopro: folds 
blistein: folds 
nikalas22: folds 
Uncalled bet ($0.50) returned to Zvst
Zvst collected $1 from pot
Zvst: doesn't show hand 
*** SUMMARY ***
Total pot $1 | Rake $0 
Seat 1: mr.Jckpot
Seat 2: Jackso031117 folded before Flop (didn't bet)
Seat 3: Supermegopro folded before Flop (didn't bet)
Seat 4: blistein (button) folded before Flop (didn't bet)
Seat 5: nikalas22 (small blind) folded before Flop
Seat 6: Zvst (big blind) collected ($1)



PokerStars Hand #254268484682:  Hold'em No Limit ($0.50/$1.00 USD) - 2025/01/08 21:14:08 WET [2025/01/08 16:14:08 ET]
Table 'Lumen III' 6-max Seat #5 is the button
Seat 1: mr.Jckpot ($100 in chips) 
Seat 2: Jackso031117 ($99.72 in chips) 
Seat 3: Supermegopro ($100 in chips) 
Seat 4: blistein ($100 in chips) 
Seat 5: nikalas22 ($110.60 in chips) 
Seat 6: Zvst ($100.50 in chips) 
Zvst: posts small blind $0.50
mr.Jckpot: posts big blind $1
*** HOLE CARDS ***
Jackso031117: raises $2 to $3
Supermegopro: folds 
blistein: folds 
nikalas22: folds 
Zvst: folds 
mr.Jckpot: folds 
Uncalled bet ($2) returned to Jackso031117
Jackso031117 collected $2.50 from pot
Jackso031117: doesn't show hand 
*** SUMMARY ***
Total pot $2.50 | Rake $0 
Seat 1: mr.Jckpot (big blind) folded before Flop
Seat 2: Jackso031117 collected ($2.50)
Seat 3: Supermegopro folded before Flop (didn't bet)
Seat 4: blistein folded before Flop (didn't bet)
Seat 5: nikalas22 (button) folded before Flop (didn't bet)
Seat 6: Zvst (small blind) folded before Flop



PokerStars Hand #254268491729:  Hold'em No Limit ($0.50/$1.00 USD) - 2025/01/08 21:14:28 WET [2025/01/08 16:14:28 ET]
Table 'Lumen III' 6-max Seat #6 is the button
Seat 1: mr.Jckpot ($100 in chips) 
Seat 2: Jackso031117 ($101.22 in chips) 
Seat 3: Supermegopro ($100 in chips) 
Seat 4: blistein ($100 in chips) 
Seat 5: nikalas22 ($110.60 in chips) 
Seat 6: Zvst ($100 in chips) 
mr.Jckpot: posts small blind $0.50
Jackso031117: posts big blind $1
*** HOLE CARDS ***
Supermegopro: folds 
blistein: raises $1.20 to $2.20
nikalas22: folds 
Zvst: folds 
mr.Jckpot: folds 
Jackso031117: calls $1.20
*** FLOP *** [9s 3c 7h]
Jackso031117: checks 
blistein: bets $1.17
Jackso031117: calls $1.17
*** TURN *** [9s 3c 7h] [9d]
Jackso031117: checks 
blistein: bets $4.61
Jackso031117: folds 
Uncalled bet ($4.61) returned to blistein
blistein collected $6.88 from pot
blistein: doesn't show hand 
*** SUMMARY ***
Total pot $7.24 | Rake $0.36 
Board [9s 3c 7h 9d]
Seat 1: mr.Jckpot (small blind) folded before Flop
Seat 2: Jackso031117 (big blind) folded on the Turn
Seat 3: Supermegopro folded before Flop (didn't bet)
Seat 4: blistein collected ($6.88)
Seat 5: nikalas22 folded before Flop (didn't bet)
Seat 6: Zvst (button) folded before Flop (didn't bet)



PokerStars Hand #254268512976:  Hold'em No Limit ($0.50/$1.00 USD) - 2025/01/08 21:15:29 WET [2025/01/08 16:15:29 ET]
Table 'Lumen III' 6-max Seat #1 is the button
Seat 1: mr.Jckpot ($100 in chips) 
Seat 2: Jackso031117 ($97.85 in chips) 
Seat 3: Supermegopro ($100 in chips) 
Seat 4: blistein ($103.51 in chips) 
Seat 5: nikalas22 ($110.60 in chips) 
Seat 6: Zvst ($100 in chips) 
Jackso031117: posts small blind $0.50
Supermegopro: posts big blind $1
*** HOLE CARDS ***
blistein: folds 
nikalas22: folds 
Zvst: folds 
mr.Jckpot: folds 
Jackso031117: raises $2 to $3
Supermegopro: folds 
Uncalled bet ($2) returned to Jackso031117
Jackso031117 collected $2 from pot
Jackso031117: doesn't show hand 
*** SUMMARY ***
Total pot $2 | Rake $0 
Seat 1: mr.Jckpot (button) folded before Flop (didn't bet)
Seat 2: Jackso031117 (small blind) collected ($2)
Seat 3: Supermegopro (big blind) folded before Flop
Seat 4: blistein folded before Flop (didn't bet)
Seat 5: nikalas22 folded before Flop (didn't bet)
Seat 6: Zvst folded before Flop (didn't bet)



PokerStars Hand #254268517696:  Hold'em No Limit ($0.50/$1.00 USD) - 2025/01/08 21:15:42 WET [2025/01/08 16:15:42 ET]
Table 'Lumen III' 6-max Seat #2 is the button
Seat 1: mr.Jckpot ($100 in chips) 
Seat 2: Jackso031117 ($98.85 in chips) 
Seat 3: Supermegopro ($100 in chips) 
Seat 4: blistein ($103.51 in chips) 
Seat 5: nikalas22 ($110.60 in chips) 
Seat 6: Zvst ($100 in chips) 
Supermegopro: posts small blind $0.50
blistein: posts big blind $1
*** HOLE CARDS ***
nikalas22: folds 
Zvst: folds 
mr.Jckpot: folds 
Jackso031117: folds 
Supermegopro: raises $2 to $3
blistein: folds 
Uncalled bet ($2) returned to Supermegopro
Supermegopro collected $2 from pot
Supermegopro: doesn't show hand 
*** SUMMARY ***
Total pot $2 | Rake $0 
Seat 1: mr.Jckpot folded before Flop (didn't bet)
Seat 2: Jackso031117 (button) folded before Flop (didn't bet)
Seat 3: Supermegopro (small blind) collected ($2)
Seat 4: blistein (big blind) folded before Flop
Seat 5: nikalas22 folded before Flop (didn't bet)
Seat 6: Zvst folded before Flop (didn't bet)



PokerStars Hand #254268524380:  Hold'em No Limit ($0.50/$1.00 USD) - 2025/01/08 21:16:01 WET [2025/01/08 16:16:01 ET]
Table 'Lumen III' 6-max Seat #3 is the button
Seat 1: mr.Jckpot ($100 in chips) 
Seat 2: Jackso031117 ($98.85 in chips) 
Seat 3: Supermegopro ($101 in chips) 
Seat 4: blistein ($102.51 in chips) 
Seat 5: nikalas22 ($110.60 in chips) 
Seat 6: Zvst ($100 in chips) 
blistein: posts small blind $0.50
nikalas22: posts big blind $1
*** HOLE CARDS ***
Zvst: raises $1 to $2
mr.Jckpot: folds 
Jackso031117: folds 
Supermegopro: folds 
blistein: folds 
nikalas22: folds 
Uncalled bet ($1) returned to Zvst
Zvst collected $2.50 from pot
Zvst: doesn't show hand 
*** SUMMARY ***
Total pot $2.50 | Rake $0 
Seat 1: mr.Jckpot folded before Flop (didn't bet)
Seat 2: Jackso031117 folded before Flop (didn't bet)
Seat 3: Supermegopro (button) folded before Flop (didn't bet)
Seat 4: blistein (small blind) folded before Flop
Seat 5: nikalas22 (big blind) folded before Flop
Seat 6: Zvst collected ($2.50)



PokerStars Hand #254268528237:  Hold'em No Limit ($0.50/$1.00 USD) - 2025/01/08 21:16:12 WET [2025/01/08 16:16:12 ET]
Table 'Lumen III' 6-max Seat #4 is the button
Seat 6: Zvst ($101.50 in chips) is sitting out
Seat 1: mr.Jckpot ($100 in chips) 
Seat 2: Jackso031117 ($98.85 in chips) 
Seat 3: Supermegopro ($101 in chips) 
Seat 4: blistein ($102.01 in chips) 
Seat 5: nikalas22 ($109.60 in chips) 
nikalas22: posts small blind $0.50
Zvst: is sitting out 
mr.Jckpot: posts big blind $1
*** HOLE CARDS ***
Jackso031117: folds 
Supermegopro: folds 
blistein: folds 
Zvst leaves the table
nikalas22: raises $2 to $3
mr.Jckpot: folds 
Uncalled bet ($2) returned to nikalas22
nikalas22 collected $2 from pot
nikalas22: doesn't show hand 
*** SUMMARY ***
Total pot $2 | Rake $0 
Seat 6: Zvst
Seat 1: mr.Jckpot (big blind) folded before Flop
Seat 2: Jackso031117 folded before Flop (didn't bet)
Seat 3: Supermegopro folded before Flop (didn't bet)
Seat 4: blistein (button) folded before Flop (didn't bet)
Seat 5: nikalas22 (small blind) collected ($2)



PokerStars Hand #254268532542:  Hold'em No Limit ($0.50/$1.00 USD) - 2025/01/08 21:16:24 WET [2025/01/08 16:16:24 ET]
Table 'Lumen III' 6-max Seat #5 is the button
Seat 1: mr.Jckpot ($100 in chips) 
Seat 2: Jackso031117 ($98.85 in chips) 
Seat 3: Supermegopro ($101 in chips) 
Seat 4: blistein ($102.01 in chips) 
Seat 5: nikalas22 ($110.60 in chips) 
mr.Jckpot: posts small blind $0.50
Jackso031117: posts big blind $1
*** HOLE CARDS ***
Supermegopro: folds 
blistein: folds 
nikalas22: raises $1.50 to $2.50
mr.Jckpot: folds 
Jackso031117: calls $1.50
*** FLOP *** [8h 7d Kh]
Jackso031117: checks 
LuckyShikari joins the table at seat #6 
nikalas22: bets $1.57
Jackso031117: calls $1.57
*** TURN *** [8h 7d Kh] [6h]
Jackso031117: checks 
nikalas22: bets $6.16
Jackso031117: calls $6.16
*** RIVER *** [8h 7d Kh 6h] [Qs]
Jackso031117: checks 
nikalas22: bets $14.93
Jackso031117: folds 
Uncalled bet ($14.93) returned to nikalas22
nikalas22 collected $19.91 from pot
nikalas22: doesn't show hand 
*** SUMMARY ***
Total pot $20.96 | Rake $1.05 
Board [8h 7d Kh 6h Qs]
Seat 1: mr.Jckpot (small blind) folded before Flop
Seat 2: Jackso031117 (big blind) folded on the River
Seat 3: Supermegopro folded before Flop (didn't bet)
Seat 4: blistein folded before Flop (didn't bet)
Seat 5: nikalas22 (button) collected ($19.91)



PokerStars Hand #254268549318:  Hold'em No Limit ($0.50/$1.00 USD) - 2025/01/08 21:17:12 WET [2025/01/08 16:17:12 ET]
Table 'Lumen III' 6-max Seat #1 is the button
Seat 6: LuckyShikari ($100 in chips) is sitting out
Seat 1: mr.Jckpot ($100 in chips) 
Seat 2: Jackso031117 ($88.62 in chips) 
Seat 3: Supermegopro ($101 in chips) 
Seat 4: blistein ($102.01 in chips) 
Seat 5: nikalas22 ($120.28 in chips) 
Jackso031117: posts small blind $0.50
Supermegopro: posts big blind $1
*** HOLE CARDS ***
blistein: raises $1.20 to $2.20
nikalas22: folds 
mr.Jckpot: folds 
Jackso031117: folds 
Supermegopro: folds 
Uncalled bet ($1.20) returned to blistein
blistein collected $2.50 from pot
blistein: doesn't show hand 
*** SUMMARY ***
Total pot $2.50 | Rake $0 
Seat 6: LuckyShikari
Seat 1: mr.Jckpot (button) folded before Flop (didn't bet)
Seat 2: Jackso031117 (small blind) folded before Flop
Seat 3: Supermegopro (big blind) folded before Flop
Seat 4: blistein collected ($2.50)
Seat 5: nikalas22 folded before Flop (didn't bet)



PokerStars Hand #254268555734:  Hold'em No Limit ($0.50/$1.00 USD) - 2025/01/08 21:17:30 WET [2025/01/08 16:17:30 ET]
Table 'Lumen III' 6-max Seat #2 is the button
Seat 6: LuckyShikari ($100 in chips) is sitting out
Seat 1: mr.Jckpot ($100 in chips) 
Seat 2: Jackso031117 ($88.12 in chips) 
Seat 3: Supermegopro ($100 in chips) 
Seat 4: blistein ($103.51 in chips) 
Seat 5: nikalas22 ($120.28 in chips) 
Supermegopro: posts small blind $0.50
blistein: posts big blind $1
LuckyShikari: sits out 
*** HOLE CARDS ***
nikalas22: folds 
mr.Jckpot: raises $1.50 to $2.50
Jackso031117: folds 
Supermegopro: folds 
blistein: raises $10.50 to $13
mr.Jckpot: folds 
Uncalled bet ($10.50) returned to blistein
blistein collected $5.50 from pot
blistein: doesn't show hand 
*** SUMMARY ***
Total pot $5.50 | Rake $0 
Seat 6: LuckyShikari
Seat 1: mr.Jckpot folded before Flop
Seat 2: Jackso031117 (button) folded before Flop (didn't bet)
Seat 3: Supermegopro (small blind) folded before Flop
Seat 4: blistein (big blind) collected ($5.50)
Seat 5: nikalas22 folded before Flop (didn't bet)



PokerStars Hand #254268563833:  Hold'em No Limit ($0.50/$1.00 USD) - 2025/01/08 21:17:53 WET [2025/01/08 16:17:53 ET]
Table 'Lumen III' 6-max Seat #3 is the button
Seat 6: LuckyShikari ($100 in chips) is sitting out
Seat 1: mr.Jckpot ($100 in chips) 
Seat 2: Jackso031117 ($88.12 in chips) 
Seat 3: Supermegopro ($100 in chips) 
Seat 4: blistein ($106.51 in chips) 
Seat 5: nikalas22 ($120.28 in chips) 
blistein: posts small blind $0.50
nikalas22: posts big blind $1
LuckyShikari: sits out 
*** HOLE CARDS ***
mr.Jckpot: folds 
Jackso031117: folds 
Supermegopro: folds 
blistein: raises $2 to $3
nikalas22: calls $2
*** FLOP *** [Kc Qs 5c]
blistein: bets $1.94
nikalas22: calls $1.94
*** TURN *** [Kc Qs 5c] [4h]
blistein: checks 
nikalas22: bets $7.04
blistein: calls $7.04
*** RIVER *** [Kc Qs 5c 4h] [Ah]
blistein: checks 
nikalas22: bets $17.07
blistein: folds 
Uncalled bet ($17.07) returned to nikalas22
nikalas22 collected $22.76 from pot
nikalas22: doesn't show hand 
*** SUMMARY ***
Total pot $23.96 | Rake $1.20 
Board [Kc Qs 5c 4h Ah]
Seat 6: LuckyShikari
Seat 1: mr.Jckpot folded before Flop (didn't bet)
Seat 2: Jackso031117 folded before Flop (didn't bet)
Seat 3: Supermegopro (button) folded before Flop (didn't bet)
Seat 4: blistein (small blind) folded on the River
Seat 5: nikalas22 (big blind) collected ($22.76)



PokerStars Hand #254268595383:  Hold'em No Limit ($0.50/$1.00 USD) - 2025/01/08 21:19:23 WET [2025/01/08 16:19:23 ET]
Table 'Lumen III' 6-max Seat #4 is the button
Seat 1: mr.Jckpot ($100 in chips) 
Seat 2: Jackso031117 ($88.12 in chips) 
Seat 3: Supermegopro ($100 in chips) 
Seat 4: blistein ($100 in chips) 
Seat 5: nikalas22 ($131.06 in chips) 
Seat 6: LuckyShikari ($100 in chips) 
nikalas22: posts small blind $0.50
LuckyShikari: posts big blind $1
*** HOLE CARDS ***
mr.Jckpot: folds 
Jackso031117: raises $2 to $3
Supermegopro: folds 
blistein: folds 
nikalas22: folds 
LuckyShikari: calls $2
*** FLOP *** [4c Th Tc]
LuckyShikari: checks 
Jackso031117: checks 
*** TURN *** [4c Th Tc] [3d]
LuckyShikari: bets $1
Jackso031117: calls $1
*** RIVER *** [4c Th Tc 3d] [2d]
LuckyShikari: bets $4
Jackso031117: calls $4
*** SHOW DOWN ***
LuckyShikari: shows [Td Ks] (three of a kind, Tens)
Jackso031117: mucks hand 
LuckyShikari collected $15.68 from pot
*** SUMMARY ***
Total pot $16.50 | Rake $0.82 
Board [4c Th Tc 3d 2d]
Seat 1: mr.Jckpot folded before Flop (didn't bet)
Seat 2: Jackso031117 mucked
Seat 3: Supermegopro folded before Flop (didn't bet)
Seat 4: blistein (button) folded before Flop (didn't bet)
Seat 5: nikalas22 (small blind) folded before Flop
Seat 6: LuckyShikari (big blind) showed [Td Ks] and won ($15.68) with three of a kind, Tens



PokerStars Hand #254268609521:  Hold'em No Limit ($0.50/$1.00 USD) - 2025/01/08 21:20:04 WET [2025/01/08 16:20:04 ET]
Table 'Lumen III' 6-max Seat #5 is the button
Seat 1: mr.Jckpot ($100 in chips) 
Seat 2: Jackso031117 ($80.12 in chips) 
Seat 3: Supermegopro ($100 in chips) 
Seat 4: blistein ($100 in chips) 
Seat 5: nikalas22 ($130.56 in chips) 
Seat 6: LuckyShikari ($107.68 in chips) 
LuckyShikari: posts small blind $0.50
mr.Jckpot: posts big blind $1
*** HOLE CARDS ***
Jackso031117: raises $2 to $3
Supermegopro: folds 
blistein: folds 
nikalas22: folds 
LuckyShikari: folds 
mr.Jckpot: folds 
Uncalled bet ($2) returned to Jackso031117
Jackso031117 collected $2.50 from pot
Jackso031117: doesn't show hand 
*** SUMMARY ***
Total pot $2.50 | Rake $0 
Seat 1: mr.Jckpot (big blind) folded before Flop
Seat 2: Jackso031117 collected ($2.50)
Seat 3: Supermegopro folded before Flop (didn't bet)
Seat 4: blistein folded before Flop (didn't bet)
Seat 5: nikalas22 (button) folded before Flop (didn't bet)
Seat 6: LuckyShikari (small blind) folded before Flop



PokerStars Hand #254268615167:  Hold'em No Limit ($0.50/$1.00 USD) - 2025/01/08 21:20:20 WET [2025/01/08 16:20:20 ET]
Table 'Lumen III' 6-max Seat #6 is the button
Seat 1: mr.Jckpot ($100 in chips) 
Seat 2: Jackso031117 ($81.62 in chips) 
Seat 3: Supermegopro ($100 in chips) 
Seat 4: blistein ($100 in chips) 
Seat 5: nikalas22 ($130.56 in chips) 
Seat 6: LuckyShikari ($107.18 in chips) 
mr.Jckpot: posts small blind $0.50
Jackso031117: posts big blind $1
*** HOLE CARDS ***
Supermegopro: folds 
blistein: folds 
nikalas22: folds 
LuckyShikari: folds 
mr.Jckpot: folds 
Uncalled bet ($0.50) returned to Jackso031117
Jackso031117 collected $1 from pot
Jackso031117: doesn't show hand 
*** SUMMARY ***
Total pot $1 | Rake $0 
Seat 1: mr.Jckpot (small blind) folded before Flop
Seat 2: Jackso031117 (big blind) collected ($1)
Seat 3: Supermegopro folded before Flop (didn't bet)
Seat 4: blistein folded before Flop (didn't bet)
Seat 5: nikalas22 folded before Flop (didn't bet)
Seat 6: LuckyShikari (button) folded before Flop (didn't bet)



PokerStars Hand #254268621607:  Hold'em No Limit ($0.50/$1.00 USD) - 2025/01/08 21:20:38 WET [2025/01/08 16:20:38 ET]
Table 'Lumen III' 6-max Seat #1 is the button
Seat 1: mr.Jckpot ($100 in chips) 
Seat 2: Jackso031117 ($82.12 in chips) 
Seat 3: Supermegopro ($100 in chips) 
Seat 4: blistein ($100 in chips) 
Seat 5: nikalas22 ($130.56 in chips) 
Seat 6: LuckyShikari ($107.18 in chips) 
Jackso031117: posts small blind $0.50
Supermegopro: posts big blind $1
*** HOLE CARDS ***
blistein: folds 
nikalas22: folds 
LuckyShikari: folds 
mr.Jckpot: folds 
Jackso031117: folds 
Uncalled bet ($0.50) returned to Supermegopro
Supermegopro collected $1 from pot
Supermegopro: doesn't show hand 
*** SUMMARY ***
Total pot $1 | Rake $0 
Seat 1: mr.Jckpot (button) folded before Flop (didn't bet)
Seat 2: Jackso031117 (small blind) folded before Flop
Seat 3: Supermegopro (big blind) collected ($1)
Seat 4: blistein folded before Flop (didn't bet)
Seat 5: nikalas22 folded before Flop (didn't bet)
Seat 6: LuckyShikari folded before Flop (didn't bet)



PokerStars Hand #254268628187:  Hold'em No Limit ($0.50/$1.00 USD) - 2025/01/08 21:20:56 WET [2025/01/08 16:20:56 ET]
Table 'Lumen III' 6-max Seat #2 is the button
Seat 1: mr.Jckpot ($100 in chips) 
Seat 2: Jackso031117 ($81.62 in chips) 
Seat 3: Supermegopro ($100.50 in chips) 
Seat 4: blistein ($100 in chips) 
Seat 5: nikalas22 ($130.56 in chips) 
Seat 6: LuckyShikari ($107.18 in chips) 
Supermegopro: posts small blind $0.50
blistein: posts big blind $1
*** HOLE CARDS ***
nikalas22: folds 
LuckyShikari: folds 
mr.Jckpot: folds 
Jackso031117: folds 
Supermegopro: folds 
Uncalled bet ($0.50) returned to blistein
blistein collected $1 from pot
blistein: doesn't show hand 
*** SUMMARY ***
Total pot $1 | Rake $0 
Seat 1: mr.Jckpot folded before Flop (didn't bet)
Seat 2: Jackso031117 (button) folded before Flop (didn't bet)
Seat 3: Supermegopro (small blind) folded before Flop
Seat 4: blistein (big blind) collected ($1)
Seat 5: nikalas22 folded before Flop (didn't bet)
Seat 6: LuckyShikari folded before Flop (didn't bet)



PokerStars Hand #254268632677:  Hold'em No Limit ($0.50/$1.00 USD) - 2025/01/08 21:21:09 WET [2025/01/08 16:21:09 ET]
Table 'Lumen III' 6-max Seat #3 is the button
Seat 1: mr.Jckpot ($100 in chips) 
Seat 2: Jackso031117 ($81.62 in chips) 
Seat 3: Supermegopro ($100 in chips) 
Seat 4: blistein ($100.50 in chips) 
Seat 5: nikalas22 ($130.56 in chips) 
Seat 6: LuckyShikari ($107.18 in chips) 
blistein: posts small blind $0.50
nikalas22: posts big blind $1
*** HOLE CARDS ***
LuckyShikari: folds 
mr.Jckpot: raises $1.50 to $2.50
Jackso031117: raises $6.50 to $9
Supermegopro: folds 
blistein: folds 
nikalas22: folds 
mr.Jckpot: calls $6.50
*** FLOP *** [8h Kh 9h]
mr.Jckpot: checks 
Jackso031117: bets $6
mr.Jckpot: calls $6
*** TURN *** [8h Kh 9h] [5c]
mr.Jckpot: checks 
Jackso031117: bets $19
mr.Jckpot: calls $19
*** RIVER *** [8h Kh 9h 5c] [Qs]
mr.Jckpot: checks 
Jackso031117: checks 
*** SHOW DOWN ***
mr.Jckpot: shows [Qc Kd] (two pair, Kings and Queens)
Jackso031117: mucks hand 
mr.Jckpot collected $67 from pot
*** SUMMARY ***
Total pot $69.50 | Rake $2.50 
Board [8h Kh 9h 5c Qs]
Seat 1: mr.Jckpot showed [Qc Kd] and won ($67) with two pair, Kings and Queens
Seat 2: Jackso031117 mucked
Seat 3: Supermegopro (button) folded before Flop (didn't bet)
Seat 4: blistein (small blind) folded before Flop
Seat 5: nikalas22 (big blind) folded before Flop
Seat 6: LuckyShikari folded before Flop (didn't bet)



PokerStars Hand #254268651086:  Hold'em No Limit ($0.50/$1.00 USD) - 2025/01/08 21:22:02 WET [2025/01/08 16:22:02 ET]
Table 'Lumen III' 6-max Seat #4 is the button
Seat 6: LuckyShikari ($107.18 in chips) is sitting out
Seat 1: mr.Jckpot ($133 in chips) 
Seat 2: Jackso031117 ($47.62 in chips) 
Seat 3: Supermegopro ($100 in chips) 
Seat 4: blistein ($100 in chips) 
Seat 5: nikalas22 ($129.56 in chips) 
nikalas22: posts small blind $0.50
mr.Jckpot: posts big blind $1
*** HOLE CARDS ***
Jackso031117: folds 
Supermegopro: folds 
blistein: folds 
nikalas22: folds 
Uncalled bet ($0.50) returned to mr.Jckpot
mr.Jckpot collected $1 from pot
mr.Jckpot: doesn't show hand 
*** SUMMARY ***
Total pot $1 | Rake $0 
Seat 6: LuckyShikari
Seat 1: mr.Jckpot (big blind) collected ($1)
Seat 2: Jackso031117 folded before Flop (didn't bet)
Seat 3: Supermegopro folded before Flop (didn't bet)
Seat 4: blistein (button) folded before Flop (didn't bet)
Seat 5: nikalas22 (small blind) folded before Flop



PokerStars Hand #254268654707:  Hold'em No Limit ($0.50/$1.00 USD) - 2025/01/08 21:22:12 WET [2025/01/08 16:22:12 ET]
Table 'Lumen III' 6-max Seat #5 is the button
Seat 6: LuckyShikari ($107.18 in chips) is sitting out
Seat 1: mr.Jckpot ($133.50 in chips) 
Seat 2: Jackso031117 ($47.62 in chips) 
Seat 3: Supermegopro ($100 in chips) 
Seat 4: blistein ($100 in chips) 
Seat 5: nikalas22 ($129.06 in chips) 
mr.Jckpot: posts small blind $0.50
Jackso031117: posts big blind $1
*** HOLE CARDS ***
Supermegopro: folds 
blistein: folds 
nikalas22: raises $1.50 to $2.50
mr.Jckpot: raises $9.50 to $12
Jackso031117: folds 
nikalas22: folds 
Uncalled bet ($9.50) returned to mr.Jckpot
mr.Jckpot collected $6 from pot
mr.Jckpot: doesn't show hand 
*** SUMMARY ***
Total pot $6 | Rake $0 
Seat 6: LuckyShikari
Seat 1: mr.Jckpot (small blind) collected ($6)
Seat 2: Jackso031117 (big blind) folded before Flop
Seat 3: Supermegopro folded before Flop (didn't bet)
Seat 4: blistein folded before Flop (didn't bet)
Seat 5: nikalas22 (button) folded before Flop



PokerStars Hand #254268660441:  Hold'em No Limit ($0.50/$1.00 USD) - 2025/01/08 21:22:29 WET [2025/01/08 16:22:29 ET]
Table 'Lumen III' 6-max Seat #1 is the button
Seat 6: LuckyShikari ($107.18 in chips) is sitting out
Seat 1: mr.Jckpot ($137 in chips) 
Seat 2: Jackso031117 ($46.62 in chips) 
Seat 3: Supermegopro ($100 in chips) 
Seat 4: blistein ($100 in chips) 
Seat 5: nikalas22 ($126.56 in chips) 
Jackso031117: posts small blind $0.50
Supermegopro: posts big blind $1
*** HOLE CARDS ***
blistein: folds 
nikalas22: folds 
mr.Jckpot: folds 
Jackso031117: raises $2 to $3
Supermegopro: folds 
Uncalled bet ($2) returned to Jackso031117
Jackso031117 collected $2 from pot
Jackso031117: doesn't show hand 
*** SUMMARY ***
Total pot $2 | Rake $0 
Seat 6: LuckyShikari
Seat 1: mr.Jckpot (button) folded before Flop (didn't bet)
Seat 2: Jackso031117 (small blind) collected ($2)
Seat 3: Supermegopro (big blind) folded before Flop
Seat 4: blistein folded before Flop (didn't bet)
Seat 5: nikalas22 folded before Flop (didn't bet)



PokerStars Hand #254268664390:  Hold'em No Limit ($0.50/$1.00 USD) - 2025/01/08 21:22:40 WET [2025/01/08 16:22:40 ET]
Table 'Lumen III' 6-max Seat #2 is the button
Seat 6: LuckyShikari ($107.18 in chips) is sitting out
Seat 1: mr.Jckpot ($137 in chips) 
Seat 2: Jackso031117 ($47.62 in chips) 
Seat 3: Supermegopro ($100 in chips) 
Seat 4: blistein ($100 in chips) 
Seat 5: nikalas22 ($126.56 in chips) 
Supermegopro: posts small blind $0.50
blistein: posts big blind $1
*** HOLE CARDS ***
nikalas22: folds 
mr.Jckpot: raises $1.50 to $2.50
Jackso031117: raises $4.50 to $7
Supermegopro: folds 
blistein: folds 
mr.Jckpot: raises $130 to $137 and is all-in
Jackso031117: calls $40.62 and is all-in
Uncalled bet ($89.38) returned to mr.Jckpot
*** FIRST FLOP *** [Qs 3h 6c]
*** FIRST TURN *** [Qs 3h 6c] [4s]
*** FIRST RIVER *** [Qs 3h 6c 4s] [2d]
*** SECOND FLOP *** [Kc 8c 4d]
*** SECOND TURN *** [Kc 8c 4d] [7h]
*** SECOND RIVER *** [Kc 8c 4d 7h] [8h]
*** FIRST SHOW DOWN ***
mr.Jckpot: shows [Qc Qh] (three of a kind, Queens)
Jackso031117: shows [6d 9d] (a pair of Sixes)
mr.Jckpot collected $47.12 from pot
*** SECOND SHOW DOWN ***
mr.Jckpot: shows [Qc Qh] (two pair, Queens and Eights)
Jackso031117: shows [6d 9d] (a pair of Eights)
mr.Jckpot collected $47.12 from pot
*** SUMMARY ***
Total pot $96.74 | Rake $2.50 
Hand was run twice
FIRST Board [Qs 3h 6c 4s 2d]
SECOND Board [Kc 8c 4d 7h 8h]
Seat 6: LuckyShikari
Seat 1: mr.Jckpot showed [Qc Qh] and won ($47.12) with three of a kind, Queens, and won ($47.12) with two pair, Queens and Eights
Seat 2: Jackso031117 (button) showed [6d 9d] and lost with a pair of Sixes, and lost with a pair of Eights
Seat 3: Supermegopro (small blind) folded before Flop
Seat 4: blistein (big blind) folded before Flop
Seat 5: nikalas22 folded before Flop (didn't bet)



PokerStars Hand #254268675408:  Hold'em No Limit ($0.50/$1.00 USD) - 2025/01/08 21:23:12 WET [2025/01/08 16:23:12 ET]
Table 'Lumen III' 6-max Seat #3 is the button
Seat 6: LuckyShikari ($107.18 in chips) is sitting out
Seat 1: mr.Jckpot ($183.62 in chips) 
Seat 3: Supermegopro ($100 in chips) 
Seat 4: blistein ($100 in chips) 
Seat 5: nikalas22 ($126.56 in chips) 
blistein: posts small blind $0.50
nikalas22: posts big blind $1
*** HOLE CARDS ***
mr.Jckpot: folds 
Supermegopro: folds 
Nazareno1999 joins the table at seat #2 
blistein: folds 
Uncalled bet ($0.50) returned to nikalas22
Nazareno1999 leaves the table
nikalas22 collected $1 from pot
nikalas22: doesn't show hand 
*** SUMMARY ***
Total pot $1 | Rake $0 
Seat 6: LuckyShikari
Seat 1: mr.Jckpot folded before Flop (didn't bet)
Seat 3: Supermegopro (button) folded before Flop (didn't bet)
Seat 4: blistein (small blind) folded before Flop
Seat 5: nikalas22 (big blind) collected ($1)



PokerStars Hand #254268680696:  Hold'em No Limit ($0.50/$1.00 USD) - 2025/01/08 21:23:27 WET [2025/01/08 16:23:27 ET]
Table 'Lumen III' 6-max Seat #4 is the button
Seat 1: mr.Jckpot ($183.62 in chips) is sitting out
Seat 6: LuckyShikari ($107.18 in chips) is sitting out
Seat 3: Supermegopro ($100 in chips) 
Seat 4: blistein ($100 in chips) 
Seat 5: nikalas22 ($127.06 in chips) 
nikalas22: posts small blind $0.50
mr.Jckpot: is sitting out 
Supermegopro: posts big blind $1
*** HOLE CARDS ***
mr.Jckpot leaves the table
blistein: folds 
nikalas22: raises $2 to $3
Supermegopro: folds 
Uncalled bet ($2) returned to nikalas22
nikalas22 collected $2 from pot
nikalas22: doesn't show hand 
*** SUMMARY ***
Total pot $2 | Rake $0 
Seat 1: mr.Jckpot
Seat 6: LuckyShikari
Seat 3: Supermegopro (big blind) folded before Flop
Seat 4: blistein (button) folded before Flop (didn't bet)
Seat 5: nikalas22 (small blind) collected ($2)



