PokerStars Hand #254272989841:  Hold'em No Limit ($0.50/$1.00 USD) - 2025/01/08 2:18:07 WET [2025/01/08 21:18:07 ET]
Table 'Alsafi II' 6-max Seat #3 is the button
Seat 1: valmble ($10 in chips) 
Seat 2: Cougars001 ($100 in chips) 
Seat 3: equilibrium_tv ($100 in chips) 
Seat 4: jeilsons ($100 in chips) 
Seat 5: ReVeu710 ($100 in chips) 
MuUkR joins the table at seat #6 
jeilsons: posts small blind $0.50
ReVeu710: posts big blind $1
*** HOLE CARDS ***
valmble: folds 
Cougars001: folds 
equilibrium_tv: raises $1.50 to $2.50
jeilsons: folds 
ReVeu710: folds 
Uncalled bet ($1.50) returned to equilibrium_tv
equilibrium_tv collected $2.50 from pot
*** SUMMARY ***
Total pot $2.50 | Rake $0 
Seat 1: valmble folded before Flop (didn't bet)
Seat 2: Cougars001 folded before Flop (didn't bet)
Seat 3: equilibrium_tv (button) collected ($2.50)
Seat 4: jeilsons (small blind) folded before Flop
Seat 5: ReVeu710 (big blind) folded before Flop



PokerStars Hand #254272994700:  Hold'em No Limit ($0.50/$1.00 USD) - 2025/01/08 2:18:37 WET [2025/01/08 21:18:37 ET]
Table 'Alsafi II' 6-max Seat #4 is the button
Seat 1: valmble ($10 in chips) 
Seat 2: Cougars001 ($100 in chips) 
Seat 3: equilibrium_tv ($101.50 in chips) 
Seat 4: jeilsons ($100 in chips) 
Seat 5: ReVeu710 ($100 in chips) 
Seat 6: MuUkR ($100 in chips) 
ReVeu710: posts small blind $0.50
MuUkR: posts big blind $1
*** HOLE CARDS ***
valmble: raises $1 to $2
Cougars001: folds 
equilibrium_tv: folds 
jeilsons: folds 
ReVeu710: folds 
MuUkR: raises $10.50 to $12.50
valmble: calls $8 and is all-in
Uncalled bet ($2.50) returned to MuUkR
*** FLOP *** [7h Kh 6h]
*** TURN *** [7h Kh 6h] [9s]
*** RIVER *** [7h Kh 6h 9s] [Qc]
*** SHOW DOWN ***
MuUkR: shows [Tc Ac] (high card Ace)
valmble: shows [Ah Td] (high card Ace)
MuUkR collected $9.74 from pot
valmble collected $9.74 from pot
*** SUMMARY ***
Total pot $20.50 | Rake $1.02 
Board [7h Kh 6h 9s Qc]
Seat 1: valmble showed [Ah Td] and won ($9.74) with high card Ace
Seat 2: Cougars001 folded before Flop (didn't bet)
Seat 3: equilibrium_tv folded before Flop (didn't bet)
Seat 4: jeilsons (button) folded before Flop (didn't bet)
Seat 5: ReVeu710 (small blind) folded before Flop
Seat 6: MuUkR (big blind) showed [Tc Ac] and won ($9.74) with high card Ace



PokerStars Hand #254273000316:  Hold'em No Limit ($0.50/$1.00 USD) - 2025/01/08 2:19:12 WET [2025/01/08 21:19:12 ET]
Table 'Alsafi II' 6-max Seat #5 is the button
Seat 1: valmble ($9.74 in chips) is sitting out
Seat 2: Cougars001 ($100 in chips) 
Seat 3: equilibrium_tv ($101.50 in chips) 
Seat 4: jeilsons ($100 in chips) 
Seat 5: ReVeu710 ($100 in chips) 
Seat 6: MuUkR ($100 in chips) 
MuUkR: posts small blind $0.50
valmble: is sitting out 
Cougars001: posts big blind $1
*** HOLE CARDS ***
valmble leaves the table
equilibrium_tv: folds 
jeilsons: raises $1.30 to $2.30
ReVeu710: folds 
XneferX joins the table at seat #1 
MuUkR: folds 
Cougars001 has timed out
Cougars001: folds 
Uncalled bet ($1.30) returned to jeilsons
jeilsons collected $2.50 from pot
jeilsons: doesn't show hand 
*** SUMMARY ***
Total pot $2.50 | Rake $0 
Seat 1: valmble
Seat 2: Cougars001 (big blind) folded before Flop
Seat 3: equilibrium_tv folded before Flop (didn't bet)
Seat 4: jeilsons collected ($2.50)
Seat 5: ReVeu710 (button) folded before Flop (didn't bet)
Seat 6: MuUkR (small blind) folded before Flop



PokerStars Hand #254273008018:  Hold'em No Limit ($0.50/$1.00 USD) - 2025/01/08 2:20:00 WET [2025/01/08 21:20:00 ET]
Table 'Alsafi II' 6-max Seat #6 is the button
Seat 1: XneferX ($100 in chips) is sitting out
Seat 2: Cougars001 ($99 in chips) 
Seat 3: equilibrium_tv ($101.50 in chips) 
Seat 4: jeilsons ($101.50 in chips) 
Seat 5: ReVeu710 ($100 in chips) 
Seat 6: MuUkR ($100 in chips) 
Cougars001: posts small blind $0.50
equilibrium_tv: posts big blind $1
*** HOLE CARDS ***
jeilsons: folds 
ReVeu710: folds 
MuUkR: folds 
Cougars001: folds 
Uncalled bet ($0.50) returned to equilibrium_tv
equilibrium_tv collected $1 from pot
*** SUMMARY ***
Total pot $1 | Rake $0 
Seat 1: XneferX
Seat 2: Cougars001 (small blind) folded before Flop
Seat 3: equilibrium_tv (big blind) collected ($1)
Seat 4: jeilsons folded before Flop (didn't bet)
Seat 5: ReVeu710 folded before Flop (didn't bet)
Seat 6: MuUkR (button) folded before Flop (didn't bet)



PokerStars Hand #254273009587:  Hold'em No Limit ($0.50/$1.00 USD) - 2025/01/08 2:20:10 WET [2025/01/08 21:20:10 ET]
Table 'Alsafi II' 6-max Seat #2 is the button
Seat 1: XneferX ($100 in chips) is sitting out
Seat 2: Cougars001 ($98.50 in chips) 
Seat 3: equilibrium_tv ($102 in chips) 
Seat 4: jeilsons ($101.50 in chips) 
Seat 5: ReVeu710 ($100 in chips) 
Seat 6: MuUkR ($100 in chips) 
equilibrium_tv: posts small blind $0.50
jeilsons: posts big blind $1
XneferX: sits out 
*** HOLE CARDS ***
ReVeu710: folds 
MuUkR: folds 
ReVeu710 leaves the table
Cougars001: calls $1
equilibrium_tv: folds 
jeilsons: raises $6 to $7
Cougars001 has timed out
Cougars001: folds 
Uncalled bet ($6) returned to jeilsons
jeilsons collected $2.50 from pot
jeilsons: doesn't show hand 
*** SUMMARY ***
Total pot $2.50 | Rake $0 
Seat 1: XneferX
Seat 2: Cougars001 (button) folded before Flop
Seat 3: equilibrium_tv (small blind) folded before Flop
Seat 4: jeilsons (big blind) collected ($2.50)
Seat 5: ReVeu710 folded before Flop (didn't bet)
Seat 6: MuUkR folded before Flop (didn't bet)



PokerStars Hand #254273017229:  Hold'em No Limit ($0.50/$1.00 USD) - 2025/01/08 2:20:58 WET [2025/01/08 21:20:58 ET]
Table 'Alsafi II' 6-max Seat #3 is the button
Seat 1: XneferX ($100 in chips) is sitting out
Seat 2: Cougars001 ($97.50 in chips) is sitting out
Seat 3: equilibrium_tv ($101.50 in chips) 
Seat 4: jeilsons ($103 in chips) 
Seat 6: MuUkR ($100 in chips) 
jeilsons: posts small blind $0.50
MuUkR: posts big blind $1
XneferX: sits out 
*** HOLE CARDS ***
equilibrium_tv: folds 
jeilsons: raises $2 to $3
MuUkR: raises $7 to $10
jeilsons: calls $7
*** FLOP *** [3s 5s Jh]
jeilsons: checks 
MuUkR: bets $9.69
jeilsons: calls $9.69
*** TURN *** [3s 5s Jh] [Js]
jeilsons: checks 
MuUkR: checks 
*** RIVER *** [3s 5s Jh Js] [7s]
jeilsons: bets $9.98
MuUkR: folds 
Uncalled bet ($9.98) returned to jeilsons
jeilsons collected $38.38 from pot
jeilsons: doesn't show hand 
*** SUMMARY ***
Total pot $39.38 | Rake $1 
Board [3s 5s Jh Js 7s]
Seat 1: XneferX
Seat 2: Cougars001
Seat 3: equilibrium_tv (button) folded before Flop (didn't bet)
Seat 4: jeilsons (small blind) collected ($38.38)
Seat 6: MuUkR (big blind) folded on the River



PokerStars Hand #254273027271:  Hold'em No Limit ($0.50/$1.00 USD) - 2025/01/08 2:22:01 WET [2025/01/08 21:22:01 ET]
Table 'Alsafi II' 6-max Seat #4 is the button
Seat 2: Cougars001 ($97.50 in chips) is sitting out
Seat 1: XneferX ($100 in chips) 
Seat 3: equilibrium_tv ($101.50 in chips) 
Seat 4: jeilsons ($121.69 in chips) 
Seat 6: MuUkR ($100 in chips) 
MuUkR: posts small blind $0.50
XneferX: posts big blind $1
*** HOLE CARDS ***
equilibrium_tv: folds 
jeilsons: folds 
MuUkR: raises $2 to $3
XneferX: calls $2
*** FLOP *** [6s 8h Ts]
MuUkR: checks 
XneferX: bets $4.39
MuUkR: calls $4.39
*** TURN *** [6s 8h Ts] [7c]
MuUkR: checks 
XneferX: bets $21.34
MuUkR: folds 
Uncalled bet ($21.34) returned to XneferX
XneferX collected $14.04 from pot
XneferX: doesn't show hand 
*** SUMMARY ***
Total pot $14.78 | Rake $0.74 
Board [6s 8h Ts 7c]
Seat 2: Cougars001
Seat 1: XneferX (big blind) collected ($14.04)
Seat 3: equilibrium_tv folded before Flop (didn't bet)
Seat 4: jeilsons (button) folded before Flop (didn't bet)
Seat 6: MuUkR (small blind) folded on the Turn



PokerStars Hand #254273034140:  Hold'em No Limit ($0.50/$1.00 USD) - 2025/01/08 2:22:45 WET [2025/01/08 21:22:45 ET]
Table 'Alsafi II' 6-max Seat #6 is the button
Seat 2: Cougars001 ($97.50 in chips) is sitting out
Seat 3: equilibrium_tv ($101.50 in chips) is sitting out
Seat 1: XneferX ($106.65 in chips) 
Seat 4: jeilsons ($121.69 in chips) 
Seat 6: MuUkR ($100 in chips) 
XneferX: posts small blind $0.50
equilibrium_tv: is sitting out 
jeilsons: posts big blind $1
*** HOLE CARDS ***
MuUkR: raises $1.20 to $2.20
XneferX: folds 
jeilsons: calls $1.20
*** FLOP *** [Qd 2h 4c]
jeilsons: checks 
MuUkR: bets $1.54
jeilsons: calls $1.54
*** TURN *** [Qd 2h 4c] [7h]
jeilsons: checks 
MuUkR: bets $15.16
jeilsons: raises $15.16 to $30.32
MuUkR: folds 
Uncalled bet ($15.16) returned to jeilsons
morley2k19 joins the table at seat #5 
morley2k19 is disconnected 
jeilsons collected $37.30 from pot
jeilsons: doesn't show hand 
*** SUMMARY ***
Total pot $38.30 | Rake $1 
Board [Qd 2h 4c 7h]
Seat 2: Cougars001
Seat 3: equilibrium_tv
Seat 1: XneferX (small blind) folded before Flop
Seat 4: jeilsons (big blind) collected ($37.30)
Seat 6: MuUkR (button) folded on the Turn



PokerStars Hand #254273042139:  Hold'em No Limit ($0.50/$1.00 USD) - 2025/01/08 2:23:35 WET [2025/01/08 21:23:35 ET]
Table 'Alsafi II' 6-max Seat #1 is the button
Seat 2: Cougars001 ($97.50 in chips) is sitting out
Seat 3: equilibrium_tv ($101.50 in chips) is sitting out
Seat 1: XneferX ($106.15 in chips) 
Seat 4: jeilsons ($140.09 in chips) 
Seat 5: morley2k19 ($83.81 in chips) 
Seat 6: MuUkR ($100 in chips) 
jeilsons: posts small blind $0.50
morley2k19: posts big blind $1
*** HOLE CARDS ***
MuUkR: folds 
XneferX: folds 
jeilsons: folds 
Uncalled bet ($0.50) returned to morley2k19
morley2k19 collected $1 from pot
*** SUMMARY ***
Total pot $1 | Rake $0 
Seat 2: Cougars001
Seat 3: equilibrium_tv
Seat 1: XneferX (button) folded before Flop (didn't bet)
Seat 4: jeilsons (small blind) folded before Flop
Seat 5: morley2k19 (big blind) collected ($1)
Seat 6: MuUkR folded before Flop (didn't bet)



PokerStars Hand #254273043911:  Hold'em No Limit ($0.50/$1.00 USD) - 2025/01/08 2:23:47 WET [2025/01/08 21:23:47 ET]
Table 'Alsafi II' 6-max Seat #4 is the button
Seat 2: Cougars001 ($97.50 in chips) is sitting out
Seat 3: equilibrium_tv ($101.50 in chips) is sitting out
Seat 1: XneferX ($106.15 in chips) 
Seat 4: jeilsons ($139.59 in chips) 
Seat 5: morley2k19 ($84.31 in chips) 
Seat 6: MuUkR ($100 in chips) 
morley2k19: posts small blind $0.50
MuUkR: posts big blind $1
Cougars001: sits out 
equilibrium_tv: sits out 
*** HOLE CARDS ***
XneferX: raises $1.20 to $2.20
jeilsons: folds 
morley2k19: calls $1.70
MuUkR: folds 
*** FLOP *** [Ks 4d 3c]
morley2k19: bets $2.57
XneferX: folds 
Uncalled bet ($2.57) returned to morley2k19
morley2k19 collected $5.13 from pot
*** SUMMARY ***
Total pot $5.40 | Rake $0.27 
Board [Ks 4d 3c]
Seat 2: Cougars001
Seat 3: equilibrium_tv
Seat 1: XneferX folded on the Flop
Seat 4: jeilsons (button) folded before Flop (didn't bet)
Seat 5: morley2k19 (small blind) collected ($5.13)
Seat 6: MuUkR (big blind) folded before Flop



PokerStars Hand #254273048682:  Hold'em No Limit ($0.50/$1.00 USD) - 2025/01/08 2:24:17 WET [2025/01/08 21:24:17 ET]
Table 'Alsafi II' 6-max Seat #5 is the button
Seat 2: Cougars001 ($97.50 in chips) is sitting out
Seat 3: equilibrium_tv ($101.50 in chips) is sitting out
Seat 1: XneferX ($103.95 in chips) 
Seat 4: jeilsons ($139.59 in chips) 
Seat 5: morley2k19 ($87.24 in chips) 
Seat 6: MuUkR ($100 in chips) 
MuUkR: posts small blind $0.50
XneferX: posts big blind $1
Cougars001: sits out 
equilibrium_tv: sits out 
*** HOLE CARDS ***
jeilsons: raises $1.30 to $2.30
morley2k19: folds 
MuUkR: folds 
XneferX: folds 
Uncalled bet ($1.30) returned to jeilsons
jeilsons collected $2.50 from pot
jeilsons: doesn't show hand 
*** SUMMARY ***
Total pot $2.50 | Rake $0 
Seat 2: Cougars001
Seat 3: equilibrium_tv
Seat 1: XneferX (big blind) folded before Flop
Seat 4: jeilsons collected ($2.50)
Seat 5: morley2k19 (button) folded before Flop (didn't bet)
Seat 6: MuUkR (small blind) folded before Flop



PokerStars Hand #254273050920:  Hold'em No Limit ($0.50/$1.00 USD) - 2025/01/08 2:24:31 WET [2025/01/08 21:24:31 ET]
Table 'Alsafi II' 6-max Seat #6 is the button
Seat 3: equilibrium_tv ($101.50 in chips) is sitting out
Seat 1: XneferX ($102.95 in chips) 
Seat 2: Cougars001 ($97.50 in chips) 
Seat 4: jeilsons ($141.09 in chips) 
Seat 5: morley2k19 ($87.24 in chips) 
Seat 6: MuUkR ($100 in chips) 
XneferX: posts small blind $0.50
Cougars001: posts big blind $1
equilibrium_tv: sits out 
*** HOLE CARDS ***
jeilsons: raises $1 to $2
morley2k19: folds 
MuUkR: folds 
XneferX: calls $1.50
Cougars001 has timed out
Cougars001: folds 
*** FLOP *** [5d Kh 4c]
XneferX: checks 
jeilsons: bets $1.24
XneferX: calls $1.24
*** TURN *** [5d Kh 4c] [2c]
XneferX: checks 
jeilsons: checks 
*** RIVER *** [5d Kh 4c 2c] [8s]
XneferX: bets $3.63
jeilsons: calls $3.63
*** SHOW DOWN ***
XneferX: shows [Jh Kd] (a pair of Kings)
jeilsons: mucks hand 
XneferX collected $14 from pot
*** SUMMARY ***
Total pot $14.74 | Rake $0.74 
Board [5d Kh 4c 2c 8s]
Seat 3: equilibrium_tv
Seat 1: XneferX (small blind) showed [Jh Kd] and won ($14) with a pair of Kings
Seat 2: Cougars001 (big blind) folded before Flop
Seat 4: jeilsons mucked
Seat 5: morley2k19 folded before Flop (didn't bet)
Seat 6: MuUkR (button) folded before Flop (didn't bet)



PokerStars Hand #254273064547:  Hold'em No Limit ($0.50/$1.00 USD) - 2025/01/08 2:25:56 WET [2025/01/08 21:25:56 ET]
Table 'Alsafi II' 6-max Seat #1 is the button
Seat 1: XneferX ($110.08 in chips) 
Seat 2: Cougars001 ($96.50 in chips) 
Seat 3: equilibrium_tv ($101.50 in chips) 
Seat 4: jeilsons ($134.22 in chips) 
Seat 5: morley2k19 ($87.24 in chips) 
Seat 6: MuUkR ($100 in chips) 
Cougars001: posts small blind $0.50
equilibrium_tv: posts big blind $1
*** HOLE CARDS ***
jeilsons: folds 
morley2k19: raises $1 to $2
MuUkR: folds 
XneferX: raises $4 to $6
Cougars001: folds 
equilibrium_tv: folds 
morley2k19: calls $4
*** FLOP *** [5s 4s 3s]
morley2k19: checks 
XneferX: bets $4.36
morley2k19: calls $4.36
*** TURN *** [5s 4s 3s] [3h]
morley2k19: checks 
XneferX: checks 
*** RIVER *** [5s 4s 3s 3h] [6s]
morley2k19: checks 
XneferX: bets $7.18
morley2k19: calls $7.18
*** SHOW DOWN ***
XneferX: shows [Qh Ks] (a flush, King high)
morley2k19: mucks hand 
XneferX collected $34.75 from pot
*** SUMMARY ***
Total pot $36.58 | Rake $1.83 
Board [5s 4s 3s 3h 6s]
Seat 1: XneferX (button) showed [Qh Ks] and won ($34.75) with a flush, King high
Seat 2: Cougars001 (small blind) folded before Flop
Seat 3: equilibrium_tv (big blind) folded before Flop
Seat 4: jeilsons folded before Flop (didn't bet)
Seat 5: morley2k19 mucked
Seat 6: MuUkR folded before Flop (didn't bet)



PokerStars Hand #254273078645:  Hold'em No Limit ($0.50/$1.00 USD) - 2025/01/08 2:27:25 WET [2025/01/08 21:27:25 ET]
Table 'Alsafi II' 6-max Seat #2 is the button
Seat 1: XneferX ($127.29 in chips) 
Seat 2: Cougars001 ($96 in chips) 
Seat 3: equilibrium_tv ($100.50 in chips) 
Seat 4: jeilsons ($134.22 in chips) 
Seat 5: morley2k19 ($69.70 in chips) 
Seat 6: MuUkR ($100 in chips) 
equilibrium_tv: posts small blind $0.50
jeilsons: posts big blind $1
*** HOLE CARDS ***
morley2k19: folds 
MuUkR: folds 
XneferX: folds 
Cougars001: folds 
equilibrium_tv: raises $2 to $3
jeilsons: raises $7 to $10
equilibrium_tv: folds 
Uncalled bet ($7) returned to jeilsons
jeilsons collected $6 from pot
jeilsons: doesn't show hand 
*** SUMMARY ***
Total pot $6 | Rake $0 
Seat 1: XneferX folded before Flop (didn't bet)
Seat 2: Cougars001 (button) folded before Flop (didn't bet)
Seat 3: equilibrium_tv (small blind) folded before Flop
Seat 4: jeilsons (big blind) collected ($6)
Seat 5: morley2k19 folded before Flop (didn't bet)
Seat 6: MuUkR folded before Flop (didn't bet)



PokerStars Hand #254273154507:  Hold'em No Limit ($0.50/$1.00 USD) - 2025/01/08 2:35:35 WET [2025/01/08 21:35:35 ET]
Table 'Alsafi II' 6-max Seat #2 is the button
Seat 1: XneferX ($112.15 in chips) 
Seat 2: Cougars001 ($108.84 in chips) 
Seat 3: equilibrium_tv ($115.56 in chips) 
Seat 4: jeilsons ($125.76 in chips) 
Seat 5: morley2k19 ($60.99 in chips) 
Seat 6: BumHuntKing ($101 in chips) 
equilibrium_tv: posts small blind $0.50
jeilsons: posts big blind $1
*** HOLE CARDS ***
morley2k19: raises $3 to $4
BumHuntKing: folds 
XneferX: folds 
Cougars001: folds 
equilibrium_tv: folds 
jeilsons: calls $3
*** FLOP *** [Ah Ac 9c]
jeilsons: checks 
morley2k19: bets $4.04
jeilsons: calls $4.04
*** TURN *** [Ah Ac 9c] [6d]
jeilsons: checks 
morley2k19: bets $7.88
jeilsons: folds 
Uncalled bet ($7.88) returned to morley2k19
morley2k19 collected $15.75 from pot
*** SUMMARY ***
Total pot $16.58 | Rake $0.83 
Board [Ah Ac 9c 6d]
Seat 1: XneferX folded before Flop (didn't bet)
Seat 2: Cougars001 (button) folded before Flop (didn't bet)
Seat 3: equilibrium_tv (small blind) folded before Flop
Seat 4: jeilsons (big blind) folded on the Turn
Seat 5: morley2k19 collected ($15.75)
Seat 6: BumHuntKing folded before Flop (didn't bet)



PokerStars Hand #254273160750:  Hold'em No Limit ($0.50/$1.00 USD) - 2025/01/08 2:36:15 WET [2025/01/08 21:36:15 ET]
Table 'Alsafi II' 6-max Seat #3 is the button
Seat 1: XneferX ($112.15 in chips) 
Seat 2: Cougars001 ($108.84 in chips) 
Seat 3: equilibrium_tv ($115.06 in chips) 
Seat 4: jeilsons ($117.72 in chips) 
Seat 5: morley2k19 ($68.70 in chips) 
Seat 6: BumHuntKing ($101 in chips) 
jeilsons: posts small blind $0.50
morley2k19: posts big blind $1
*** HOLE CARDS ***
BumHuntKing: raises $1.20 to $2.20
XneferX: folds 
Cougars001 has timed out
Cougars001: folds 
equilibrium_tv: folds 
jeilsons: calls $1.70
morley2k19: calls $1.20
*** FLOP *** [7c 4d 9s]
jeilsons: checks 
morley2k19: checks 
BumHuntKing: checks 
*** TURN *** [7c 4d 9s] [4c]
jeilsons: checks 
morley2k19: checks 
BumHuntKing: bets $4.70
jeilsons: folds 
morley2k19: calls $4.70
*** RIVER *** [7c 4d 9s 4c] [6s]
morley2k19: bets $12.60
BumHuntKing: folds 
Uncalled bet ($12.60) returned to morley2k19
morley2k19 collected $15.20 from pot
*** SUMMARY ***
Total pot $16 | Rake $0.80 
Board [7c 4d 9s 4c 6s]
Seat 1: XneferX folded before Flop (didn't bet)
Seat 2: Cougars001 folded before Flop (didn't bet)
Seat 3: equilibrium_tv (button) folded before Flop (didn't bet)
Seat 4: jeilsons (small blind) folded on the Turn
Seat 5: morley2k19 (big blind) collected ($15.20)
Seat 6: BumHuntKing folded on the River



PokerStars Hand #254273172882:  Hold'em No Limit ($0.50/$1.00 USD) - 2025/01/08 2:37:34 WET [2025/01/08 21:37:34 ET]
Table 'Alsafi II' 6-max Seat #4 is the button
Seat 1: XneferX ($112.15 in chips) 
Seat 2: Cougars001 ($108.84 in chips) 
Seat 3: equilibrium_tv ($115.06 in chips) 
Seat 4: jeilsons ($115.52 in chips) 
Seat 5: morley2k19 ($77 in chips) 
Seat 6: BumHuntKing ($100 in chips) 
morley2k19: posts small blind $0.50
BumHuntKing: posts big blind $1
*** HOLE CARDS ***
XneferX: folds 
Cougars001 has timed out
Cougars001: folds 
equilibrium_tv: folds 
jeilsons: folds 
jeilsons leaves the table
Nurlanstar92 joins the table at seat #4 
morley2k19: folds 
Uncalled bet ($0.50) returned to BumHuntKing
BumHuntKing collected $1 from pot
BumHuntKing: doesn't show hand 
*** SUMMARY ***
Total pot $1 | Rake $0 
Seat 1: XneferX folded before Flop (didn't bet)
Seat 2: Cougars001 folded before Flop (didn't bet)
Seat 3: equilibrium_tv folded before Flop (didn't bet)
Seat 4: jeilsons (button) folded before Flop (didn't bet)
Seat 5: morley2k19 (small blind) folded before Flop
Seat 6: BumHuntKing (big blind) collected ($1)



PokerStars Hand #254273179275:  Hold'em No Limit ($0.50/$1.00 USD) - 2025/01/08 2:38:16 WET [2025/01/08 21:38:16 ET]
Table 'Alsafi II' 6-max Seat #5 is the button
Seat 2: Cougars001 ($108.84 in chips) is sitting out
Seat 4: Nurlanstar92 ($100 in chips) is sitting out
Seat 1: XneferX ($112.15 in chips) 
Seat 3: equilibrium_tv ($115.06 in chips) 
Seat 5: morley2k19 ($76.50 in chips) 
Seat 6: BumHuntKing ($100.50 in chips) 
BumHuntKing: posts small blind $0.50
XneferX: posts big blind $1
Nurlanstar92: sits out 
*** HOLE CARDS ***
equilibrium_tv: folds 
morley2k19: raises $2 to $3
BumHuntKing: folds 
XneferX: calls $2
*** FLOP *** [Td Qh Ad]
XneferX: checks 
morley2k19: bets $5.09
XneferX: folds 
Uncalled bet ($5.09) returned to morley2k19
morley2k19 collected $6.18 from pot
*** SUMMARY ***
Total pot $6.50 | Rake $0.32 
Board [Td Qh Ad]
Seat 2: Cougars001
Seat 4: Nurlanstar92
Seat 1: XneferX (big blind) folded on the Flop
Seat 3: equilibrium_tv folded before Flop (didn't bet)
Seat 5: morley2k19 (button) collected ($6.18)
Seat 6: BumHuntKing (small blind) folded before Flop



PokerStars Hand #254273186914:  Hold'em No Limit ($0.50/$1.00 USD) - 2025/01/08 2:39:06 WET [2025/01/08 21:39:06 ET]
Table 'Alsafi II' 6-max Seat #6 is the button
Seat 2: Cougars001 ($108.84 in chips) is sitting out
Seat 4: Nurlanstar92 ($100 in chips) is sitting out
Seat 1: XneferX ($109.15 in chips) 
Seat 3: equilibrium_tv ($115.06 in chips) 
Seat 5: morley2k19 ($79.68 in chips) 
Seat 6: BumHuntKing ($100 in chips) 
XneferX: posts small blind $0.50
equilibrium_tv: posts big blind $1
Nurlanstar92: sits out 
*** HOLE CARDS ***
morley2k19: folds 
BumHuntKing: folds 
XneferX: folds 
Uncalled bet ($0.50) returned to equilibrium_tv
equilibrium_tv collected $1 from pot
*** SUMMARY ***
Total pot $1 | Rake $0 
Seat 2: Cougars001
Seat 4: Nurlanstar92
Seat 1: XneferX (small blind) folded before Flop
Seat 3: equilibrium_tv (big blind) collected ($1)
Seat 5: morley2k19 folded before Flop (didn't bet)
Seat 6: BumHuntKing (button) folded before Flop (didn't bet)



PokerStars Hand #254273189773:  Hold'em No Limit ($0.50/$1.00 USD) - 2025/01/08 2:39:25 WET [2025/01/08 21:39:25 ET]
Table 'Alsafi II' 6-max Seat #1 is the button
Seat 2: Cougars001 ($108.84 in chips) is sitting out
Seat 1: XneferX ($108.65 in chips) 
Seat 3: equilibrium_tv ($115.56 in chips) 
Seat 4: Nurlanstar92 ($100 in chips) 
Seat 5: morley2k19 ($79.68 in chips) 
Seat 6: BumHuntKing ($100 in chips) 
equilibrium_tv: posts small blind $0.50
Nurlanstar92: posts big blind $1
*** HOLE CARDS ***
morley2k19: folds 
BumHuntKing: raises $1.20 to $2.20
XneferX: folds 
equilibrium_tv: folds 
Nurlanstar92: calls $1.20
*** FLOP *** [3s Jc Kd]
Nurlanstar92: checks 
BumHuntKing: bets $1.54
Nurlanstar92: calls $1.54
*** TURN *** [3s Jc Kd] [Js]
Nurlanstar92: checks 
BumHuntKing: bets $5.69
Nurlanstar92: calls $5.69
*** RIVER *** [3s Jc Kd Js] [2s]
Nurlanstar92: checks 
BumHuntKing: checks 
*** SHOW DOWN ***
Nurlanstar92: shows [Ts Kc] (two pair, Kings and Jacks)
BumHuntKing: shows [Jh Qc] (three of a kind, Jacks)
BumHuntKing collected $18.39 from pot
*** SUMMARY ***
Total pot $19.36 | Rake $0.97 
Board [3s Jc Kd Js 2s]
Seat 2: Cougars001
Seat 1: XneferX (button) folded before Flop (didn't bet)
Seat 3: equilibrium_tv (small blind) folded before Flop
Seat 4: Nurlanstar92 (big blind) showed [Ts Kc] and lost with two pair, Kings and Jacks
Seat 5: morley2k19 folded before Flop (didn't bet)
Seat 6: BumHuntKing showed [Jh Qc] and won ($18.39) with three of a kind, Jacks



PokerStars Hand #254273196500:  Hold'em No Limit ($0.50/$1.00 USD) - 2025/01/08 2:40:08 WET [2025/01/08 21:40:08 ET]
Table 'Alsafi II' 6-max Seat #3 is the button
Seat 2: Cougars001 ($108.84 in chips) is sitting out
Seat 1: XneferX ($108.65 in chips) 
Seat 3: equilibrium_tv ($115.06 in chips) 
Seat 4: Nurlanstar92 ($100 in chips) 
Seat 5: morley2k19 ($79.68 in chips) 
Seat 6: BumHuntKing ($108.96 in chips) 
Nurlanstar92: posts small blind $0.50
morley2k19: posts big blind $1
Cougars001: sits out 
*** HOLE CARDS ***
BumHuntKing: folds 
XneferX: raises $1.20 to $2.20
equilibrium_tv: folds 
Nurlanstar92: folds 
morley2k19: calls $1.20
*** FLOP *** [As 7s Js]
morley2k19: checks 
XneferX: bets $1.58
morley2k19: calls $1.58
*** TURN *** [As 7s Js] [8c]
morley2k19: checks 
XneferX: bets $5.90
morley2k19: calls $5.90
*** RIVER *** [As 7s Js 8c] [6s]
morley2k19: checks 
XneferX: checks 
*** SHOW DOWN ***
morley2k19: shows [Ac 2c] (a pair of Aces)
XneferX: shows [Qh Ad] (a pair of Aces - Queen kicker)
XneferX collected $18.87 from pot
*** SUMMARY ***
Total pot $19.86 | Rake $0.99 
Board [As 7s Js 8c 6s]
Seat 2: Cougars001
Seat 1: XneferX showed [Qh Ad] and won ($18.87) with a pair of Aces
Seat 3: equilibrium_tv (button) folded before Flop (didn't bet)
Seat 4: Nurlanstar92 (small blind) folded before Flop
Seat 5: morley2k19 (big blind) showed [Ac 2c] and lost with a pair of Aces
Seat 6: BumHuntKing folded before Flop (didn't bet)



PokerStars Hand #254273202567:  Hold'em No Limit ($0.50/$1.00 USD) - 2025/01/08 2:40:48 WET [2025/01/08 21:40:48 ET]
Table 'Alsafi II' 6-max Seat #4 is the button
Seat 1: XneferX ($117.84 in chips) 
Seat 2: Cougars001 ($108.84 in chips) 
Seat 3: equilibrium_tv ($115.06 in chips) 
Seat 4: Nurlanstar92 ($100 in chips) 
Seat 5: morley2k19 ($70 in chips) 
Seat 6: BumHuntKing ($108.96 in chips) 
morley2k19: posts small blind $0.50
BumHuntKing: posts big blind $1
Cougars001: posts small & big blinds $1.50
*** HOLE CARDS ***
XneferX: folds 
XneferX leaves the table
Cougars001 has timed out
Cougars001: checks 
equilibrium_tv: folds 
Nurlanstar92: folds 
BeauParleur joins the table at seat #1 
morley2k19: raises $2 to $3
BumHuntKing: calls $2
Cougars001: calls $2
*** FLOP *** [Ks 5c Tc]
morley2k19: bets $4.51
BumHuntKing: calls $4.51
Cougars001: folds 
*** TURN *** [Ks 5c Tc] [Qh]
morley2k19: bets $8.80
BumHuntKing: calls $8.80
*** RIVER *** [Ks 5c Tc Qh] [Td]
morley2k19: bets $17.16
BumHuntKing: calls $17.16
*** SHOW DOWN ***
morley2k19: shows [Jc Ad] (a straight, Ten to Ace)
BumHuntKing: mucks hand 
morley2k19 collected $67.94 from pot
*** SUMMARY ***
Total pot $70.44 | Rake $2.50 
Board [Ks 5c Tc Qh Td]
Seat 1: XneferX folded before Flop (didn't bet)
Seat 2: Cougars001 folded on the Flop
Seat 3: equilibrium_tv folded before Flop (didn't bet)
Seat 4: Nurlanstar92 (button) folded before Flop (didn't bet)
Seat 5: morley2k19 (small blind) showed [Jc Ad] and won ($67.94) with a straight, Ten to Ace
Seat 6: BumHuntKing (big blind) mucked



PokerStars Hand #254273212904:  Hold'em No Limit ($0.50/$1.00 USD) - 2025/01/08 2:41:57 WET [2025/01/08 21:41:57 ET]
Table 'Alsafi II' 6-max Seat #5 is the button
Seat 1: BeauParleur ($100 in chips) 
Seat 2: Cougars001 ($105.34 in chips) 
Seat 3: equilibrium_tv ($115.06 in chips) 
Seat 4: Nurlanstar92 ($100 in chips) 
Seat 5: morley2k19 ($104.47 in chips) 
Seat 6: BumHuntKing ($100 in chips) 
BumHuntKing: posts small blind $0.50
BeauParleur: posts big blind $1
*** HOLE CARDS ***
Cougars001: calls $1
equilibrium_tv: folds 
Nurlanstar92: folds 
morley2k19: folds 
BumHuntKing: folds 
BeauParleur: checks 
*** FLOP *** [5c 7s 9s]
BeauParleur: checks 
Cougars001: checks 
*** TURN *** [5c 7s 9s] [Ad]
BeauParleur: checks 
Cougars001: bets $2.38
BeauParleur: folds 
Uncalled bet ($2.38) returned to Cougars001
Cougars001 collected $2.38 from pot
*** SUMMARY ***
Total pot $2.50 | Rake $0.12 
Board [5c 7s 9s Ad]
Seat 1: BeauParleur (big blind) folded on the Turn
Seat 2: Cougars001 collected ($2.38)
Seat 3: equilibrium_tv folded before Flop (didn't bet)
Seat 4: Nurlanstar92 folded before Flop (didn't bet)
Seat 5: morley2k19 (button) folded before Flop (didn't bet)
Seat 6: BumHuntKing (small blind) folded before Flop



PokerStars Hand #254273220507:  Hold'em No Limit ($0.50/$1.00 USD) - 2025/01/08 2:42:48 WET [2025/01/08 21:42:48 ET]
Table 'Alsafi II' 6-max Seat #6 is the button
Seat 1: BeauParleur ($100 in chips) 
Seat 2: Cougars001 ($106.72 in chips) 
Seat 3: equilibrium_tv ($115.06 in chips) 
Seat 4: Nurlanstar92 ($100 in chips) 
Seat 5: morley2k19 ($104.47 in chips) 
Seat 6: BumHuntKing ($100 in chips) 
BeauParleur: posts small blind $0.50
Cougars001: posts big blind $1
*** HOLE CARDS ***
equilibrium_tv: folds 
Nurlanstar92: folds 
morley2k19: folds 
BumHuntKing: raises $1.50 to $2.50
BeauParleur: folds 
Cougars001: calls $1.50
*** FLOP *** [2c Kd Ts]
Cougars001: checks 
BumHuntKing: bets $1.72
Cougars001: folds 
Uncalled bet ($1.72) returned to BumHuntKing
BumHuntKing collected $5.22 from pot
BumHuntKing: doesn't show hand 
*** SUMMARY ***
Total pot $5.50 | Rake $0.28 
Board [2c Kd Ts]
Seat 1: BeauParleur (small blind) folded before Flop
Seat 2: Cougars001 (big blind) folded on the Flop
Seat 3: equilibrium_tv folded before Flop (didn't bet)
Seat 4: Nurlanstar92 folded before Flop (didn't bet)
Seat 5: morley2k19 folded before Flop (didn't bet)
Seat 6: BumHuntKing (button) collected ($5.22)



PokerStars Hand #254273223457:  Hold'em No Limit ($0.50/$1.00 USD) - 2025/01/08 2:43:08 WET [2025/01/08 21:43:08 ET]
Table 'Alsafi II' 6-max Seat #1 is the button
Seat 1: BeauParleur ($100 in chips) 
Seat 2: Cougars001 ($104.22 in chips) 
Seat 3: equilibrium_tv ($115.06 in chips) 
Seat 4: Nurlanstar92 ($100 in chips) 
Seat 5: morley2k19 ($104.47 in chips) 
Seat 6: BumHuntKing ($102.72 in chips) 
Cougars001: posts small blind $0.50
equilibrium_tv: posts big blind $1
*** HOLE CARDS ***
Nurlanstar92: folds 
morley2k19: folds 
BumHuntKing: folds 
BeauParleur: raises $1.50 to $2.50
Cougars001 has timed out
Cougars001: folds 
equilibrium_tv: folds 
Uncalled bet ($1.50) returned to BeauParleur
BeauParleur collected $2.50 from pot
BeauParleur: doesn't show hand 
*** SUMMARY ***
Total pot $2.50 | Rake $0 
Seat 1: BeauParleur (button) collected ($2.50)
Seat 2: Cougars001 (small blind) folded before Flop
Seat 3: equilibrium_tv (big blind) folded before Flop
Seat 4: Nurlanstar92 folded before Flop (didn't bet)
Seat 5: morley2k19 folded before Flop (didn't bet)
Seat 6: BumHuntKing folded before Flop (didn't bet)



PokerStars Hand #254273297111:  Hold'em No Limit ($0.50/$1.00 USD) - 2025/01/08 2:51:18 WET [2025/01/08 21:51:18 ET]
Table 'Alsafi II' 6-max Seat #1 is the button
Seat 1: BeauParleur ($102.50 in chips) 
Seat 2: Cougars001 ($90.54 in chips) 
Seat 3: Xenicide ($101.50 in chips) 
Seat 4: Nurlanstar92 ($106.16 in chips) 
Seat 5: morley2k19 ($110.01 in chips) 
Seat 6: BumHuntKing ($111.84 in chips) 
Cougars001: posts small blind $0.50
Xenicide: posts big blind $1
*** HOLE CARDS ***
Nurlanstar92: folds 
morley2k19: folds 
BumHuntKing: folds 
BeauParleur: folds 
Cougars001: folds 
Uncalled bet ($0.50) returned to Xenicide
Xenicide collected $1 from pot
*** SUMMARY ***
Total pot $1 | Rake $0 
Seat 1: BeauParleur (button) folded before Flop (didn't bet)
Seat 2: Cougars001 (small blind) folded before Flop
Seat 3: Xenicide (big blind) collected ($1)
Seat 4: Nurlanstar92 folded before Flop (didn't bet)
Seat 5: morley2k19 folded before Flop (didn't bet)
Seat 6: BumHuntKing folded before Flop (didn't bet)



PokerStars Hand #254273299841:  Hold'em No Limit ($0.50/$1.00 USD) - 2025/01/08 2:51:36 WET [2025/01/08 21:51:36 ET]
Table 'Alsafi II' 6-max Seat #2 is the button
Seat 1: BeauParleur ($102.50 in chips) 
Seat 2: Cougars001 ($90.04 in chips) 
Seat 3: Xenicide ($102 in chips) 
Seat 4: Nurlanstar92 ($106.16 in chips) 
Seat 5: morley2k19 ($110.01 in chips) 
Seat 6: BumHuntKing ($111.84 in chips) 
Xenicide: posts small blind $0.50
Nurlanstar92: posts big blind $1
*** HOLE CARDS ***
morley2k19: folds 
BumHuntKing: folds 
BeauParleur: raises $1.25 to $2.25
Cougars001: calls $2.25
Xenicide: folds 
Nurlanstar92: raises $12.75 to $15
BeauParleur: calls $12.75
Cougars001: calls $12.75
*** FLOP *** [2d 5s 2c]
Nurlanstar92: bets $14.26
BeauParleur: folds 
Cougars001: folds 
Uncalled bet ($14.26) returned to Nurlanstar92
Nurlanstar92 collected $43.22 from pot
Nurlanstar92: doesn't show hand 
*** SUMMARY ***
Total pot $45.50 | Rake $2.28 
Board [2d 5s 2c]
Seat 1: BeauParleur folded on the Flop
Seat 2: Cougars001 (button) folded on the Flop
Seat 3: Xenicide (small blind) folded before Flop
Seat 4: Nurlanstar92 (big blind) collected ($43.22)
Seat 5: morley2k19 folded before Flop (didn't bet)
Seat 6: BumHuntKing folded before Flop (didn't bet)



PokerStars Hand #254273310230:  Hold'em No Limit ($0.50/$1.00 USD) - 2025/01/08 2:52:45 WET [2025/01/08 21:52:45 ET]
Table 'Alsafi II' 6-max Seat #3 is the button
Seat 1: BeauParleur ($100 in chips) 
Seat 2: Cougars001 ($75.04 in chips) 
Seat 3: Xenicide ($101.50 in chips) 
Seat 4: Nurlanstar92 ($134.38 in chips) 
Seat 5: morley2k19 ($110.01 in chips) 
Seat 6: BumHuntKing ($111.84 in chips) 
Nurlanstar92: posts small blind $0.50
morley2k19: posts big blind $1
*** HOLE CARDS ***
BumHuntKing: folds 
BeauParleur: folds 
Cougars001: folds 
Xenicide: folds 
Nurlanstar92: folds 
Uncalled bet ($0.50) returned to morley2k19
morley2k19 collected $1 from pot
*** SUMMARY ***
Total pot $1 | Rake $0 
Seat 1: BeauParleur folded before Flop (didn't bet)
Seat 2: Cougars001 folded before Flop (didn't bet)
Seat 3: Xenicide (button) folded before Flop (didn't bet)
Seat 4: Nurlanstar92 (small blind) folded before Flop
Seat 5: morley2k19 (big blind) collected ($1)
Seat 6: BumHuntKing folded before Flop (didn't bet)



PokerStars Hand #254273313067:  Hold'em No Limit ($0.50/$1.00 USD) - 2025/01/08 2:53:05 WET [2025/01/08 21:53:05 ET]
Table 'Alsafi II' 6-max Seat #4 is the button
Seat 1: BeauParleur ($100 in chips) 
Seat 2: Cougars001 ($75.04 in chips) 
Seat 3: Xenicide ($101.50 in chips) 
Seat 4: Nurlanstar92 ($133.88 in chips) 
Seat 5: morley2k19 ($110.51 in chips) 
Seat 6: BumHuntKing ($111.84 in chips) 
morley2k19: posts small blind $0.50
BumHuntKing: posts big blind $1
*** HOLE CARDS ***
BeauParleur: folds 
Cougars001: folds 
Xenicide: folds 
Nurlanstar92: raises $1.50 to $2.50
morley2k19: calls $2
BumHuntKing: folds 
*** FLOP *** [Ks As 2c]
morley2k19: checks 
Nurlanstar92: bets $1.88
morley2k19: folds 
Uncalled bet ($1.88) returned to Nurlanstar92
Nurlanstar92 collected $5.70 from pot
Nurlanstar92: doesn't show hand 
*** SUMMARY ***
Total pot $6 | Rake $0.30 
Board [Ks As 2c]
Seat 1: BeauParleur folded before Flop (didn't bet)
Seat 2: Cougars001 folded before Flop (didn't bet)
Seat 3: Xenicide folded before Flop (didn't bet)
Seat 4: Nurlanstar92 (button) collected ($5.70)
Seat 5: morley2k19 (small blind) folded on the Flop
Seat 6: BumHuntKing (big blind) folded before Flop



PokerStars Hand #254273318077:  Hold'em No Limit ($0.50/$1.00 USD) - 2025/01/08 2:53:38 WET [2025/01/08 21:53:38 ET]
Table 'Alsafi II' 6-max Seat #5 is the button
Seat 1: BeauParleur ($100 in chips) 
Seat 2: Cougars001 ($75.04 in chips) 
Seat 3: Xenicide ($101.50 in chips) 
Seat 4: Nurlanstar92 ($137.08 in chips) 
Seat 5: morley2k19 ($108.01 in chips) 
Seat 6: BumHuntKing ($110.84 in chips) 
BumHuntKing: posts small blind $0.50
BeauParleur: posts big blind $1
*** HOLE CARDS ***
Cougars001: folds 
Xenicide: raises $1 to $2
Nurlanstar92: folds 
morley2k19: folds 
BumHuntKing: folds 
BeauParleur: calls $1
*** FLOP *** [2d 5c Th]
BeauParleur: checks 
Xenicide: bets $1.33
BeauParleur: calls $1.33
*** TURN *** [2d 5c Th] [2s]
BeauParleur: checks 
Xenicide: checks 
*** RIVER *** [2d 5c Th 2s] [4d]
BeauParleur: bets $2.24
Xenicide: folds 
Uncalled bet ($2.24) returned to BeauParleur
BeauParleur collected $6.80 from pot
BeauParleur: doesn't show hand 
*** SUMMARY ***
Total pot $7.16 | Rake $0.36 
Board [2d 5c Th 2s 4d]
Seat 1: BeauParleur (big blind) collected ($6.80)
Seat 2: Cougars001 folded before Flop (didn't bet)
Seat 3: Xenicide folded on the River
Seat 4: Nurlanstar92 folded before Flop (didn't bet)
Seat 5: morley2k19 (button) folded before Flop (didn't bet)
Seat 6: BumHuntKing (small blind) folded before Flop



PokerStars Hand #254273329638:  Hold'em No Limit ($0.50/$1.00 USD) - 2025/01/08 2:54:55 WET [2025/01/08 21:54:55 ET]
Table 'Alsafi II' 6-max Seat #6 is the button
Seat 1: BeauParleur ($103.47 in chips) 
Seat 2: Cougars001 ($75.04 in chips) 
Seat 3: Xenicide ($100 in chips) 
Seat 4: Nurlanstar92 ($137.08 in chips) 
Seat 5: morley2k19 ($108.01 in chips) 
Seat 6: BumHuntKing ($110.34 in chips) 
BeauParleur: posts small blind $0.50
Cougars001: posts big blind $1
*** HOLE CARDS ***
Xenicide: folds 
Nurlanstar92: folds 
morley2k19: folds 
BumHuntKing: raises $1.50 to $2.50
BeauParleur: folds 
Cougars001: folds 
Uncalled bet ($1.50) returned to BumHuntKing
BumHuntKing collected $2.50 from pot
BumHuntKing: doesn't show hand 
*** SUMMARY ***
Total pot $2.50 | Rake $0 
Seat 1: BeauParleur (small blind) folded before Flop
Seat 2: Cougars001 (big blind) folded before Flop
Seat 3: Xenicide folded before Flop (didn't bet)
Seat 4: Nurlanstar92 folded before Flop (didn't bet)
Seat 5: morley2k19 folded before Flop (didn't bet)
Seat 6: BumHuntKing (button) collected ($2.50)



PokerStars Hand #254273332435:  Hold'em No Limit ($0.50/$1.00 USD) - 2025/01/08 2:55:16 WET [2025/01/08 21:55:16 ET]
Table 'Alsafi II' 6-max Seat #1 is the button
Seat 1: BeauParleur ($102.97 in chips) 
Seat 2: Cougars001 ($74.04 in chips) 
Seat 3: Xenicide ($100 in chips) 
Seat 4: Nurlanstar92 ($137.08 in chips) 
Seat 5: morley2k19 ($108.01 in chips) 
Seat 6: BumHuntKing ($111.84 in chips) 
Cougars001: posts small blind $0.50
Xenicide: posts big blind $1
*** HOLE CARDS ***
Nurlanstar92: folds 
morley2k19: folds 
BumHuntKing: raises $1.20 to $2.20
BeauParleur: folds 
Cougars001: calls $1.70
Xenicide: raises $10.80 to $13
BumHuntKing: calls $10.80
Cougars001: folds 
*** FLOP *** [7h 5d 5s]
Xenicide: checks 
BumHuntKing: bets $6.70
Xenicide: raises $15.80 to $22.50
BumHuntKing: folds 
Uncalled bet ($15.80) returned to Xenicide
Xenicide collected $39.52 from pot
*** SUMMARY ***
Total pot $41.60 | Rake $2.08 
Board [7h 5d 5s]
Seat 1: BeauParleur (button) folded before Flop (didn't bet)
Seat 2: Cougars001 (small blind) folded before Flop
Seat 3: Xenicide (big blind) collected ($39.52)
Seat 4: Nurlanstar92 folded before Flop (didn't bet)
Seat 5: morley2k19 folded before Flop (didn't bet)
Seat 6: BumHuntKing folded on the Flop



PokerStars Hand #254273341278:  Hold'em No Limit ($0.50/$1.00 USD) - 2025/01/08 2:56:31 WET [2025/01/08 21:56:31 ET]
Table 'Alsafi II' 6-max Seat #2 is the button
Seat 1: BeauParleur ($102.97 in chips) 
Seat 2: Cougars001 ($71.84 in chips) 
Seat 3: Xenicide ($119.82 in chips) 
Seat 4: Nurlanstar92 ($137.08 in chips) 
Seat 5: morley2k19 ($108.01 in chips) 
Seat 6: BumHuntKing ($100 in chips) 
Xenicide: posts small blind $0.50
Nurlanstar92: posts big blind $1
*** HOLE CARDS ***
morley2k19: folds 
BumHuntKing: folds 
BeauParleur: folds 
Cougars001: calls $1
Xenicide: folds 
Nurlanstar92: checks 
*** FLOP *** [Qs Ac Qd]
Nurlanstar92: checks 
Cougars001: checks 
*** TURN *** [Qs Ac Qd] [4c]
Nurlanstar92: checks 
Cougars001: checks 
*** RIVER *** [Qs Ac Qd 4c] [Js]
Nurlanstar92: checks 
Cougars001: checks 
*** SHOW DOWN ***
Nurlanstar92: shows [3d Kd] (a pair of Queens)
Cougars001: mucks hand 
Nurlanstar92 collected $2.38 from pot
*** SUMMARY ***
Total pot $2.50 | Rake $0.12 
Board [Qs Ac Qd 4c Js]
Seat 1: BeauParleur folded before Flop (didn't bet)
Seat 2: Cougars001 (button) mucked
Seat 3: Xenicide (small blind) folded before Flop
Seat 4: Nurlanstar92 (big blind) showed [3d Kd] and won ($2.38) with a pair of Queens
Seat 5: morley2k19 folded before Flop (didn't bet)
Seat 6: BumHuntKing folded before Flop (didn't bet)



PokerStars Hand #254273345158:  Hold'em No Limit ($0.50/$1.00 USD) - 2025/01/08 2:57:04 WET [2025/01/08 21:57:04 ET]
Table 'Alsafi II' 6-max Seat #3 is the button
Seat 1: BeauParleur ($102.97 in chips) 
Seat 2: Cougars001 ($70.84 in chips) 
Seat 3: Xenicide ($119.32 in chips) 
Seat 4: Nurlanstar92 ($138.46 in chips) 
Seat 5: morley2k19 ($108.01 in chips) 
Seat 6: BumHuntKing ($100 in chips) 
Nurlanstar92: posts small blind $0.50
morley2k19: posts big blind $1
*** HOLE CARDS ***
BumHuntKing: raises $1.20 to $2.20
BeauParleur: folds 
Cougars001: folds 
Xenicide: folds 
Nurlanstar92: folds 
morley2k19: folds 
Uncalled bet ($1.20) returned to BumHuntKing
BumHuntKing collected $2.50 from pot
BumHuntKing: doesn't show hand 
*** SUMMARY ***
Total pot $2.50 | Rake $0 
Seat 1: BeauParleur folded before Flop (didn't bet)
Seat 2: Cougars001 folded before Flop (didn't bet)
Seat 3: Xenicide (button) folded before Flop (didn't bet)
Seat 4: Nurlanstar92 (small blind) folded before Flop
Seat 5: morley2k19 (big blind) folded before Flop
Seat 6: BumHuntKing collected ($2.50)



PokerStars Hand #254273349592:  Hold'em No Limit ($0.50/$1.00 USD) - 2025/01/08 2:57:41 WET [2025/01/08 21:57:41 ET]
Table 'Alsafi II' 6-max Seat #4 is the button
Seat 1: BeauParleur ($102.97 in chips) 
Seat 2: Cougars001 ($70.84 in chips) 
Seat 3: Xenicide ($119.32 in chips) 
Seat 4: Nurlanstar92 ($137.96 in chips) 
Seat 5: morley2k19 ($107.01 in chips) 
Seat 6: BumHuntKing ($101.50 in chips) 
morley2k19: posts small blind $0.50
BumHuntKing: posts big blind $1
*** HOLE CARDS ***
BeauParleur: folds 
Cougars001: calls $1
Xenicide: raises $3 to $4
Nurlanstar92: folds 
morley2k19: folds 
BumHuntKing: folds 
Cougars001: calls $3
*** FLOP *** [5s 4s Qd]
Cougars001: checks 
Xenicide: bets $2.80
Cougars001: calls $2.80
*** TURN *** [5s 4s Qd] [Jc]
Cougars001: checks 
Xenicide: bets $14.34
Cougars001: folds 
Uncalled bet ($14.34) returned to Xenicide
Xenicide collected $14.34 from pot
*** SUMMARY ***
Total pot $15.10 | Rake $0.76 
Board [5s 4s Qd Jc]
Seat 1: BeauParleur folded before Flop (didn't bet)
Seat 2: Cougars001 folded on the Turn
Seat 3: Xenicide collected ($14.34)
Seat 4: Nurlanstar92 (button) folded before Flop (didn't bet)
Seat 5: morley2k19 (small blind) folded before Flop
Seat 6: BumHuntKing (big blind) folded before Flop



PokerStars Hand #254273357054:  Hold'em No Limit ($0.50/$1.00 USD) - 2025/01/08 2:58:44 WET [2025/01/08 21:58:44 ET]
Table 'Alsafi II' 6-max Seat #5 is the button
Seat 1: BeauParleur ($102.97 in chips) 
Seat 2: Cougars001 ($64.04 in chips) 
Seat 3: Xenicide ($126.86 in chips) 
Seat 4: Nurlanstar92 ($137.96 in chips) 
Seat 5: morley2k19 ($106.51 in chips) 
Seat 6: BumHuntKing ($100.50 in chips) 
BumHuntKing: posts small blind $0.50
BeauParleur: posts big blind $1
*** HOLE CARDS ***
Cougars001: folds 
Xenicide: folds 
Nurlanstar92: folds 
morley2k19: folds 
BumHuntKing: raises $2 to $3
BeauParleur: folds 
Uncalled bet ($2) returned to BumHuntKing
BumHuntKing collected $2 from pot
BumHuntKing: doesn't show hand 
*** SUMMARY ***
Total pot $2 | Rake $0 
Seat 1: BeauParleur (big blind) folded before Flop
Seat 2: Cougars001 folded before Flop (didn't bet)
Seat 3: Xenicide folded before Flop (didn't bet)
Seat 4: Nurlanstar92 folded before Flop (didn't bet)
Seat 5: morley2k19 (button) folded before Flop (didn't bet)
Seat 6: BumHuntKing (small blind) collected ($2)



PokerStars Hand #254273362559:  Hold'em No Limit ($0.50/$1.00 USD) - 2025/01/08 2:59:30 WET [2025/01/08 21:59:30 ET]
Table 'Alsafi II' 6-max Seat #6 is the button
Seat 1: BeauParleur ($101.97 in chips) 
Seat 2: Cougars001 ($64.04 in chips) 
Seat 3: Xenicide ($126.86 in chips) 
Seat 4: Nurlanstar92 ($137.96 in chips) 
Seat 5: morley2k19 ($106.51 in chips) 
Seat 6: BumHuntKing ($101.50 in chips) 
BeauParleur: posts small blind $0.50
Cougars001: posts big blind $1
*** HOLE CARDS ***
Xenicide: folds 
Nurlanstar92: folds 
morley2k19: calls $1
BumHuntKing: raises $2.50 to $3.50
BeauParleur: folds 
Cougars001: folds 
morley2k19: calls $2.50
*** FLOP *** [Qd 4h 8h]
morley2k19: checks 
BumHuntKing: bets $2.67
morley2k19: folds 
Uncalled bet ($2.67) returned to BumHuntKing
BumHuntKing collected $8.08 from pot
BumHuntKing: doesn't show hand 
*** SUMMARY ***
Total pot $8.50 | Rake $0.42 
Board [Qd 4h 8h]
Seat 1: BeauParleur (small blind) folded before Flop
Seat 2: Cougars001 (big blind) folded before Flop
Seat 3: Xenicide folded before Flop (didn't bet)
Seat 4: Nurlanstar92 folded before Flop (didn't bet)
Seat 5: morley2k19 folded on the Flop
Seat 6: BumHuntKing (button) collected ($8.08)



PokerStars Hand #254273366975:  Hold'em No Limit ($0.50/$1.00 USD) - 2025/01/08 3:00:08 WET [2025/01/08 22:00:08 ET]
Table 'Alsafi II' 6-max Seat #1 is the button
Seat 3: Xenicide ($126.86 in chips) is sitting out
Seat 1: BeauParleur ($101.47 in chips) 
Seat 2: Cougars001 ($63.04 in chips) 
Seat 4: Nurlanstar92 ($137.96 in chips) 
Seat 5: morley2k19 ($103.01 in chips) 
Seat 6: BumHuntKing ($106.08 in chips) 
Cougars001: posts small blind $0.50
Xenicide: is sitting out 
Nurlanstar92: posts big blind $1
*** HOLE CARDS ***
Xenicide leaves the table
morley2k19: calls $1
equilibrium_tv joins the table at seat #3 
BumHuntKing: folds 
BeauParleur: folds 
Cougars001: folds 
Nurlanstar92: checks 
*** FLOP *** [Ah 2d 5h]
Nurlanstar92: checks 
morley2k19: checks 
*** TURN *** [Ah 2d 5h] [8d]
Nurlanstar92: checks 
morley2k19: checks 
*** RIVER *** [Ah 2d 5h 8d] [Kh]
Nurlanstar92: checks 
morley2k19: checks 
*** SHOW DOWN ***
Nurlanstar92: shows [3s Jc] (high card Ace)
morley2k19: mucks hand 
Nurlanstar92 collected $2.38 from pot
*** SUMMARY ***
Total pot $2.50 | Rake $0.12 
Board [Ah 2d 5h 8d Kh]
Seat 3: Xenicide
Seat 1: BeauParleur (button) folded before Flop (didn't bet)
Seat 2: Cougars001 (small blind) folded before Flop
Seat 4: Nurlanstar92 (big blind) showed [3s Jc] and won ($2.38) with high card Ace
Seat 5: morley2k19 mucked
Seat 6: BumHuntKing folded before Flop (didn't bet)



PokerStars Hand #254273372218:  Hold'em No Limit ($0.50/$1.00 USD) - 2025/01/08 3:00:49 WET [2025/01/08 22:00:49 ET]
Table 'Alsafi II' 6-max Seat #2 is the button
Seat 3: equilibrium_tv ($113.06 in chips) is sitting out
Seat 1: BeauParleur ($101.47 in chips) 
Seat 2: Cougars001 ($62.54 in chips) 
Seat 4: Nurlanstar92 ($139.34 in chips) 
Seat 5: morley2k19 ($102.01 in chips) 
Seat 6: BumHuntKing ($106.08 in chips) 
Nurlanstar92: posts small blind $0.50
morley2k19: posts big blind $1
*** HOLE CARDS ***
BumHuntKing: folds 
BeauParleur: raises $1.25 to $2.25
Cougars001: folds 
Nurlanstar92: raises $9.75 to $12
morley2k19: folds 
BeauParleur: folds 
Uncalled bet ($9.75) returned to Nurlanstar92
Nurlanstar92 collected $5.50 from pot
Nurlanstar92: doesn't show hand 
*** SUMMARY ***
Total pot $5.50 | Rake $0 
Seat 3: equilibrium_tv
Seat 1: BeauParleur folded before Flop
Seat 2: Cougars001 (button) folded before Flop (didn't bet)
Seat 4: Nurlanstar92 (small blind) collected ($5.50)
Seat 5: morley2k19 (big blind) folded before Flop
Seat 6: BumHuntKing folded before Flop (didn't bet)



PokerStars Hand #254273375620:  Hold'em No Limit ($0.50/$1.00 USD) - 2025/01/08 3:01:13 WET [2025/01/08 22:01:13 ET]
Table 'Alsafi II' 6-max Seat #4 is the button
Seat 3: equilibrium_tv ($113.06 in chips) is sitting out
Seat 1: BeauParleur ($100 in chips) 
Seat 2: Cougars001 ($62.54 in chips) 
Seat 4: Nurlanstar92 ($142.59 in chips) 
Seat 5: morley2k19 ($101.01 in chips) 
Seat 6: BumHuntKing ($106.08 in chips) 
morley2k19: posts small blind $0.50
BumHuntKing: posts big blind $1
equilibrium_tv: sits out 
*** HOLE CARDS ***
BeauParleur: folds 
Cougars001: folds 
Nurlanstar92: raises $1.50 to $2.50
morley2k19: calls $2
BumHuntKing: folds 
*** FLOP *** [9d 3c Ah]
morley2k19: checks 
Nurlanstar92: bets $1.88
morley2k19: folds 
Uncalled bet ($1.88) returned to Nurlanstar92
Nurlanstar92 collected $5.70 from pot
Nurlanstar92: doesn't show hand 
*** SUMMARY ***
Total pot $6 | Rake $0.30 
Board [9d 3c Ah]
Seat 3: equilibrium_tv
Seat 1: BeauParleur folded before Flop (didn't bet)
Seat 2: Cougars001 folded before Flop (didn't bet)
Seat 4: Nurlanstar92 (button) collected ($5.70)
Seat 5: morley2k19 (small blind) folded on the Flop
Seat 6: BumHuntKing (big blind) folded before Flop



PokerStars Hand #254273380381:  Hold'em No Limit ($0.50/$1.00 USD) - 2025/01/08 3:01:47 WET [2025/01/08 22:01:47 ET]
Table 'Alsafi II' 6-max Seat #5 is the button
Seat 3: equilibrium_tv ($113.06 in chips) is sitting out
Seat 1: BeauParleur ($100 in chips) 
Seat 2: Cougars001 ($62.54 in chips) 
Seat 4: Nurlanstar92 ($145.79 in chips) 
Seat 5: morley2k19 ($98.51 in chips) 
Seat 6: BumHuntKing ($105.08 in chips) 
BumHuntKing: posts small blind $0.50
BeauParleur: posts big blind $1
equilibrium_tv: sits out 
*** HOLE CARDS ***
Cougars001: calls $1
Nurlanstar92: raises $2.50 to $3.50
morley2k19: folds 
BumHuntKing: folds 
BeauParleur: raises $10.50 to $14
Cougars001: calls $13
Nurlanstar92: folds 
*** FLOP *** [2h 6s Ac]
BeauParleur: bets $3.50
Cougars001: raises $45.04 to $48.54 and is all-in
BeauParleur: calls $45.04
*** TURN *** [2h 6s Ac] [9h]
*** RIVER *** [2h 6s Ac 9h] [3h]
*** SHOW DOWN ***
BeauParleur: shows [Ad Ks] (a pair of Aces)
Cougars001: shows [4s 4h] (a pair of Fours)
BeauParleur collected $126.58 from pot
*** SUMMARY ***
Total pot $129.08 | Rake $2.50 
Board [2h 6s Ac 9h 3h]
Seat 3: equilibrium_tv
Seat 1: BeauParleur (big blind) showed [Ad Ks] and won ($126.58) with a pair of Aces
Seat 2: Cougars001 showed [4s 4h] and lost with a pair of Fours
Seat 4: Nurlanstar92 folded before Flop
Seat 5: morley2k19 (button) folded before Flop (didn't bet)
Seat 6: BumHuntKing (small blind) folded before Flop



PokerStars Hand #254273389514:  Hold'em No Limit ($0.50/$1.00 USD) - 2025/01/08 3:02:52 WET [2025/01/08 22:02:52 ET]
Table 'Alsafi II' 6-max Seat #6 is the button
Seat 2: Cougars001 ($0 in chips) is sitting out
Seat 1: BeauParleur ($164.04 in chips) 
Seat 3: equilibrium_tv ($113.06 in chips) 
Seat 4: Nurlanstar92 ($142.29 in chips) 
Seat 5: morley2k19 ($98.51 in chips) 
Seat 6: BumHuntKing ($104.58 in chips) 
BeauParleur: posts small blind $0.50
equilibrium_tv: posts big blind $1
*** HOLE CARDS ***
Cougars001 leaves the table
Nurlanstar92: folds 
morley2k19: folds 
BumHuntKing: folds 
BeauParleur: folds 
Uncalled bet ($0.50) returned to equilibrium_tv
equilibrium_tv collected $1 from pot
*** SUMMARY ***
Total pot $1 | Rake $0 
Seat 2: Cougars001
Seat 1: BeauParleur (small blind) folded before Flop
Seat 3: equilibrium_tv (big blind) collected ($1)
Seat 4: Nurlanstar92 folded before Flop (didn't bet)
Seat 5: morley2k19 folded before Flop (didn't bet)
Seat 6: BumHuntKing (button) folded before Flop (didn't bet)



PokerStars Hand #254273392318:  Hold'em No Limit ($0.50/$1.00 USD) - 2025/01/08 3:03:11 WET [2025/01/08 22:03:11 ET]
Table 'Alsafi II' 6-max Seat #1 is the button
Seat 3: equilibrium_tv ($113.56 in chips) is sitting out
Seat 1: BeauParleur ($163.54 in chips) 
Seat 4: Nurlanstar92 ($142.29 in chips) 
Seat 5: morley2k19 ($98.51 in chips) 
Seat 6: BumHuntKing ($104.58 in chips) 
Nurlanstar92: posts small blind $0.50
morley2k19: posts big blind $1
*** HOLE CARDS ***
BumHuntKing: folds 
BeauParleur: raises $1.50 to $2.50
equilibrium_tv leaves the table
Nurlanstar92: calls $2
morley2k19: folds 
*** FLOP *** [Jd 8s 9h]
Nurlanstar92: checks 
BeauParleur: bets $4.28
Nurlanstar92: folds 
Uncalled bet ($4.28) returned to BeauParleur
BeauParleur collected $5.70 from pot
BeauParleur: doesn't show hand 
*** SUMMARY ***
Total pot $6 | Rake $0.30 
Board [Jd 8s 9h]
Seat 3: equilibrium_tv
Seat 1: BeauParleur (button) collected ($5.70)
Seat 4: Nurlanstar92 (small blind) folded on the Flop
Seat 5: morley2k19 (big blind) folded before Flop
Seat 6: BumHuntKing folded before Flop (didn't bet)



PokerStars Hand #254273397230:  Hold'em No Limit ($0.50/$1.00 USD) - 2025/01/08 3:03:45 WET [2025/01/08 22:03:45 ET]
Table 'Alsafi II' 6-max Seat #4 is the button
Seat 1: BeauParleur ($166.74 in chips) 
Seat 4: Nurlanstar92 ($139.79 in chips) 
Seat 5: morley2k19 ($97.51 in chips) 
Seat 6: BumHuntKing ($104.58 in chips) 
morley2k19: posts small blind $0.50
BumHuntKing: posts big blind $1
*** HOLE CARDS ***
BeauParleur: folds 
Nurlanstar92: folds 
morley2k19: folds 
Uncalled bet ($0.50) returned to BumHuntKing
BumHuntKing collected $1 from pot
BumHuntKing: doesn't show hand 
*** SUMMARY ***
Total pot $1 | Rake $0 
Seat 1: BeauParleur folded before Flop (didn't bet)
Seat 4: Nurlanstar92 (button) folded before Flop (didn't bet)
Seat 5: morley2k19 (small blind) folded before Flop
Seat 6: BumHuntKing (big blind) collected ($1)



PokerStars Hand #254273398865:  Hold'em No Limit ($0.50/$1.00 USD) - 2025/01/08 3:03:56 WET [2025/01/08 22:03:56 ET]
Table 'Alsafi II' 6-max Seat #5 is the button
Seat 1: BeauParleur ($166.74 in chips) 
Seat 4: Nurlanstar92 ($139.79 in chips) 
Seat 5: morley2k19 ($97.01 in chips) 
Seat 6: BumHuntKing ($105.08 in chips) 
BumHuntKing: posts small blind $0.50
BeauParleur: posts big blind $1
*** HOLE CARDS ***
Nurlanstar92: folds 
morley2k19: folds 
BumHuntKing: folds 
Uncalled bet ($0.50) returned to BeauParleur
BeauParleur collected $1 from pot
BeauParleur: doesn't show hand 
*** SUMMARY ***
Total pot $1 | Rake $0 
Seat 1: BeauParleur (big blind) collected ($1)
Seat 4: Nurlanstar92 folded before Flop (didn't bet)
Seat 5: morley2k19 (button) folded before Flop (didn't bet)
Seat 6: BumHuntKing (small blind) folded before Flop



PokerStars Hand #254273400790:  Hold'em No Limit ($0.50/$1.00 USD) - 2025/01/08 3:04:10 WET [2025/01/08 22:04:10 ET]
Table 'Alsafi II' 6-max Seat #6 is the button
Seat 1: BeauParleur ($167.24 in chips) 
Seat 4: Nurlanstar92 ($139.79 in chips) 
Seat 5: morley2k19 ($97.01 in chips) 
Seat 6: BumHuntKing ($104.58 in chips) 
BeauParleur: posts small blind $0.50
Nurlanstar92: posts big blind $1
*** HOLE CARDS ***
morley2k19: raises $3 to $4
BumHuntKing: folds 
BeauParleur: folds 
Nurlanstar92: folds 
Uncalled bet ($3) returned to morley2k19
morley2k19 collected $2.50 from pot
*** SUMMARY ***
Total pot $2.50 | Rake $0 
Seat 1: BeauParleur (small blind) folded before Flop
Seat 4: Nurlanstar92 (big blind) folded before Flop
Seat 5: morley2k19 collected ($2.50)
Seat 6: BumHuntKing (button) folded before Flop (didn't bet)



PokerStars Hand #254273403440:  Hold'em No Limit ($0.50/$1.00 USD) - 2025/01/08 3:04:28 WET [2025/01/08 22:04:28 ET]
Table 'Alsafi II' 6-max Seat #1 is the button
Seat 1: BeauParleur ($166.74 in chips) 
Seat 4: Nurlanstar92 ($138.79 in chips) 
Seat 5: morley2k19 ($98.51 in chips) 
Seat 6: BumHuntKing ($104.58 in chips) 
Nurlanstar92: posts small blind $0.50
morley2k19: posts big blind $1
*** HOLE CARDS ***
BumHuntKing: raises $1.20 to $2.20
BeauParleur: folds 
Nurlanstar92: folds 
morley2k19: calls $1.20
*** FLOP *** [6c 9c Qc]
morley2k19: checks 
BumHuntKing: checks 
*** TURN *** [6c 9c Qc] [Th]
morley2k19: bets $2.33
BumHuntKing: folds 
Uncalled bet ($2.33) returned to morley2k19
morley2k19 collected $4.66 from pot
*** SUMMARY ***
Total pot $4.90 | Rake $0.24 
Board [6c 9c Qc Th]
Seat 1: BeauParleur (button) folded before Flop (didn't bet)
Seat 4: Nurlanstar92 (small blind) folded before Flop
Seat 5: morley2k19 (big blind) collected ($4.66)
Seat 6: BumHuntKing folded on the Turn



PokerStars Hand #254273407302:  Hold'em No Limit ($0.50/$1.00 USD) - 2025/01/08 3:04:55 WET [2025/01/08 22:04:55 ET]
Table 'Alsafi II' 6-max Seat #4 is the button
Seat 1: BeauParleur ($166.74 in chips) 
Seat 4: Nurlanstar92 ($138.29 in chips) 
Seat 5: morley2k19 ($100.97 in chips) 
Seat 6: BumHuntKing ($102.38 in chips) 
morley2k19: posts small blind $0.50
BumHuntKing: posts big blind $1
*** HOLE CARDS ***
BeauParleur has timed out
BeauParleur: folds 
Nurlanstar92: raises $1.50 to $2.50
morley2k19: folds 
BumHuntKing: folds 
Uncalled bet ($1.50) returned to Nurlanstar92
Nurlanstar92 collected $2.50 from pot
Nurlanstar92: doesn't show hand 
*** SUMMARY ***
Total pot $2.50 | Rake $0 
Seat 1: BeauParleur folded before Flop (didn't bet)
Seat 4: Nurlanstar92 (button) collected ($2.50)
Seat 5: morley2k19 (small blind) folded before Flop
Seat 6: BumHuntKing (big blind) folded before Flop



PokerStars Hand #254273411770:  Hold'em No Limit ($0.50/$1.00 USD) - 2025/01/08 3:05:27 WET [2025/01/08 22:05:27 ET]
Table 'Alsafi II' 6-max Seat #5 is the button
Seat 1: BeauParleur ($166.74 in chips) 
Seat 4: Nurlanstar92 ($139.79 in chips) 
Seat 5: morley2k19 ($100.47 in chips) 
Seat 6: BumHuntKing ($101.38 in chips) 
BumHuntKing: posts small blind $0.50
BeauParleur: posts big blind $1
*** HOLE CARDS ***
Nurlanstar92: raises $1.30 to $2.30
morley2k19: folds 
BumHuntKing: raises $8.70 to $11
BeauParleur: folds 
Nurlanstar92: folds 
Uncalled bet ($8.70) returned to BumHuntKing
BumHuntKing collected $5.60 from pot
BumHuntKing: doesn't show hand 
*** SUMMARY ***
Total pot $5.60 | Rake $0 
Seat 1: BeauParleur (big blind) folded before Flop
Seat 4: Nurlanstar92 folded before Flop
Seat 5: morley2k19 (button) folded before Flop (didn't bet)
Seat 6: BumHuntKing (small blind) collected ($5.60)



PokerStars Hand #254273414977:  Hold'em No Limit ($0.50/$1.00 USD) - 2025/01/08 3:05:50 WET [2025/01/08 22:05:50 ET]
Table 'Alsafi II' 6-max Seat #6 is the button
Seat 1: BeauParleur ($165.74 in chips) 
Seat 4: Nurlanstar92 ($137.49 in chips) 
Seat 5: morley2k19 ($100.47 in chips) 
Seat 6: BumHuntKing ($104.68 in chips) 
BeauParleur: posts small blind $0.50
Nurlanstar92: posts big blind $1
*** HOLE CARDS ***
morley2k19: folds 
BumHuntKing: folds 
BeauParleur: folds 
Uncalled bet ($0.50) returned to Nurlanstar92
Nurlanstar92 collected $1 from pot
Nurlanstar92: doesn't show hand 
*** SUMMARY ***
Total pot $1 | Rake $0 
Seat 1: BeauParleur (small blind) folded before Flop
Seat 4: Nurlanstar92 (big blind) collected ($1)
Seat 5: morley2k19 folded before Flop (didn't bet)
Seat 6: BumHuntKing (button) folded before Flop (didn't bet)



PokerStars Hand #254273417626:  Hold'em No Limit ($0.50/$1.00 USD) - 2025/01/08 3:06:09 WET [2025/01/08 22:06:09 ET]
Table 'Alsafi II' 6-max Seat #1 is the button
Seat 1: BeauParleur ($165.24 in chips) 
Seat 4: Nurlanstar92 ($137.99 in chips) 
Seat 5: morley2k19 ($100.47 in chips) 
Seat 6: BumHuntKing ($104.68 in chips) 
Nurlanstar92: posts small blind $0.50
morley2k19: posts big blind $1
*** HOLE CARDS ***
BumHuntKing: folds 
BeauParleur: folds 
Nurlanstar92: folds 
Uncalled bet ($0.50) returned to morley2k19
morley2k19 collected $1 from pot
*** SUMMARY ***
Total pot $1 | Rake $0 
Seat 1: BeauParleur (button) folded before Flop (didn't bet)
Seat 4: Nurlanstar92 (small blind) folded before Flop
Seat 5: morley2k19 (big blind) collected ($1)
Seat 6: BumHuntKing folded before Flop (didn't bet)



PokerStars Hand #254273419004:  Hold'em No Limit ($0.50/$1.00 USD) - 2025/01/08 3:06:19 WET [2025/01/08 22:06:19 ET]
Table 'Alsafi II' 6-max Seat #4 is the button
Seat 1: BeauParleur ($165.24 in chips) 
Seat 4: Nurlanstar92 ($137.49 in chips) 
Seat 5: morley2k19 ($100.97 in chips) 
Seat 6: BumHuntKing ($104.68 in chips) 
morley2k19: posts small blind $0.50
BumHuntKing: posts big blind $1
*** HOLE CARDS ***
BeauParleur: raises $1.25 to $2.25
Nurlanstar92: folds 
morley2k19: folds 
BumHuntKing: calls $1.25
*** FLOP *** [7d Ad Tc]
BumHuntKing: checks 
BeauParleur: bets $5.94
BumHuntKing: folds 
Uncalled bet ($5.94) returned to BeauParleur
BeauParleur collected $4.75 from pot
BeauParleur: doesn't show hand 
*** SUMMARY ***
Total pot $5 | Rake $0.25 
Board [7d Ad Tc]
Seat 1: BeauParleur collected ($4.75)
Seat 4: Nurlanstar92 (button) folded before Flop (didn't bet)
Seat 5: morley2k19 (small blind) folded before Flop
Seat 6: BumHuntKing (big blind) folded on the Flop



PokerStars Hand #254273445674:  Hold'em No Limit ($0.50/$1.00 USD) - 2025/01/08 3:09:30 WET [2025/01/08 22:09:30 ET]
Table 'Alsafi II' 6-max Seat #2 is the button
Seat 1: BeauParleur ($176.98 in chips) 
Seat 2: pepy_2233 ($8.50 in chips) 
Seat 3: MaRKiToScoK ($101.38 in chips) 
Seat 4: Nurlanstar92 ($137.49 in chips) 
Seat 5: morley2k19 ($98.47 in chips) 
Seat 6: BumHuntKing ($102.50 in chips) 
MaRKiToScoK: posts small blind $0.50
Nurlanstar92: posts big blind $1
*** HOLE CARDS ***
morley2k19: folds 
BumHuntKing: raises $1.20 to $2.20
BeauParleur: folds 
pepy_2233: folds 
MaRKiToScoK: folds 
Nurlanstar92: folds 
Uncalled bet ($1.20) returned to BumHuntKing
BumHuntKing collected $2.50 from pot
BumHuntKing: doesn't show hand 
*** SUMMARY ***
Total pot $2.50 | Rake $0 
Seat 1: BeauParleur folded before Flop (didn't bet)
Seat 2: pepy_2233 (button) folded before Flop (didn't bet)
Seat 3: MaRKiToScoK (small blind) folded before Flop
Seat 4: Nurlanstar92 (big blind) folded before Flop
Seat 5: morley2k19 folded before Flop (didn't bet)
Seat 6: BumHuntKing collected ($2.50)



PokerStars Hand #254273449519:  Hold'em No Limit ($0.50/$1.00 USD) - 2025/01/08 3:09:58 WET [2025/01/08 22:09:58 ET]
Table 'Alsafi II' 6-max Seat #3 is the button
Seat 1: BeauParleur ($176.98 in chips) 
Seat 2: pepy_2233 ($8.50 in chips) 
Seat 3: MaRKiToScoK ($100.88 in chips) 
Seat 4: Nurlanstar92 ($136.49 in chips) 
Seat 5: morley2k19 ($98.47 in chips) 
Seat 6: BumHuntKing ($104 in chips) 
Nurlanstar92: posts small blind $0.50
morley2k19: posts big blind $1
*** HOLE CARDS ***
BumHuntKing: folds 
BeauParleur: folds 
pepy_2233: folds 
MaRKiToScoK: folds 
Nurlanstar92: raises $2 to $3
morley2k19: calls $2
*** FLOP *** [5c 3s 7s]
Nurlanstar92: checks 
morley2k19: checks 
*** TURN *** [5c 3s 7s] [7d]
Nurlanstar92: bets $2
morley2k19: calls $2
*** RIVER *** [5c 3s 7s 7d] [Ks]
Nurlanstar92: bets $6.33
morley2k19: folds 
Uncalled bet ($6.33) returned to Nurlanstar92
Nurlanstar92 collected $9.50 from pot
Nurlanstar92: doesn't show hand 
*** SUMMARY ***
Total pot $10 | Rake $0.50 
Board [5c 3s 7s 7d Ks]
Seat 1: BeauParleur folded before Flop (didn't bet)
Seat 2: pepy_2233 folded before Flop (didn't bet)
Seat 3: MaRKiToScoK (button) folded before Flop (didn't bet)
Seat 4: Nurlanstar92 (small blind) collected ($9.50)
Seat 5: morley2k19 (big blind) folded on the River
Seat 6: BumHuntKing folded before Flop (didn't bet)



PokerStars Hand #254273459795:  Hold'em No Limit ($0.50/$1.00 USD) - 2025/01/08 3:11:13 WET [2025/01/08 22:11:13 ET]
Table 'Alsafi II' 6-max Seat #4 is the button
Seat 1: BeauParleur ($176.98 in chips) 
Seat 2: pepy_2233 ($8.50 in chips) 
Seat 3: MaRKiToScoK ($100.88 in chips) 
Seat 4: Nurlanstar92 ($140.99 in chips) 
Seat 5: morley2k19 ($93.47 in chips) 
Seat 6: BumHuntKing ($104 in chips) 
morley2k19: posts small blind $0.50
BumHuntKing: posts big blind $1
*** HOLE CARDS ***
BeauParleur: folds 
pepy_2233: folds 
MaRKiToScoK: raises $1.30 to $2.30
Nurlanstar92: folds 
morley2k19: folds 
BumHuntKing: calls $1.30
*** FLOP *** [4d 5c Jh]
BumHuntKing: checks 
MaRKiToScoK: bets $1.45
BumHuntKing: calls $1.45
*** TURN *** [4d 5c Jh] [9d]
BumHuntKing: checks 
MaRKiToScoK: bets $8
BumHuntKing: folds 
Uncalled bet ($8) returned to MaRKiToScoK
MaRKiToScoK collected $7.60 from pot
*** SUMMARY ***
Total pot $8 | Rake $0.40 
Board [4d 5c Jh 9d]
Seat 1: BeauParleur folded before Flop (didn't bet)
Seat 2: pepy_2233 folded before Flop (didn't bet)
Seat 3: MaRKiToScoK collected ($7.60)
Seat 4: Nurlanstar92 (button) folded before Flop (didn't bet)
Seat 5: morley2k19 (small blind) folded before Flop
Seat 6: BumHuntKing (big blind) folded on the Turn



PokerStars Hand #254273469343:  Hold'em No Limit ($0.50/$1.00 USD) - 2025/01/08 3:12:22 WET [2025/01/08 22:12:22 ET]
Table 'Alsafi II' 6-max Seat #5 is the button
Seat 1: BeauParleur ($176.98 in chips) 
Seat 2: pepy_2233 ($8.50 in chips) 
Seat 3: MaRKiToScoK ($104.73 in chips) 
Seat 4: Nurlanstar92 ($140.99 in chips) 
Seat 5: morley2k19 ($92.97 in chips) 
Seat 6: BumHuntKing ($100.25 in chips) 
BumHuntKing: posts small blind $0.50
BeauParleur: posts big blind $1
*** HOLE CARDS ***
pepy_2233: calls $1
MaRKiToScoK: folds 
Nurlanstar92: raises $2 to $3
morley2k19: raises $8 to $11
BumHuntKing: folds 
BeauParleur: folds 
pepy_2233: folds 
Nurlanstar92: folds 
Uncalled bet ($8) returned to morley2k19
morley2k19 collected $8.50 from pot
*** SUMMARY ***
Total pot $8.50 | Rake $0 
Seat 1: BeauParleur (big blind) folded before Flop
Seat 2: pepy_2233 folded before Flop
Seat 3: MaRKiToScoK folded before Flop (didn't bet)
Seat 4: Nurlanstar92 folded before Flop
Seat 5: morley2k19 (button) collected ($8.50)
Seat 6: BumHuntKing (small blind) folded before Flop



PokerStars Hand #254273474882:  Hold'em No Limit ($0.50/$1.00 USD) - 2025/01/08 3:13:02 WET [2025/01/08 22:13:02 ET]
Table 'Alsafi II' 6-max Seat #6 is the button
Seat 1: BeauParleur ($175.98 in chips) 
Seat 2: pepy_2233 ($7.50 in chips) 
Seat 3: MaRKiToScoK ($104.73 in chips) 
Seat 4: Nurlanstar92 ($137.99 in chips) 
Seat 5: morley2k19 ($98.47 in chips) 
Seat 6: BumHuntKing ($100 in chips) 
BeauParleur: posts small blind $0.50
pepy_2233: posts big blind $1
*** HOLE CARDS ***
MaRKiToScoK: folds 
Nurlanstar92: folds 
morley2k19: folds 
BumHuntKing: raises $1.50 to $2.50
BeauParleur: folds 
pepy_2233: calls $1.50
*** FLOP *** [3s 3c Jh]
pepy_2233: checks 
BumHuntKing: checks 
*** TURN *** [3s 3c Jh] [4s]
pepy_2233: bets $2.61
BumHuntKing: raises $9.13 to $11.74
pepy_2233: calls $2.39 and is all-in
Uncalled bet ($6.74) returned to BumHuntKing
*** RIVER *** [3s 3c Jh 4s] [Qh]
*** SHOW DOWN ***
pepy_2233: shows [4d Jc] (two pair, Jacks and Fours)
BumHuntKing: shows [5h Ac] (a pair of Threes)
pepy_2233 collected $14.72 from pot
BumHuntKing cashed out the hand for $2.29 | Cash Out Fee $0.05
*** SUMMARY ***
Total pot $15.50 | Rake $0.78 
Board [3s 3c Jh 4s Qh]
Seat 1: BeauParleur (small blind) folded before Flop
Seat 2: pepy_2233 (big blind) showed [4d Jc] and won ($14.72) with two pair, Jacks and Fours
Seat 3: MaRKiToScoK folded before Flop (didn't bet)
Seat 4: Nurlanstar92 folded before Flop (didn't bet)
Seat 5: morley2k19 folded before Flop (didn't bet)
Seat 6: BumHuntKing (button) showed [5h Ac] and lost with a pair of Threes (cashed out).



PokerStars Hand #254273482358:  Hold'em No Limit ($0.50/$1.00 USD) - 2025/01/08 3:13:56 WET [2025/01/08 22:13:56 ET]
Table 'Alsafi II' 6-max Seat #1 is the button
Seat 1: BeauParleur ($175.48 in chips) 
Seat 2: pepy_2233 ($14.72 in chips) 
Seat 3: MaRKiToScoK ($104.73 in chips) 
Seat 4: Nurlanstar92 ($137.99 in chips) 
Seat 5: morley2k19 ($98.47 in chips) 
Seat 6: BumHuntKing ($100 in chips) 
pepy_2233: posts small blind $0.50
MaRKiToScoK: posts big blind $1
*** HOLE CARDS ***
Nurlanstar92: raises $1 to $2
morley2k19: folds 
BumHuntKing: folds 
BeauParleur: folds 
pepy_2233: folds 
MaRKiToScoK: folds 
Uncalled bet ($1) returned to Nurlanstar92
Nurlanstar92 collected $2.50 from pot
Nurlanstar92: doesn't show hand 
*** SUMMARY ***
Total pot $2.50 | Rake $0 
Seat 1: BeauParleur (button) folded before Flop (didn't bet)
Seat 2: pepy_2233 (small blind) folded before Flop
Seat 3: MaRKiToScoK (big blind) folded before Flop
Seat 4: Nurlanstar92 collected ($2.50)
Seat 5: morley2k19 folded before Flop (didn't bet)
Seat 6: BumHuntKing folded before Flop (didn't bet)



PokerStars Hand #254273487026:  Hold'em No Limit ($0.50/$1.00 USD) - 2025/01/08 3:14:30 WET [2025/01/08 22:14:30 ET]
Table 'Alsafi II' 6-max Seat #2 is the button
Seat 1: BeauParleur ($175.48 in chips) 
Seat 2: pepy_2233 ($14.22 in chips) 
Seat 3: MaRKiToScoK ($103.73 in chips) 
Seat 4: Nurlanstar92 ($139.49 in chips) 
Seat 5: morley2k19 ($98.47 in chips) 
Seat 6: BumHuntKing ($100 in chips) 
MaRKiToScoK: posts small blind $0.50
Nurlanstar92: posts big blind $1
*** HOLE CARDS ***
morley2k19: raises $2 to $3
BumHuntKing: folds 
BeauParleur: folds 
pepy_2233: folds 
MaRKiToScoK: folds 
Nurlanstar92: folds 
Uncalled bet ($2) returned to morley2k19
morley2k19 collected $2.50 from pot
*** SUMMARY ***
Total pot $2.50 | Rake $0 
Seat 1: BeauParleur folded before Flop (didn't bet)
Seat 2: pepy_2233 (button) folded before Flop (didn't bet)
Seat 3: MaRKiToScoK (small blind) folded before Flop
Seat 4: Nurlanstar92 (big blind) folded before Flop
Seat 5: morley2k19 collected ($2.50)
Seat 6: BumHuntKing folded before Flop (didn't bet)



PokerStars Hand #254273490780:  Hold'em No Limit ($0.50/$1.00 USD) - 2025/01/08 3:14:57 WET [2025/01/08 22:14:57 ET]
Table 'Alsafi II' 6-max Seat #3 is the button
Seat 1: BeauParleur ($175.48 in chips) 
Seat 2: pepy_2233 ($14.22 in chips) 
Seat 3: MaRKiToScoK ($103.23 in chips) 
Seat 4: Nurlanstar92 ($138.49 in chips) 
Seat 5: morley2k19 ($99.97 in chips) 
Seat 6: BumHuntKing ($100 in chips) 
Nurlanstar92: posts small blind $0.50
morley2k19: posts big blind $1
*** HOLE CARDS ***
BumHuntKing: folds 
BeauParleur: folds 
pepy_2233: calls $1
MaRKiToScoK: folds 
Nurlanstar92: folds 
morley2k19: checks 
*** FLOP *** [Qd 5s 5h]
morley2k19: checks 
pepy_2233: bets $1
morley2k19: folds 
Uncalled bet ($1) returned to pepy_2233
pepy_2233 collected $2.38 from pot
*** SUMMARY ***
Total pot $2.50 | Rake $0.12 
Board [Qd 5s 5h]
Seat 1: BeauParleur folded before Flop (didn't bet)
Seat 2: pepy_2233 collected ($2.38)
Seat 3: MaRKiToScoK (button) folded before Flop (didn't bet)
Seat 4: Nurlanstar92 (small blind) folded before Flop
Seat 5: morley2k19 (big blind) folded on the Flop
Seat 6: BumHuntKing folded before Flop (didn't bet)



PokerStars Hand #254273498781:  Hold'em No Limit ($0.50/$1.00 USD) - 2025/01/08 3:15:55 WET [2025/01/08 22:15:55 ET]
Table 'Alsafi II' 6-max Seat #4 is the button
Seat 1: BeauParleur ($175.48 in chips) 
Seat 2: pepy_2233 ($15.60 in chips) 
Seat 3: MaRKiToScoK ($103.23 in chips) 
Seat 4: Nurlanstar92 ($137.99 in chips) 
Seat 5: morley2k19 ($98.97 in chips) 
Seat 6: BumHuntKing ($100 in chips) 
morley2k19: posts small blind $0.50
BumHuntKing: posts big blind $1
*** HOLE CARDS ***
BeauParleur: folds 
pepy_2233: folds 
MaRKiToScoK: folds 
Nurlanstar92: folds 
morley2k19: folds 
Uncalled bet ($0.50) returned to BumHuntKing
BumHuntKing collected $1 from pot
BumHuntKing: doesn't show hand 
*** SUMMARY ***
Total pot $1 | Rake $0 
Seat 1: BeauParleur folded before Flop (didn't bet)
Seat 2: pepy_2233 folded before Flop (didn't bet)
Seat 3: MaRKiToScoK folded before Flop (didn't bet)
Seat 4: Nurlanstar92 (button) folded before Flop (didn't bet)
Seat 5: morley2k19 (small blind) folded before Flop
Seat 6: BumHuntKing (big blind) collected ($1)



PokerStars Hand #254273501615:  Hold'em No Limit ($0.50/$1.00 USD) - 2025/01/08 3:16:15 WET [2025/01/08 22:16:15 ET]
Table 'Alsafi II' 6-max Seat #5 is the button
Seat 1: BeauParleur ($175.48 in chips) 
Seat 2: pepy_2233 ($15.60 in chips) 
Seat 3: MaRKiToScoK ($103.23 in chips) 
Seat 4: Nurlanstar92 ($137.99 in chips) 
Seat 5: morley2k19 ($98.47 in chips) 
Seat 6: BumHuntKing ($100.50 in chips) 
BumHuntKing: posts small blind $0.50
BeauParleur: posts big blind $1
*** HOLE CARDS ***
pepy_2233: calls $1
MaRKiToScoK: folds 
Nurlanstar92: folds 
morley2k19: folds 
BumHuntKing: folds 
BeauParleur: checks 
*** FLOP *** [Ts 4d 2c]
BeauParleur: checks 
pepy_2233: bets $1
BeauParleur: calls $1
*** TURN *** [Ts 4d 2c] [Kd]
BeauParleur: checks 
pepy_2233: bets $1
BeauParleur: folds 
Uncalled bet ($1) returned to pepy_2233
pepy_2233 collected $4.28 from pot
*** SUMMARY ***
Total pot $4.50 | Rake $0.22 
Board [Ts 4d 2c Kd]
Seat 1: BeauParleur (big blind) folded on the Turn
Seat 2: pepy_2233 collected ($4.28)
Seat 3: MaRKiToScoK folded before Flop (didn't bet)
Seat 4: Nurlanstar92 folded before Flop (didn't bet)
Seat 5: morley2k19 (button) folded before Flop (didn't bet)
Seat 6: BumHuntKing (small blind) folded before Flop



PokerStars Hand #254273511081:  Hold'em No Limit ($0.50/$1.00 USD) - 2025/01/08 3:17:24 WET [2025/01/08 22:17:24 ET]
Table 'Alsafi II' 6-max Seat #6 is the button
Seat 1: BeauParleur ($173.48 in chips) 
Seat 2: pepy_2233 ($17.88 in chips) 
Seat 3: MaRKiToScoK ($103.23 in chips) 
Seat 4: Nurlanstar92 ($137.99 in chips) 
Seat 5: morley2k19 ($98.47 in chips) 
Seat 6: BumHuntKing ($100 in chips) 
BeauParleur: posts small blind $0.50
pepy_2233: posts big blind $1
*** HOLE CARDS ***
MaRKiToScoK: folds 
Nurlanstar92: folds 
morley2k19: raises $2 to $3
BumHuntKing: calls $3
BeauParleur: folds 
pepy_2233: calls $2
*** FLOP *** [9h 6d 4c]
pepy_2233: checks 
morley2k19: bets $4.51
BumHuntKing: calls $4.51
pepy_2233: calls $4.51
*** TURN *** [9h 6d 4c] [4h]
pepy_2233: bets $10.37 and is all-in
morley2k19: calls $10.37
BumHuntKing: calls $10.37
*** RIVER *** [9h 6d 4c 4h] [Qh]
morley2k19: checks 
BumHuntKing: checks 
*** SHOW DOWN ***
pepy_2233: shows [9c Ad] (two pair, Nines and Fours)
morley2k19: mucks hand 
BumHuntKing: mucks hand 
pepy_2233 collected $51.64 from pot
*** SUMMARY ***
Total pot $54.14 | Rake $2.50 
Board [9h 6d 4c 4h Qh]
Seat 1: BeauParleur (small blind) folded before Flop
Seat 2: pepy_2233 (big blind) showed [9c Ad] and won ($51.64) with two pair, Nines and Fours
Seat 3: MaRKiToScoK folded before Flop (didn't bet)
Seat 4: Nurlanstar92 folded before Flop (didn't bet)
Seat 5: morley2k19 mucked
Seat 6: BumHuntKing (button) mucked



PokerStars Hand #254273518847:  Hold'em No Limit ($0.50/$1.00 USD) - 2025/01/08 3:18:20 WET [2025/01/08 22:18:20 ET]
Table 'Alsafi II' 6-max Seat #1 is the button
Seat 1: BeauParleur ($172.98 in chips) 
Seat 2: pepy_2233 ($51.64 in chips) 
Seat 3: MaRKiToScoK ($103.23 in chips) 
Seat 4: Nurlanstar92 ($137.99 in chips) 
Seat 5: morley2k19 ($80.59 in chips) 
Seat 6: BumHuntKing ($100 in chips) 
pepy_2233: posts small blind $0.50
MaRKiToScoK: posts big blind $1
*** HOLE CARDS ***
Nurlanstar92: folds 
morley2k19: folds 
BumHuntKing: folds 
BeauParleur: folds 
pepy_2233: calls $0.50
MaRKiToScoK: checks 
*** FLOP *** [Kc 7h 8c]
pepy_2233: checks 
MaRKiToScoK: checks 
*** TURN *** [Kc 7h 8c] [2h]
pepy_2233: bets $1
MaRKiToScoK: calls $1
*** RIVER *** [Kc 7h 8c 2h] [Qc]
pepy_2233: bets $1
MaRKiToScoK: calls $1
*** SHOW DOWN ***
pepy_2233: shows [3h 4h] (high card King)
MaRKiToScoK: shows [5d 7c] (a pair of Sevens)
MaRKiToScoK collected $5.70 from pot
*** SUMMARY ***
Total pot $6 | Rake $0.30 
Board [Kc 7h 8c 2h Qc]
Seat 1: BeauParleur (button) folded before Flop (didn't bet)
Seat 2: pepy_2233 (small blind) showed [3h 4h] and lost with high card King
Seat 3: MaRKiToScoK (big blind) showed [5d 7c] and won ($5.70) with a pair of Sevens
Seat 4: Nurlanstar92 folded before Flop (didn't bet)
Seat 5: morley2k19 folded before Flop (didn't bet)
Seat 6: BumHuntKing folded before Flop (didn't bet)



PokerStars Hand #254273525897:  Hold'em No Limit ($0.50/$1.00 USD) - 2025/01/08 3:19:13 WET [2025/01/08 22:19:13 ET]
Table 'Alsafi II' 6-max Seat #2 is the button
Seat 1: BeauParleur ($172.98 in chips) 
Seat 2: pepy_2233 ($48.64 in chips) 
Seat 3: MaRKiToScoK ($105.93 in chips) 
Seat 4: Nurlanstar92 ($137.99 in chips) 
Seat 5: morley2k19 ($80.59 in chips) 
Seat 6: BumHuntKing ($100 in chips) 
MaRKiToScoK: posts small blind $0.50
Nurlanstar92: posts big blind $1
*** HOLE CARDS ***
morley2k19: folds 
BumHuntKing: folds 
BeauParleur: folds 
pepy_2233: calls $1
MaRKiToScoK: raises $4 to $5
Nurlanstar92: calls $4
pepy_2233: folds 
*** FLOP *** [Qs Ts Td]
MaRKiToScoK: bets $3.14
Nurlanstar92: folds 
Uncalled bet ($3.14) returned to MaRKiToScoK
MaRKiToScoK collected $10.45 from pot
*** SUMMARY ***
Total pot $11 | Rake $0.55 
Board [Qs Ts Td]
Seat 1: BeauParleur folded before Flop (didn't bet)
Seat 2: pepy_2233 (button) folded before Flop
Seat 3: MaRKiToScoK (small blind) collected ($10.45)
Seat 4: Nurlanstar92 (big blind) folded on the Flop
Seat 5: morley2k19 folded before Flop (didn't bet)
Seat 6: BumHuntKing folded before Flop (didn't bet)



PokerStars Hand #254273534263:  Hold'em No Limit ($0.50/$1.00 USD) - 2025/01/08 3:20:13 WET [2025/01/08 22:20:13 ET]
Table 'Alsafi II' 6-max Seat #3 is the button
Seat 1: BeauParleur ($172.98 in chips) 
Seat 2: pepy_2233 ($47.64 in chips) 
Seat 3: MaRKiToScoK ($111.38 in chips) 
Seat 4: Nurlanstar92 ($132.99 in chips) 
Seat 5: morley2k19 ($80.59 in chips) 
Seat 6: BumHuntKing ($100 in chips) 
Nurlanstar92: posts small blind $0.50
morley2k19: posts big blind $1
*** HOLE CARDS ***
BumHuntKing: folds 
BeauParleur: folds 
pepy_2233: calls $1
MaRKiToScoK: folds 
Nurlanstar92: folds 
morley2k19: checks 
*** FLOP *** [5s 9d Ac]
morley2k19: bets $1.19
pepy_2233: calls $1.19
*** TURN *** [5s 9d Ac] [5h]
morley2k19: checks 
pepy_2233: bets $2.32
morley2k19: calls $2.32
*** RIVER *** [5s 9d Ac 5h] [4c]
morley2k19: checks 
pepy_2233: bets $9.04
morley2k19: calls $9.04
*** SHOW DOWN ***
pepy_2233: shows [As 9s] (two pair, Aces and Nines)
morley2k19: mucks hand 
pepy_2233 collected $26.22 from pot
*** SUMMARY ***
Total pot $27.60 | Rake $1.38 
Board [5s 9d Ac 5h 4c]
Seat 1: BeauParleur folded before Flop (didn't bet)
Seat 2: pepy_2233 showed [As 9s] and won ($26.22) with two pair, Aces and Nines
Seat 3: MaRKiToScoK (button) folded before Flop (didn't bet)
Seat 4: Nurlanstar92 (small blind) folded before Flop
Seat 5: morley2k19 (big blind) mucked
Seat 6: BumHuntKing folded before Flop (didn't bet)



PokerStars Hand #254273540894:  Hold'em No Limit ($0.50/$1.00 USD) - 2025/01/08 3:21:03 WET [2025/01/08 22:21:03 ET]
Table 'Alsafi II' 6-max Seat #4 is the button
Seat 1: BeauParleur ($172.98 in chips) 
Seat 2: pepy_2233 ($60.31 in chips) 
Seat 3: MaRKiToScoK ($111.38 in chips) 
Seat 4: Nurlanstar92 ($132.49 in chips) 
Seat 5: morley2k19 ($67.04 in chips) 
Seat 6: BumHuntKing ($100 in chips) 
morley2k19: posts small blind $0.50
BumHuntKing: posts big blind $1
*** HOLE CARDS ***
BeauParleur: folds 
pepy_2233: calls $1
MaRKiToScoK: folds 
Nurlanstar92: raises $2.50 to $3.50
morley2k19: calls $3
BumHuntKing: folds 
pepy_2233: folds 
*** FLOP *** [9d 6c Kh]
morley2k19: checks 
Nurlanstar92: bets $2.82
morley2k19: calls $2.82
*** TURN *** [9d 6c Kh] [Kc]
morley2k19: checks 
Nurlanstar92: bets $4.59
morley2k19: raises $11.55 to $16.14
Nurlanstar92: folds 
Uncalled bet ($11.55) returned to morley2k19
morley2k19 collected $22.63 from pot
*** SUMMARY ***
Total pot $23.82 | Rake $1.19 
Board [9d 6c Kh Kc]
Seat 1: BeauParleur folded before Flop (didn't bet)
Seat 2: pepy_2233 folded before Flop
Seat 3: MaRKiToScoK folded before Flop (didn't bet)
Seat 4: Nurlanstar92 (button) folded on the Turn
Seat 5: morley2k19 (small blind) collected ($22.63)
Seat 6: BumHuntKing (big blind) folded before Flop



PokerStars Hand #254273548708:  Hold'em No Limit ($0.50/$1.00 USD) - 2025/01/08 3:22:02 WET [2025/01/08 22:22:02 ET]
Table 'Alsafi II' 6-max Seat #5 is the button
Seat 1: BeauParleur ($172.98 in chips) 
Seat 2: pepy_2233 ($59.31 in chips) 
Seat 3: MaRKiToScoK ($111.38 in chips) 
Seat 4: Nurlanstar92 ($121.58 in chips) 
Seat 5: morley2k19 ($78.76 in chips) 
Seat 6: BumHuntKing ($100 in chips) 
BumHuntKing: posts small blind $0.50
BeauParleur: posts big blind $1
*** HOLE CARDS ***
pepy_2233: calls $1
MaRKiToScoK: folds 
Nurlanstar92: folds 
morley2k19: folds 
BumHuntKing: folds 
BeauParleur: raises $4 to $5
pepy_2233: calls $4
*** FLOP *** [Jd 2c Jc]
BeauParleur: bets $3.29
pepy_2233: raises $3.29 to $6.58
BeauParleur: calls $3.29
*** TURN *** [Jd 2c Jc] [7s]
BeauParleur: checks 
pepy_2233: bets $11.24
BeauParleur: calls $11.24
*** RIVER *** [Jd 2c Jc 7s] [9h]
BeauParleur: checks 
pepy_2233: bets $21.92
BeauParleur: folds 
Uncalled bet ($21.92) returned to pepy_2233
pepy_2233 collected $43.83 from pot
*** SUMMARY ***
Total pot $46.14 | Rake $2.31 
Board [Jd 2c Jc 7s 9h]
Seat 1: BeauParleur (big blind) folded on the River
Seat 2: pepy_2233 collected ($43.83)
Seat 3: MaRKiToScoK folded before Flop (didn't bet)
Seat 4: Nurlanstar92 folded before Flop (didn't bet)
Seat 5: morley2k19 (button) folded before Flop (didn't bet)
Seat 6: BumHuntKing (small blind) folded before Flop



PokerStars Hand #254273563125:  Hold'em No Limit ($0.50/$1.00 USD) - 2025/01/08 3:23:49 WET [2025/01/08 22:23:49 ET]
Table 'Alsafi II' 6-max Seat #6 is the button
Seat 1: BeauParleur ($150.16 in chips) 
Seat 2: pepy_2233 ($80.32 in chips) 
Seat 3: MaRKiToScoK ($111.38 in chips) 
Seat 4: Nurlanstar92 ($121.58 in chips) 
Seat 5: morley2k19 ($78.76 in chips) 
Seat 6: BumHuntKing ($100 in chips) 
BeauParleur: posts small blind $0.50
pepy_2233: posts big blind $1
*** HOLE CARDS ***
MaRKiToScoK: folds 
Nurlanstar92: folds 
morley2k19: folds 
BumHuntKing: folds 
BeauParleur: folds 
Uncalled bet ($0.50) returned to pepy_2233
pepy_2233 collected $1 from pot
*** SUMMARY ***
Total pot $1 | Rake $0 
Seat 1: BeauParleur (small blind) folded before Flop
Seat 2: pepy_2233 (big blind) collected ($1)
Seat 3: MaRKiToScoK folded before Flop (didn't bet)
Seat 4: Nurlanstar92 folded before Flop (didn't bet)
Seat 5: morley2k19 folded before Flop (didn't bet)
Seat 6: BumHuntKing (button) folded before Flop (didn't bet)



PokerStars Hand #254273565013:  Hold'em No Limit ($0.50/$1.00 USD) - 2025/01/08 3:24:03 WET [2025/01/08 22:24:03 ET]
Table 'Alsafi II' 6-max Seat #1 is the button
Seat 1: BeauParleur ($149.66 in chips) 
Seat 2: pepy_2233 ($80.82 in chips) 
Seat 3: MaRKiToScoK ($111.38 in chips) 
Seat 4: Nurlanstar92 ($121.58 in chips) 
Seat 5: morley2k19 ($78.76 in chips) 
Seat 6: BumHuntKing ($100 in chips) 
pepy_2233: posts small blind $0.50
MaRKiToScoK: posts big blind $1
*** HOLE CARDS ***
Nurlanstar92: raises $1 to $2
morley2k19: raises $2 to $4
BumHuntKing: folds 
BeauParleur: folds 
pepy_2233: folds 
MaRKiToScoK: folds 
Nurlanstar92: raises $10 to $14
morley2k19: calls $10
*** FLOP *** [3s Kc 4d]
Nurlanstar92: bets $8
morley2k19: calls $8
*** TURN *** [3s Kc 4d] [7s]
Nurlanstar92: checks 
morley2k19: bets $20.61
Nurlanstar92: calls $20.61
*** RIVER *** [3s Kc 4d 7s] [Td]
Nurlanstar92: checks 
morley2k19: bets $36.15 and is all-in
Nurlanstar92: calls $36.15
*** SHOW DOWN ***
morley2k19: shows [Qs Ad] (high card Ace)
Nurlanstar92: shows [Kh Jh] (a pair of Kings)
Nurlanstar92 collected $156.52 from pot
*** SUMMARY ***
Total pot $159.02 | Rake $2.50 
Board [3s Kc 4d 7s Td]
Seat 1: BeauParleur (button) folded before Flop (didn't bet)
Seat 2: pepy_2233 (small blind) folded before Flop
Seat 3: MaRKiToScoK (big blind) folded before Flop
Seat 4: Nurlanstar92 showed [Kh Jh] and won ($156.52) with a pair of Kings
Seat 5: morley2k19 showed [Qs Ad] and lost with high card Ace
Seat 6: BumHuntKing folded before Flop (didn't bet)



PokerStars Hand #254273581088:  Hold'em No Limit ($0.50/$1.00 USD) - 2025/01/08 3:26:05 WET [2025/01/08 22:26:05 ET]
Table 'Alsafi II' 6-max Seat #2 is the button
Seat 5: morley2k19 ($0 in chips) is sitting out
Seat 1: BeauParleur ($149.66 in chips) 
Seat 2: pepy_2233 ($80.32 in chips) 
Seat 3: MaRKiToScoK ($110.38 in chips) 
Seat 4: Nurlanstar92 ($199.34 in chips) 
Seat 6: BumHuntKing ($100 in chips) 
MaRKiToScoK: posts small blind $0.50
Nurlanstar92: posts big blind $1
*** HOLE CARDS ***
BumHuntKing: folds 
BeauParleur: folds 
pepy_2233: folds 
morley2k19 leaves the table
MaRKiToScoK: folds 
Uncalled bet ($0.50) returned to Nurlanstar92
Nurlanstar92 collected $1 from pot
Nurlanstar92: doesn't show hand 
*** SUMMARY ***
Total pot $1 | Rake $0 
Seat 5: morley2k19
Seat 1: BeauParleur folded before Flop (didn't bet)
Seat 2: pepy_2233 (button) folded before Flop (didn't bet)
Seat 3: MaRKiToScoK (small blind) folded before Flop
Seat 4: Nurlanstar92 (big blind) collected ($1)
Seat 6: BumHuntKing folded before Flop (didn't bet)



PokerStars Hand #254273584479:  Hold'em No Limit ($0.50/$1.00 USD) - 2025/01/08 3:26:30 WET [2025/01/08 22:26:30 ET]
Table 'Alsafi II' 6-max Seat #3 is the button
Seat 1: BeauParleur ($149.66 in chips) 
Seat 2: pepy_2233 ($80.32 in chips) 
Seat 3: MaRKiToScoK ($109.88 in chips) 
Seat 4: Nurlanstar92 ($199.84 in chips) 
Seat 6: BumHuntKing ($100 in chips) 
Nurlanstar92: posts small blind $0.50
BumHuntKing: posts big blind $1
*** HOLE CARDS ***
BeauParleur: raises $1 to $2
pepy_2233: calls $2
MaRKiToScoK: folds 
Nurlanstar92: folds 
BumHuntKing: folds 
*** FLOP *** [6h Ah 5d]
BeauParleur: checks 
pepy_2233: checks 
*** TURN *** [6h Ah 5d] [7h]
B1GBankroll joins the table at seat #5 
BeauParleur: checks 
pepy_2233: bets $2.61
BeauParleur: folds 
Uncalled bet ($2.61) returned to pepy_2233
pepy_2233 collected $5.22 from pot
*** SUMMARY ***
Total pot $5.50 | Rake $0.28 
Board [6h Ah 5d 7h]
Seat 1: BeauParleur folded on the Turn
Seat 2: pepy_2233 collected ($5.22)
Seat 3: MaRKiToScoK (button) folded before Flop (didn't bet)
Seat 4: Nurlanstar92 (small blind) folded before Flop
Seat 6: BumHuntKing (big blind) folded before Flop



PokerStars Hand #254273595475:  Hold'em No Limit ($0.50/$1.00 USD) - 2025/01/08 3:27:54 WET [2025/01/08 22:27:54 ET]
Table 'Alsafi II' 6-max Seat #4 is the button
Seat 5: B1GBankroll ($100 in chips) is sitting out
Seat 1: BeauParleur ($147.66 in chips) 
Seat 2: pepy_2233 ($83.54 in chips) 
Seat 3: MaRKiToScoK ($109.88 in chips) 
Seat 4: Nurlanstar92 ($199.34 in chips) 
Seat 6: BumHuntKing ($100 in chips) 
BumHuntKing: posts small blind $0.50
BeauParleur: posts big blind $1
*** HOLE CARDS ***
pepy_2233: calls $1
MaRKiToScoK: folds 
Nurlanstar92: folds 
BumHuntKing: raises $4 to $5
BeauParleur: folds 
pepy_2233: folds 
Uncalled bet ($4) returned to BumHuntKing
BumHuntKing collected $3 from pot
BumHuntKing: doesn't show hand 
*** SUMMARY ***
Total pot $3 | Rake $0 
Seat 5: B1GBankroll
Seat 1: BeauParleur (big blind) folded before Flop
Seat 2: pepy_2233 folded before Flop
Seat 3: MaRKiToScoK folded before Flop (didn't bet)
Seat 4: Nurlanstar92 (button) folded before Flop (didn't bet)
Seat 6: BumHuntKing (small blind) collected ($3)



PokerStars Hand #254273598746:  Hold'em No Limit ($0.50/$1.00 USD) - 2025/01/08 3:28:20 WET [2025/01/08 22:28:20 ET]
Table 'Alsafi II' 6-max Seat #6 is the button
Seat 5: B1GBankroll ($100 in chips) is sitting out
Seat 1: BeauParleur ($146.66 in chips) 
Seat 2: pepy_2233 ($82.54 in chips) 
Seat 3: MaRKiToScoK ($109.88 in chips) 
Seat 4: Nurlanstar92 ($199.34 in chips) 
Seat 6: BumHuntKing ($102 in chips) 
BeauParleur: posts small blind $0.50
pepy_2233: posts big blind $1
B1GBankroll: sits out 
*** HOLE CARDS ***
MaRKiToScoK: folds 
Nurlanstar92: folds 
BumHuntKing: raises $1.50 to $2.50
BeauParleur: folds 
pepy_2233: calls $1.50
*** FLOP *** [Tc 3h Th]
pepy_2233: checks 
BumHuntKing: bets $1.72
pepy_2233: calls $1.72
*** TURN *** [Tc 3h Th] [Kh]
pepy_2233: bets $4.25
BumHuntKing: calls $4.25
*** RIVER *** [Tc 3h Th Kh] [5s]
pepy_2233: checks 
BumHuntKing: bets $8.29
pepy_2233: folds 
Uncalled bet ($8.29) returned to BumHuntKing
BumHuntKing collected $16.57 from pot
BumHuntKing: doesn't show hand 
*** SUMMARY ***
Total pot $17.44 | Rake $0.87 
Board [Tc 3h Th Kh 5s]
Seat 5: B1GBankroll
Seat 1: BeauParleur (small blind) folded before Flop
Seat 2: pepy_2233 (big blind) folded on the River
Seat 3: MaRKiToScoK folded before Flop (didn't bet)
Seat 4: Nurlanstar92 folded before Flop (didn't bet)
Seat 6: BumHuntKing (button) collected ($16.57)



PokerStars Hand #254273425438:  Hold'em No Limit ($0.50/$1.00 USD) - 2025/01/08 3:07:05 WET [2025/01/08 22:07:05 ET]
Table 'Alsafi II' 6-max Seat #5 is the button
Seat 1: BeauParleur ($167.74 in chips) 
Seat 4: Nurlanstar92 ($137.49 in chips) 
Seat 5: morley2k19 ($100.47 in chips) 
Seat 6: BumHuntKing ($102.43 in chips) 
BumHuntKing: posts small blind $0.50
BeauParleur: posts big blind $1
*** HOLE CARDS ***
Nurlanstar92: folds 
morley2k19: folds 
BumHuntKing: raises $2 to $3
BeauParleur: calls $2
*** FLOP *** [Jc 9c 9s]
pepy_2233 joins the table at seat #2 
pepy_2233 is disconnected 
BumHuntKing: bets $1.43
BeauParleur: calls $1.43
*** TURN *** [Jc 9c 9s] [2c]
MaRKiToScoK joins the table at seat #3 
BumHuntKing: bets $6.31
BeauParleur: calls $6.31
*** RIVER *** [Jc 9c 9s 2c] [3h]
BumHuntKing: checks 
BeauParleur: checks 
*** SHOW DOWN ***
BumHuntKing: shows [5c 6h] (a pair of Nines)
BeauParleur: shows [Qh Jd] (two pair, Jacks and Nines)
BeauParleur collected $20.48 from pot
*** SUMMARY ***
Total pot $21.48 | Rake $1 
Board [Jc 9c 9s 2c 3h]
Seat 1: BeauParleur (big blind) showed [Qh Jd] and won ($20.48) with two pair, Jacks and Nines
Seat 4: Nurlanstar92 folded before Flop (didn't bet)
Seat 5: morley2k19 (button) folded before Flop (didn't bet)
Seat 6: BumHuntKing (small blind) showed [5c 6h] and lost with a pair of Nines



PokerStars Hand #254273437004:  Hold'em No Limit ($0.50/$1.00 USD) - 2025/01/08 3:08:28 WET [2025/01/08 22:08:28 ET]
Table 'Alsafi II' 6-max Seat #6 is the button
Seat 3: MaRKiToScoK ($100 in chips) is sitting out
Seat 1: BeauParleur ($177.48 in chips) 
Seat 2: pepy_2233 ($10 in chips) 
Seat 4: Nurlanstar92 ($137.49 in chips) 
Seat 5: morley2k19 ($100.47 in chips) 
Seat 6: BumHuntKing ($100 in chips) 
BeauParleur: posts small blind $0.50
pepy_2233: posts big blind $1
MaRKiToScoK: sits out 
*** HOLE CARDS ***
Nurlanstar92: folds 
morley2k19: calls $1
BumHuntKing: raises $2.50 to $3.50
BeauParleur: folds 
pepy_2233: folds 
morley2k19: folds 
Uncalled bet ($2.50) returned to BumHuntKing
BumHuntKing collected $3.50 from pot
BumHuntKing: doesn't show hand 
*** SUMMARY ***
Total pot $3.50 | Rake $0 
Seat 3: MaRKiToScoK
Seat 1: BeauParleur (small blind) folded before Flop
Seat 2: pepy_2233 (big blind) folded before Flop
Seat 4: Nurlanstar92 folded before Flop (didn't bet)
Seat 5: morley2k19 folded before Flop
Seat 6: BumHuntKing (button) collected ($3.50)



PokerStars Hand #254273440116:  Hold'em No Limit ($0.50/$1.00 USD) - 2025/01/08 3:08:50 WET [2025/01/08 22:08:50 ET]
Table 'Alsafi II' 6-max Seat #1 is the button
Seat 1: BeauParleur ($176.98 in chips) 
Seat 2: pepy_2233 ($9 in chips) 
Seat 3: MaRKiToScoK ($100 in chips) 
Seat 4: Nurlanstar92 ($137.49 in chips) 
Seat 5: morley2k19 ($99.47 in chips) 
Seat 6: BumHuntKing ($102.50 in chips) 
pepy_2233: posts small blind $0.50
MaRKiToScoK: posts big blind $1
*** HOLE CARDS ***
Nurlanstar92: folds 
morley2k19: calls $1
BumHuntKing: folds 
BeauParleur: folds 
pepy_2233: folds 
MaRKiToScoK: checks 
*** FLOP *** [7s 3s Kc]
MaRKiToScoK: checks 
morley2k19: checks 
*** TURN *** [7s 3s Kc] [2s]
MaRKiToScoK: bets $1.78
morley2k19: folds 
Uncalled bet ($1.78) returned to MaRKiToScoK
MaRKiToScoK collected $2.38 from pot
*** SUMMARY ***
Total pot $2.50 | Rake $0.12 
Board [7s 3s Kc 2s]
Seat 1: BeauParleur (button) folded before Flop (didn't bet)
Seat 2: pepy_2233 (small blind) folded before Flop
Seat 3: MaRKiToScoK (big blind) collected ($2.38)
Seat 4: Nurlanstar92 folded before Flop (didn't bet)
Seat 5: morley2k19 folded on the Turn
Seat 6: BumHuntKing folded before Flop (didn't bet)



PokerStars Hand #254273605057:  Hold'em No Limit ($0.50/$1.00 USD) - 2025/01/08 3:29:08 WET [2025/01/08 22:29:08 ET]
Table 'Alsafi II' 6-max Seat #1 is the button
Seat 5: B1GBankroll ($100 in chips) is sitting out
Seat 1: BeauParleur ($146.16 in chips) 
Seat 2: pepy_2233 ($74.07 in chips) 
Seat 3: MaRKiToScoK ($109.88 in chips) 
Seat 4: Nurlanstar92 ($199.34 in chips) 
Seat 6: BumHuntKing ($110.10 in chips) 
pepy_2233: posts small blind $0.50
MaRKiToScoK: posts big blind $1
B1GBankroll: sits out 
*** HOLE CARDS ***
Nurlanstar92: folds 
BumHuntKing: raises $1.20 to $2.20
BeauParleur: folds 
pepy_2233: calls $1.70
MaRKiToScoK: folds 
*** FLOP *** [4h 9s Ks]
pepy_2233: checks 
BumHuntKing: bets $1.69
pepy_2233: folds 
Uncalled bet ($1.69) returned to BumHuntKing
BumHuntKing collected $5.13 from pot
BumHuntKing: doesn't show hand 
*** SUMMARY ***
Total pot $5.40 | Rake $0.27 
Board [4h 9s Ks]
Seat 5: B1GBankroll
Seat 1: BeauParleur (button) folded before Flop (didn't bet)
Seat 2: pepy_2233 (small blind) folded on the Flop
Seat 3: MaRKiToScoK (big blind) folded before Flop
Seat 4: Nurlanstar92 folded before Flop (didn't bet)
Seat 6: BumHuntKing collected ($5.13)



PokerStars Hand #254273609826:  Hold'em No Limit ($0.50/$1.00 USD) - 2025/01/08 3:29:45 WET [2025/01/08 22:29:45 ET]
Table 'Alsafi II' 6-max Seat #2 is the button
Seat 5: B1GBankroll ($100 in chips) is sitting out
Seat 1: BeauParleur ($146.16 in chips) 
Seat 2: pepy_2233 ($71.87 in chips) 
Seat 3: MaRKiToScoK ($108.88 in chips) 
Seat 4: Nurlanstar92 ($199.34 in chips) 
Seat 6: BumHuntKing ($113.03 in chips) 
MaRKiToScoK: posts small blind $0.50
Nurlanstar92: posts big blind $1
B1GBankroll: sits out 
*** HOLE CARDS ***
BumHuntKing: raises $1.20 to $2.20
BeauParleur: folds 
pepy_2233: folds 
MaRKiToScoK: folds 
Nurlanstar92: calls $1.20
*** FLOP *** [7h Kc As]
Nurlanstar92: checks 
BumHuntKing: bets $1.54
Nurlanstar92: folds 
Uncalled bet ($1.54) returned to BumHuntKing
BumHuntKing collected $4.66 from pot
BumHuntKing: doesn't show hand 
*** SUMMARY ***
Total pot $4.90 | Rake $0.24 
Board [7h Kc As]
Seat 5: B1GBankroll
Seat 1: BeauParleur folded before Flop (didn't bet)
Seat 2: pepy_2233 (button) folded before Flop (didn't bet)
Seat 3: MaRKiToScoK (small blind) folded before Flop
Seat 4: Nurlanstar92 (big blind) folded on the Flop
Seat 6: BumHuntKing collected ($4.66)



PokerStars Hand #254273613422:  Hold'em No Limit ($0.50/$1.00 USD) - 2025/01/08 3:30:14 WET [2025/01/08 22:30:14 ET]
Table 'Alsafi II' 6-max Seat #3 is the button
Seat 1: BeauParleur ($146.16 in chips) 
Seat 2: pepy_2233 ($71.87 in chips) 
Seat 3: MaRKiToScoK ($108.38 in chips) 
Seat 4: Nurlanstar92 ($197.14 in chips) 
Seat 5: B1GBankroll ($100 in chips) 
Seat 6: BumHuntKing ($115.49 in chips) 
Nurlanstar92: posts small blind $0.50
B1GBankroll: posts big blind $1
*** HOLE CARDS ***
BumHuntKing: folds 
BeauParleur: folds 
pepy_2233: folds 
MaRKiToScoK: folds 
Nurlanstar92: folds 
Uncalled bet ($0.50) returned to B1GBankroll
B1GBankroll collected $1 from pot
B1GBankroll: doesn't show hand 
*** SUMMARY ***
Total pot $1 | Rake $0 
Seat 1: BeauParleur folded before Flop (didn't bet)
Seat 2: pepy_2233 folded before Flop (didn't bet)
Seat 3: MaRKiToScoK (button) folded before Flop (didn't bet)
Seat 4: Nurlanstar92 (small blind) folded before Flop
Seat 5: B1GBankroll (big blind) collected ($1)
Seat 6: BumHuntKing folded before Flop (didn't bet)



PokerStars Hand #254273615063:  Hold'em No Limit ($0.50/$1.00 USD) - 2025/01/08 3:30:26 WET [2025/01/08 22:30:26 ET]
Table 'Alsafi II' 6-max Seat #4 is the button
Seat 1: BeauParleur ($146.16 in chips) 
Seat 2: pepy_2233 ($71.87 in chips) 
Seat 3: MaRKiToScoK ($108.38 in chips) 
Seat 4: Nurlanstar92 ($196.64 in chips) 
Seat 5: B1GBankroll ($100.50 in chips) 
Seat 6: BumHuntKing ($115.49 in chips) 
B1GBankroll: posts small blind $0.50
BumHuntKing: posts big blind $1
*** HOLE CARDS ***
BeauParleur: folds 
pepy_2233: calls $1
MaRKiToScoK: folds 
Nurlanstar92: raises $3 to $4
B1GBankroll: folds 
BumHuntKing: folds 
pepy_2233: calls $3
*** FLOP *** [2h Kd 5d]
pepy_2233: checks 
Nurlanstar92: bets $4
pepy_2233: folds 
Uncalled bet ($4) returned to Nurlanstar92
Nurlanstar92 collected $9.02 from pot
Nurlanstar92: doesn't show hand 
*** SUMMARY ***
Total pot $9.50 | Rake $0.48 
Board [2h Kd 5d]
Seat 1: BeauParleur folded before Flop (didn't bet)
Seat 2: pepy_2233 folded on the Flop
Seat 3: MaRKiToScoK folded before Flop (didn't bet)
Seat 4: Nurlanstar92 (button) collected ($9.02)
Seat 5: B1GBankroll (small blind) folded before Flop
Seat 6: BumHuntKing (big blind) folded before Flop



PokerStars Hand #254273621066:  Hold'em No Limit ($0.50/$1.00 USD) - 2025/01/08 3:31:13 WET [2025/01/08 22:31:13 ET]
Table 'Alsafi II' 6-max Seat #5 is the button
Seat 1: BeauParleur ($146.16 in chips) 
Seat 2: pepy_2233 ($67.87 in chips) 
Seat 3: MaRKiToScoK ($108.38 in chips) 
Seat 4: Nurlanstar92 ($201.66 in chips) 
Seat 5: B1GBankroll ($100 in chips) 
Seat 6: BumHuntKing ($114.49 in chips) 
BumHuntKing: posts small blind $0.50
BeauParleur: posts big blind $1
*** HOLE CARDS ***
pepy_2233: folds 
MaRKiToScoK: folds 
Nurlanstar92: folds 
B1GBankroll: folds 
BumHuntKing: folds 
Uncalled bet ($0.50) returned to BeauParleur
BeauParleur collected $1 from pot
BeauParleur: doesn't show hand 
*** SUMMARY ***
Total pot $1 | Rake $0 
Seat 1: BeauParleur (big blind) collected ($1)
Seat 2: pepy_2233 folded before Flop (didn't bet)
Seat 3: MaRKiToScoK folded before Flop (didn't bet)
Seat 4: Nurlanstar92 folded before Flop (didn't bet)
Seat 5: B1GBankroll (button) folded before Flop (didn't bet)
Seat 6: BumHuntKing (small blind) folded before Flop



PokerStars Hand #254273622808:  Hold'em No Limit ($0.50/$1.00 USD) - 2025/01/08 3:31:26 WET [2025/01/08 22:31:26 ET]
Table 'Alsafi II' 6-max Seat #6 is the button
Seat 1: BeauParleur ($146.66 in chips) 
Seat 2: pepy_2233 ($67.87 in chips) 
Seat 3: MaRKiToScoK ($108.38 in chips) 
Seat 4: Nurlanstar92 ($201.66 in chips) 
Seat 5: B1GBankroll ($100 in chips) 
Seat 6: BumHuntKing ($113.99 in chips) 
BeauParleur: posts small blind $0.50
pepy_2233: posts big blind $1
*** HOLE CARDS ***
MaRKiToScoK: folds 
Nurlanstar92: folds 
B1GBankroll: folds 
BumHuntKing: folds 
BeauParleur: raises $2 to $3
pepy_2233: calls $2
*** FLOP *** [Ad Kc 5c]
BeauParleur: checks 
pepy_2233: checks 
*** TURN *** [Ad Kc 5c] [5d]
BeauParleur: bets $4.28
pepy_2233: folds 
Uncalled bet ($4.28) returned to BeauParleur
BeauParleur collected $5.70 from pot
BeauParleur: doesn't show hand 
*** SUMMARY ***
Total pot $6 | Rake $0.30 
Board [Ad Kc 5c 5d]
Seat 1: BeauParleur (small blind) collected ($5.70)
Seat 2: pepy_2233 (big blind) folded on the Turn
Seat 3: MaRKiToScoK folded before Flop (didn't bet)
Seat 4: Nurlanstar92 folded before Flop (didn't bet)
Seat 5: B1GBankroll folded before Flop (didn't bet)
Seat 6: BumHuntKing (button) folded before Flop (didn't bet)



PokerStars Hand #254273629728:  Hold'em No Limit ($0.50/$1.00 USD) - 2025/01/08 3:32:20 WET [2025/01/08 22:32:20 ET]
Table 'Alsafi II' 6-max Seat #1 is the button
Seat 1: BeauParleur ($149.36 in chips) 
Seat 2: pepy_2233 ($64.87 in chips) 
Seat 3: MaRKiToScoK ($108.38 in chips) 
Seat 4: Nurlanstar92 ($201.66 in chips) 
Seat 5: B1GBankroll ($100 in chips) 
Seat 6: BumHuntKing ($113.99 in chips) 
pepy_2233: posts small blind $0.50
MaRKiToScoK: posts big blind $1
*** HOLE CARDS ***
Nurlanstar92: folds 
B1GBankroll: folds 
BumHuntKing: folds 
BeauParleur: folds 
pepy_2233: calls $0.50
MaRKiToScoK: raises $3.50 to $4.50
pepy_2233: calls $3.50
*** FLOP *** [4d 7h 8c]
pepy_2233: checks 
MaRKiToScoK: checks 
*** TURN *** [4d 7h 8c] [4s]
pepy_2233: bets $4.28
MaRKiToScoK: raises $15.22 to $19.50
pepy_2233: folds 
Uncalled bet ($15.22) returned to MaRKiToScoK
MaRKiToScoK collected $16.68 from pot
*** SUMMARY ***
Total pot $17.56 | Rake $0.88 
Board [4d 7h 8c 4s]
Seat 1: BeauParleur (button) folded before Flop (didn't bet)
Seat 2: pepy_2233 (small blind) folded on the Turn
Seat 3: MaRKiToScoK (big blind) collected ($16.68)
Seat 4: Nurlanstar92 folded before Flop (didn't bet)
Seat 5: B1GBankroll folded before Flop (didn't bet)
Seat 6: BumHuntKing folded before Flop (didn't bet)



PokerStars Hand #254273638197:  Hold'em No Limit ($0.50/$1.00 USD) - 2025/01/08 3:33:26 WET [2025/01/08 22:33:26 ET]
Table 'Alsafi II' 6-max Seat #2 is the button
Seat 1: BeauParleur ($149.36 in chips) 
Seat 2: pepy_2233 ($56.09 in chips) 
Seat 3: MaRKiToScoK ($116.28 in chips) 
Seat 4: Nurlanstar92 ($201.66 in chips) 
Seat 5: B1GBankroll ($100 in chips) 
Seat 6: BumHuntKing ($113.99 in chips) 
MaRKiToScoK: posts small blind $0.50
Nurlanstar92: posts big blind $1
*** HOLE CARDS ***
B1GBankroll: folds 
BumHuntKing: folds 
BeauParleur: folds 
pepy_2233: folds 
MaRKiToScoK: raises $2 to $3
Nurlanstar92: raises $6 to $9
MaRKiToScoK: folds 
Uncalled bet ($6) returned to Nurlanstar92
Nurlanstar92 collected $6 from pot
Nurlanstar92: doesn't show hand 
*** SUMMARY ***
Total pot $6 | Rake $0 
Seat 1: BeauParleur folded before Flop (didn't bet)
Seat 2: pepy_2233 (button) folded before Flop (didn't bet)
Seat 3: MaRKiToScoK (small blind) folded before Flop
Seat 4: Nurlanstar92 (big blind) collected ($6)
Seat 5: B1GBankroll folded before Flop (didn't bet)
Seat 6: BumHuntKing folded before Flop (didn't bet)



PokerStars Hand #254273641937:  Hold'em No Limit ($0.50/$1.00 USD) - 2025/01/08 3:33:56 WET [2025/01/08 22:33:56 ET]
Table 'Alsafi II' 6-max Seat #3 is the button
Seat 1: BeauParleur ($149.36 in chips) 
Seat 2: pepy_2233 ($56.09 in chips) 
Seat 3: MaRKiToScoK ($113.28 in chips) 
Seat 4: Nurlanstar92 ($204.66 in chips) 
Seat 5: B1GBankroll ($100 in chips) 
Seat 6: BumHuntKing ($113.99 in chips) 
Nurlanstar92: posts small blind $0.50
B1GBankroll: posts big blind $1
*** HOLE CARDS ***
BumHuntKing: folds 
BeauParleur: folds 
pepy_2233: calls $1
MaRKiToScoK: folds 
Nurlanstar92: folds 
B1GBankroll: checks 
*** FLOP *** [Tc Jh 3c]
B1GBankroll: checks 
pepy_2233: bets $1
B1GBankroll: folds 
Uncalled bet ($1) returned to pepy_2233
pepy_2233 collected $2.38 from pot
*** SUMMARY ***
Total pot $2.50 | Rake $0.12 
Board [Tc Jh 3c]
Seat 1: BeauParleur folded before Flop (didn't bet)
Seat 2: pepy_2233 collected ($2.38)
Seat 3: MaRKiToScoK (button) folded before Flop (didn't bet)
Seat 4: Nurlanstar92 (small blind) folded before Flop
Seat 5: B1GBankroll (big blind) folded on the Flop
Seat 6: BumHuntKing folded before Flop (didn't bet)



PokerStars Hand #254273645261:  Hold'em No Limit ($0.50/$1.00 USD) - 2025/01/08 3:34:22 WET [2025/01/08 22:34:22 ET]
Table 'Alsafi II' 6-max Seat #4 is the button
Seat 1: BeauParleur ($149.36 in chips) 
Seat 2: pepy_2233 ($57.47 in chips) 
Seat 3: MaRKiToScoK ($113.28 in chips) 
Seat 4: Nurlanstar92 ($204.16 in chips) 
Seat 5: B1GBankroll ($100 in chips) 
Seat 6: BumHuntKing ($113.99 in chips) 
B1GBankroll: posts small blind $0.50
BumHuntKing: posts big blind $1
*** HOLE CARDS ***
BeauParleur: raises $1 to $2
pepy_2233: folds 
MaRKiToScoK: folds 
Nurlanstar92: folds 
B1GBankroll: folds 
BumHuntKing: raises $10 to $12
BeauParleur: calls $10
*** FLOP *** [Jc 4s 5d]
BumHuntKing: checks 
BeauParleur: bets $7.68
BumHuntKing: folds 
Uncalled bet ($7.68) returned to BeauParleur
BeauParleur collected $23.28 from pot
BeauParleur: doesn't show hand 
*** SUMMARY ***
Total pot $24.50 | Rake $1.22 
Board [Jc 4s 5d]
Seat 1: BeauParleur collected ($23.28)
Seat 2: pepy_2233 folded before Flop (didn't bet)
Seat 3: MaRKiToScoK folded before Flop (didn't bet)
Seat 4: Nurlanstar92 (button) folded before Flop (didn't bet)
Seat 5: B1GBankroll (small blind) folded before Flop
Seat 6: BumHuntKing (big blind) folded on the Flop



PokerStars Hand #254273652990:  Hold'em No Limit ($0.50/$1.00 USD) - 2025/01/08 3:35:23 WET [2025/01/08 22:35:23 ET]
Table 'Alsafi II' 6-max Seat #5 is the button
Seat 1: BeauParleur ($160.64 in chips) 
Seat 2: pepy_2233 ($57.47 in chips) 
Seat 3: MaRKiToScoK ($113.28 in chips) 
Seat 4: Nurlanstar92 ($204.16 in chips) 
Seat 5: B1GBankroll ($100 in chips) 
Seat 6: BumHuntKing ($101.99 in chips) 
BumHuntKing: posts small blind $0.50
BeauParleur: posts big blind $1
*** HOLE CARDS ***
pepy_2233: folds 
MaRKiToScoK: folds 
Nurlanstar92: folds 
B1GBankroll: folds 
BumHuntKing: folds 
Uncalled bet ($0.50) returned to BeauParleur
BeauParleur collected $1 from pot
BeauParleur: doesn't show hand 
*** SUMMARY ***
Total pot $1 | Rake $0 
Seat 1: BeauParleur (big blind) collected ($1)
Seat 2: pepy_2233 folded before Flop (didn't bet)
Seat 3: MaRKiToScoK folded before Flop (didn't bet)
Seat 4: Nurlanstar92 folded before Flop (didn't bet)
Seat 5: B1GBankroll (button) folded before Flop (didn't bet)
Seat 6: BumHuntKing (small blind) folded before Flop



PokerStars Hand #254273655359:  Hold'em No Limit ($0.50/$1.00 USD) - 2025/01/08 3:35:42 WET [2025/01/08 22:35:42 ET]
Table 'Alsafi II' 6-max Seat #6 is the button
Seat 1: BeauParleur ($161.14 in chips) 
Seat 2: pepy_2233 ($57.47 in chips) 
Seat 3: MaRKiToScoK ($113.28 in chips) 
Seat 4: Nurlanstar92 ($204.16 in chips) 
Seat 5: B1GBankroll ($100 in chips) 
Seat 6: BumHuntKing ($101.49 in chips) 
BeauParleur: posts small blind $0.50
pepy_2233: posts big blind $1
*** HOLE CARDS ***
MaRKiToScoK: folds 
Nurlanstar92: folds 
B1GBankroll: folds 
BumHuntKing: raises $1.50 to $2.50
BeauParleur: folds 
pepy_2233: calls $1.50
*** FLOP *** [4d 5c Ad]
pepy_2233: checks 
BumHuntKing: bets $1.72
pepy_2233: calls $1.72
*** TURN *** [4d 5c Ad] [5h]
pepy_2233: checks 
BumHuntKing: checks 
*** RIVER *** [4d 5c Ad 5h] [4s]
pepy_2233: bets $4.25
BumHuntKing: calls $4.25
*** SHOW DOWN ***
pepy_2233: shows [Kh Ac] (two pair, Aces and Fives)
BumHuntKing: mucks hand 
pepy_2233 collected $16.57 from pot
*** SUMMARY ***
Total pot $17.44 | Rake $0.87 
Board [4d 5c Ad 5h 4s]
Seat 1: BeauParleur (small blind) folded before Flop
Seat 2: pepy_2233 (big blind) showed [Kh Ac] and won ($16.57) with two pair, Aces and Fives
Seat 3: MaRKiToScoK folded before Flop (didn't bet)
Seat 4: Nurlanstar92 folded before Flop (didn't bet)
Seat 5: B1GBankroll folded before Flop (didn't bet)
Seat 6: BumHuntKing (button) mucked



PokerStars Hand #254273659752:  Hold'em No Limit ($0.50/$1.00 USD) - 2025/01/08 3:36:16 WET [2025/01/08 22:36:16 ET]
Table 'Alsafi II' 6-max Seat #1 is the button
Seat 1: BeauParleur ($160.64 in chips) 
Seat 2: pepy_2233 ($65.57 in chips) 
Seat 3: MaRKiToScoK ($113.28 in chips) 
Seat 4: Nurlanstar92 ($204.16 in chips) 
Seat 5: B1GBankroll ($100 in chips) 
Seat 6: BumHuntKing ($100 in chips) 
pepy_2233: posts small blind $0.50
MaRKiToScoK: posts big blind $1
*** HOLE CARDS ***
Nurlanstar92: folds 
B1GBankroll: folds 
BumHuntKing: raises $1.20 to $2.20
BeauParleur: folds 
pepy_2233: calls $1.70
MaRKiToScoK: raises $11.30 to $13.50
BumHuntKing: calls $11.30
pepy_2233: folds 
*** FLOP *** [5d 5h 7d]
MaRKiToScoK: bets $13.87
BumHuntKing: calls $13.87
*** TURN *** [5d 5h 7d] [Th]
MaRKiToScoK: checks 
BumHuntKing: bets $27.22
MaRKiToScoK: folds 
Uncalled bet ($27.22) returned to BumHuntKing
BumHuntKing collected $54.44 from pot
BumHuntKing: doesn't show hand 
*** SUMMARY ***
Total pot $56.94 | Rake $2.50 
Board [5d 5h 7d Th]
Seat 1: BeauParleur (button) folded before Flop (didn't bet)
Seat 2: pepy_2233 (small blind) folded before Flop
Seat 3: MaRKiToScoK (big blind) folded on the Turn
Seat 4: Nurlanstar92 folded before Flop (didn't bet)
Seat 5: B1GBankroll folded before Flop (didn't bet)
Seat 6: BumHuntKing collected ($54.44)



PokerStars Hand #254273667006:  Hold'em No Limit ($0.50/$1.00 USD) - 2025/01/08 3:37:13 WET [2025/01/08 22:37:13 ET]
Table 'Alsafi II' 6-max Seat #2 is the button
Seat 1: BeauParleur ($160.64 in chips) 
Seat 2: pepy_2233 ($63.37 in chips) 
Seat 3: MaRKiToScoK ($100 in chips) 
Seat 4: Nurlanstar92 ($204.16 in chips) 
Seat 5: B1GBankroll ($100 in chips) 
Seat 6: BumHuntKing ($127.07 in chips) 
MaRKiToScoK: posts small blind $0.50
Nurlanstar92: posts big blind $1
*** HOLE CARDS ***
B1GBankroll: folds 
BumHuntKing: raises $1.20 to $2.20
BeauParleur: folds 
pepy_2233: folds 
MaRKiToScoK: folds 
Nurlanstar92: folds 
Uncalled bet ($1.20) returned to BumHuntKing
BumHuntKing collected $2.50 from pot
BumHuntKing: doesn't show hand 
*** SUMMARY ***
Total pot $2.50 | Rake $0 
Seat 1: BeauParleur folded before Flop (didn't bet)
Seat 2: pepy_2233 (button) folded before Flop (didn't bet)
Seat 3: MaRKiToScoK (small blind) folded before Flop
Seat 4: Nurlanstar92 (big blind) folded before Flop
Seat 5: B1GBankroll folded before Flop (didn't bet)
Seat 6: BumHuntKing collected ($2.50)



PokerStars Hand #254273669953:  Hold'em No Limit ($0.50/$1.00 USD) - 2025/01/08 3:37:37 WET [2025/01/08 22:37:37 ET]
Table 'Alsafi II' 6-max Seat #3 is the button
Seat 1: BeauParleur ($160.64 in chips) 
Seat 2: pepy_2233 ($63.37 in chips) 
Seat 3: MaRKiToScoK ($100 in chips) 
Seat 4: Nurlanstar92 ($203.16 in chips) 
Seat 5: B1GBankroll ($100 in chips) 
Seat 6: BumHuntKing ($128.57 in chips) 
Nurlanstar92: posts small blind $0.50
B1GBankroll: posts big blind $1
*** HOLE CARDS ***
BumHuntKing: folds 
BeauParleur: folds 
pepy_2233: calls $1
MaRKiToScoK: raises $2.50 to $3.50
Nurlanstar92: raises $10 to $13.50
B1GBankroll: folds 
pepy_2233: folds 
MaRKiToScoK: folds 
Uncalled bet ($10) returned to Nurlanstar92
Nurlanstar92 collected $9 from pot
Nurlanstar92: doesn't show hand 
*** SUMMARY ***
Total pot $9 | Rake $0 
Seat 1: BeauParleur folded before Flop (didn't bet)
Seat 2: pepy_2233 folded before Flop
Seat 3: MaRKiToScoK (button) folded before Flop
Seat 4: Nurlanstar92 (small blind) collected ($9)
Seat 5: B1GBankroll (big blind) folded before Flop
Seat 6: BumHuntKing folded before Flop (didn't bet)



PokerStars Hand #254273676298:  Hold'em No Limit ($0.50/$1.00 USD) - 2025/01/08 3:38:28 WET [2025/01/08 22:38:28 ET]
Table 'Alsafi II' 6-max Seat #4 is the button
Seat 1: BeauParleur ($160.64 in chips) 
Seat 2: pepy_2233 ($62.37 in chips) 
Seat 3: MaRKiToScoK ($100 in chips) 
Seat 4: Nurlanstar92 ($208.66 in chips) 
Seat 5: B1GBankroll ($100 in chips) 
Seat 6: BumHuntKing ($128.57 in chips) 
B1GBankroll: posts small blind $0.50
BumHuntKing: posts big blind $1
*** HOLE CARDS ***
BeauParleur: folds 
pepy_2233: calls $1
MaRKiToScoK: folds 
Nurlanstar92: folds 
B1GBankroll: folds 
BumHuntKing: checks 
*** FLOP *** [Kc Qd 9h]
BumHuntKing: checks 
pepy_2233: bets $1
BumHuntKing: folds 
Uncalled bet ($1) returned to pepy_2233
pepy_2233 collected $2.38 from pot
*** SUMMARY ***
Total pot $2.50 | Rake $0.12 
Board [Kc Qd 9h]
Seat 1: BeauParleur folded before Flop (didn't bet)
Seat 2: pepy_2233 collected ($2.38)
Seat 3: MaRKiToScoK folded before Flop (didn't bet)
Seat 4: Nurlanstar92 (button) folded before Flop (didn't bet)
Seat 5: B1GBankroll (small blind) folded before Flop
Seat 6: BumHuntKing (big blind) folded on the Flop



PokerStars Hand #254273680587:  Hold'em No Limit ($0.50/$1.00 USD) - 2025/01/08 3:39:03 WET [2025/01/08 22:39:03 ET]
Table 'Alsafi II' 6-max Seat #5 is the button
Seat 1: BeauParleur ($160.64 in chips) 
Seat 2: pepy_2233 ($63.75 in chips) 
Seat 3: MaRKiToScoK ($100 in chips) 
Seat 4: Nurlanstar92 ($208.66 in chips) 
Seat 5: B1GBankroll ($100 in chips) 
Seat 6: BumHuntKing ($127.57 in chips) 
BumHuntKing: posts small blind $0.50
BeauParleur: posts big blind $1
*** HOLE CARDS ***
pepy_2233: calls $1
MaRKiToScoK: folds 
Nurlanstar92: folds 
B1GBankroll: folds 
BumHuntKing: calls $0.50
BeauParleur: checks 
*** FLOP *** [Kh 8c 4s]
BumHuntKing: checks 
BeauParleur: checks 
pepy_2233: bets $1
BumHuntKing: folds 
BeauParleur: calls $1
*** TURN *** [Kh 8c 4s] [9c]
BeauParleur: checks 
pepy_2233: bets $2
BeauParleur has timed out
BeauParleur: folds 
Uncalled bet ($2) returned to pepy_2233
pepy_2233 collected $4.75 from pot
*** SUMMARY ***
Total pot $5 | Rake $0.25 
Board [Kh 8c 4s 9c]
Seat 1: BeauParleur (big blind) folded on the Turn
Seat 2: pepy_2233 collected ($4.75)
Seat 3: MaRKiToScoK folded before Flop (didn't bet)
Seat 4: Nurlanstar92 folded before Flop (didn't bet)
Seat 5: B1GBankroll (button) folded before Flop (didn't bet)
Seat 6: BumHuntKing (small blind) folded on the Flop



PokerStars Hand #254273694869:  Hold'em No Limit ($0.50/$1.00 USD) - 2025/01/08 3:40:59 WET [2025/01/08 22:40:59 ET]
Table 'Alsafi II' 6-max Seat #6 is the button
Seat 1: BeauParleur ($158.64 in chips) is sitting out
Seat 2: pepy_2233 ($66.50 in chips) 
Seat 3: MaRKiToScoK ($100 in chips) 
Seat 4: Nurlanstar92 ($208.66 in chips) 
Seat 5: B1GBankroll ($100 in chips) 
Seat 6: BumHuntKing ($126.57 in chips) 
pepy_2233: posts small blind $0.50
MaRKiToScoK: posts big blind $1
*** HOLE CARDS ***
Nurlanstar92: folds 
B1GBankroll: raises $1.50 to $2.50
BumHuntKing: folds 
pepy_2233: folds 
MaRKiToScoK: folds 
Uncalled bet ($1.50) returned to B1GBankroll
B1GBankroll collected $2.50 from pot
B1GBankroll: doesn't show hand 
*** SUMMARY ***
Total pot $2.50 | Rake $0 
Seat 1: BeauParleur
Seat 2: pepy_2233 (small blind) folded before Flop
Seat 3: MaRKiToScoK (big blind) folded before Flop
Seat 4: Nurlanstar92 folded before Flop (didn't bet)
Seat 5: B1GBankroll collected ($2.50)
Seat 6: BumHuntKing (button) folded before Flop (didn't bet)



PokerStars Hand #254273697414:  Hold'em No Limit ($0.50/$1.00 USD) - 2025/01/08 3:41:19 WET [2025/01/08 22:41:19 ET]
Table 'Alsafi II' 6-max Seat #2 is the button
Seat 1: BeauParleur ($158.64 in chips) is sitting out
Seat 2: pepy_2233 ($66 in chips) 
Seat 3: MaRKiToScoK ($100 in chips) 
Seat 4: Nurlanstar92 ($208.66 in chips) 
Seat 5: B1GBankroll ($101.50 in chips) 
Seat 6: BumHuntKing ($126.57 in chips) 
MaRKiToScoK: posts small blind $0.50
Nurlanstar92: posts big blind $1
BeauParleur: sits out 
*** HOLE CARDS ***
B1GBankroll: folds 
BumHuntKing: raises $1.20 to $2.20
pepy_2233: calls $2.20
MaRKiToScoK: folds 
Nurlanstar92: calls $1.20
*** FLOP *** [5s 9h 2s]
Nurlanstar92: checks 
BumHuntKing: checks 
pepy_2233: bets $2
Nurlanstar92: folds 
BumHuntKing: raises $7 to $9
pepy_2233: calls $7
*** TURN *** [5s 9h 2s] [As]
BumHuntKing: bets $17.88
pepy_2233: folds 
Uncalled bet ($17.88) returned to BumHuntKing
BumHuntKing collected $23.84 from pot
BumHuntKing: doesn't show hand 
*** SUMMARY ***
Total pot $25.10 | Rake $1.26 
Board [5s 9h 2s As]
Seat 1: BeauParleur
Seat 2: pepy_2233 (button) folded on the Turn
Seat 3: MaRKiToScoK (small blind) folded before Flop
Seat 4: Nurlanstar92 (big blind) folded on the Flop
Seat 5: B1GBankroll folded before Flop (didn't bet)
Seat 6: BumHuntKing collected ($23.84)



PokerStars Hand #254273707942:  Hold'em No Limit ($0.50/$1.00 USD) - 2025/01/08 3:42:45 WET [2025/01/08 22:42:45 ET]
Table 'Alsafi II' 6-max Seat #3 is the button
Seat 1: BeauParleur ($158.64 in chips) is sitting out
Seat 2: pepy_2233 ($54.80 in chips) 
Seat 3: MaRKiToScoK ($100 in chips) 
Seat 4: Nurlanstar92 ($206.46 in chips) 
Seat 5: B1GBankroll ($101.50 in chips) 
Seat 6: BumHuntKing ($139.21 in chips) 
Nurlanstar92: posts small blind $0.50
B1GBankroll: posts big blind $1
BeauParleur: sits out 
*** HOLE CARDS ***
BumHuntKing: raises $1.20 to $2.20
pepy_2233: folds 
MaRKiToScoK: folds 
Nurlanstar92: folds 
B1GBankroll: folds 
Uncalled bet ($1.20) returned to BumHuntKing
BumHuntKing collected $2.50 from pot
BumHuntKing: doesn't show hand 
*** SUMMARY ***
Total pot $2.50 | Rake $0 
Seat 1: BeauParleur
Seat 2: pepy_2233 folded before Flop (didn't bet)
Seat 3: MaRKiToScoK (button) folded before Flop (didn't bet)
Seat 4: Nurlanstar92 (small blind) folded before Flop
Seat 5: B1GBankroll (big blind) folded before Flop
Seat 6: BumHuntKing collected ($2.50)



PokerStars Hand #254273710040:  Hold'em No Limit ($0.50/$1.00 USD) - 2025/01/08 3:43:03 WET [2025/01/08 22:43:03 ET]
Table 'Alsafi II' 6-max Seat #4 is the button
Seat 1: BeauParleur ($158.64 in chips) is sitting out
Seat 2: pepy_2233 ($54.80 in chips) 
Seat 3: MaRKiToScoK ($100 in chips) 
Seat 4: Nurlanstar92 ($205.96 in chips) 
Seat 5: B1GBankroll ($100.50 in chips) 
Seat 6: BumHuntKing ($140.71 in chips) 
B1GBankroll: posts small blind $0.50
BumHuntKing: posts big blind $1
BeauParleur: sits out 
*** HOLE CARDS ***
pepy_2233: calls $1
MaRKiToScoK: folds 
Nurlanstar92: folds 
B1GBankroll: folds 
BumHuntKing: raises $4 to $5
pepy_2233: folds 
Uncalled bet ($4) returned to BumHuntKing
BumHuntKing collected $2.50 from pot
BumHuntKing: doesn't show hand 
*** SUMMARY ***
Total pot $2.50 | Rake $0 
Seat 1: BeauParleur
Seat 2: pepy_2233 folded before Flop
Seat 3: MaRKiToScoK folded before Flop (didn't bet)
Seat 4: Nurlanstar92 (button) folded before Flop (didn't bet)
Seat 5: B1GBankroll (small blind) folded before Flop
Seat 6: BumHuntKing (big blind) collected ($2.50)



PokerStars Hand #254273712557:  Hold'em No Limit ($0.50/$1.00 USD) - 2025/01/08 3:43:24 WET [2025/01/08 22:43:24 ET]
Table 'Alsafi II' 6-max Seat #5 is the button
Seat 1: BeauParleur ($158.64 in chips) 
Seat 2: pepy_2233 ($53.80 in chips) 
Seat 3: MaRKiToScoK ($100 in chips) 
Seat 4: Nurlanstar92 ($205.96 in chips) 
Seat 5: B1GBankroll ($100 in chips) 
Seat 6: BumHuntKing ($142.21 in chips) 
BumHuntKing: posts small blind $0.50
BeauParleur: posts big blind $1
*** HOLE CARDS ***
pepy_2233: calls $1
MaRKiToScoK: raises $3.50 to $4.50
Nurlanstar92: folds 
B1GBankroll: folds 
BumHuntKing: folds 
BeauParleur: folds 
pepy_2233: calls $3.50
*** FLOP *** [4h Kc 5c]
pepy_2233: checks 
MaRKiToScoK: bets $2.99
pepy_2233: raises $2.99 to $5.98
MaRKiToScoK: calls $2.99
*** TURN *** [4h Kc 5c] [Ah]
pepy_2233: checks 
MaRKiToScoK: bets $9.50
pepy_2233: raises $33.82 to $43.32 and is all-in
MaRKiToScoK: folds 
Uncalled bet ($33.82) returned to pepy_2233
pepy_2233 collected $39.39 from pot
*** SUMMARY ***
Total pot $41.46 | Rake $2.07 
Board [4h Kc 5c Ah]
Seat 1: BeauParleur (big blind) folded before Flop
Seat 2: pepy_2233 collected ($39.39)
Seat 3: MaRKiToScoK folded on the Turn
Seat 4: Nurlanstar92 folded before Flop (didn't bet)
Seat 5: B1GBankroll (button) folded before Flop (didn't bet)
Seat 6: BumHuntKing (small blind) folded before Flop



PokerStars Hand #254273721895:  Hold'em No Limit ($0.50/$1.00 USD) - 2025/01/08 3:44:40 WET [2025/01/08 22:44:40 ET]
Table 'Alsafi II' 6-max Seat #6 is the button
Seat 1: BeauParleur ($157.64 in chips) 
Seat 2: pepy_2233 ($73.21 in chips) 
Seat 3: MaRKiToScoK ($100 in chips) 
Seat 4: Nurlanstar92 ($205.96 in chips) 
Seat 5: B1GBankroll ($100 in chips) 
Seat 6: BumHuntKing ($141.71 in chips) 
BeauParleur: posts small blind $0.50
pepy_2233: posts big blind $1
*** HOLE CARDS ***
MaRKiToScoK: folds 
Nurlanstar92: raises $1 to $2
B1GBankroll: folds 
BumHuntKing: folds 
BeauParleur: folds 
pepy_2233: folds 
Uncalled bet ($1) returned to Nurlanstar92
Nurlanstar92 collected $2.50 from pot
Nurlanstar92: doesn't show hand 
*** SUMMARY ***
Total pot $2.50 | Rake $0 
Seat 1: BeauParleur (small blind) folded before Flop
Seat 2: pepy_2233 (big blind) folded before Flop
Seat 3: MaRKiToScoK folded before Flop (didn't bet)
Seat 4: Nurlanstar92 collected ($2.50)
Seat 5: B1GBankroll folded before Flop (didn't bet)
Seat 6: BumHuntKing (button) folded before Flop (didn't bet)



PokerStars Hand #254273724947:  Hold'em No Limit ($0.50/$1.00 USD) - 2025/01/08 3:45:05 WET [2025/01/08 22:45:05 ET]
Table 'Alsafi II' 6-max Seat #1 is the button
Seat 1: BeauParleur ($157.14 in chips) 
Seat 2: pepy_2233 ($72.21 in chips) 
Seat 3: MaRKiToScoK ($100 in chips) 
Seat 4: Nurlanstar92 ($207.46 in chips) 
Seat 5: B1GBankroll ($100 in chips) 
Seat 6: BumHuntKing ($141.71 in chips) 
pepy_2233: posts small blind $0.50
MaRKiToScoK: posts big blind $1
*** HOLE CARDS ***
Nurlanstar92: raises $1.30 to $2.30
B1GBankroll: raises $5.36 to $7.66
BumHuntKing: folds 
BeauParleur: folds 
pepy_2233: folds 
MaRKiToScoK: folds 
Nurlanstar92: folds 
Uncalled bet ($5.36) returned to B1GBankroll
B1GBankroll collected $6.10 from pot
B1GBankroll: doesn't show hand 
*** SUMMARY ***
Total pot $6.10 | Rake $0 
Seat 1: BeauParleur (button) folded before Flop (didn't bet)
Seat 2: pepy_2233 (small blind) folded before Flop
Seat 3: MaRKiToScoK (big blind) folded before Flop
Seat 4: Nurlanstar92 folded before Flop
Seat 5: B1GBankroll collected ($6.10)
Seat 6: BumHuntKing folded before Flop (didn't bet)



PokerStars Hand #254273729186:  Hold'em No Limit ($0.50/$1.00 USD) - 2025/01/08 3:45:41 WET [2025/01/08 22:45:41 ET]
Table 'Alsafi II' 6-max Seat #2 is the button
Seat 1: BeauParleur ($157.14 in chips) 
Seat 2: pepy_2233 ($71.71 in chips) 
Seat 3: MaRKiToScoK ($100 in chips) 
Seat 4: Nurlanstar92 ($205.16 in chips) 
Seat 5: B1GBankroll ($103.80 in chips) 
Seat 6: BumHuntKing ($141.71 in chips) 
MaRKiToScoK: posts small blind $0.50
Nurlanstar92: posts big blind $1
*** HOLE CARDS ***
B1GBankroll: folds 
BumHuntKing: folds 
BeauParleur: folds 
pepy_2233: calls $1
MaRKiToScoK: raises $4 to $5
Nurlanstar92: folds 
pepy_2233: folds 
Uncalled bet ($4) returned to MaRKiToScoK
MaRKiToScoK collected $3 from pot
*** SUMMARY ***
Total pot $3 | Rake $0 
Seat 1: BeauParleur folded before Flop (didn't bet)
Seat 2: pepy_2233 (button) folded before Flop
Seat 3: MaRKiToScoK (small blind) collected ($3)
Seat 4: Nurlanstar92 (big blind) folded before Flop
Seat 5: B1GBankroll folded before Flop (didn't bet)
Seat 6: BumHuntKing folded before Flop (didn't bet)



PokerStars Hand #254273731344:  Hold'em No Limit ($0.50/$1.00 USD) - 2025/01/08 3:45:59 WET [2025/01/08 22:45:59 ET]
Table 'Alsafi II' 6-max Seat #3 is the button
Seat 1: BeauParleur ($157.14 in chips) 
Seat 2: pepy_2233 ($70.71 in chips) 
Seat 3: MaRKiToScoK ($102 in chips) 
Seat 4: Nurlanstar92 ($204.16 in chips) 
Seat 5: B1GBankroll ($103.80 in chips) 
Seat 6: BumHuntKing ($141.71 in chips) 
Nurlanstar92: posts small blind $0.50
B1GBankroll: posts big blind $1
*** HOLE CARDS ***
BumHuntKing: folds 
BeauParleur: folds 
pepy_2233: calls $1
MaRKiToScoK: folds 
Nurlanstar92: folds 
B1GBankroll: raises $3.50 to $4.50
pepy_2233: folds 
Uncalled bet ($3.50) returned to B1GBankroll
B1GBankroll collected $2.50 from pot
B1GBankroll: doesn't show hand 
*** SUMMARY ***
Total pot $2.50 | Rake $0 
Seat 1: BeauParleur folded before Flop (didn't bet)
Seat 2: pepy_2233 folded before Flop
Seat 3: MaRKiToScoK (button) folded before Flop (didn't bet)
Seat 4: Nurlanstar92 (small blind) folded before Flop
Seat 5: B1GBankroll (big blind) collected ($2.50)
Seat 6: BumHuntKing folded before Flop (didn't bet)



PokerStars Hand #254273736354:  Hold'em No Limit ($0.50/$1.00 USD) - 2025/01/08 3:46:40 WET [2025/01/08 22:46:40 ET]
Table 'Alsafi II' 6-max Seat #4 is the button
Seat 6: BumHuntKing ($141.71 in chips) is sitting out
Seat 1: BeauParleur ($157.14 in chips) 
Seat 2: pepy_2233 ($69.71 in chips) 
Seat 3: MaRKiToScoK ($102 in chips) 
Seat 4: Nurlanstar92 ($203.66 in chips) 
Seat 5: B1GBankroll ($105.30 in chips) 
B1GBankroll: posts small blind $0.50
BumHuntKing: is sitting out 
BeauParleur: posts big blind $1
*** HOLE CARDS ***
pepy_2233: folds 
MaRKiToScoK: folds 
Nurlanstar92: folds 
B1GBankroll: raises $2 to $3
BeauParleur: calls $2
*** FLOP *** [9c 5d 6c]
B1GBankroll: checks 
BeauParleur: checks 
*** TURN *** [9c 5d 6c] [5h]
B1GBankroll: checks 
BeauParleur: bets $4.28
B1GBankroll: folds 
Uncalled bet ($4.28) returned to BeauParleur
BeauParleur collected $5.70 from pot
BeauParleur: doesn't show hand 
*** SUMMARY ***
Total pot $6 | Rake $0.30 
Board [9c 5d 6c 5h]
Seat 6: BumHuntKing
Seat 1: BeauParleur (big blind) collected ($5.70)
Seat 2: pepy_2233 folded before Flop (didn't bet)
Seat 3: MaRKiToScoK folded before Flop (didn't bet)
Seat 4: Nurlanstar92 (button) folded before Flop (didn't bet)
Seat 5: B1GBankroll (small blind) folded on the Turn



PokerStars Hand #254273745873:  Hold'em No Limit ($0.50/$1.00 USD) - 2025/01/08 3:47:59 WET [2025/01/08 22:47:59 ET]
Table 'Alsafi II' 6-max Seat #5 is the button
Seat 6: BumHuntKing ($141.71 in chips) is sitting out
Seat 1: BeauParleur ($159.84 in chips) 
Seat 2: pepy_2233 ($69.71 in chips) 
Seat 3: MaRKiToScoK ($102 in chips) 
Seat 4: Nurlanstar92 ($203.66 in chips) 
Seat 5: B1GBankroll ($102.30 in chips) 
BeauParleur: posts small blind $0.50
pepy_2233: posts big blind $1
*** HOLE CARDS ***
MaRKiToScoK: folds 
Nurlanstar92: raises $1.30 to $2.30
B1GBankroll: raises $5.36 to $7.66
BeauParleur: folds 
BumHuntKing leaves the table
pepy_2233 has timed out
pepy_2233: folds 
Nurlanstar92: raises $13.34 to $21
LuckyShikari joins the table at seat #6 
B1GBankroll: folds 
Uncalled bet ($13.34) returned to Nurlanstar92
Nurlanstar92 collected $16.82 from pot
Nurlanstar92: doesn't show hand 
*** SUMMARY ***
Total pot $16.82 | Rake $0 
Seat 6: BumHuntKing
Seat 1: BeauParleur (small blind) folded before Flop
Seat 2: pepy_2233 (big blind) folded before Flop
Seat 3: MaRKiToScoK folded before Flop (didn't bet)
Seat 4: Nurlanstar92 collected ($16.82)
Seat 5: B1GBankroll (button) folded before Flop



PokerStars Hand #254273758031:  Hold'em No Limit ($0.50/$1.00 USD) - 2025/01/08 3:49:41 WET [2025/01/08 22:49:41 ET]
Table 'Alsafi II' 6-max Seat #1 is the button
Seat 2: pepy_2233 ($68.71 in chips) is sitting out
Seat 6: LuckyShikari ($100 in chips) is sitting out
Seat 1: BeauParleur ($159.34 in chips) 
Seat 3: MaRKiToScoK ($102 in chips) 
Seat 4: Nurlanstar92 ($212.82 in chips) 
Seat 5: B1GBankroll ($100 in chips) 
MaRKiToScoK: posts small blind $0.50
Nurlanstar92: posts big blind $1
LuckyShikari: sits out 
*** HOLE CARDS ***
B1GBankroll: folds 
BeauParleur: raises $1.50 to $2.50
MaRKiToScoK: folds 
Nurlanstar92: raises $10.50 to $13
BeauParleur: folds 
Uncalled bet ($10.50) returned to Nurlanstar92
Nurlanstar92 collected $5.50 from pot
Nurlanstar92: doesn't show hand 
*** SUMMARY ***
Total pot $5.50 | Rake $0 
Seat 2: pepy_2233
Seat 6: LuckyShikari
Seat 1: BeauParleur (button) folded before Flop
Seat 3: MaRKiToScoK (small blind) folded before Flop
Seat 4: Nurlanstar92 (big blind) collected ($5.50)
Seat 5: B1GBankroll folded before Flop (didn't bet)



