PokerStars Hand #254262923156:  Hold'em No Limit ($0.50/$1.00 USD) - 2025/01/08 16:23:20 WET [2025/01/08 11:23:20 ET]
Table 'Aquarius III' 6-max Seat #5 is the button
Seat 1: nastja336 ($100 in chips) is sitting out
Seat 2: sta$igk ($100 in chips) 
Seat 3: yzuk ($100.60 in chips) 
Seat 4: EvilReality ($100 in chips) 
Seat 5: mr.Jckpot ($100 in chips) 
Seat 6: Gfoer ($136.20 in chips) 
Gfoer: posts small blind $0.50
nastja336: is sitting out 
sta$igk: posts big blind $1
*** HOLE CARDS ***
yzuk: folds 
nastja336 leaves the table
EvilReality: folds 
mr.Jckpot: folds 
Gfoer: folds 
Uncalled bet ($0.50) returned to sta$igk
sta$igk collected $1 from pot
sta$igk: doesn't show hand 
yzuk leaves the table
*** SUMMARY ***
Total pot $1 | Rake $0 
Seat 1: nastja336
Seat 2: sta$igk (big blind) collected ($1)
Seat 3: yzuk folded before Flop (didn't bet)
Seat 4: EvilReality folded before Flop (didn't bet)
Seat 5: mr.Jckpot (button) folded before Flop (didn't bet)
Seat 6: Gfoer (small blind) folded before Flop



