PokerStars Hand #254258222625:  Hold'em No Limit ($0.50/$1.00 USD) - 2025/01/08 8:15:41 WET [2025/01/08 3:15:41 ET]
Table 'Regina II' 6-max Seat #5 is the button
Seat 1: valmble ($10 in chips) 
Seat 2: 3EPH ($100 in chips) 
Seat 5: ptolejmus ($10 in chips) 
valmble: posts small blind $0.50
3EPH: posts big blind $1
*** HOLE CARDS ***
ptolejmus: folds 
valmble: folds 
Uncalled bet ($0.50) returned to 3EPH
3EPH collected $1 from pot
3EPH: doesn't show hand 
*** SUMMARY ***
Total pot $1 | Rake $0 
Seat 1: valmble (small blind) folded before Flop
Seat 2: 3EPH (big blind) collected ($1)
Seat 5: ptolejmus (button) folded before Flop (didn't bet)



PokerStars Hand #254258224613:  Hold'em No Limit ($0.50/$1.00 USD) - 2025/01/08 8:16:08 WET [2025/01/08 3:16:08 ET]
Table 'Regina II' 6-max Seat #1 is the button
Seat 1: valmble ($9.50 in chips) 
Seat 2: 3EPH ($100.50 in chips) 
Seat 5: ptolejmus ($10 in chips) 
3EPH: posts small blind $0.50
ptolejmus: posts big blind $1
*** HOLE CARDS ***
valmble: folds 
3EPH: raises $9 to $10
ptolejmus: folds 
Uncalled bet ($9) returned to 3EPH
3EPH collected $2 from pot
3EPH: doesn't show hand 
*** SUMMARY ***
Total pot $2 | Rake $0 
Seat 1: valmble (button) folded before Flop (didn't bet)
Seat 2: 3EPH (small blind) collected ($2)
Seat 5: ptolejmus (big blind) folded before Flop



PokerStars Hand #254258226482:  Hold'em No Limit ($0.50/$1.00 USD) - 2025/01/08 8:16:33 WET [2025/01/08 3:16:33 ET]
Table 'Regina II' 6-max Seat #5 is the button
Seat 1: valmble ($9.50 in chips) is sitting out
Seat 2: 3EPH ($101.50 in chips) 
Seat 5: ptolejmus ($10 in chips) 
ptolejmus: posts small blind $0.50
valmble: is sitting out 
3EPH: posts big blind $1
*** HOLE CARDS ***
ptolejmus: raises $9 to $10 and is all-in
3EPH: folds 
Uncalled bet ($9) returned to ptolejmus
ptolejmus collected $2 from pot
*** SUMMARY ***
Total pot $2 | Rake $0 
Seat 1: valmble
Seat 2: 3EPH (big blind) folded before Flop
Seat 5: ptolejmus (button) (small blind) collected ($2)



PokerStars Hand #254258450241:  Hold'em No Limit ($0.50/$1.00 USD) - 2025/01/08 9:03:07 WET [2025/01/08 4:03:07 ET]
Table 'Regina II' 6-max Seat #6 is the button
Seat 1: ptolejmus ($11 in chips) 
Seat 4: 3EPH ($100.50 in chips) 
Seat 6: JoeBlack_MS ($100 in chips) 
ptolejmus: posts small blind $0.50
3EPH: posts big blind $1
*** HOLE CARDS ***
JoeBlack_MS: raises $1.50 to $2.50
ptolejmus: raises $8.50 to $11 and is all-in
3EPH: folds 
JoeBlack_MS: folds 
Uncalled bet ($8.50) returned to ptolejmus
ptolejmus collected $6 from pot
*** SUMMARY ***
Total pot $6 | Rake $0 
Seat 1: ptolejmus (small blind) collected ($6)
Seat 4: 3EPH (big blind) folded before Flop
Seat 6: JoeBlack_MS (button) folded before Flop



PokerStars Hand #254258451993:  Hold'em No Limit ($0.50/$1.00 USD) - 2025/01/08 9:03:27 WET [2025/01/08 4:03:27 ET]
Table 'Regina II' 6-max Seat #1 is the button
Seat 1: ptolejmus ($14.50 in chips) 
Seat 4: 3EPH ($100 in chips) 
Seat 6: JoeBlack_MS ($100 in chips) 
3EPH: posts small blind $0.50
JoeBlack_MS: posts big blind $1
*** HOLE CARDS ***
ptolejmus: raises $1 to $2
3EPH: folds 
JoeBlack_MS: calls $1
*** FLOP *** [3h Kh 4c]
JoeBlack_MS: checks 
ptolejmus: checks 
*** TURN *** [3h Kh 4c] [4d]
JoeBlack_MS: checks 
ptolejmus: checks 
*** RIVER *** [3h Kh 4c 4d] [Qd]
JoeBlack_MS: bets $2.14
ptolejmus: folds 
Uncalled bet ($2.14) returned to JoeBlack_MS
JoeBlack_MS collected $4.28 from pot
JoeBlack_MS: doesn't show hand 
*** SUMMARY ***
Total pot $4.50 | Rake $0.22 
Board [3h Kh 4c 4d Qd]
Seat 1: ptolejmus (button) folded on the River
Seat 4: 3EPH (small blind) folded before Flop
Seat 6: JoeBlack_MS (big blind) collected ($4.28)



PokerStars Hand #254258456106:  Hold'em No Limit ($0.50/$1.00 USD) - 2025/01/08 9:04:15 WET [2025/01/08 4:04:15 ET]
Table 'Regina II' 6-max Seat #4 is the button
Seat 1: ptolejmus ($12.50 in chips) 
Seat 4: 3EPH ($100 in chips) 
Seat 6: JoeBlack_MS ($102.28 in chips) 
JoeBlack_MS: posts small blind $0.50
ptolejmus: posts big blind $1
*** HOLE CARDS ***
3EPH: folds 
JoeBlack_MS: raises $101.28 to $102.28 and is all-in
ptolejmus: folds 
Uncalled bet ($101.28) returned to JoeBlack_MS
JoeBlack_MS collected $2 from pot
JoeBlack_MS: doesn't show hand 
*** SUMMARY ***
Total pot $2 | Rake $0 
Seat 1: ptolejmus (big blind) folded before Flop
Seat 4: 3EPH (button) folded before Flop (didn't bet)
Seat 6: JoeBlack_MS (small blind) collected ($2)



PokerStars Hand #254258457694:  Hold'em No Limit ($0.50/$1.00 USD) - 2025/01/08 9:04:34 WET [2025/01/08 4:04:34 ET]
Table 'Regina II' 6-max Seat #1 is the button
Seat 4: 3EPH ($100 in chips) is sitting out
Seat 1: ptolejmus ($11.50 in chips) 
Seat 6: JoeBlack_MS ($103.28 in chips) 
ptolejmus: posts small blind $0.50
3EPH: is sitting out 
JoeBlack_MS: posts big blind $1
*** HOLE CARDS ***
3EPH leaves the table
ptolejmus: raises $1 to $2
JoeBlack_MS: calls $1
*** FLOP *** [Ad 9h 9c]
JoeBlack_MS: checks 
ptolejmus: bets $1.03
JoeBlack_MS: folds 
Uncalled bet ($1.03) returned to ptolejmus
ptolejmus collected $3.80 from pot
*** SUMMARY ***
Total pot $4 | Rake $0.20 
Board [Ad 9h 9c]
Seat 4: 3EPH
Seat 1: ptolejmus (button) (small blind) collected ($3.80)
Seat 6: JoeBlack_MS (big blind) folded on the Flop



PokerStars Hand #254258538553:  Hold'em No Limit ($0.50/$1.00 USD) - 2025/01/08 9:20:14 WET [2025/01/08 4:20:14 ET]
Table 'Regina II' 6-max Seat #5 is the button
Seat 1: ChuckNorrisQ ($104.74 in chips) 
Seat 2: rao999 ($108.50 in chips) 
Seat 3: 3EPH ($100 in chips) 
Seat 4: fataleggs13 ($75 in chips) 
Seat 5: S0M30LS3 ($39.73 in chips) 
Seat 6: kuhclemO ($50 in chips) 
kuhclemO: posts small blind $0.50
ChuckNorrisQ: posts big blind $1
*** HOLE CARDS ***
rao999: raises $1.50 to $2.50
3EPH: folds 
fataleggs13: folds 
S0M30LS3: folds 
S0M30LS3 leaves the table
kuhclemO: raises $5.50 to $8
ChuckNorrisQ: folds 
rao999: raises $100.50 to $108.50 and is all-in
kuhclemO: calls $42 and is all-in
Uncalled bet ($58.50) returned to rao999
*** FLOP *** [8d Qs 3s]
*** TURN *** [8d Qs 3s] [Th]
*** RIVER *** [8d Qs 3s Th] [7s]
*** SHOW DOWN ***
kuhclemO: shows [Ad Ah] (a pair of Aces)
rao999: shows [As Kc] (high card Ace)
kuhclemO collected $98.50 from pot
rao999 cashed out the hand for $7.16 | Cash Out Fee $0.15
*** SUMMARY ***
Total pot $101 | Rake $2.50 
Board [8d Qs 3s Th 7s]
Seat 1: ChuckNorrisQ (big blind) folded before Flop
Seat 2: rao999 showed [As Kc] and lost with high card Ace (cashed out).
Seat 3: 3EPH folded before Flop (didn't bet)
Seat 4: fataleggs13 folded before Flop (didn't bet)
Seat 5: S0M30LS3 (button) folded before Flop (didn't bet)
Seat 6: kuhclemO (small blind) showed [Ad Ah] and won ($98.50) with a pair of Aces



PokerStars Hand #254258542341:  Hold'em No Limit ($0.50/$1.00 USD) - 2025/01/08 9:20:58 WET [2025/01/08 4:20:58 ET]
Table 'Regina II' 6-max Seat #6 is the button
Seat 1: ChuckNorrisQ ($103.74 in chips) 
Seat 2: rao999 ($100 in chips) 
Seat 3: 3EPH ($100 in chips) 
Seat 4: fataleggs13 ($75 in chips) 
Seat 6: kuhclemO ($98.50 in chips) 
ChuckNorrisQ: posts small blind $0.50
rao999: posts big blind $1
*** HOLE CARDS ***
ddyyjj joins the table at seat #5 
3EPH: raises $1.50 to $2.50
fataleggs13: folds 
kuhclemO: folds 
ChuckNorrisQ: folds 
rao999: calls $1.50
*** FLOP *** [Jc 2s Qh]
rao999: checks 
3EPH: bets $3.92
rao999: calls $3.92
*** TURN *** [Jc 2s Qh] [Jd]
rao999: checks 
3EPH: bets $4.19
rao999: calls $4.19
*** RIVER *** [Jc 2s Qh Jd] [Ac]
rao999: checks 
3EPH: bets $30.90
rao999: folds 
Uncalled bet ($30.90) returned to 3EPH
3EPH collected $20.63 from pot
3EPH: doesn't show hand 
*** SUMMARY ***
Total pot $21.72 | Rake $1.09 
Board [Jc 2s Qh Jd Ac]
Seat 1: ChuckNorrisQ (small blind) folded before Flop
Seat 2: rao999 (big blind) folded on the River
Seat 3: 3EPH collected ($20.63)
Seat 4: fataleggs13 folded before Flop (didn't bet)
Seat 6: kuhclemO (button) folded before Flop (didn't bet)



PokerStars Hand #254258548555:  Hold'em No Limit ($0.50/$1.00 USD) - 2025/01/08 9:22:08 WET [2025/01/08 4:22:08 ET]
Table 'Regina II' 6-max Seat #1 is the button
Seat 3: 3EPH ($110.02 in chips) is sitting out
Seat 5: ddyyjj ($100 in chips) is sitting out
Seat 1: ChuckNorrisQ ($103.24 in chips) 
Seat 2: rao999 ($100 in chips) 
Seat 4: fataleggs13 ($75 in chips) 
Seat 6: kuhclemO ($98.50 in chips) 
rao999: posts small blind $0.50
3EPH: is sitting out 
fataleggs13: posts big blind $1
ddyyjj: sits out 
*** HOLE CARDS ***
3EPH leaves the table
kuhclemO: raises $1 to $2
ChuckNorrisQ: folds 
rao999: folds 
fataleggs13: folds 
Uncalled bet ($1) returned to kuhclemO
kuhclemO collected $2.50 from pot
kuhclemO: doesn't show hand 
*** SUMMARY ***
Total pot $2.50 | Rake $0 
Seat 3: 3EPH
Seat 5: ddyyjj
Seat 1: ChuckNorrisQ (button) folded before Flop (didn't bet)
Seat 2: rao999 (small blind) folded before Flop
Seat 4: fataleggs13 (big blind) folded before Flop
Seat 6: kuhclemO collected ($2.50)



PokerStars Hand #254258550609:  Hold'em No Limit ($0.50/$1.00 USD) - 2025/01/08 9:22:31 WET [2025/01/08 4:22:31 ET]
Table 'Regina II' 6-max Seat #2 is the button
Seat 1: ChuckNorrisQ ($103.24 in chips) 
Seat 2: rao999 ($100 in chips) 
Seat 4: fataleggs13 ($75 in chips) 
Seat 5: ddyyjj ($100 in chips) 
Seat 6: kuhclemO ($100 in chips) 
fataleggs13: posts small blind $0.50
ddyyjj: posts big blind $1
*** HOLE CARDS ***
kuhclemO: folds 
ChuckNorrisQ: folds 
kuhclemO leaves the table
rao999: folds 
fataleggs13: folds 
Uncalled bet ($0.50) returned to ddyyjj
ddyyjj collected $1 from pot
ddyyjj: doesn't show hand 
*** SUMMARY ***
Total pot $1 | Rake $0 
Seat 1: ChuckNorrisQ folded before Flop (didn't bet)
Seat 2: rao999 (button) folded before Flop (didn't bet)
Seat 4: fataleggs13 (small blind) folded before Flop
Seat 5: ddyyjj (big blind) collected ($1)
Seat 6: kuhclemO folded before Flop (didn't bet)



PokerStars Hand #254258552780:  Hold'em No Limit ($0.50/$1.00 USD) - 2025/01/08 9:22:56 WET [2025/01/08 4:22:56 ET]
Table 'Regina II' 6-max Seat #4 is the button
Seat 1: ChuckNorrisQ ($103.24 in chips) 
Seat 2: rao999 ($100 in chips) 
Seat 4: fataleggs13 ($75 in chips) 
Seat 5: ddyyjj ($100.50 in chips) 
ddyyjj: posts small blind $0.50
ChuckNorrisQ: posts big blind $1
*** HOLE CARDS ***
rao999: folds 
fataleggs13: folds 
ddyyjj: folds 
Uncalled bet ($0.50) returned to ChuckNorrisQ
ChuckNorrisQ collected $1 from pot
ChuckNorrisQ: doesn't show hand 
Ipownyomama joins the table at seat #3 
*** SUMMARY ***
Total pot $1 | Rake $0 
Seat 1: ChuckNorrisQ (big blind) collected ($1)
Seat 2: rao999 folded before Flop (didn't bet)
Seat 4: fataleggs13 (button) folded before Flop (didn't bet)
Seat 5: ddyyjj (small blind) folded before Flop



PokerStars Hand #254258554374:  Hold'em No Limit ($0.50/$1.00 USD) - 2025/01/08 9:23:15 WET [2025/01/08 4:23:15 ET]
Table 'Regina II' 6-max Seat #5 is the button
Seat 2: rao999 ($100 in chips) is sitting out
Seat 1: ChuckNorrisQ ($103.74 in chips) 
Seat 3: Ipownyomama ($10 in chips) 
Seat 4: fataleggs13 ($75 in chips) 
Seat 5: ddyyjj ($100 in chips) 
ChuckNorrisQ: posts small blind $0.50
rao999: is sitting out 
Ipownyomama: posts big blind $1
*** HOLE CARDS ***
fataleggs13: raises $1.20 to $2.20
ddyyjj: folds 
ChuckNorrisQ: folds 
Ipownyomama: folds 
Uncalled bet ($1.20) returned to fataleggs13
fataleggs13 collected $2.50 from pot
fataleggs13: doesn't show hand 
*** SUMMARY ***
Total pot $2.50 | Rake $0 
Seat 2: rao999
Seat 1: ChuckNorrisQ (small blind) folded before Flop
Seat 3: Ipownyomama (big blind) folded before Flop
Seat 4: fataleggs13 collected ($2.50)
Seat 5: ddyyjj (button) folded before Flop (didn't bet)



PokerStars Hand #254258555700:  Hold'em No Limit ($0.50/$1.00 USD) - 2025/01/08 9:23:30 WET [2025/01/08 4:23:30 ET]
Table 'Regina II' 6-max Seat #1 is the button
Seat 2: rao999 ($100 in chips) is sitting out
Seat 4: fataleggs13 ($76.50 in chips) is sitting out
Seat 1: ChuckNorrisQ ($103.24 in chips) 
Seat 3: Ipownyomama ($100 in chips) 
Seat 5: ddyyjj ($100 in chips) 
Ipownyomama: posts small blind $0.50
fataleggs13: is sitting out 
ddyyjj: posts big blind $1
*** HOLE CARDS ***
ChuckNorrisQ: folds 
Ipownyomama: folds 
Uncalled bet ($0.50) returned to ddyyjj
ddyyjj collected $1 from pot
ddyyjj: doesn't show hand 
*** SUMMARY ***
Total pot $1 | Rake $0 
Seat 2: rao999
Seat 4: fataleggs13
Seat 1: ChuckNorrisQ (button) folded before Flop (didn't bet)
Seat 3: Ipownyomama (small blind) folded before Flop
Seat 5: ddyyjj (big blind) collected ($1)



PokerStars Hand #254258556341:  Hold'em No Limit ($0.50/$1.00 USD) - 2025/01/08 9:23:37 WET [2025/01/08 4:23:37 ET]
Table 'Regina II' 6-max Seat #3 is the button
Seat 2: rao999 ($100 in chips) is sitting out
Seat 4: fataleggs13 ($76.50 in chips) is sitting out
Seat 1: ChuckNorrisQ ($103.24 in chips) 
Seat 3: Ipownyomama ($99.50 in chips) 
Seat 5: ddyyjj ($100.50 in chips) 
ddyyjj: posts small blind $0.50
ChuckNorrisQ: posts big blind $1
*** HOLE CARDS ***
Ipownyomama: folds 
fataleggs13 leaves the table
ddyyjj: folds 
Uncalled bet ($0.50) returned to ChuckNorrisQ
ChuckNorrisQ collected $1 from pot
ChuckNorrisQ: doesn't show hand 
*** SUMMARY ***
Total pot $1 | Rake $0 
Seat 2: rao999
Seat 4: fataleggs13
Seat 1: ChuckNorrisQ (big blind) collected ($1)
Seat 3: Ipownyomama (button) folded before Flop (didn't bet)
Seat 5: ddyyjj (small blind) folded before Flop



PokerStars Hand #254258556934:  Hold'em No Limit ($0.50/$1.00 USD) - 2025/01/08 9:23:44 WET [2025/01/08 4:23:44 ET]
Table 'Regina II' 6-max Seat #1 is the button
Seat 2: rao999 ($100 in chips) is sitting out
Seat 3: Ipownyomama ($99.50 in chips) is sitting out
Seat 1: ChuckNorrisQ ($103.74 in chips) 
Seat 5: ddyyjj ($100 in chips) 
ChuckNorrisQ: posts small blind $0.50
Ipownyomama: is sitting out 
ddyyjj: posts big blind $1
*** HOLE CARDS ***
Ipownyomama leaves the table
ChuckNorrisQ: raises $1.50 to $2.50
ddyyjj: folds 
Uncalled bet ($1.50) returned to ChuckNorrisQ
ChuckNorrisQ collected $2 from pot
ChuckNorrisQ: doesn't show hand 
*** SUMMARY ***
Total pot $2 | Rake $0 
Seat 2: rao999
Seat 3: Ipownyomama
Seat 1: ChuckNorrisQ (button) (small blind) collected ($2)
Seat 5: ddyyjj (big blind) folded before Flop



PokerStars Hand #254258558075:  Hold'em No Limit ($0.50/$1.00 USD) - 2025/01/08 9:23:57 WET [2025/01/08 4:23:57 ET]
Table 'Regina II' 6-max Seat #5 is the button
Seat 2: rao999 ($100 in chips) is sitting out
Seat 1: ChuckNorrisQ ($104.74 in chips) 
Seat 5: ddyyjj ($99 in chips) 
ddyyjj: posts small blind $0.50
ChuckNorrisQ: posts big blind $1
*** HOLE CARDS ***
ddyyjj: folds 
Uncalled bet ($0.50) returned to ChuckNorrisQ
ChuckNorrisQ collected $1 from pot
ChuckNorrisQ: doesn't show hand 
*** SUMMARY ***
Total pot $1 | Rake $0 
Seat 2: rao999
Seat 1: ChuckNorrisQ (big blind) collected ($1)
Seat 5: ddyyjj (button) (small blind) folded before Flop



PokerStars Hand #254258558716:  Hold'em No Limit ($0.50/$1.00 USD) - 2025/01/08 9:24:05 WET [2025/01/08 4:24:05 ET]
Table 'Regina II' 6-max Seat #1 is the button
Seat 2: rao999 ($100 in chips) is sitting out
Seat 1: ChuckNorrisQ ($105.24 in chips) 
Seat 5: ddyyjj ($98.50 in chips) 
ChuckNorrisQ: posts small blind $0.50
ddyyjj: posts big blind $1
*** HOLE CARDS ***
ChuckNorrisQ: folds 
Uncalled bet ($0.50) returned to ddyyjj
ddyyjj collected $1 from pot
ddyyjj: doesn't show hand 
*** SUMMARY ***
Total pot $1 | Rake $0 
Seat 2: rao999
Seat 1: ChuckNorrisQ (button) (small blind) folded before Flop
Seat 5: ddyyjj (big blind) collected ($1)



PokerStars Hand #254258559333:  Hold'em No Limit ($0.50/$1.00 USD) - 2025/01/08 9:24:12 WET [2025/01/08 4:24:12 ET]
Table 'Regina II' 6-max Seat #5 is the button
Seat 2: rao999 ($100 in chips) is sitting out
Seat 1: ChuckNorrisQ ($104.74 in chips) 
Seat 5: ddyyjj ($99 in chips) 
ddyyjj: posts small blind $0.50
ChuckNorrisQ: posts big blind $1
*** HOLE CARDS ***
ddyyjj: folds 
Uncalled bet ($0.50) returned to ChuckNorrisQ
ChuckNorrisQ collected $1 from pot
ChuckNorrisQ: doesn't show hand 
*** SUMMARY ***
Total pot $1 | Rake $0 
Seat 2: rao999
Seat 1: ChuckNorrisQ (big blind) collected ($1)
Seat 5: ddyyjj (button) (small blind) folded before Flop



PokerStars Hand #254258559952:  Hold'em No Limit ($0.50/$1.00 USD) - 2025/01/08 9:24:19 WET [2025/01/08 4:24:19 ET]
Table 'Regina II' 6-max Seat #1 is the button
Seat 2: rao999 ($100 in chips) is sitting out
Seat 1: ChuckNorrisQ ($105.24 in chips) 
Seat 5: ddyyjj ($98.50 in chips) 
ChuckNorrisQ: posts small blind $0.50
ddyyjj: posts big blind $1
*** HOLE CARDS ***
ChuckNorrisQ: raises $1.50 to $2.50
ddyyjj: raises $7.50 to $10
ChuckNorrisQ: folds 
Uncalled bet ($7.50) returned to ddyyjj
ddyyjj collected $5 from pot
ddyyjj: doesn't show hand 
*** SUMMARY ***
Total pot $5 | Rake $0 
Seat 2: rao999
Seat 1: ChuckNorrisQ (button) (small blind) folded before Flop
Seat 5: ddyyjj (big blind) collected ($5)



PokerStars Hand #254258562344:  Hold'em No Limit ($0.50/$1.00 USD) - 2025/01/08 9:24:46 WET [2025/01/08 4:24:46 ET]
Table 'Regina II' 6-max Seat #5 is the button
Seat 2: rao999 ($100 in chips) is sitting out
Seat 1: ChuckNorrisQ ($102.74 in chips) 
Seat 5: ddyyjj ($101 in chips) 
ddyyjj: posts small blind $0.50
ChuckNorrisQ: posts big blind $1
*** HOLE CARDS ***
ddyyjj: folds 
Uncalled bet ($0.50) returned to ChuckNorrisQ
ChuckNorrisQ collected $1 from pot
ChuckNorrisQ: doesn't show hand 
*** SUMMARY ***
Total pot $1 | Rake $0 
Seat 2: rao999
Seat 1: ChuckNorrisQ (big blind) collected ($1)
Seat 5: ddyyjj (button) (small blind) folded before Flop



PokerStars Hand #254258563007:  Hold'em No Limit ($0.50/$1.00 USD) - 2025/01/08 9:24:53 WET [2025/01/08 4:24:53 ET]
Table 'Regina II' 6-max Seat #1 is the button
Seat 2: rao999 ($100 in chips) is sitting out
Seat 1: ChuckNorrisQ ($103.24 in chips) 
Seat 5: ddyyjj ($100.50 in chips) 
ChuckNorrisQ: posts small blind $0.50
ddyyjj: posts big blind $1
*** HOLE CARDS ***
ChuckNorrisQ: folds 
Uncalled bet ($0.50) returned to ddyyjj
ddyyjj collected $1 from pot
ddyyjj: doesn't show hand 
*** SUMMARY ***
Total pot $1 | Rake $0 
Seat 2: rao999
Seat 1: ChuckNorrisQ (button) (small blind) folded before Flop
Seat 5: ddyyjj (big blind) collected ($1)



PokerStars Hand #254258563821:  Hold'em No Limit ($0.50/$1.00 USD) - 2025/01/08 9:25:02 WET [2025/01/08 4:25:02 ET]
Table 'Regina II' 6-max Seat #5 is the button
Seat 2: rao999 ($100 in chips) is sitting out
Seat 1: ChuckNorrisQ ($102.74 in chips) 
Seat 5: ddyyjj ($101 in chips) 
ddyyjj: posts small blind $0.50
ChuckNorrisQ: posts big blind $1
*** HOLE CARDS ***
ddyyjj is connected 
ddyyjj: raises $2 to $3
ChuckNorrisQ: calls $2
*** FLOP *** [6h 8h 8d]
ChuckNorrisQ: checks 
ddyyjj: bets $2.57
ChuckNorrisQ: raises $5.43 to $8
ddyyjj: calls $5.43
*** TURN *** [6h 8h 8d] [8c]
ChuckNorrisQ: bets $6.93
ddyyjj: folds 
Uncalled bet ($6.93) returned to ChuckNorrisQ
ChuckNorrisQ collected $21 from pot
ChuckNorrisQ: doesn't show hand 
*** SUMMARY ***
Total pot $22 | Rake $1 
Board [6h 8h 8d 8c]
Seat 2: rao999
Seat 1: ChuckNorrisQ (big blind) collected ($21)
Seat 5: ddyyjj (button) (small blind) folded on the Turn



PokerStars Hand #254258568827:  Hold'em No Limit ($0.50/$1.00 USD) - 2025/01/08 9:26:00 WET [2025/01/08 4:26:00 ET]
Table 'Regina II' 6-max Seat #1 is the button
Seat 2: rao999 ($100 in chips) is sitting out
Seat 1: ChuckNorrisQ ($112.74 in chips) 
Seat 5: ddyyjj ($90 in chips) 
ChuckNorrisQ: posts small blind $0.50
ddyyjj: posts big blind $1
*** HOLE CARDS ***
ChuckNorrisQ: raises $1.50 to $2.50
ddyyjj: calls $1.50
*** FLOP *** [Js Ts 6c]
ddyyjj: checks 
ChuckNorrisQ: bets $1.57
ddyyjj: calls $1.57
*** TURN *** [Js Ts 6c] [Qd]
ddyyjj: checks 
ChuckNorrisQ: bets $5.80
ddyyjj: folds 
Uncalled bet ($5.80) returned to ChuckNorrisQ
ChuckNorrisQ collected $7.73 from pot
ChuckNorrisQ: doesn't show hand 
*** SUMMARY ***
Total pot $8.14 | Rake $0.41 
Board [Js Ts 6c Qd]
Seat 2: rao999
Seat 1: ChuckNorrisQ (button) (small blind) collected ($7.73)
Seat 5: ddyyjj (big blind) folded on the Turn



PokerStars Hand #254258572290:  Hold'em No Limit ($0.50/$1.00 USD) - 2025/01/08 9:26:40 WET [2025/01/08 4:26:40 ET]
Table 'Regina II' 6-max Seat #5 is the button
Seat 2: rao999 ($100 in chips) is sitting out
Seat 1: ChuckNorrisQ ($116.40 in chips) 
Seat 5: ddyyjj ($85.93 in chips) 
ddyyjj: posts small blind $0.50
ChuckNorrisQ: posts big blind $1
*** HOLE CARDS ***
ddyyjj: raises $2 to $3
ChuckNorrisQ: calls $2
*** FLOP *** [6d Tc 5s]
ChuckNorrisQ: checks 
ddyyjj: bets $3.71
ChuckNorrisQ: raises $7.29 to $11
ddyyjj: calls $7.29
*** TURN *** [6d Tc 5s] [Ks]
ChuckNorrisQ: bets $18
ddyyjj: calls $18
*** RIVER *** [6d Tc 5s Ks] [9d]
ChuckNorrisQ: checks 
ddyyjj: checks 
*** SHOW DOWN ***
ChuckNorrisQ: shows [7s 9s] (a pair of Nines)
ddyyjj: shows [Td Jd] (a pair of Tens)
ddyyjj collected $63 from pot
*** SUMMARY ***
Total pot $64 | Rake $1 
Board [6d Tc 5s Ks 9d]
Seat 2: rao999
Seat 1: ChuckNorrisQ (big blind) showed [7s 9s] and lost with a pair of Nines
Seat 5: ddyyjj (button) (small blind) showed [Td Jd] and won ($63) with a pair of Tens



PokerStars Hand #254258579308:  Hold'em No Limit ($0.50/$1.00 USD) - 2025/01/08 9:28:00 WET [2025/01/08 4:28:00 ET]
Table 'Regina II' 6-max Seat #1 is the button
Seat 2: rao999 ($100 in chips) is sitting out
Seat 1: ChuckNorrisQ ($100 in chips) 
Seat 5: ddyyjj ($116.93 in chips) 
ChuckNorrisQ: posts small blind $0.50
ddyyjj: posts big blind $1
*** HOLE CARDS ***
ChuckNorrisQ: raises $1.50 to $2.50
ddyyjj: folds 
Uncalled bet ($1.50) returned to ChuckNorrisQ
ChuckNorrisQ collected $2 from pot
ChuckNorrisQ: doesn't show hand 
*** SUMMARY ***
Total pot $2 | Rake $0 
Seat 2: rao999
Seat 1: ChuckNorrisQ (button) (small blind) collected ($2)
Seat 5: ddyyjj (big blind) folded before Flop



PokerStars Hand #254258580060:  Hold'em No Limit ($0.50/$1.00 USD) - 2025/01/08 9:28:09 WET [2025/01/08 4:28:09 ET]
Table 'Regina II' 6-max Seat #5 is the button
Seat 2: rao999 ($100 in chips) is sitting out
Seat 1: ChuckNorrisQ ($101 in chips) 
Seat 5: ddyyjj ($115.93 in chips) 
ddyyjj: posts small blind $0.50
ChuckNorrisQ: posts big blind $1
*** HOLE CARDS ***
ddyyjj: raises $2 to $3
ChuckNorrisQ: calls $2
*** FLOP *** [Jd Qh 5c]
ChuckNorrisQ: checks 
ddyyjj: bets $3.71
ChuckNorrisQ: folds 
Uncalled bet ($3.71) returned to ddyyjj
ddyyjj collected $5.70 from pot
ddyyjj: doesn't show hand 
*** SUMMARY ***
Total pot $6 | Rake $0.30 
Board [Jd Qh 5c]
Seat 2: rao999
Seat 1: ChuckNorrisQ (big blind) folded on the Flop
Seat 5: ddyyjj (button) (small blind) collected ($5.70)



PokerStars Hand #254258582188:  Hold'em No Limit ($0.50/$1.00 USD) - 2025/01/08 9:28:34 WET [2025/01/08 4:28:34 ET]
Table 'Regina II' 6-max Seat #1 is the button
Seat 2: rao999 ($100 in chips) is sitting out
Seat 1: ChuckNorrisQ ($100 in chips) 
Seat 5: ddyyjj ($118.63 in chips) 
ChuckNorrisQ: posts small blind $0.50
ddyyjj: posts big blind $1
*** HOLE CARDS ***
ChuckNorrisQ: folds 
Uncalled bet ($0.50) returned to ddyyjj
ddyyjj collected $1 from pot
ddyyjj: doesn't show hand 
*** SUMMARY ***
Total pot $1 | Rake $0 
Seat 2: rao999
Seat 1: ChuckNorrisQ (button) (small blind) folded before Flop
Seat 5: ddyyjj (big blind) collected ($1)



PokerStars Hand #254258583024:  Hold'em No Limit ($0.50/$1.00 USD) - 2025/01/08 9:28:44 WET [2025/01/08 4:28:44 ET]
Table 'Regina II' 6-max Seat #5 is the button
Seat 2: rao999 ($100 in chips) is sitting out
Seat 1: ChuckNorrisQ ($100 in chips) 
Seat 5: ddyyjj ($119.13 in chips) 
ddyyjj: posts small blind $0.50
ChuckNorrisQ: posts big blind $1
*** HOLE CARDS ***
ddyyjj: raises $2 to $3
ChuckNorrisQ: folds 
Uncalled bet ($2) returned to ddyyjj
ddyyjj collected $2 from pot
ddyyjj: doesn't show hand 
*** SUMMARY ***
Total pot $2 | Rake $0 
Seat 2: rao999
Seat 1: ChuckNorrisQ (big blind) folded before Flop
Seat 5: ddyyjj (button) (small blind) collected ($2)



PokerStars Hand #254258584178:  Hold'em No Limit ($0.50/$1.00 USD) - 2025/01/08 9:28:57 WET [2025/01/08 4:28:57 ET]
Table 'Regina II' 6-max Seat #1 is the button
Seat 2: rao999 ($100 in chips) is sitting out
Seat 1: ChuckNorrisQ ($100 in chips) 
Seat 5: ddyyjj ($120.13 in chips) 
ChuckNorrisQ: posts small blind $0.50
ddyyjj: posts big blind $1
*** HOLE CARDS ***
ChuckNorrisQ: raises $1.50 to $2.50
ddyyjj: folds 
Uncalled bet ($1.50) returned to ChuckNorrisQ
ChuckNorrisQ collected $2 from pot
ChuckNorrisQ: doesn't show hand 
*** SUMMARY ***
Total pot $2 | Rake $0 
Seat 2: rao999
Seat 1: ChuckNorrisQ (button) (small blind) collected ($2)
Seat 5: ddyyjj (big blind) folded before Flop



PokerStars Hand #254258585338:  Hold'em No Limit ($0.50/$1.00 USD) - 2025/01/08 9:29:10 WET [2025/01/08 4:29:10 ET]
Table 'Regina II' 6-max Seat #5 is the button
Seat 2: rao999 ($100 in chips) is sitting out
Seat 1: ChuckNorrisQ ($101 in chips) 
Seat 5: ddyyjj ($119.13 in chips) 
ddyyjj: posts small blind $0.50
ChuckNorrisQ: posts big blind $1
*** HOLE CARDS ***
ddyyjj: folds 
Uncalled bet ($0.50) returned to ChuckNorrisQ
ChuckNorrisQ collected $1 from pot
ChuckNorrisQ: doesn't show hand 
ddyyjj leaves the table
*** SUMMARY ***
Total pot $1 | Rake $0 
Seat 2: rao999
Seat 1: ChuckNorrisQ (big blind) collected ($1)
Seat 5: ddyyjj (button) (small blind) folded before Flop



PokerStars Hand #254258633539:  Hold'em No Limit ($0.50/$1.00 USD) - 2025/01/08 9:38:05 WET [2025/01/08 4:38:05 ET]
Table 'Regina II' 6-max Seat #6 is the button
Seat 2: rao999 ($100 in chips) is sitting out
Seat 4: JoeBlack_MS ($101.28 in chips) is sitting out
Seat 1: ChuckNorrisQ ($101.50 in chips) 
Seat 6: B1GBankroll ($100 in chips) 
B1GBankroll: posts small blind $0.50
ChuckNorrisQ: posts big blind $1
*** HOLE CARDS ***
B1GBankroll: folds 
Uncalled bet ($0.50) returned to ChuckNorrisQ
ChuckNorrisQ collected $1 from pot
ChuckNorrisQ: doesn't show hand 
*** SUMMARY ***
Total pot $1 | Rake $0 
Seat 2: rao999
Seat 4: JoeBlack_MS
Seat 1: ChuckNorrisQ (big blind) collected ($1)
Seat 6: B1GBankroll (button) (small blind) folded before Flop



PokerStars Hand #254258634908:  Hold'em No Limit ($0.50/$1.00 USD) - 2025/01/08 9:38:20 WET [2025/01/08 4:38:20 ET]
Table 'Regina II' 6-max Seat #1 is the button
Seat 2: rao999 ($100 in chips) is sitting out
Seat 4: JoeBlack_MS ($101.28 in chips) is sitting out
Seat 1: ChuckNorrisQ ($102 in chips) 
Seat 6: B1GBankroll ($100 in chips) 
ChuckNorrisQ: posts small blind $0.50
B1GBankroll: posts big blind $1
*** HOLE CARDS ***
ChuckNorrisQ: raises $1.50 to $2.50
B1GBankroll: calls $1.50
*** FLOP *** [Ts Js Qd]
B1GBankroll: checks 
ChuckNorrisQ: checks 
*** TURN *** [Ts Js Qd] [Ac]
B1GBankroll: bets $1.62
ChuckNorrisQ: folds 
Uncalled bet ($1.62) returned to B1GBankroll
B1GBankroll collected $4.75 from pot
B1GBankroll: doesn't show hand 
*** SUMMARY ***
Total pot $5 | Rake $0.25 
Board [Ts Js Qd Ac]
Seat 2: rao999
Seat 4: JoeBlack_MS
Seat 1: ChuckNorrisQ (button) (small blind) folded on the Turn
Seat 6: B1GBankroll (big blind) collected ($4.75)



PokerStars Hand #254258639786:  Hold'em No Limit ($0.50/$1.00 USD) - 2025/01/08 9:39:12 WET [2025/01/08 4:39:12 ET]
Table 'Regina II' 6-max Seat #6 is the button
Seat 2: rao999 ($100 in chips) is sitting out
Seat 1: ChuckNorrisQ ($100 in chips) 
Seat 4: JoeBlack_MS ($101.28 in chips) 
Seat 6: B1GBankroll ($102.25 in chips) 
ChuckNorrisQ: posts small blind $0.50
JoeBlack_MS: posts big blind $1
*** HOLE CARDS ***
B1GBankroll: folds 
ChuckNorrisQ: raises $2 to $3
JoeBlack_MS: raises $6 to $9
ChuckNorrisQ: calls $6
*** FLOP *** [Ac Kd Ad]
ChuckNorrisQ: checks 
JoeBlack_MS: bets $4.28
ChuckNorrisQ: folds 
Uncalled bet ($4.28) returned to JoeBlack_MS
JoeBlack_MS collected $17.10 from pot
JoeBlack_MS: doesn't show hand 
*** SUMMARY ***
Total pot $18 | Rake $0.90 
Board [Ac Kd Ad]
Seat 2: rao999
Seat 1: ChuckNorrisQ (small blind) folded on the Flop
Seat 4: JoeBlack_MS (big blind) collected ($17.10)
Seat 6: B1GBankroll (button) folded before Flop (didn't bet)



PokerStars Hand #254258644369:  Hold'em No Limit ($0.50/$1.00 USD) - 2025/01/08 9:40:02 WET [2025/01/08 4:40:02 ET]
Table 'Regina II' 6-max Seat #1 is the button
Seat 2: rao999 ($100 in chips) is sitting out
Seat 1: ChuckNorrisQ ($100 in chips) 
Seat 4: JoeBlack_MS ($109.38 in chips) 
Seat 6: B1GBankroll ($102.25 in chips) 
JoeBlack_MS: posts small blind $0.50
B1GBankroll: posts big blind $1
*** HOLE CARDS ***
ChuckNorrisQ: raises $1.50 to $2.50
JoeBlack_MS: folds 
B1GBankroll: folds 
Uncalled bet ($1.50) returned to ChuckNorrisQ
ChuckNorrisQ collected $2.50 from pot
ChuckNorrisQ: doesn't show hand 
*** SUMMARY ***
Total pot $2.50 | Rake $0 
Seat 2: rao999
Seat 1: ChuckNorrisQ (button) collected ($2.50)
Seat 4: JoeBlack_MS (small blind) folded before Flop
Seat 6: B1GBankroll (big blind) folded before Flop



PokerStars Hand #254258646567:  Hold'em No Limit ($0.50/$1.00 USD) - 2025/01/08 9:40:25 WET [2025/01/08 4:40:25 ET]
Table 'Regina II' 6-max Seat #4 is the button
Seat 2: rao999 ($100 in chips) is sitting out
Seat 1: ChuckNorrisQ ($101.50 in chips) 
Seat 4: JoeBlack_MS ($108.88 in chips) 
Seat 6: B1GBankroll ($101.25 in chips) 
B1GBankroll: posts small blind $0.50
ChuckNorrisQ: posts big blind $1
*** HOLE CARDS ***
JoeBlack_MS: folds 
B1GBankroll: raises $2 to $3
ChuckNorrisQ: calls $2
*** FLOP *** [Kd Tc 6d]
B1GBankroll: bets $2.79
ChuckNorrisQ: calls $2.79
*** TURN *** [Kd Tc 6d] [7c]
B1GBankroll: checks 
ChuckNorrisQ: checks 
*** RIVER *** [Kd Tc 6d 7c] [Kh]
B1GBankroll: checks 
ChuckNorrisQ: checks 
*** SHOW DOWN ***
B1GBankroll: shows [8c Ad] (a pair of Kings)
ChuckNorrisQ: shows [8d 7d] (two pair, Kings and Sevens)
ChuckNorrisQ collected $11 from pot
*** SUMMARY ***
Total pot $11.58 | Rake $0.58 
Board [Kd Tc 6d 7c Kh]
Seat 2: rao999
Seat 1: ChuckNorrisQ (big blind) showed [8d 7d] and won ($11) with two pair, Kings and Sevens
Seat 4: JoeBlack_MS (button) folded before Flop (didn't bet)
Seat 6: B1GBankroll (small blind) showed [8c Ad] and lost with a pair of Kings



PokerStars Hand #254258653564:  Hold'em No Limit ($0.50/$1.00 USD) - 2025/01/08 9:41:40 WET [2025/01/08 4:41:40 ET]
Table 'Regina II' 6-max Seat #1 is the button
Seat 2: rao999 ($100 in chips) is sitting out
Seat 4: JoeBlack_MS ($108.88 in chips) is sitting out
Seat 1: ChuckNorrisQ ($106.71 in chips) 
Seat 6: B1GBankroll ($100 in chips) 
ChuckNorrisQ: posts small blind $0.50
JoeBlack_MS: is sitting out 
B1GBankroll: posts big blind $1
*** HOLE CARDS ***
ChuckNorrisQ: raises $1.50 to $2.50
B1GBankroll: calls $1.50
*** FLOP *** [5c Jh Qs]
B1GBankroll: checks 
ChuckNorrisQ: checks 
*** TURN *** [5c Jh Qs] [9h]
B1GBankroll: checks 
ChuckNorrisQ: checks 
*** RIVER *** [5c Jh Qs 9h] [6h]
B1GBankroll: bets $3.52
ChuckNorrisQ: folds 
Uncalled bet ($3.52) returned to B1GBankroll
B1GBankroll collected $4.75 from pot
B1GBankroll: doesn't show hand 
*** SUMMARY ***
Total pot $5 | Rake $0.25 
Board [5c Jh Qs 9h 6h]
Seat 2: rao999
Seat 4: JoeBlack_MS
Seat 1: ChuckNorrisQ (button) (small blind) folded on the River
Seat 6: B1GBankroll (big blind) collected ($4.75)



PokerStars Hand #254258660715:  Hold'em No Limit ($0.50/$1.00 USD) - 2025/01/08 9:42:55 WET [2025/01/08 4:42:55 ET]
Table 'Regina II' 6-max Seat #6 is the button
Seat 2: rao999 ($100 in chips) is sitting out
Seat 4: JoeBlack_MS ($108.88 in chips) is sitting out
Seat 1: ChuckNorrisQ ($104.21 in chips) 
Seat 6: B1GBankroll ($102.25 in chips) 
B1GBankroll: posts small blind $0.50
ChuckNorrisQ: posts big blind $1
*** HOLE CARDS ***
B1GBankroll: folds 
Uncalled bet ($0.50) returned to ChuckNorrisQ
ChuckNorrisQ collected $1 from pot
ChuckNorrisQ: doesn't show hand 
*** SUMMARY ***
Total pot $1 | Rake $0 
Seat 2: rao999
Seat 4: JoeBlack_MS
Seat 1: ChuckNorrisQ (big blind) collected ($1)
Seat 6: B1GBankroll (button) (small blind) folded before Flop



PokerStars Hand #254258673077:  Hold'em No Limit ($0.50/$1.00 USD) - 2025/01/08 9:45:07 WET [2025/01/08 4:45:07 ET]
Table 'Regina II' 6-max Seat #1 is the button
Seat 2: rao999 ($100 in chips) is sitting out
Seat 4: JoeBlack_MS ($108.88 in chips) is sitting out
Seat 1: ChuckNorrisQ ($104.71 in chips) 
Seat 3: estica361 ($10 in chips) 
ChuckNorrisQ: posts small blind $0.50
estica361: posts big blind $1
*** HOLE CARDS ***
ChuckNorrisQ: raises $21 to $22
estica361: folds 
Uncalled bet ($21) returned to ChuckNorrisQ
ChuckNorrisQ collected $2 from pot
ChuckNorrisQ: doesn't show hand 
*** SUMMARY ***
Total pot $2 | Rake $0 
Seat 2: rao999
Seat 4: JoeBlack_MS
Seat 1: ChuckNorrisQ (button) (small blind) collected ($2)
Seat 3: estica361 (big blind) folded before Flop



PokerStars Hand #254258674305:  Hold'em No Limit ($0.50/$1.00 USD) - 2025/01/08 9:45:20 WET [2025/01/08 4:45:20 ET]
Table 'Regina II' 6-max Seat #3 is the button
Seat 2: rao999 ($100 in chips) is sitting out
Seat 4: JoeBlack_MS ($108.88 in chips) is sitting out
Seat 1: ChuckNorrisQ ($105.71 in chips) 
Seat 3: estica361 ($9 in chips) 
estica361: posts small blind $0.50
ChuckNorrisQ: posts big blind $1
*** HOLE CARDS ***
estica361: calls $0.50
ChuckNorrisQ: checks 
*** FLOP *** [8h Js 9c]
JoeBlack_MS leaves the table
ChuckNorrisQ: checks 
estica361: bets $1
B1GBankroll joins the table at seat #4 
ChuckNorrisQ: folds 
Uncalled bet ($1) returned to estica361
estica361 collected $1.90 from pot
estica361: doesn't show hand 
*** SUMMARY ***
Total pot $2 | Rake $0.10 
Board [8h Js 9c]
Seat 2: rao999
Seat 4: JoeBlack_MS
Seat 1: ChuckNorrisQ (big blind) folded on the Flop
Seat 3: estica361 (button) (small blind) collected ($1.90)



PokerStars Hand #254258676290:  Hold'em No Limit ($0.50/$1.00 USD) - 2025/01/08 9:45:41 WET [2025/01/08 4:45:41 ET]
Table 'Regina II' 6-max Seat #1 is the button
Seat 2: rao999 ($100 in chips) is sitting out
Seat 1: ChuckNorrisQ ($104.71 in chips) 
Seat 3: estica361 ($9.90 in chips) 
Seat 4: B1GBankroll ($101.75 in chips) 
estica361: posts small blind $0.50
B1GBankroll: posts big blind $1
*** HOLE CARDS ***
ChuckNorrisQ: folds 
estica361: raises $1 to $2
B1GBankroll: calls $1
*** FLOP *** [Jc 7d Jd]
fobot21 joins the table at seat #5 
estica361: bets $1
B1GBankroll: folds 
Uncalled bet ($1) returned to estica361
estica361 collected $3.80 from pot
estica361: doesn't show hand 
*** SUMMARY ***
Total pot $4 | Rake $0.20 
Board [Jc 7d Jd]
Seat 2: rao999
Seat 1: ChuckNorrisQ (button) folded before Flop (didn't bet)
Seat 3: estica361 (small blind) collected ($3.80)
Seat 4: B1GBankroll (big blind) folded on the Flop



PokerStars Hand #254258679197:  Hold'em No Limit ($0.50/$1.00 USD) - 2025/01/08 9:46:11 WET [2025/01/08 4:46:11 ET]
Table 'Regina II' 6-max Seat #3 is the button
Seat 2: rao999 ($100 in chips) is sitting out
Seat 1: ChuckNorrisQ ($104.71 in chips) 
Seat 3: estica361 ($11.70 in chips) 
Seat 4: B1GBankroll ($100 in chips) 
Seat 5: fobot21 ($100 in chips) 
B1GBankroll: posts small blind $0.50
fobot21: posts big blind $1
*** HOLE CARDS ***
ChuckNorrisQ: folds 
estica361: calls $1
B1GBankroll: folds 
fobot21: raises $4.10 to $5.10
estica361: raises $4.10 to $9.20
fobot21: raises $33.62 to $42.82
estica361: calls $2.50 and is all-in
Uncalled bet ($31.12) returned to fobot21
*** FLOP *** [6d 6s 4h]
*** TURN *** [6d 6s 4h] [5s]
*** RIVER *** [6d 6s 4h 5s] [Kd]
*** SHOW DOWN ***
fobot21: shows [Qd Kh] (two pair, Kings and Sixes)
estica361: shows [Tc Jd] (a pair of Sixes)
fobot21 collected $22.90 from pot
*** SUMMARY ***
Total pot $23.90 | Rake $1 
Board [6d 6s 4h 5s Kd]
Seat 2: rao999
Seat 1: ChuckNorrisQ folded before Flop (didn't bet)
Seat 3: estica361 (button) showed [Tc Jd] and lost with a pair of Sixes
Seat 4: B1GBankroll (small blind) folded before Flop
Seat 5: fobot21 (big blind) showed [Qd Kh] and won ($22.90) with two pair, Kings and Sixes



PokerStars Hand #254258683381:  Hold'em No Limit ($0.50/$1.00 USD) - 2025/01/08 9:46:55 WET [2025/01/08 4:46:55 ET]
Table 'Regina II' 6-max Seat #4 is the button
Seat 2: rao999 ($100 in chips) is sitting out
Seat 3: estica361 ($0 in chips) is sitting out
Seat 1: ChuckNorrisQ ($104.71 in chips) 
Seat 4: B1GBankroll ($100 in chips) 
Seat 5: fobot21 ($111.20 in chips) 
fobot21: posts small blind $0.50
ChuckNorrisQ: posts big blind $1
*** HOLE CARDS ***
estica361 leaves the table
B1GBankroll: folds 
fobot21: folds 
Uncalled bet ($0.50) returned to ChuckNorrisQ
ChuckNorrisQ collected $1 from pot
ChuckNorrisQ: doesn't show hand 
*** SUMMARY ***
Total pot $1 | Rake $0 
Seat 2: rao999
Seat 3: estica361
Seat 1: ChuckNorrisQ (big blind) collected ($1)
Seat 4: B1GBankroll (button) folded before Flop (didn't bet)
Seat 5: fobot21 (small blind) folded before Flop



PokerStars Hand #254258684632:  Hold'em No Limit ($0.50/$1.00 USD) - 2025/01/08 9:47:08 WET [2025/01/08 4:47:08 ET]
Table 'Regina II' 6-max Seat #1 is the button
Seat 2: rao999 ($100 in chips) is sitting out
Seat 4: B1GBankroll ($100 in chips) is sitting out
Seat 1: ChuckNorrisQ ($105.21 in chips) 
Seat 5: fobot21 ($110.70 in chips) 
ChuckNorrisQ: posts small blind $0.50
B1GBankroll: is sitting out 
fobot21: posts big blind $1
*** HOLE CARDS ***
B1GBankroll leaves the table
ChuckNorrisQ: raises $1.50 to $2.50
fobot21: calls $1.50
*** FLOP *** [Ts 6h Kc]
fobot21: checks 
ChuckNorrisQ: bets $1.57
fobot21: calls $1.57
*** TURN *** [Ts 6h Kc] [9h]
fobot21: checks 
ChuckNorrisQ: bets $5.80
fobot21: calls $5.80
*** RIVER *** [Ts 6h Kc 9h] [Th]
fobot21: checks 
ChuckNorrisQ: checks 
*** SHOW DOWN ***
fobot21: shows [8s 9s] (two pair, Tens and Nines)
ChuckNorrisQ: shows [Kh 9c] (two pair, Kings and Tens)
ChuckNorrisQ collected $18.75 from pot
*** SUMMARY ***
Total pot $19.74 | Rake $0.99 
Board [Ts 6h Kc 9h Th]
Seat 2: rao999
Seat 4: B1GBankroll
Seat 1: ChuckNorrisQ (button) (small blind) showed [Kh 9c] and won ($18.75) with two pair, Kings and Tens
Seat 5: fobot21 (big blind) showed [8s 9s] and lost with two pair, Tens and Nines



PokerStars Hand #254258692081:  Hold'em No Limit ($0.50/$1.00 USD) - 2025/01/08 9:48:23 WET [2025/01/08 4:48:23 ET]
Table 'Regina II' 6-max Seat #5 is the button
Seat 2: rao999 ($100 in chips) is sitting out
Seat 1: ChuckNorrisQ ($114.09 in chips) 
Seat 5: fobot21 ($100.83 in chips) 
fobot21: posts small blind $0.50
ChuckNorrisQ: posts big blind $1
*** HOLE CARDS ***
fobot21: raises $1.90 to $2.90
ChuckNorrisQ: folds 
Uncalled bet ($1.90) returned to fobot21
fobot21 collected $2 from pot
fobot21: doesn't show hand 
*** SUMMARY ***
Total pot $2 | Rake $0 
Seat 2: rao999
Seat 1: ChuckNorrisQ (big blind) folded before Flop
Seat 5: fobot21 (button) (small blind) collected ($2)



