PokerStars Hand #254272779447:  Hold'em No Limit ($0.50/$1.00 USD) - 2025/01/08 1:56:10 WET [2025/01/08 20:56:10 ET]
Table 'Tabora II' 6-max Seat #1 is the button
Seat 5: XneferX ($100 in chips) is sitting out
Seat 1: valmble ($10 in chips) 
Seat 2: steelNike ($10 in chips) 
valmble: posts small blind $0.50
steelNike: posts big blind $1
*** HOLE CARDS ***
valmble: folds 
Uncalled bet ($0.50) returned to steelNike
steelNike collected $1 from pot
*** SUMMARY ***
Total pot $1 | Rake $0 
Seat 5: XneferX
Seat 1: valmble (button) (small blind) folded before Flop
Seat 2: steelNike (big blind) collected ($1)



PokerStars Hand #254272782506:  Hold'em No Limit ($0.50/$1.00 USD) - 2025/01/08 1:56:32 WET [2025/01/08 20:56:32 ET]
Table 'Tabora II' 6-max Seat #2 is the button
Seat 5: XneferX ($100 in chips) is sitting out
Seat 1: valmble ($9.50 in chips) 
Seat 2: steelNike ($10.50 in chips) 
steelNike: posts small blind $0.50
valmble: posts big blind $1
*** HOLE CARDS ***
MaRKiToScoK joins the table at seat #3 
steelNike: raises $9.50 to $10.50 and is all-in
valmble: calls $8.50 and is all-in
Uncalled bet ($1) returned to steelNike
Joe_Carlos joins the table at seat #6 
*** FLOP *** [4c 6c 4s]
*** TURN *** [4c 6c 4s] [8d]
*** RIVER *** [4c 6c 4s 8d] [2s]
*** SHOW DOWN ***
valmble: shows [As Ts] (a pair of Fours)
steelNike: shows [Kh 9c] (a pair of Fours - lower kicker)
valmble collected $18.05 from pot
*** SUMMARY ***
Total pot $19 | Rake $0.95 
Board [4c 6c 4s 8d 2s]
Seat 5: XneferX
Seat 1: valmble (big blind) showed [As Ts] and won ($18.05) with a pair of Fours
Seat 2: steelNike (button) (small blind) showed [Kh 9c] and lost with a pair of Fours



PokerStars Hand #254272788086:  Hold'em No Limit ($0.50/$1.00 USD) - 2025/01/08 1:57:14 WET [2025/01/08 20:57:14 ET]
Table 'Tabora II' 6-max Seat #1 is the button
Seat 5: XneferX ($100 in chips) is sitting out
Seat 6: Joe_Carlos ($60 in chips) is sitting out
Seat 1: valmble ($18.05 in chips) 
Seat 2: steelNike ($1 in chips) 
Seat 3: MaRKiToScoK ($100 in chips) 
steelNike: posts small blind $0.50
MaRKiToScoK: posts big blind $1
XneferX: sits out 
Joe_Carlos: sits out 
*** HOLE CARDS ***
valmble: folds 
steelNike: calls $0.50 and is all-in
MaRKiToScoK has timed out
*** FIRST FLOP *** [4s Th 9s]
*** FIRST TURN *** [4s Th 9s] [Ad]
*** FIRST RIVER *** [4s Th 9s Ad] [Ah]
*** SECOND FLOP *** [Ks Qd Qs]
*** SECOND TURN *** [Ks Qd Qs] [6d]
*** SECOND RIVER *** [Ks Qd Qs 6d] [7h]
*** FIRST SHOW DOWN ***
steelNike: shows [8h 2h] (a pair of Aces)
MaRKiToScoK: shows [8c 3h] (a pair of Aces)
steelNike collected $0.48 from pot
MaRKiToScoK collected $0.47 from pot
*** SECOND SHOW DOWN ***
steelNike: shows [8h 2h] (a pair of Queens)
MaRKiToScoK: shows [8c 3h] (a pair of Queens)
steelNike collected $0.48 from pot
MaRKiToScoK collected $0.47 from pot
*** SUMMARY ***
Total pot $2 | Rake $0.10 
Hand was run twice
FIRST Board [4s Th 9s Ad Ah]
SECOND Board [Ks Qd Qs 6d 7h]
Seat 5: XneferX
Seat 6: Joe_Carlos
Seat 1: valmble (button) folded before Flop (didn't bet)
Seat 2: steelNike (small blind) showed [8h 2h] and won ($0.48) with a pair of Aces, and won ($0.48) with a pair of Queens
Seat 3: MaRKiToScoK (big blind) showed [8c 3h] and won ($0.47) with a pair of Aces, and won ($0.47) with a pair of Queens



PokerStars Hand #254272793826:  Hold'em No Limit ($0.50/$1.00 USD) - 2025/01/08 1:57:57 WET [2025/01/08 20:57:57 ET]
Table 'Tabora II' 6-max Seat #2 is the button
Seat 1: valmble ($18.05 in chips) is sitting out
Seat 2: steelNike ($10 in chips) 
Seat 3: MaRKiToScoK ($99.94 in chips) 
Seat 5: XneferX ($100 in chips) 
Seat 6: Joe_Carlos ($60 in chips) 
MaRKiToScoK: posts small blind $0.50
XneferX: posts big blind $1
*** HOLE CARDS ***
Joe_Carlos has timed out
Joe_Carlos: folds 
steelNike: folds 
valmble leaves the table
MaRKiToScoK: raises $2 to $3
XneferX: folds 
Uncalled bet ($2) returned to MaRKiToScoK
MaRKiToScoK collected $2 from pot
*** SUMMARY ***
Total pot $2 | Rake $0 
Seat 1: valmble
Seat 2: steelNike (button) folded before Flop (didn't bet)
Seat 3: MaRKiToScoK (small blind) collected ($2)
Seat 5: XneferX (big blind) folded before Flop
Seat 6: Joe_Carlos folded before Flop (didn't bet)



PokerStars Hand #254272798457:  Hold'em No Limit ($0.50/$1.00 USD) - 2025/01/08 1:58:32 WET [2025/01/08 20:58:32 ET]
Table 'Tabora II' 6-max Seat #3 is the button
Seat 2: steelNike ($10 in chips) 
Seat 3: MaRKiToScoK ($100.94 in chips) 
Seat 5: XneferX ($100 in chips) 
Seat 6: Joe_Carlos ($60 in chips) 
XneferX: posts small blind $0.50
Joe_Carlos: posts big blind $1
*** HOLE CARDS ***
steelNike: folds 
MaRKiToScoK: folds 
XneferX: folds 
Uncalled bet ($0.50) returned to Joe_Carlos
Joe_Carlos collected $1 from pot
Joe_Carlos: doesn't show hand 
*** SUMMARY ***
Total pot $1 | Rake $0 
Seat 2: steelNike folded before Flop (didn't bet)
Seat 3: MaRKiToScoK (button) folded before Flop (didn't bet)
Seat 5: XneferX (small blind) folded before Flop
Seat 6: Joe_Carlos (big blind) collected ($1)



PokerStars Hand #254272800836:  Hold'em No Limit ($0.50/$1.00 USD) - 2025/01/08 1:58:50 WET [2025/01/08 20:58:50 ET]
Table 'Tabora II' 6-max Seat #5 is the button
Seat 2: steelNike ($10 in chips) 
Seat 3: MaRKiToScoK ($100.94 in chips) 
Seat 5: XneferX ($100 in chips) 
Seat 6: Joe_Carlos ($60.50 in chips) 
Joe_Carlos: posts small blind $0.50
steelNike: posts big blind $1
*** HOLE CARDS ***
MaRKiToScoK: raises $1.30 to $2.30
XneferX: folds 
Xenicide joins the table at seat #1 
Joe_Carlos: calls $1.80
steelNike: folds 
*** FLOP *** [5c Jd Ac]
Joe_Carlos: checks 
MaRKiToScoK: checks 
*** TURN *** [5c Jd Ac] [7s]
Joe_Carlos: bets $3.99
MaRKiToScoK: folds 
Uncalled bet ($3.99) returned to Joe_Carlos
Joe_Carlos collected $5.32 from pot
Joe_Carlos: doesn't show hand 
*** SUMMARY ***
Total pot $5.60 | Rake $0.28 
Board [5c Jd Ac 7s]
Seat 2: steelNike (big blind) folded before Flop
Seat 3: MaRKiToScoK folded on the Turn
Seat 5: XneferX (button) folded before Flop (didn't bet)
Seat 6: Joe_Carlos (small blind) collected ($5.32)



PokerStars Hand #254272809108:  Hold'em No Limit ($0.50/$1.00 USD) - 2025/01/08 1:59:52 WET [2025/01/08 20:59:52 ET]
Table 'Tabora II' 6-max Seat #6 is the button
Seat 1: Xenicide ($100 in chips) is sitting out
Seat 2: steelNike ($9 in chips) 
Seat 3: MaRKiToScoK ($98.64 in chips) 
Seat 5: XneferX ($100 in chips) 
Seat 6: Joe_Carlos ($63.52 in chips) 
steelNike: posts small blind $0.50
MaRKiToScoK: posts big blind $1
*** HOLE CARDS ***
XneferX: folds 
Joe_Carlos: folds 
steelNike: raises $8 to $9 and is all-in
MaRKiToScoK: folds 
Uncalled bet ($8) returned to steelNike
steelNike collected $2 from pot
*** SUMMARY ***
Total pot $2 | Rake $0 
Seat 1: Xenicide
Seat 2: steelNike (small blind) collected ($2)
Seat 3: MaRKiToScoK (big blind) folded before Flop
Seat 5: XneferX folded before Flop (didn't bet)
Seat 6: Joe_Carlos (button) folded before Flop (didn't bet)



PokerStars Hand #254272811994:  Hold'em No Limit ($0.50/$1.00 USD) - 2025/01/08 2:00:13 WET [2025/01/08 21:00:13 ET]
Table 'Tabora II' 6-max Seat #2 is the button
Seat 1: Xenicide ($100 in chips) is sitting out
Seat 2: steelNike ($10 in chips) 
Seat 3: MaRKiToScoK ($97.64 in chips) 
Seat 5: XneferX ($100 in chips) 
Seat 6: Joe_Carlos ($63.52 in chips) 
MaRKiToScoK: posts small blind $0.50
XneferX: posts big blind $1
Xenicide: sits out 
*** HOLE CARDS ***
Joe_Carlos: raises $1.50 to $2.50
steelNike: folds 
MaRKiToScoK: folds 
XneferX: folds 
Uncalled bet ($1.50) returned to Joe_Carlos
Joe_Carlos collected $2.50 from pot
Joe_Carlos: doesn't show hand 
*** SUMMARY ***
Total pot $2.50 | Rake $0 
Seat 1: Xenicide
Seat 2: steelNike (button) folded before Flop (didn't bet)
Seat 3: MaRKiToScoK (small blind) folded before Flop
Seat 5: XneferX (big blind) folded before Flop
Seat 6: Joe_Carlos collected ($2.50)



PokerStars Hand #254272815030:  Hold'em No Limit ($0.50/$1.00 USD) - 2025/01/08 2:00:34 WET [2025/01/08 21:00:34 ET]
Table 'Tabora II' 6-max Seat #3 is the button
Seat 1: Xenicide ($100 in chips) is sitting out
Seat 2: steelNike ($10 in chips) 
Seat 3: MaRKiToScoK ($97.14 in chips) 
Seat 5: XneferX ($100 in chips) 
Seat 6: Joe_Carlos ($65.02 in chips) 
XneferX: posts small blind $0.50
Joe_Carlos: posts big blind $1
Xenicide: sits out 
*** HOLE CARDS ***
steelNike: folds 
MaRKiToScoK: folds 
XneferX: raises $1.90 to $2.90
Joe_Carlos: folds 
Uncalled bet ($1.90) returned to XneferX
XneferX collected $2 from pot
XneferX: doesn't show hand 
*** SUMMARY ***
Total pot $2 | Rake $0 
Seat 1: Xenicide
Seat 2: steelNike folded before Flop (didn't bet)
Seat 3: MaRKiToScoK (button) folded before Flop (didn't bet)
Seat 5: XneferX (small blind) collected ($2)
Seat 6: Joe_Carlos (big blind) folded before Flop



PokerStars Hand #254272817978:  Hold'em No Limit ($0.50/$1.00 USD) - 2025/01/08 2:00:53 WET [2025/01/08 21:00:53 ET]
Table 'Tabora II' 6-max Seat #5 is the button
Seat 1: Xenicide ($100 in chips) 
Seat 2: steelNike ($10 in chips) 
Seat 3: MaRKiToScoK ($97.14 in chips) 
Seat 5: XneferX ($101 in chips) 
Seat 6: Joe_Carlos ($64.02 in chips) 
Joe_Carlos: posts small blind $0.50
Xenicide: posts big blind $1
*** HOLE CARDS ***
steelNike: folds 
MaRKiToScoK: folds 
XneferX: folds 
Joe_Carlos: raises $2 to $3
Xenicide: raises $6 to $9
Joe_Carlos: calls $6
*** FLOP *** [9s 6h 3d]
Joe_Carlos: checks 
Xenicide: checks 
*** TURN *** [9s 6h 3d] [5d]
Joe_Carlos: bets $12.83
Xenicide: calls $12.83
*** RIVER *** [9s 6h 3d 5d] [2h]
Joe_Carlos: checks 
Xenicide: bets $78.17 and is all-in
Joe_Carlos: folds 
Uncalled bet ($78.17) returned to Xenicide
Xenicide collected $41.48 from pot
*** SUMMARY ***
Total pot $43.66 | Rake $2.18 
Board [9s 6h 3d 5d 2h]
Seat 1: Xenicide (big blind) collected ($41.48)
Seat 2: steelNike folded before Flop (didn't bet)
Seat 3: MaRKiToScoK folded before Flop (didn't bet)
Seat 5: XneferX (button) folded before Flop (didn't bet)
Seat 6: Joe_Carlos (small blind) folded on the River



PokerStars Hand #254272836038:  Hold'em No Limit ($0.50/$1.00 USD) - 2025/01/08 2:02:42 WET [2025/01/08 21:02:42 ET]
Table 'Tabora II' 6-max Seat #6 is the button
Seat 1: Xenicide ($119.65 in chips) 
Seat 2: steelNike ($10 in chips) 
Seat 3: MaRKiToScoK ($97.14 in chips) 
Seat 5: XneferX ($101 in chips) 
Seat 6: Joe_Carlos ($42.19 in chips) 
Xenicide: posts small blind $0.50
steelNike: posts big blind $1
*** HOLE CARDS ***
MaRKiToScoK: folds 
XneferX: folds 
Joe_Carlos: folds 
Xenicide: folds 
Uncalled bet ($0.50) returned to steelNike
steelNike collected $1 from pot
*** SUMMARY ***
Total pot $1 | Rake $0 
Seat 1: Xenicide (small blind) folded before Flop
Seat 2: steelNike (big blind) collected ($1)
Seat 3: MaRKiToScoK folded before Flop (didn't bet)
Seat 5: XneferX folded before Flop (didn't bet)
Seat 6: Joe_Carlos (button) folded before Flop (didn't bet)



PokerStars Hand #254272838675:  Hold'em No Limit ($0.50/$1.00 USD) - 2025/01/08 2:02:58 WET [2025/01/08 21:02:58 ET]
Table 'Tabora II' 6-max Seat #1 is the button
Seat 1: Xenicide ($119.15 in chips) 
Seat 2: steelNike ($10.50 in chips) 
Seat 3: MaRKiToScoK ($97.14 in chips) 
Seat 5: XneferX ($101 in chips) 
Seat 6: Joe_Carlos ($42.19 in chips) 
steelNike: posts small blind $0.50
MaRKiToScoK: posts big blind $1
*** HOLE CARDS ***
XneferX: raises $1.20 to $2.20
Joe_Carlos: folds 
Xenicide: folds 
steelNike: folds 
MaRKiToScoK: calls $1.20
*** FLOP *** [7h Td 6h]
MaRKiToScoK: checks 
XneferX: bets $3.59
MaRKiToScoK: folds 
Uncalled bet ($3.59) returned to XneferX
XneferX collected $4.66 from pot
XneferX: doesn't show hand 
*** SUMMARY ***
Total pot $4.90 | Rake $0.24 
Board [7h Td 6h]
Seat 1: Xenicide (button) folded before Flop (didn't bet)
Seat 2: steelNike (small blind) folded before Flop
Seat 3: MaRKiToScoK (big blind) folded on the Flop
Seat 5: XneferX collected ($4.66)
Seat 6: Joe_Carlos folded before Flop (didn't bet)



PokerStars Hand #254272847791:  Hold'em No Limit ($0.50/$1.00 USD) - 2025/01/08 2:03:52 WET [2025/01/08 21:03:52 ET]
Table 'Tabora II' 6-max Seat #2 is the button
Seat 1: Xenicide ($119.15 in chips) 
Seat 2: steelNike ($10 in chips) 
Seat 3: MaRKiToScoK ($94.94 in chips) 
Seat 5: XneferX ($103.46 in chips) 
Seat 6: Joe_Carlos ($42.19 in chips) 
MaRKiToScoK: posts small blind $0.50
XneferX: posts big blind $1
*** HOLE CARDS ***
Joe_Carlos: folds 
Xenicide: folds 
steelNike: folds 
MaRKiToScoK: folds 
Uncalled bet ($0.50) returned to XneferX
XneferX collected $1 from pot
XneferX: doesn't show hand 
*** SUMMARY ***
Total pot $1 | Rake $0 
Seat 1: Xenicide folded before Flop (didn't bet)
Seat 2: steelNike (button) folded before Flop (didn't bet)
Seat 3: MaRKiToScoK (small blind) folded before Flop
Seat 5: XneferX (big blind) collected ($1)
Seat 6: Joe_Carlos folded before Flop (didn't bet)



PokerStars Hand #254272850734:  Hold'em No Limit ($0.50/$1.00 USD) - 2025/01/08 2:04:10 WET [2025/01/08 21:04:10 ET]
Table 'Tabora II' 6-max Seat #3 is the button
Seat 1: Xenicide ($119.15 in chips) 
Seat 2: steelNike ($10 in chips) 
Seat 3: MaRKiToScoK ($94.44 in chips) 
Seat 5: XneferX ($103.96 in chips) 
Seat 6: Joe_Carlos ($42.19 in chips) 
XneferX: posts small blind $0.50
Joe_Carlos: posts big blind $1
*** HOLE CARDS ***
Xenicide: raises $1 to $2
steelNike: folds 
MaRKiToScoK: folds 
XneferX: folds 
Joe_Carlos: folds 
Uncalled bet ($1) returned to Xenicide
Xenicide collected $2.50 from pot
*** SUMMARY ***
Total pot $2.50 | Rake $0 
Seat 1: Xenicide collected ($2.50)
Seat 2: steelNike folded before Flop (didn't bet)
Seat 3: MaRKiToScoK (button) folded before Flop (didn't bet)
Seat 5: XneferX (small blind) folded before Flop
Seat 6: Joe_Carlos (big blind) folded before Flop



PokerStars Hand #254272856559:  Hold'em No Limit ($0.50/$1.00 USD) - 2025/01/08 2:04:44 WET [2025/01/08 21:04:44 ET]
Table 'Tabora II' 6-max Seat #5 is the button
Seat 1: Xenicide ($120.65 in chips) 
Seat 2: steelNike ($10 in chips) 
Seat 3: MaRKiToScoK ($94.44 in chips) 
Seat 5: XneferX ($103.46 in chips) 
Seat 6: Joe_Carlos ($41.19 in chips) 
Joe_Carlos: posts small blind $0.50
Xenicide: posts big blind $1
*** HOLE CARDS ***
steelNike: folds 
MaRKiToScoK: raises $1.30 to $2.30
XneferX: folds 
Joe_Carlos: folds 
Xenicide: folds 
Uncalled bet ($1.30) returned to MaRKiToScoK
MaRKiToScoK collected $2.50 from pot
*** SUMMARY ***
Total pot $2.50 | Rake $0 
Seat 1: Xenicide (big blind) folded before Flop
Seat 2: steelNike folded before Flop (didn't bet)
Seat 3: MaRKiToScoK collected ($2.50)
Seat 5: XneferX (button) folded before Flop (didn't bet)
Seat 6: Joe_Carlos (small blind) folded before Flop



PokerStars Hand #254272860936:  Hold'em No Limit ($0.50/$1.00 USD) - 2025/01/08 2:05:10 WET [2025/01/08 21:05:10 ET]
Table 'Tabora II' 6-max Seat #6 is the button
Seat 1: Xenicide ($119.65 in chips) 
Seat 2: steelNike ($10 in chips) 
Seat 3: MaRKiToScoK ($95.94 in chips) 
Seat 5: XneferX ($103.46 in chips) 
Seat 6: Joe_Carlos ($40.69 in chips) 
Xenicide: posts small blind $0.50
steelNike: posts big blind $1
*** HOLE CARDS ***
MaRKiToScoK: folds 
XneferX: raises $1.20 to $2.20
Joe_Carlos: calls $2.20
Xenicide: folds 
steelNike: raises $7.80 to $10 and is all-in
XneferX: folds 
Joe_Carlos: calls $7.80
*** FLOP *** [3h Ac 8c]
*** TURN *** [3h Ac 8c] [3c]
*** RIVER *** [3h Ac 8c 3c] [Qh]
*** SHOW DOWN ***
steelNike: shows [9h Ah] (two pair, Aces and Threes)
Joe_Carlos: shows [8s 7s] (two pair, Eights and Threes)
steelNike collected $21.56 from pot
*** SUMMARY ***
Total pot $22.70 | Rake $1.14 
Board [3h Ac 8c 3c Qh]
Seat 1: Xenicide (small blind) folded before Flop
Seat 2: steelNike (big blind) showed [9h Ah] and won ($21.56) with two pair, Aces and Threes
Seat 3: MaRKiToScoK folded before Flop (didn't bet)
Seat 5: XneferX folded before Flop
Seat 6: Joe_Carlos (button) showed [8s 7s] and lost with two pair, Eights and Threes



PokerStars Hand #254272871895:  Hold'em No Limit ($0.50/$1.00 USD) - 2025/01/08 2:06:16 WET [2025/01/08 21:06:16 ET]
Table 'Tabora II' 6-max Seat #1 is the button
Seat 1: Xenicide ($119.15 in chips) 
Seat 2: steelNike ($21.56 in chips) 
Seat 3: MaRKiToScoK ($95.94 in chips) 
Seat 5: XneferX ($101.26 in chips) 
Seat 6: Joe_Carlos ($30.69 in chips) 
steelNike: posts small blind $0.50
MaRKiToScoK: posts big blind $1
*** HOLE CARDS ***
XneferX: folds 
Joe_Carlos: folds 
Xenicide: folds 
steelNike: folds 
Uncalled bet ($0.50) returned to MaRKiToScoK
MaRKiToScoK collected $1 from pot
*** SUMMARY ***
Total pot $1 | Rake $0 
Seat 1: Xenicide (button) folded before Flop (didn't bet)
Seat 2: steelNike (small blind) folded before Flop
Seat 3: MaRKiToScoK (big blind) collected ($1)
Seat 5: XneferX folded before Flop (didn't bet)
Seat 6: Joe_Carlos folded before Flop (didn't bet)



PokerStars Hand #254272874566:  Hold'em No Limit ($0.50/$1.00 USD) - 2025/01/08 2:06:32 WET [2025/01/08 21:06:32 ET]
Table 'Tabora II' 6-max Seat #2 is the button
Seat 1: Xenicide ($119.15 in chips) 
Seat 2: steelNike ($21.06 in chips) 
Seat 3: MaRKiToScoK ($96.44 in chips) 
Seat 5: XneferX ($101.26 in chips) 
Seat 6: Joe_Carlos ($30.69 in chips) 
MaRKiToScoK: posts small blind $0.50
XneferX: posts big blind $1
*** HOLE CARDS ***
Joe_Carlos: folds 
Xenicide: folds 
steelNike: folds 
MaRKiToScoK: folds 
Uncalled bet ($0.50) returned to XneferX
XneferX collected $1 from pot
XneferX: doesn't show hand 
*** SUMMARY ***
Total pot $1 | Rake $0 
Seat 1: Xenicide folded before Flop (didn't bet)
Seat 2: steelNike (button) folded before Flop (didn't bet)
Seat 3: MaRKiToScoK (small blind) folded before Flop
Seat 5: XneferX (big blind) collected ($1)
Seat 6: Joe_Carlos folded before Flop (didn't bet)



PokerStars Hand #254272876854:  Hold'em No Limit ($0.50/$1.00 USD) - 2025/01/08 2:06:45 WET [2025/01/08 21:06:45 ET]
Table 'Tabora II' 6-max Seat #3 is the button
Seat 1: Xenicide ($119.15 in chips) 
Seat 2: steelNike ($21.06 in chips) 
Seat 3: MaRKiToScoK ($95.94 in chips) 
Seat 5: XneferX ($101.76 in chips) 
Seat 6: Joe_Carlos ($30.69 in chips) 
XneferX: posts small blind $0.50
Joe_Carlos: posts big blind $1
*** HOLE CARDS ***
Xenicide: raises $1 to $2
steelNike: folds 
MaRKiToScoK: folds 
XneferX: folds 
Joe_Carlos: calls $1
*** FLOP *** [Kd 9s 8s]
Joe_Carlos: checks 
Xenicide: bets $1.33
Joe_Carlos: folds 
Uncalled bet ($1.33) returned to Xenicide
Xenicide collected $4.28 from pot
*** SUMMARY ***
Total pot $4.50 | Rake $0.22 
Board [Kd 9s 8s]
Seat 1: Xenicide collected ($4.28)
Seat 2: steelNike folded before Flop (didn't bet)
Seat 3: MaRKiToScoK (button) folded before Flop (didn't bet)
Seat 5: XneferX (small blind) folded before Flop
Seat 6: Joe_Carlos (big blind) folded on the Flop



PokerStars Hand #254272884325:  Hold'em No Limit ($0.50/$1.00 USD) - 2025/01/08 2:07:30 WET [2025/01/08 21:07:30 ET]
Table 'Tabora II' 6-max Seat #5 is the button
Seat 1: Xenicide ($121.43 in chips) 
Seat 2: steelNike ($21.06 in chips) 
Seat 3: MaRKiToScoK ($95.94 in chips) 
Seat 5: XneferX ($101.26 in chips) 
Seat 6: Joe_Carlos ($28.69 in chips) 
Joe_Carlos: posts small blind $0.50
Xenicide: posts big blind $1
*** HOLE CARDS ***
steelNike: folds 
MaRKiToScoK: raises $1.30 to $2.30
XneferX: folds 
Joe_Carlos: folds 
Xenicide: folds 
Uncalled bet ($1.30) returned to MaRKiToScoK
MaRKiToScoK collected $2.50 from pot
*** SUMMARY ***
Total pot $2.50 | Rake $0 
Seat 1: Xenicide (big blind) folded before Flop
Seat 2: steelNike folded before Flop (didn't bet)
Seat 3: MaRKiToScoK collected ($2.50)
Seat 5: XneferX (button) folded before Flop (didn't bet)
Seat 6: Joe_Carlos (small blind) folded before Flop



PokerStars Hand #254272888400:  Hold'em No Limit ($0.50/$1.00 USD) - 2025/01/08 2:07:54 WET [2025/01/08 21:07:54 ET]
Table 'Tabora II' 6-max Seat #6 is the button
Seat 1: Xenicide ($120.43 in chips) 
Seat 2: steelNike ($21.06 in chips) 
Seat 3: MaRKiToScoK ($97.44 in chips) 
Seat 5: XneferX ($101.26 in chips) 
Seat 6: Joe_Carlos ($28.19 in chips) 
Xenicide: posts small blind $0.50
steelNike: posts big blind $1
*** HOLE CARDS ***
MaRKiToScoK: folds 
XneferX: folds 
Joe_Carlos: raises $1.50 to $2.50
Xenicide: folds 
steelNike: folds 
Uncalled bet ($1.50) returned to Joe_Carlos
Joe_Carlos collected $2.50 from pot
Joe_Carlos: doesn't show hand 
*** SUMMARY ***
Total pot $2.50 | Rake $0 
Seat 1: Xenicide (small blind) folded before Flop
Seat 2: steelNike (big blind) folded before Flop
Seat 3: MaRKiToScoK folded before Flop (didn't bet)
Seat 5: XneferX folded before Flop (didn't bet)
Seat 6: Joe_Carlos (button) collected ($2.50)



PokerStars Hand #254272894701:  Hold'em No Limit ($0.50/$1.00 USD) - 2025/01/08 2:08:32 WET [2025/01/08 21:08:32 ET]
Table 'Tabora II' 6-max Seat #1 is the button
Seat 1: Xenicide ($119.93 in chips) 
Seat 2: steelNike ($20.06 in chips) 
Seat 3: MaRKiToScoK ($97.44 in chips) 
Seat 5: XneferX ($101.26 in chips) 
Seat 6: Joe_Carlos ($29.69 in chips) 
steelNike: posts small blind $0.50
MaRKiToScoK: posts big blind $1
*** HOLE CARDS ***
XneferX: folds 
Joe_Carlos: folds 
Xenicide: raises $1.25 to $2.25
steelNike: folds 
MaRKiToScoK: raises $10.25 to $12.50
Xenicide: calls $10.25
*** FLOP *** [9d Qs 5c]
MaRKiToScoK: checks 
Xenicide: checks 
*** TURN *** [9d Qs 5c] [4s]
MaRKiToScoK: checks 
Joe_Carlos leaves the table
Xenicide: checks 
*** RIVER *** [9d Qs 5c 4s] [Kd]
MaRKiToScoK: checks 
Xenicide: checks 
*** SHOW DOWN ***
MaRKiToScoK: shows [9s 7s] (a pair of Nines)
Xenicide: mucks hand 
MaRKiToScoK collected $24.22 from pot
*** SUMMARY ***
Total pot $25.50 | Rake $1.28 
Board [9d Qs 5c 4s Kd]
Seat 1: Xenicide (button) mucked
Seat 2: steelNike (small blind) folded before Flop
Seat 3: MaRKiToScoK (big blind) showed [9s 7s] and won ($24.22) with a pair of Nines
Seat 5: XneferX folded before Flop (didn't bet)
Seat 6: Joe_Carlos folded before Flop (didn't bet)



PokerStars Hand #254272906870:  Hold'em No Limit ($0.50/$1.00 USD) - 2025/01/08 2:09:44 WET [2025/01/08 21:09:44 ET]
Table 'Tabora II' 6-max Seat #2 is the button
Seat 1: Xenicide ($107.43 in chips) 
Seat 2: steelNike ($19.56 in chips) 
Seat 3: MaRKiToScoK ($109.16 in chips) 
Seat 5: XneferX ($101.26 in chips) 
MaRKiToScoK: posts small blind $0.50
XneferX: posts big blind $1
*** HOLE CARDS ***
Xenicide: folds 
steelNike: folds 
MaRKiToScoK: raises $2 to $3
XneferX: folds 
Uncalled bet ($2) returned to MaRKiToScoK
MaRKiToScoK collected $2 from pot
*** SUMMARY ***
Total pot $2 | Rake $0 
Seat 1: Xenicide folded before Flop (didn't bet)
Seat 2: steelNike (button) folded before Flop (didn't bet)
Seat 3: MaRKiToScoK (small blind) collected ($2)
Seat 5: XneferX (big blind) folded before Flop



PokerStars Hand #254272910158:  Hold'em No Limit ($0.50/$1.00 USD) - 2025/01/08 2:10:04 WET [2025/01/08 21:10:04 ET]
Table 'Tabora II' 6-max Seat #3 is the button
Seat 1: Xenicide ($107.43 in chips) 
Seat 2: steelNike ($19.56 in chips) 
Seat 3: MaRKiToScoK ($110.16 in chips) 
Seat 5: XneferX ($100.26 in chips) 
XneferX: posts small blind $0.50
Xenicide: posts big blind $1
*** HOLE CARDS ***
steelNike: raises $1 to $2
MaRKiToScoK: folds 
XneferX: folds 
Xenicide: calls $1
*** FLOP *** [8h 5h 4s]
Xenicide: bets $1.07
steelNike: raises $16.49 to $17.56 and is all-in
Xenicide: folds 
Uncalled bet ($16.49) returned to steelNike
steelNike collected $6.31 from pot
*** SUMMARY ***
Total pot $6.64 | Rake $0.33 
Board [8h 5h 4s]
Seat 1: Xenicide (big blind) folded on the Flop
Seat 2: steelNike collected ($6.31)
Seat 3: MaRKiToScoK (button) folded before Flop (didn't bet)
Seat 5: XneferX (small blind) folded before Flop



PokerStars Hand #254272919863:  Hold'em No Limit ($0.50/$1.00 USD) - 2025/01/08 2:11:03 WET [2025/01/08 21:11:03 ET]
Table 'Tabora II' 6-max Seat #5 is the button
Seat 1: Xenicide ($104.36 in chips) 
Seat 2: steelNike ($22.80 in chips) 
Seat 3: MaRKiToScoK ($110.16 in chips) 
Seat 5: XneferX ($100 in chips) 
Xenicide: posts small blind $0.50
steelNike: posts big blind $1
*** HOLE CARDS ***
MaRKiToScoK: folds 
XneferX: raises $1.77 to $2.77
Xenicide: folds 
steelNike: folds 
Uncalled bet ($1.77) returned to XneferX
XneferX collected $2.50 from pot
XneferX: doesn't show hand 
*** SUMMARY ***
Total pot $2.50 | Rake $0 
Seat 1: Xenicide (small blind) folded before Flop
Seat 2: steelNike (big blind) folded before Flop
Seat 3: MaRKiToScoK folded before Flop (didn't bet)
Seat 5: XneferX (button) collected ($2.50)



PokerStars Hand #254272921593:  Hold'em No Limit ($0.50/$1.00 USD) - 2025/01/08 2:11:13 WET [2025/01/08 21:11:13 ET]
Table 'Tabora II' 6-max Seat #2 is the button
Seat 3: MaRKiToScoK ($110.16 in chips) is sitting out
Seat 5: XneferX ($101.50 in chips) is sitting out
Seat 1: Xenicide ($103.86 in chips) 
Seat 2: steelNike ($21.80 in chips) 
steelNike: posts small blind $0.50
MaRKiToScoK: is sitting out 
XneferX: is sitting out 
Xenicide: posts big blind $1
*** HOLE CARDS ***
steelNike: raises $1 to $2
MaRKiToScoK leaves the table
Xenicide: folds 
Uncalled bet ($1) returned to steelNike
steelNike collected $2 from pot
*** SUMMARY ***
Total pot $2 | Rake $0 
Seat 3: MaRKiToScoK
Seat 5: XneferX
Seat 1: Xenicide (big blind) folded before Flop
Seat 2: steelNike (button) (small blind) collected ($2)



PokerStars Hand #254272923670:  Hold'em No Limit ($0.50/$1.00 USD) - 2025/01/08 2:11:26 WET [2025/01/08 21:11:26 ET]
Table 'Tabora II' 6-max Seat #1 is the button
Seat 5: XneferX ($101.50 in chips) is sitting out
Seat 1: Xenicide ($102.86 in chips) 
Seat 2: steelNike ($22.80 in chips) 
Xenicide: posts small blind $0.50
steelNike: posts big blind $1
*** HOLE CARDS ***
XneferX leaves the table
Xenicide: calls $0.50
steelNike: raises $5 to $6
Xenicide: folds 
Uncalled bet ($5) returned to steelNike
steelNike collected $2 from pot
*** SUMMARY ***
Total pot $2 | Rake $0 
Seat 5: XneferX
Seat 1: Xenicide (button) (small blind) folded before Flop
Seat 2: steelNike (big blind) collected ($2)



