PokerStars Hand #254259905624:  Hold'em No Limit ($0.50/$1.00 USD) - 2025/01/08 12:37:33 WET [2025/01/08 7:37:33 ET]
Table 'Haffner II' 6-max Seat #5 is the button
Seat 1: cocha111 ($100 in chips) 
Seat 2: Twistenko ($100 in chips) 
Seat 3: Rysiff ($100 in chips) 
Seat 4: steelNike ($39 in chips) 
Seat 5: fobot21 ($102.70 in chips) 
cocha111: posts small blind $0.50
Twistenko: posts big blind $1
*** HOLE CARDS ***
Rysiff: folds 
steelNike: folds 
fobot21: folds 
cocha111: raises $1 to $2
Twistenko: calls $1
*** FLOP *** [Ah Ac 7c]
cocha111: checks 
Twistenko: bets $2
cocha111: calls $2
*** TURN *** [Ah Ac 7c] [Td]
cocha111: checks 
avlee1 joins the table at seat #6 
Twistenko: checks 
*** RIVER *** [Ah Ac 7c Td] [Tc]
cocha111: checks 
Twistenko: bets $7.50
cocha111: calls $7.50
*** SHOW DOWN ***
Twistenko: shows [Jc 2c] (a flush, Ace high)
cocha111: mucks hand 
Twistenko collected $21.85 from pot
*** SUMMARY ***
Total pot $23 | Rake $1.15 
Board [Ah Ac 7c Td Tc]
Seat 1: cocha111 (small blind) mucked
Seat 2: Twistenko (big blind) showed [Jc 2c] and won ($21.85) with a flush, Ace high
Seat 3: Rysiff folded before Flop (didn't bet)
Seat 4: steelNike folded before Flop (didn't bet)
Seat 5: fobot21 (button) folded before Flop (didn't bet)



PokerStars Hand #254259916960:  Hold'em No Limit ($0.50/$1.00 USD) - 2025/01/08 12:38:52 WET [2025/01/08 7:38:52 ET]
Table 'Haffner II' 6-max Seat #1 is the button
Seat 6: avlee1 ($100 in chips) is sitting out
Seat 1: cocha111 ($88.50 in chips) 
Seat 2: Twistenko ($110.35 in chips) 
Seat 3: Rysiff ($100 in chips) 
Seat 4: steelNike ($39 in chips) 
Seat 5: fobot21 ($102.70 in chips) 
Twistenko: posts small blind $0.50
Rysiff: posts big blind $1
avlee1: sits out 
*** HOLE CARDS ***
steelNike: folds 
fobot21: folds 
cocha111: folds 
Twistenko: raises $2 to $3
Rysiff: calls $2
*** FLOP *** [4c 6c 7d]
Twistenko: checks 
Rysiff: checks 
*** TURN *** [4c 6c 7d] [7h]
Twistenko: checks 
Rysiff: bets $4.56
Twistenko: folds 
Uncalled bet ($4.56) returned to Rysiff
Rysiff collected $5.70 from pot
Rysiff: doesn't show hand 
*** SUMMARY ***
Total pot $6 | Rake $0.30 
Board [4c 6c 7d 7h]
Seat 6: avlee1
Seat 1: cocha111 (button) folded before Flop (didn't bet)
Seat 2: Twistenko (small blind) folded on the Turn
Seat 3: Rysiff (big blind) collected ($5.70)
Seat 4: steelNike folded before Flop (didn't bet)
Seat 5: fobot21 folded before Flop (didn't bet)



PokerStars Hand #254259923470:  Hold'em No Limit ($0.50/$1.00 USD) - 2025/01/08 12:39:37 WET [2025/01/08 7:39:37 ET]
Table 'Haffner II' 6-max Seat #2 is the button
Seat 6: avlee1 ($100 in chips) is sitting out
Seat 1: cocha111 ($88.50 in chips) 
Seat 2: Twistenko ($107.35 in chips) 
Seat 3: Rysiff ($102.70 in chips) 
Seat 4: steelNike ($39 in chips) 
Seat 5: fobot21 ($102.70 in chips) 
Rysiff: posts small blind $0.50
steelNike: posts big blind $1
avlee1: sits out 
*** HOLE CARDS ***
fobot21: raises $1 to $2
cocha111: folds 
Twistenko: folds 
Rysiff: folds 
steelNike: folds 
Uncalled bet ($1) returned to fobot21
fobot21 collected $2.50 from pot
fobot21: doesn't show hand 
*** SUMMARY ***
Total pot $2.50 | Rake $0 
Seat 6: avlee1
Seat 1: cocha111 folded before Flop (didn't bet)
Seat 2: Twistenko (button) folded before Flop (didn't bet)
Seat 3: Rysiff (small blind) folded before Flop
Seat 4: steelNike (big blind) folded before Flop
Seat 5: fobot21 collected ($2.50)



PokerStars Hand #254259925850:  Hold'em No Limit ($0.50/$1.00 USD) - 2025/01/08 12:39:53 WET [2025/01/08 7:39:53 ET]
Table 'Haffner II' 6-max Seat #3 is the button
Seat 6: avlee1 ($100 in chips) is sitting out
Seat 1: cocha111 ($88.50 in chips) 
Seat 2: Twistenko ($107.35 in chips) 
Seat 3: Rysiff ($102.20 in chips) 
Seat 4: steelNike ($38 in chips) 
Seat 5: fobot21 ($104.20 in chips) 
steelNike: posts small blind $0.50
fobot21: posts big blind $1
avlee1: sits out 
*** HOLE CARDS ***
cocha111: raises $1 to $2
Twistenko: folds 
Rysiff: folds 
steelNike: raises $27.50 to $29.50
fobot21: folds 
cocha111: folds 
Uncalled bet ($27.50) returned to steelNike
steelNike collected $5 from pot
*** SUMMARY ***
Total pot $5 | Rake $0 
Seat 6: avlee1
Seat 1: cocha111 folded before Flop
Seat 2: Twistenko folded before Flop (didn't bet)
Seat 3: Rysiff (button) folded before Flop (didn't bet)
Seat 4: steelNike (small blind) collected ($5)
Seat 5: fobot21 (big blind) folded before Flop



PokerStars Hand #254259929879:  Hold'em No Limit ($0.50/$1.00 USD) - 2025/01/08 12:40:21 WET [2025/01/08 7:40:21 ET]
Table 'Haffner II' 6-max Seat #4 is the button
Seat 1: cocha111 ($86.50 in chips) 
Seat 2: Twistenko ($107.35 in chips) 
Seat 3: Rysiff ($102.20 in chips) 
Seat 4: steelNike ($41 in chips) 
Seat 5: fobot21 ($103.20 in chips) 
Seat 6: avlee1 ($100 in chips) 
fobot21: posts small blind $0.50
avlee1: posts big blind $1
*** HOLE CARDS ***
cocha111: folds 
Twistenko: folds 
Rysiff: folds 
steelNike: raises $1.30 to $2.30
fobot21: folds 
avlee1: folds 
Uncalled bet ($1.30) returned to steelNike
steelNike collected $2.50 from pot
*** SUMMARY ***
Total pot $2.50 | Rake $0 
Seat 1: cocha111 folded before Flop (didn't bet)
Seat 2: Twistenko folded before Flop (didn't bet)
Seat 3: Rysiff folded before Flop (didn't bet)
Seat 4: steelNike (button) collected ($2.50)
Seat 5: fobot21 (small blind) folded before Flop
Seat 6: avlee1 (big blind) folded before Flop



PokerStars Hand #254259932384:  Hold'em No Limit ($0.50/$1.00 USD) - 2025/01/08 12:40:38 WET [2025/01/08 7:40:38 ET]
Table 'Haffner II' 6-max Seat #5 is the button
Seat 1: cocha111 ($86.50 in chips) 
Seat 2: Twistenko ($107.35 in chips) 
Seat 3: Rysiff ($102.20 in chips) 
Seat 4: steelNike ($42.50 in chips) 
Seat 5: fobot21 ($102.70 in chips) 
Seat 6: avlee1 ($100 in chips) 
avlee1: posts small blind $0.50
cocha111: posts big blind $1
*** HOLE CARDS ***
Twistenko: folds 
Rysiff: folds 
steelNike: folds 
fobot21: folds 
avlee1: raises $2 to $3
cocha111: folds 
Uncalled bet ($2) returned to avlee1
avlee1 collected $2 from pot
avlee1: doesn't show hand 
*** SUMMARY ***
Total pot $2 | Rake $0 
Seat 1: cocha111 (big blind) folded before Flop
Seat 2: Twistenko folded before Flop (didn't bet)
Seat 3: Rysiff folded before Flop (didn't bet)
Seat 4: steelNike folded before Flop (didn't bet)
Seat 5: fobot21 (button) folded before Flop (didn't bet)
Seat 6: avlee1 (small blind) collected ($2)



PokerStars Hand #254259935489:  Hold'em No Limit ($0.50/$1.00 USD) - 2025/01/08 12:40:58 WET [2025/01/08 7:40:58 ET]
Table 'Haffner II' 6-max Seat #6 is the button
Seat 1: cocha111 ($85.50 in chips) 
Seat 2: Twistenko ($107.35 in chips) 
Seat 3: Rysiff ($102.20 in chips) 
Seat 4: steelNike ($42.50 in chips) 
Seat 5: fobot21 ($102.70 in chips) 
Seat 6: avlee1 ($101 in chips) 
cocha111: posts small blind $0.50
Twistenko: posts big blind $1
*** HOLE CARDS ***
Rysiff: raises $1.50 to $2.50
steelNike: folds 
fobot21: folds 
avlee1: folds 
cocha111: calls $2
Twistenko: calls $1.50
*** FLOP *** [As 4d 7c]
cocha111: checks 
Twistenko: bets $2.35
Rysiff: folds 
cocha111: calls $2.35
*** TURN *** [As 4d 7c] [5s]
cocha111: checks 
Twistenko: bets $17.38
cocha111: folds 
Uncalled bet ($17.38) returned to Twistenko
Twistenko collected $11.59 from pot
Twistenko: doesn't show hand 
*** SUMMARY ***
Total pot $12.20 | Rake $0.61 
Board [As 4d 7c 5s]
Seat 1: cocha111 (small blind) folded on the Turn
Seat 2: Twistenko (big blind) collected ($11.59)
Seat 3: Rysiff folded on the Flop
Seat 4: steelNike folded before Flop (didn't bet)
Seat 5: fobot21 folded before Flop (didn't bet)
Seat 6: avlee1 (button) folded before Flop (didn't bet)



PokerStars Hand #254259943621:  Hold'em No Limit ($0.50/$1.00 USD) - 2025/01/08 12:41:53 WET [2025/01/08 7:41:53 ET]
Table 'Haffner II' 6-max Seat #1 is the button
Seat 1: cocha111 ($80.65 in chips) 
Seat 2: Twistenko ($114.09 in chips) 
Seat 3: Rysiff ($100 in chips) 
Seat 4: steelNike ($42.50 in chips) 
Seat 5: fobot21 ($102.70 in chips) 
Seat 6: avlee1 ($101 in chips) 
Twistenko: posts small blind $0.50
Rysiff: posts big blind $1
*** HOLE CARDS ***
steelNike: folds 
fobot21: raises $1 to $2
avlee1: raises $4 to $6
cocha111: folds 
Twistenko: folds 
Rysiff: folds 
fobot21: folds 
Uncalled bet ($4) returned to avlee1
avlee1 collected $5.50 from pot
avlee1: doesn't show hand 
fobot21 leaves the table
*** SUMMARY ***
Total pot $5.50 | Rake $0 
Seat 1: cocha111 (button) folded before Flop (didn't bet)
Seat 2: Twistenko (small blind) folded before Flop
Seat 3: Rysiff (big blind) folded before Flop
Seat 4: steelNike folded before Flop (didn't bet)
Seat 5: fobot21 folded before Flop
Seat 6: avlee1 collected ($5.50)



PokerStars Hand #254259947001:  Hold'em No Limit ($0.50/$1.00 USD) - 2025/01/08 12:42:16 WET [2025/01/08 7:42:16 ET]
Table 'Haffner II' 6-max Seat #2 is the button
Seat 1: cocha111 ($80.65 in chips) 
Seat 2: Twistenko ($113.59 in chips) 
Seat 3: Rysiff ($100 in chips) 
Seat 4: steelNike ($42.50 in chips) 
Seat 6: avlee1 ($104.50 in chips) 
Rysiff: posts small blind $0.50
steelNike: posts big blind $1
*** HOLE CARDS ***
avlee1: folds 
cocha111: folds 
fish my nuts joins the table at seat #5 
Twistenko: raises $2 to $3
Rysiff: folds 
steelNike: folds 
Uncalled bet ($2) returned to Twistenko
Twistenko collected $2.50 from pot
Twistenko: doesn't show hand 
*** SUMMARY ***
Total pot $2.50 | Rake $0 
Seat 1: cocha111 folded before Flop (didn't bet)
Seat 2: Twistenko (button) collected ($2.50)
Seat 3: Rysiff (small blind) folded before Flop
Seat 4: steelNike (big blind) folded before Flop
Seat 6: avlee1 folded before Flop (didn't bet)



PokerStars Hand #254259951497:  Hold'em No Limit ($0.50/$1.00 USD) - 2025/01/08 12:42:46 WET [2025/01/08 7:42:46 ET]
Table 'Haffner II' 6-max Seat #3 is the button
Seat 1: cocha111 ($80.65 in chips) 
Seat 2: Twistenko ($115.09 in chips) 
Seat 3: Rysiff ($100 in chips) 
Seat 4: steelNike ($41.50 in chips) 
Seat 5: fish my nuts ($100 in chips) 
Seat 6: avlee1 ($104.50 in chips) 
steelNike: posts small blind $0.50
fish my nuts: posts big blind $1
*** HOLE CARDS ***
avlee1: folds 
cocha111: folds 
Twistenko: raises $1.50 to $2.50
Rysiff: folds 
steelNike: folds 
fish my nuts: calls $1.50
*** FLOP *** [Th As 3s]
fish my nuts: checks 
Twistenko: bets $1.72
fish my nuts: calls $1.72
*** TURN *** [Th As 3s] [Ks]
fish my nuts: checks 
Twistenko: bets $6.37
fish my nuts: calls $6.37
*** RIVER *** [Th As 3s Ks] [6h]
fish my nuts: checks 
Twistenko: bets $15.45
fish my nuts: calls $15.45
*** SHOW DOWN ***
Twistenko: shows [3h 3c] (three of a kind, Threes)
fish my nuts: mucks hand 
Twistenko collected $50.08 from pot
*** SUMMARY ***
Total pot $52.58 | Rake $2.50 
Board [Th As 3s Ks 6h]
Seat 1: cocha111 folded before Flop (didn't bet)
Seat 2: Twistenko showed [3h 3c] and won ($50.08) with three of a kind, Threes
Seat 3: Rysiff (button) folded before Flop (didn't bet)
Seat 4: steelNike (small blind) folded before Flop
Seat 5: fish my nuts (big blind) mucked
Seat 6: avlee1 folded before Flop (didn't bet)



PokerStars Hand #254260023480:  Hold'em No Limit ($0.50/$1.00 USD) - 2025/01/08 12:50:34 WET [2025/01/08 7:50:34 ET]
Table 'Haffner II' 6-max Seat #1 is the button
Seat 1: cocha111 ($100.78 in chips) 
Seat 2: Twistenko ($142.33 in chips) 
Seat 3: Rysiff ($201.50 in chips) 
Seat 4: Dai5dop ($100 in chips) 
Seat 5: fish my nuts ($100 in chips) 
Seat 6: avlee1 ($100 in chips) 
Twistenko: posts small blind $0.50
Rysiff: posts big blind $1
*** HOLE CARDS ***
Dai5dop: folds 
fish my nuts: folds 
avlee1: folds 
cocha111: raises $1 to $2
Twistenko: raises $8 to $10
Rysiff: folds 
cocha111: calls $8
*** FLOP *** [Js 3c Ah]
Twistenko: bets $6.58
cocha111: folds 
Uncalled bet ($6.58) returned to Twistenko
Twistenko collected $19.95 from pot
Twistenko: doesn't show hand 
*** SUMMARY ***
Total pot $21 | Rake $1.05 
Board [Js 3c Ah]
Seat 1: cocha111 (button) folded on the Flop
Seat 2: Twistenko (small blind) collected ($19.95)
Seat 3: Rysiff (big blind) folded before Flop
Seat 4: Dai5dop folded before Flop (didn't bet)
Seat 5: fish my nuts folded before Flop (didn't bet)
Seat 6: avlee1 folded before Flop (didn't bet)



PokerStars Hand #254260028845:  Hold'em No Limit ($0.50/$1.00 USD) - 2025/01/08 12:51:09 WET [2025/01/08 7:51:09 ET]
Table 'Haffner II' 6-max Seat #2 is the button
Seat 1: cocha111 ($90.78 in chips) 
Seat 2: Twistenko ($152.28 in chips) 
Seat 3: Rysiff ($200.50 in chips) 
Seat 4: Dai5dop ($100 in chips) 
Seat 5: fish my nuts ($100 in chips) 
Seat 6: avlee1 ($100 in chips) 
Rysiff: posts small blind $0.50
Dai5dop: posts big blind $1
*** HOLE CARDS ***
fish my nuts: folds 
avlee1: folds 
cocha111: raises $1 to $2
Twistenko: folds 
Rysiff: folds 
Dai5dop: calls $1
*** FLOP *** [6d Kc 8s]
Dai5dop: checks 
cocha111: bets $2.14
Dai5dop: folds 
Uncalled bet ($2.14) returned to cocha111
cocha111 collected $4.28 from pot
cocha111: doesn't show hand 
*** SUMMARY ***
Total pot $4.50 | Rake $0.22 
Board [6d Kc 8s]
Seat 1: cocha111 collected ($4.28)
Seat 2: Twistenko (button) folded before Flop (didn't bet)
Seat 3: Rysiff (small blind) folded before Flop
Seat 4: Dai5dop (big blind) folded on the Flop
Seat 5: fish my nuts folded before Flop (didn't bet)
Seat 6: avlee1 folded before Flop (didn't bet)



PokerStars Hand #254260033679:  Hold'em No Limit ($0.50/$1.00 USD) - 2025/01/08 12:51:40 WET [2025/01/08 7:51:40 ET]
Table 'Haffner II' 6-max Seat #3 is the button
Seat 1: cocha111 ($93.06 in chips) 
Seat 2: Twistenko ($152.28 in chips) 
Seat 3: Rysiff ($200 in chips) 
Seat 4: Dai5dop ($100 in chips) 
Seat 5: fish my nuts ($100 in chips) 
Seat 6: avlee1 ($100 in chips) 
Dai5dop: posts small blind $0.50
fish my nuts: posts big blind $1
*** HOLE CARDS ***
avlee1: raises $1.50 to $2.50
cocha111: calls $2.50
Twistenko: folds 
Rysiff: folds 
Dai5dop: folds 
fish my nuts: calls $1.50
*** FLOP *** [6d 6h Qd]
fish my nuts: checks 
avlee1: checks 
cocha111: bets $7.60
fish my nuts: folds 
avlee1: folds 
Uncalled bet ($7.60) returned to cocha111
cocha111 collected $7.60 from pot
cocha111: doesn't show hand 
*** SUMMARY ***
Total pot $8 | Rake $0.40 
Board [6d 6h Qd]
Seat 1: cocha111 collected ($7.60)
Seat 2: Twistenko folded before Flop (didn't bet)
Seat 3: Rysiff (button) folded before Flop (didn't bet)
Seat 4: Dai5dop (small blind) folded before Flop
Seat 5: fish my nuts (big blind) folded on the Flop
Seat 6: avlee1 folded on the Flop



PokerStars Hand #254260040685:  Hold'em No Limit ($0.50/$1.00 USD) - 2025/01/08 12:52:25 WET [2025/01/08 7:52:25 ET]
Table 'Haffner II' 6-max Seat #4 is the button
Seat 1: cocha111 ($98.16 in chips) 
Seat 2: Twistenko ($152.28 in chips) 
Seat 3: Rysiff ($200 in chips) 
Seat 4: Dai5dop ($100 in chips) 
Seat 5: fish my nuts ($100 in chips) 
Seat 6: avlee1 ($100 in chips) 
fish my nuts: posts small blind $0.50
avlee1: posts big blind $1
*** HOLE CARDS ***
cocha111: folds 
Twistenko: folds 
Rysiff: folds 
Dai5dop: folds 
fish my nuts: raises $1.80 to $2.80
avlee1: folds 
Uncalled bet ($1.80) returned to fish my nuts
fish my nuts collected $2 from pot
fish my nuts: doesn't show hand 
*** SUMMARY ***
Total pot $2 | Rake $0 
Seat 1: cocha111 folded before Flop (didn't bet)
Seat 2: Twistenko folded before Flop (didn't bet)
Seat 3: Rysiff folded before Flop (didn't bet)
Seat 4: Dai5dop (button) folded before Flop (didn't bet)
Seat 5: fish my nuts (small blind) collected ($2)
Seat 6: avlee1 (big blind) folded before Flop



PokerStars Hand #254260043590:  Hold'em No Limit ($0.50/$1.00 USD) - 2025/01/08 12:52:44 WET [2025/01/08 7:52:44 ET]
Table 'Haffner II' 6-max Seat #5 is the button
Seat 1: cocha111 ($98.16 in chips) 
Seat 2: Twistenko ($152.28 in chips) 
Seat 3: Rysiff ($200 in chips) 
Seat 4: Dai5dop ($100 in chips) 
Seat 5: fish my nuts ($101 in chips) 
Seat 6: avlee1 ($100 in chips) 
avlee1: posts small blind $0.50
cocha111: posts big blind $1
*** HOLE CARDS ***
Twistenko: folds 
Rysiff: folds 
Dai5dop: folds 
fish my nuts: raises $1.30 to $2.30
avlee1: folds 
cocha111: calls $1.30
*** FLOP *** [2c 9s 6d]
cocha111: checks 
fish my nuts: bets $1.21
cocha111: calls $1.21
*** TURN *** [2c 9s 6d] [4d]
cocha111: checks 
fish my nuts: checks 
*** RIVER *** [2c 9s 6d 4d] [8s]
cocha111: checks 
fish my nuts: bets $11.07
cocha111: folds 
Uncalled bet ($11.07) returned to fish my nuts
fish my nuts collected $7.14 from pot
fish my nuts: doesn't show hand 
*** SUMMARY ***
Total pot $7.52 | Rake $0.38 
Board [2c 9s 6d 4d 8s]
Seat 1: cocha111 (big blind) folded on the River
Seat 2: Twistenko folded before Flop (didn't bet)
Seat 3: Rysiff folded before Flop (didn't bet)
Seat 4: Dai5dop folded before Flop (didn't bet)
Seat 5: fish my nuts (button) collected ($7.14)
Seat 6: avlee1 (small blind) folded before Flop



PokerStars Hand #254260051205:  Hold'em No Limit ($0.50/$1.00 USD) - 2025/01/08 12:53:33 WET [2025/01/08 7:53:33 ET]
Table 'Haffner II' 6-max Seat #6 is the button
Seat 1: cocha111 ($94.65 in chips) 
Seat 2: Twistenko ($152.28 in chips) 
Seat 3: Rysiff ($200 in chips) 
Seat 4: Dai5dop ($100 in chips) 
Seat 5: fish my nuts ($104.63 in chips) 
Seat 6: avlee1 ($100 in chips) 
cocha111: posts small blind $0.50
Twistenko: posts big blind $1
*** HOLE CARDS ***
Rysiff: folds 
Dai5dop: raises $1.20 to $2.20
fish my nuts: folds 
avlee1: folds 
cocha111: raises $2.20 to $4.40
Twistenko: folds 
Dai5dop: calls $2.20
*** FLOP *** [4s 6d 8h]
cocha111: bets $9.31
Dai5dop: folds 
Uncalled bet ($9.31) returned to cocha111
cocha111 collected $9.31 from pot
cocha111: doesn't show hand 
*** SUMMARY ***
Total pot $9.80 | Rake $0.49 
Board [4s 6d 8h]
Seat 1: cocha111 (small blind) collected ($9.31)
Seat 2: Twistenko (big blind) folded before Flop
Seat 3: Rysiff folded before Flop (didn't bet)
Seat 4: Dai5dop folded on the Flop
Seat 5: fish my nuts folded before Flop (didn't bet)
Seat 6: avlee1 (button) folded before Flop (didn't bet)



PokerStars Hand #254260057700:  Hold'em No Limit ($0.50/$1.00 USD) - 2025/01/08 12:54:14 WET [2025/01/08 7:54:14 ET]
Table 'Haffner II' 6-max Seat #1 is the button
Seat 1: cocha111 ($99.56 in chips) 
Seat 2: Twistenko ($151.28 in chips) 
Seat 3: Rysiff ($200 in chips) 
Seat 4: Dai5dop ($100 in chips) 
Seat 5: fish my nuts ($104.63 in chips) 
Seat 6: avlee1 ($100 in chips) 
Twistenko: posts small blind $0.50
Rysiff: posts big blind $1
*** HOLE CARDS ***
Dai5dop: folds 
fish my nuts: folds 
avlee1: folds 
cocha111: raises $1 to $2
Twistenko: folds 
Rysiff: folds 
Uncalled bet ($1) returned to cocha111
cocha111 collected $2.50 from pot
cocha111: doesn't show hand 
*** SUMMARY ***
Total pot $2.50 | Rake $0 
Seat 1: cocha111 (button) collected ($2.50)
Seat 2: Twistenko (small blind) folded before Flop
Seat 3: Rysiff (big blind) folded before Flop
Seat 4: Dai5dop folded before Flop (didn't bet)
Seat 5: fish my nuts folded before Flop (didn't bet)
Seat 6: avlee1 folded before Flop (didn't bet)



PokerStars Hand #254260060474:  Hold'em No Limit ($0.50/$1.00 USD) - 2025/01/08 12:54:32 WET [2025/01/08 7:54:32 ET]
Table 'Haffner II' 6-max Seat #2 is the button
Seat 1: cocha111 ($101.06 in chips) 
Seat 2: Twistenko ($150.78 in chips) 
Seat 3: Rysiff ($199 in chips) 
Seat 4: Dai5dop ($100 in chips) 
Seat 5: fish my nuts ($104.63 in chips) 
Seat 6: avlee1 ($100 in chips) 
Rysiff: posts small blind $0.50
Dai5dop: posts big blind $1
*** HOLE CARDS ***
fish my nuts: folds 
avlee1: folds 
cocha111: folds 
Twistenko: folds 
Rysiff: raises $2 to $3
Dai5dop: calls $2
*** FLOP *** [5c 7c 9s]
Rysiff: checks 
Dai5dop: bets $1.71
Rysiff: calls $1.71
*** TURN *** [5c 7c 9s] [Kd]
Rysiff: checks 
Dai5dop: bets $11.64
Rysiff: calls $11.64
*** RIVER *** [5c 7c 9s Kd] [2s]
Rysiff: bets $10.25
Dai5dop: folds 
Uncalled bet ($10.25) returned to Rysiff
Rysiff collected $31.06 from pot
Rysiff: doesn't show hand 
*** SUMMARY ***
Total pot $32.70 | Rake $1.64 
Board [5c 7c 9s Kd 2s]
Seat 1: cocha111 folded before Flop (didn't bet)
Seat 2: Twistenko (button) folded before Flop (didn't bet)
Seat 3: Rysiff (small blind) collected ($31.06)
Seat 4: Dai5dop (big blind) folded on the River
Seat 5: fish my nuts folded before Flop (didn't bet)
Seat 6: avlee1 folded before Flop (didn't bet)



PokerStars Hand #254260071775:  Hold'em No Limit ($0.50/$1.00 USD) - 2025/01/08 12:55:53 WET [2025/01/08 7:55:53 ET]
Table 'Haffner II' 6-max Seat #3 is the button
Seat 1: cocha111 ($101.06 in chips) 
Seat 2: Twistenko ($150.78 in chips) 
Seat 3: Rysiff ($213.71 in chips) 
Seat 4: Dai5dop ($100 in chips) 
Seat 5: fish my nuts ($104.63 in chips) 
Seat 6: avlee1 ($100 in chips) 
Dai5dop: posts small blind $0.50
fish my nuts: posts big blind $1
*** HOLE CARDS ***
avlee1: folds 
cocha111: folds 
Twistenko: folds 
Rysiff: raises $1.50 to $2.50
Dai5dop: raises $8 to $10.50
fish my nuts: folds 
Rysiff: folds 
Uncalled bet ($8) returned to Dai5dop
Dai5dop collected $6 from pot
Dai5dop: doesn't show hand 
*** SUMMARY ***
Total pot $6 | Rake $0 
Seat 1: cocha111 folded before Flop (didn't bet)
Seat 2: Twistenko folded before Flop (didn't bet)
Seat 3: Rysiff (button) folded before Flop
Seat 4: Dai5dop (small blind) collected ($6)
Seat 5: fish my nuts (big blind) folded before Flop
Seat 6: avlee1 folded before Flop (didn't bet)



PokerStars Hand #254260075163:  Hold'em No Limit ($0.50/$1.00 USD) - 2025/01/08 12:56:20 WET [2025/01/08 7:56:20 ET]
Table 'Haffner II' 6-max Seat #4 is the button
Seat 1: cocha111 ($101.06 in chips) 
Seat 2: Twistenko ($150.78 in chips) 
Seat 3: Rysiff ($211.21 in chips) 
Seat 4: Dai5dop ($103.50 in chips) 
Seat 5: fish my nuts ($103.63 in chips) 
Seat 6: avlee1 ($100 in chips) 
fish my nuts: posts small blind $0.50
avlee1: posts big blind $1
*** HOLE CARDS ***
cocha111: raises $1 to $2
Twistenko: folds 
Rysiff: folds 
Dai5dop: folds 
fish my nuts: folds 
avlee1: folds 
Uncalled bet ($1) returned to cocha111
cocha111 collected $2.50 from pot
cocha111: doesn't show hand 
*** SUMMARY ***
Total pot $2.50 | Rake $0 
Seat 1: cocha111 collected ($2.50)
Seat 2: Twistenko folded before Flop (didn't bet)
Seat 3: Rysiff folded before Flop (didn't bet)
Seat 4: Dai5dop (button) folded before Flop (didn't bet)
Seat 5: fish my nuts (small blind) folded before Flop
Seat 6: avlee1 (big blind) folded before Flop



PokerStars Hand #254260078098:  Hold'em No Limit ($0.50/$1.00 USD) - 2025/01/08 12:56:43 WET [2025/01/08 7:56:43 ET]
Table 'Haffner II' 6-max Seat #5 is the button
Seat 1: cocha111 ($102.56 in chips) 
Seat 2: Twistenko ($150.78 in chips) 
Seat 3: Rysiff ($211.21 in chips) 
Seat 4: Dai5dop ($103.50 in chips) 
Seat 5: fish my nuts ($103.13 in chips) 
Seat 6: avlee1 ($100 in chips) 
avlee1: posts small blind $0.50
cocha111: posts big blind $1
*** HOLE CARDS ***
Twistenko: folds 
Rysiff: folds 
Dai5dop: folds 
fish my nuts: folds 
avlee1: folds 
Uncalled bet ($0.50) returned to cocha111
cocha111 collected $1 from pot
cocha111: doesn't show hand 
*** SUMMARY ***
Total pot $1 | Rake $0 
Seat 1: cocha111 (big blind) collected ($1)
Seat 2: Twistenko folded before Flop (didn't bet)
Seat 3: Rysiff folded before Flop (didn't bet)
Seat 4: Dai5dop folded before Flop (didn't bet)
Seat 5: fish my nuts (button) folded before Flop (didn't bet)
Seat 6: avlee1 (small blind) folded before Flop



PokerStars Hand #254260081167:  Hold'em No Limit ($0.50/$1.00 USD) - 2025/01/08 12:57:07 WET [2025/01/08 7:57:07 ET]
Table 'Haffner II' 6-max Seat #6 is the button
Seat 1: cocha111 ($103.06 in chips) 
Seat 2: Twistenko ($150.78 in chips) 
Seat 3: Rysiff ($211.21 in chips) 
Seat 4: Dai5dop ($103.50 in chips) 
Seat 5: fish my nuts ($103.13 in chips) 
Seat 6: avlee1 ($100 in chips) 
cocha111: posts small blind $0.50
Twistenko: posts big blind $1
*** HOLE CARDS ***
Rysiff: folds 
Dai5dop: folds 
fish my nuts: folds 
avlee1: folds 
cocha111: raises $1 to $2
Twistenko: calls $1
*** FLOP *** [2c 5d 3c]
cocha111: checks 
Twistenko: checks 
*** TURN *** [2c 5d 3c] [Ad]
cocha111: bets $1.90
Twistenko: folds 
Uncalled bet ($1.90) returned to cocha111
cocha111 collected $3.80 from pot
cocha111: doesn't show hand 
*** SUMMARY ***
Total pot $4 | Rake $0.20 
Board [2c 5d 3c Ad]
Seat 1: cocha111 (small blind) collected ($3.80)
Seat 2: Twistenko (big blind) folded on the Turn
Seat 3: Rysiff folded before Flop (didn't bet)
Seat 4: Dai5dop folded before Flop (didn't bet)
Seat 5: fish my nuts folded before Flop (didn't bet)
Seat 6: avlee1 (button) folded before Flop (didn't bet)



PokerStars Hand #254260085678:  Hold'em No Limit ($0.50/$1.00 USD) - 2025/01/08 12:57:43 WET [2025/01/08 7:57:43 ET]
Table 'Haffner II' 6-max Seat #1 is the button
Seat 1: cocha111 ($104.86 in chips) 
Seat 2: Twistenko ($148.78 in chips) 
Seat 3: Rysiff ($211.21 in chips) 
Seat 4: Dai5dop ($103.50 in chips) 
Seat 5: fish my nuts ($103.13 in chips) 
Seat 6: avlee1 ($100 in chips) 
Twistenko: posts small blind $0.50
Rysiff: posts big blind $1
*** HOLE CARDS ***
Dai5dop: folds 
fish my nuts: folds 
avlee1: raises $1.50 to $2.50
cocha111: calls $2.50
Twistenko: folds 
Rysiff: folds 
*** FLOP *** [3h 8h 5h]
avlee1: checks 
cocha111: checks 
*** TURN *** [3h 8h 5h] [4d]
avlee1: checks 
cocha111: checks 
*** RIVER *** [3h 8h 5h 4d] [2d]
avlee1: checks 
cocha111: checks 
*** SHOW DOWN ***
avlee1: shows [Ac Js] (a straight, Ace to Five)
cocha111: mucks hand 
avlee1 collected $6.18 from pot
*** SUMMARY ***
Total pot $6.50 | Rake $0.32 
Board [3h 8h 5h 4d 2d]
Seat 1: cocha111 (button) mucked
Seat 2: Twistenko (small blind) folded before Flop
Seat 3: Rysiff (big blind) folded before Flop
Seat 4: Dai5dop folded before Flop (didn't bet)
Seat 5: fish my nuts folded before Flop (didn't bet)
Seat 6: avlee1 showed [Ac Js] and won ($6.18) with a straight, Ace to Five



PokerStars Hand #254260090593:  Hold'em No Limit ($0.50/$1.00 USD) - 2025/01/08 12:58:22 WET [2025/01/08 7:58:22 ET]
Table 'Haffner II' 6-max Seat #2 is the button
Seat 1: cocha111 ($102.36 in chips) 
Seat 2: Twistenko ($148.28 in chips) 
Seat 3: Rysiff ($210.21 in chips) 
Seat 4: Dai5dop ($103.50 in chips) 
Seat 5: fish my nuts ($103.13 in chips) 
Seat 6: avlee1 ($103.68 in chips) 
Rysiff: posts small blind $0.50
Dai5dop: posts big blind $1
*** HOLE CARDS ***
fish my nuts: folds 
avlee1: folds 
cocha111: raises $1 to $2
Twistenko: folds 
Rysiff: raises $8 to $10
Dai5dop: raises $11 to $21
cocha111: folds 
Rysiff: folds 
Uncalled bet ($11) returned to Dai5dop
Dai5dop collected $22 from pot
Dai5dop: doesn't show hand 
*** SUMMARY ***
Total pot $22 | Rake $0 
Seat 1: cocha111 folded before Flop
Seat 2: Twistenko (button) folded before Flop (didn't bet)
Seat 3: Rysiff (small blind) folded before Flop
Seat 4: Dai5dop (big blind) collected ($22)
Seat 5: fish my nuts folded before Flop (didn't bet)
Seat 6: avlee1 folded before Flop (didn't bet)



PokerStars Hand #254260135174:  Hold'em No Limit ($0.50/$1.00 USD) - 2025/01/08 13:03:39 WET [2025/01/08 8:03:39 ET]
Table 'Haffner II' 6-max Seat #5 is the button
Seat 2: Twistenko ($145.28 in chips) 
Seat 3: Rysiff ($302.13 in chips) 
Seat 4: Dai5dop ($113.50 in chips) 
Seat 5: fish my nuts ($100.13 in chips) 
Seat 6: avlee1 ($106.90 in chips) 
avlee1: posts small blind $0.50
Twistenko: posts big blind $1
*** HOLE CARDS ***
Rysiff: raises $1.50 to $2.50
G.HANSEN333 joins the table at seat #1 
Dai5dop: folds 
fish my nuts: folds 
avlee1: folds 
Twistenko: calls $1.50
*** FLOP *** [Ac Ah 3h]
Twistenko: checks 
Rysiff: bets $1.72
Twistenko: calls $1.72
*** TURN *** [Ac Ah 3h] [6h]
Twistenko: checks 
Rysiff: checks 
*** RIVER *** [Ac Ah 3h 6h] [5d]
Twistenko: bets $6.37
Rysiff: calls $6.37
*** SHOW DOWN ***
Twistenko: shows [Jd Qh] (a pair of Aces)
Rysiff: shows [Tc Td] (two pair, Aces and Tens)
Rysiff collected $20.60 from pot
*** SUMMARY ***
Total pot $21.68 | Rake $1.08 
Board [Ac Ah 3h 6h 5d]
Seat 2: Twistenko (big blind) showed [Jd Qh] and lost with a pair of Aces
Seat 3: Rysiff showed [Tc Td] and won ($20.60) with two pair, Aces and Tens
Seat 4: Dai5dop folded before Flop (didn't bet)
Seat 5: fish my nuts (button) folded before Flop (didn't bet)
Seat 6: avlee1 (small blind) folded before Flop



PokerStars Hand #254260143182:  Hold'em No Limit ($0.50/$1.00 USD) - 2025/01/08 13:04:30 WET [2025/01/08 8:04:30 ET]
Table 'Haffner II' 6-max Seat #6 is the button
Seat 1: G.HANSEN333 ($100 in chips) is sitting out
Seat 2: Twistenko ($134.69 in chips) 
Seat 3: Rysiff ($312.14 in chips) 
Seat 4: Dai5dop ($113.50 in chips) 
Seat 5: fish my nuts ($100.13 in chips) 
Seat 6: avlee1 ($106.40 in chips) 
Twistenko: posts small blind $0.50
Rysiff: posts big blind $1
*** HOLE CARDS ***
Dai5dop: folds 
fish my nuts: raises $1.30 to $2.30
avlee1: raises $4.60 to $6.90
Twistenko: folds 
Rysiff: folds 
fish my nuts: folds 
Uncalled bet ($4.60) returned to avlee1
fish my nuts leaves the table
avlee1 collected $6.10 from pot
avlee1: doesn't show hand 
*** SUMMARY ***
Total pot $6.10 | Rake $0 
Seat 1: G.HANSEN333
Seat 2: Twistenko (small blind) folded before Flop
Seat 3: Rysiff (big blind) folded before Flop
Seat 4: Dai5dop folded before Flop (didn't bet)
Seat 5: fish my nuts folded before Flop
Seat 6: avlee1 (button) collected ($6.10)



PokerStars Hand #254260148009:  Hold'em No Limit ($0.50/$1.00 USD) - 2025/01/08 13:05:01 WET [2025/01/08 8:05:01 ET]
Table 'Haffner II' 6-max Seat #2 is the button
Seat 1: G.HANSEN333 ($100 in chips) is sitting out
Seat 2: Twistenko ($134.19 in chips) 
Seat 3: Rysiff ($311.14 in chips) 
Seat 4: Dai5dop ($113.50 in chips) 
Seat 6: avlee1 ($110.20 in chips) 
Rysiff: posts small blind $0.50
Dai5dop: posts big blind $1
G.HANSEN333: sits out 
*** HOLE CARDS ***
avlee1: folds 
Twistenko: raises $1.50 to $2.50
Rysiff: folds 
Dai5dop: calls $1.50
*** FLOP *** [5h 5c Ah]
Dai5dop: checks 
Twistenko: checks 
*** TURN *** [5h 5c Ah] [4d]
Dai5dop: checks 
Twistenko: checks 
*** RIVER *** [5h 5c Ah 4d] [Qh]
Dai5dop: checks 
Twistenko: bets $3.92
Dai5dop: calls $3.92
*** SHOW DOWN ***
Twistenko: shows [Ad 8s] (two pair, Aces and Fives)
Dai5dop: mucks hand 
Twistenko collected $12.67 from pot
*** SUMMARY ***
Total pot $13.34 | Rake $0.67 
Board [5h 5c Ah 4d Qh]
Seat 1: G.HANSEN333
Seat 2: Twistenko (button) showed [Ad 8s] and won ($12.67) with two pair, Aces and Fives
Seat 3: Rysiff (small blind) folded before Flop
Seat 4: Dai5dop (big blind) mucked
Seat 6: avlee1 folded before Flop (didn't bet)



PokerStars Hand #254260657010:  Hold'em No Limit ($0.50/$1.00 USD) - 2025/01/08 13:05:58 WET [2025/01/08 8:05:58 ET]
Table 'Haffner II' 6-max Seat #3 is the button
Seat 6: avlee1 ($110.20 in chips) is sitting out
Seat 1: G.HANSEN333 ($100 in chips) 
Seat 2: Twistenko ($140.44 in chips) 
Seat 3: Rysiff ($310.64 in chips) 
Seat 4: Dai5dop ($107.08 in chips) 
Dai5dop: posts small blind $0.50
avlee1: is sitting out 
G.HANSEN333: posts big blind $1
*** HOLE CARDS ***
Twistenko: folds 
avlee1 leaves the table
Rysiff: raises $1.50 to $2.50
Dai5dop: raises $8 to $10.50
G.HANSEN333: folds 
Rysiff: raises $13.50 to $24
Twistenko leaves the table
Dai5dop: folds 
Uncalled bet ($13.50) returned to Rysiff
Rysiff collected $22 from pot
Rysiff: doesn't show hand 
*** SUMMARY ***
Total pot $22 | Rake $0 
Seat 6: avlee1
Seat 1: G.HANSEN333 (big blind) folded before Flop
Seat 2: Twistenko folded before Flop (didn't bet)
Seat 3: Rysiff (button) collected ($22)
Seat 4: Dai5dop (small blind) folded before Flop



PokerStars Hand #254260661963:  Hold'em No Limit ($0.50/$1.00 USD) - 2025/01/08 13:06:29 WET [2025/01/08 8:06:29 ET]
Table 'Haffner II' 6-max Seat #5 is the button
Seat 1: G.HANSEN333 ($100 in chips) 
Seat 5: ddyyjj ($100 in chips) 
ddyyjj: posts small blind $0.50
G.HANSEN333: posts big blind $1
*** HOLE CARDS ***
ddyyjj: folds 
Uncalled bet ($0.50) returned to G.HANSEN333
G.HANSEN333 collected $1 from pot
G.HANSEN333: doesn't show hand 
*** SUMMARY ***
Total pot $1 | Rake $0 
Seat 1: G.HANSEN333 (big blind) collected ($1)
Seat 5: ddyyjj (button) (small blind) folded before Flop



PokerStars Hand #254260663310:  Hold'em No Limit ($0.50/$1.00 USD) - 2025/01/08 13:06:37 WET [2025/01/08 8:06:37 ET]
Table 'Haffner II' 6-max Seat #1 is the button
Seat 1: G.HANSEN333 ($100.50 in chips) 
Seat 5: ddyyjj ($99.50 in chips) 
G.HANSEN333: posts small blind $0.50
ddyyjj: posts big blind $1
*** HOLE CARDS ***
G.HANSEN333: raises $2 to $3
ddyyjj: folds 
Uncalled bet ($2) returned to G.HANSEN333
G.HANSEN333 collected $2 from pot
G.HANSEN333: doesn't show hand 
*** SUMMARY ***
Total pot $2 | Rake $0 
Seat 1: G.HANSEN333 (button) (small blind) collected ($2)
Seat 5: ddyyjj (big blind) folded before Flop



PokerStars Hand #254260664735:  Hold'em No Limit ($0.50/$1.00 USD) - 2025/01/08 13:06:46 WET [2025/01/08 8:06:46 ET]
Table 'Haffner II' 6-max Seat #5 is the button
Seat 1: G.HANSEN333 ($101.50 in chips) 
Seat 5: ddyyjj ($98.50 in chips) 
ddyyjj: posts small blind $0.50
G.HANSEN333: posts big blind $1
*** HOLE CARDS ***
ddyyjj: folds 
Uncalled bet ($0.50) returned to G.HANSEN333
G.HANSEN333 collected $1 from pot
G.HANSEN333: doesn't show hand 
*** SUMMARY ***
Total pot $1 | Rake $0 
Seat 1: G.HANSEN333 (big blind) collected ($1)
Seat 5: ddyyjj (button) (small blind) folded before Flop



PokerStars Hand #254260667819:  Hold'em No Limit ($0.50/$1.00 USD) - 2025/01/08 13:07:05 WET [2025/01/08 8:07:05 ET]
Table 'Haffner II' 6-max Seat #1 is the button
Seat 1: G.HANSEN333 ($102 in chips) 
Seat 5: ddyyjj ($98 in chips) 
G.HANSEN333: posts small blind $0.50
ddyyjj: posts big blind $1
*** HOLE CARDS ***
G.HANSEN333: folds 
Uncalled bet ($0.50) returned to ddyyjj
ddyyjj collected $1 from pot
ddyyjj: doesn't show hand 
*** SUMMARY ***
Total pot $1 | Rake $0 
Seat 1: G.HANSEN333 (button) (small blind) folded before Flop
Seat 5: ddyyjj (big blind) collected ($1)



PokerStars Hand #254260668756:  Hold'em No Limit ($0.50/$1.00 USD) - 2025/01/08 13:07:11 WET [2025/01/08 8:07:11 ET]
Table 'Haffner II' 6-max Seat #5 is the button
Seat 1: G.HANSEN333 ($101.50 in chips) 
Seat 5: ddyyjj ($98.50 in chips) 
ddyyjj: posts small blind $0.50
G.HANSEN333: posts big blind $1
*** HOLE CARDS ***
ddyyjj: raises $2 to $3
G.HANSEN333: raises $9 to $12
ddyyjj: folds 
Uncalled bet ($9) returned to G.HANSEN333
G.HANSEN333 collected $6 from pot
G.HANSEN333: doesn't show hand 
*** SUMMARY ***
Total pot $6 | Rake $0 
Seat 1: G.HANSEN333 (big blind) collected ($6)
Seat 5: ddyyjj (button) (small blind) folded before Flop



PokerStars Hand #254260671887:  Hold'em No Limit ($0.50/$1.00 USD) - 2025/01/08 13:07:31 WET [2025/01/08 8:07:31 ET]
Table 'Haffner II' 6-max Seat #1 is the button
Seat 1: G.HANSEN333 ($104.50 in chips) 
Seat 5: ddyyjj ($95.50 in chips) 
G.HANSEN333: posts small blind $0.50
ddyyjj: posts big blind $1
*** HOLE CARDS ***
G.HANSEN333: folds 
Uncalled bet ($0.50) returned to ddyyjj
ddyyjj collected $1 from pot
ddyyjj: doesn't show hand 
*** SUMMARY ***
Total pot $1 | Rake $0 
Seat 1: G.HANSEN333 (button) (small blind) folded before Flop
Seat 5: ddyyjj (big blind) collected ($1)



PokerStars Hand #254260672848:  Hold'em No Limit ($0.50/$1.00 USD) - 2025/01/08 13:07:37 WET [2025/01/08 8:07:37 ET]
Table 'Haffner II' 6-max Seat #5 is the button
Seat 1: G.HANSEN333 ($104 in chips) 
Seat 5: ddyyjj ($96 in chips) 
ddyyjj: posts small blind $0.50
G.HANSEN333: posts big blind $1
*** HOLE CARDS ***
ddyyjj has timed out
ddyyjj: folds 
Uncalled bet ($0.50) returned to G.HANSEN333
G.HANSEN333 collected $1 from pot
G.HANSEN333: doesn't show hand 
*** SUMMARY ***
Total pot $1 | Rake $0 
Seat 1: G.HANSEN333 (big blind) collected ($1)
Seat 5: ddyyjj (button) (small blind) folded before Flop



PokerStars Hand #254260744826:  Hold'em No Limit ($0.50/$1.00 USD) - 2025/01/08 13:15:03 WET [2025/01/08 8:15:03 ET]
Table 'Haffner II' 6-max Seat #1 is the button
Seat 1: G.HANSEN333 ($104.50 in chips) 
Seat 2: fedevalle ($40 in chips) 
Seat 3: ReVeu710 ($100 in chips) 
fedevalle: posts small blind $0.50
ReVeu710: posts big blind $1
*** HOLE CARDS ***
G.HANSEN333: folds 
fedevalle has timed out
fedevalle: folds 
Uncalled bet ($0.50) returned to ReVeu710
ReVeu710 collected $1 from pot
ReVeu710: doesn't show hand 
*** SUMMARY ***
Total pot $1 | Rake $0 
Seat 1: G.HANSEN333 (button) folded before Flop (didn't bet)
Seat 2: fedevalle (small blind) folded before Flop
Seat 3: ReVeu710 (big blind) collected ($1)



PokerStars Hand #254260751568:  Hold'em No Limit ($0.50/$1.00 USD) - 2025/01/08 13:15:45 WET [2025/01/08 8:15:45 ET]
Table 'Haffner II' 6-max Seat #2 is the button
Seat 1: G.HANSEN333 ($104.50 in chips) 
Seat 2: fedevalle ($39.50 in chips) 
Seat 3: ReVeu710 ($100.50 in chips) 
ReVeu710: posts small blind $0.50
G.HANSEN333: posts big blind $1
*** HOLE CARDS ***
fedevalle: folds 
ReVeu710: raises $2 to $3
G.HANSEN333: calls $2
*** FLOP *** [8c Ks 3s]
ReVeu710: checks 
G.HANSEN333: checks 
*** TURN *** [8c Ks 3s] [6c]
ReVeu710: checks 
G.HANSEN333: checks 
*** RIVER *** [8c Ks 3s 6c] [5d]
ReVeu710: checks 
G.HANSEN333: checks 
*** SHOW DOWN ***
ReVeu710: shows [7d As] (high card Ace)
G.HANSEN333: mucks hand 
ReVeu710 collected $5.70 from pot
*** SUMMARY ***
Total pot $6 | Rake $0.30 
Board [8c Ks 3s 6c 5d]
Seat 1: G.HANSEN333 (big blind) mucked
Seat 2: fedevalle (button) folded before Flop (didn't bet)
Seat 3: ReVeu710 (small blind) showed [7d As] and won ($5.70) with high card Ace



PokerStars Hand #254260760521:  Hold'em No Limit ($0.50/$1.00 USD) - 2025/01/08 13:16:39 WET [2025/01/08 8:16:39 ET]
Table 'Haffner II' 6-max Seat #3 is the button
Seat 1: G.HANSEN333 ($101.50 in chips) 
Seat 2: fedevalle ($39.50 in chips) 
Seat 3: ReVeu710 ($103.20 in chips) 
G.HANSEN333: posts small blind $0.50
fedevalle: posts big blind $1
*** HOLE CARDS ***
ReVeu710: raises $1.50 to $2.50
G.HANSEN333: raises $7.50 to $10
fedevalle: folds 
ReVeu710: folds 
Uncalled bet ($7.50) returned to G.HANSEN333
G.HANSEN333 collected $6 from pot
G.HANSEN333: doesn't show hand 
ReVeu710 leaves the table
*** SUMMARY ***
Total pot $6 | Rake $0 
Seat 1: G.HANSEN333 (small blind) collected ($6)
Seat 2: fedevalle (big blind) folded before Flop
Seat 3: ReVeu710 (button) folded before Flop



PokerStars Hand #254260764528:  Hold'em No Limit ($0.50/$1.00 USD) - 2025/01/08 13:17:03 WET [2025/01/08 8:17:03 ET]
Table 'Haffner II' 6-max Seat #2 is the button
Seat 1: G.HANSEN333 ($105 in chips) 
Seat 2: fedevalle ($38.50 in chips) 
fedevalle: posts small blind $0.50
G.HANSEN333: posts big blind $1
*** HOLE CARDS ***
fedevalle has timed out
fedevalle: folds 
Uncalled bet ($0.50) returned to G.HANSEN333
G.HANSEN333 collected $1 from pot
G.HANSEN333: doesn't show hand 
*** SUMMARY ***
Total pot $1 | Rake $0 
Seat 1: G.HANSEN333 (big blind) collected ($1)
Seat 2: fedevalle (button) (small blind) folded before Flop



PokerStars Hand #254260913272:  Hold'em No Limit ($0.50/$1.00 USD) - 2025/01/08 13:32:05 WET [2025/01/08 8:32:05 ET]
Table 'Haffner II' 6-max Seat #4 is the button
Seat 3: coeeeelho ($100 in chips) is sitting out
Seat 1: Rysiff ($322.14 in chips) 
Seat 2: ReVeu710 ($100.70 in chips) 
Seat 4: LeeTuffy1988 ($59.85 in chips) 
Seat 5: D€est7oye€R ($100 in chips) 
Seat 6: NikoPale ($100 in chips) 
D€est7oye€R: posts small blind $0.50
NikoPale: posts big blind $1
*** HOLE CARDS ***
Rysiff: folds 
ReVeu710: folds 
LeeTuffy1988: calls $1
D€est7oye€R: calls $0.50
NikoPale: checks 
*** FLOP *** [Kc Ah 3s]
D€est7oye€R: checks 
NikoPale: checks 
LeeTuffy1988: checks 
*** TURN *** [Kc Ah 3s] [Jh]
D€est7oye€R: checks 
NikoPale: checks 
LeeTuffy1988: checks 
*** RIVER *** [Kc Ah 3s Jh] [4c]
D€est7oye€R: checks 
NikoPale: bets $1.91
LeeTuffy1988: folds 
D€est7oye€R: folds 
Uncalled bet ($1.91) returned to NikoPale
NikoPale collected $2.85 from pot
NikoPale: doesn't show hand 
*** SUMMARY ***
Total pot $3 | Rake $0.15 
Board [Kc Ah 3s Jh 4c]
Seat 3: coeeeelho
Seat 1: Rysiff folded before Flop (didn't bet)
Seat 2: ReVeu710 folded before Flop (didn't bet)
Seat 4: LeeTuffy1988 (button) folded on the River
Seat 5: D€est7oye€R (small blind) folded on the River
Seat 6: NikoPale (big blind) collected ($2.85)



PokerStars Hand #254260924788:  Hold'em No Limit ($0.50/$1.00 USD) - 2025/01/08 13:33:14 WET [2025/01/08 8:33:14 ET]
Table 'Haffner II' 6-max Seat #5 is the button
Seat 3: coeeeelho ($100 in chips) is sitting out
Seat 1: Rysiff ($322.14 in chips) 
Seat 2: ReVeu710 ($100.70 in chips) 
Seat 4: LeeTuffy1988 ($58.85 in chips) 
Seat 5: D€est7oye€R ($100 in chips) 
Seat 6: NikoPale ($101.85 in chips) 
NikoPale: posts small blind $0.50
Rysiff: posts big blind $1
*** HOLE CARDS ***
ReVeu710: folds 
LeeTuffy1988: calls $1
D€est7oye€R: folds 
NikoPale: folds 
Rysiff: raises $4 to $5
LeeTuffy1988: calls $4
*** FLOP *** [6c Ad 9d]
Rysiff: bets $4.99
LeeTuffy1988: folds 
Uncalled bet ($4.99) returned to Rysiff
Rysiff collected $9.98 from pot
Rysiff: doesn't show hand 
*** SUMMARY ***
Total pot $10.50 | Rake $0.52 
Board [6c Ad 9d]
Seat 3: coeeeelho
Seat 1: Rysiff (big blind) collected ($9.98)
Seat 2: ReVeu710 folded before Flop (didn't bet)
Seat 4: LeeTuffy1988 folded on the Flop
Seat 5: D€est7oye€R (button) folded before Flop (didn't bet)
Seat 6: NikoPale (small blind) folded before Flop



PokerStars Hand #254260930597:  Hold'em No Limit ($0.50/$1.00 USD) - 2025/01/08 13:33:47 WET [2025/01/08 8:33:47 ET]
Table 'Haffner II' 6-max Seat #6 is the button
Seat 3: coeeeelho ($100 in chips) is sitting out
Seat 1: Rysiff ($327.12 in chips) 
Seat 2: ReVeu710 ($100.70 in chips) 
Seat 4: LeeTuffy1988 ($53.85 in chips) 
Seat 5: D€est7oye€R ($100 in chips) 
Seat 6: NikoPale ($101.35 in chips) 
Rysiff: posts small blind $0.50
ReVeu710: posts big blind $1
*** HOLE CARDS ***
LeeTuffy1988: calls $1
coeeeelho leaves the table
D€est7oye€R: folds 
NikoPale: folds 
Rysiff: raises $3 to $4
fedor0f joins the table at seat #3 
ReVeu710: raises $11 to $15
LeeTuffy1988: folds 
Rysiff: folds 
Uncalled bet ($11) returned to ReVeu710
ReVeu710 collected $9 from pot
ReVeu710: doesn't show hand 
*** SUMMARY ***
Total pot $9 | Rake $0 
Seat 3: coeeeelho
Seat 1: Rysiff (small blind) folded before Flop
Seat 2: ReVeu710 (big blind) collected ($9)
Seat 4: LeeTuffy1988 folded before Flop
Seat 5: D€est7oye€R folded before Flop (didn't bet)
Seat 6: NikoPale (button) folded before Flop (didn't bet)



PokerStars Hand #254260935538:  Hold'em No Limit ($0.50/$1.00 USD) - 2025/01/08 13:34:16 WET [2025/01/08 8:34:16 ET]
Table 'Haffner II' 6-max Seat #1 is the button
Seat 1: Rysiff ($323.12 in chips) 
Seat 2: ReVeu710 ($105.70 in chips) 
Seat 3: fedor0f ($100 in chips) 
Seat 4: LeeTuffy1988 ($52.85 in chips) 
Seat 5: D€est7oye€R ($100 in chips) 
Seat 6: NikoPale ($101.35 in chips) 
ReVeu710: posts small blind $0.50
fedor0f: posts big blind $1
*** HOLE CARDS ***
LeeTuffy1988: calls $1
D€est7oye€R: folds 
NikoPale: folds 
Rysiff: raises $3 to $4
ReVeu710: folds 
fedor0f: folds 
LeeTuffy1988: calls $3
*** FLOP *** [5s 8c Jh]
LeeTuffy1988: checks 
Rysiff: bets $4.51
LeeTuffy1988: folds 
Uncalled bet ($4.51) returned to Rysiff
Rysiff collected $9.02 from pot
Rysiff: doesn't show hand 
*** SUMMARY ***
Total pot $9.50 | Rake $0.48 
Board [5s 8c Jh]
Seat 1: Rysiff (button) collected ($9.02)
Seat 2: ReVeu710 (small blind) folded before Flop
Seat 3: fedor0f (big blind) folded before Flop
Seat 4: LeeTuffy1988 folded on the Flop
Seat 5: D€est7oye€R folded before Flop (didn't bet)
Seat 6: NikoPale folded before Flop (didn't bet)



PokerStars Hand #254260941782:  Hold'em No Limit ($0.50/$1.00 USD) - 2025/01/08 13:34:52 WET [2025/01/08 8:34:52 ET]
Table 'Haffner II' 6-max Seat #2 is the button
Seat 1: Rysiff ($328.14 in chips) 
Seat 2: ReVeu710 ($105.20 in chips) 
Seat 3: fedor0f ($100 in chips) 
Seat 4: LeeTuffy1988 ($48.85 in chips) 
Seat 5: D€est7oye€R ($100 in chips) 
Seat 6: NikoPale ($101.35 in chips) 
fedor0f: posts small blind $0.50
LeeTuffy1988: posts big blind $1
*** HOLE CARDS ***
D€est7oye€R: folds 
NikoPale: folds 
Rysiff: folds 
ReVeu710: raises $1.50 to $2.50
fedor0f: folds 
LeeTuffy1988: calls $1.50
*** FLOP *** [Td Qc 6s]
LeeTuffy1988: checks 
ReVeu710: bets $1.30
LeeTuffy1988: calls $1.30
*** TURN *** [Td Qc 6s] [Jc]
LeeTuffy1988: checks 
ReVeu710: checks 
*** RIVER *** [Td Qc 6s Jc] [Jd]
LeeTuffy1988: checks 
ReVeu710: bets $2.54
LeeTuffy1988: calls $2.54
*** SHOW DOWN ***
ReVeu710: shows [Th Kc] (two pair, Jacks and Tens)
LeeTuffy1988: mucks hand 
ReVeu710 collected $12.52 from pot
*** SUMMARY ***
Total pot $13.18 | Rake $0.66 
Board [Td Qc 6s Jc Jd]
Seat 1: Rysiff folded before Flop (didn't bet)
Seat 2: ReVeu710 (button) showed [Th Kc] and won ($12.52) with two pair, Jacks and Tens
Seat 3: fedor0f (small blind) folded before Flop
Seat 4: LeeTuffy1988 (big blind) mucked
Seat 5: D€est7oye€R folded before Flop (didn't bet)
Seat 6: NikoPale folded before Flop (didn't bet)



PokerStars Hand #254260949492:  Hold'em No Limit ($0.50/$1.00 USD) - 2025/01/08 13:35:37 WET [2025/01/08 8:35:37 ET]
Table 'Haffner II' 6-max Seat #3 is the button
Seat 1: Rysiff ($328.14 in chips) 
Seat 2: ReVeu710 ($111.38 in chips) 
Seat 3: fedor0f ($100 in chips) 
Seat 4: LeeTuffy1988 ($42.51 in chips) 
Seat 5: D€est7oye€R ($100 in chips) 
Seat 6: NikoPale ($101.35 in chips) 
LeeTuffy1988: posts small blind $0.50
D€est7oye€R: posts big blind $1
*** HOLE CARDS ***
NikoPale: folds 
Rysiff: folds 
ReVeu710: folds 
fedor0f: folds 
LeeTuffy1988: calls $0.50
D€est7oye€R: checks 
*** FLOP *** [Tc 2d 8s]
LeeTuffy1988: checks 
D€est7oye€R: bets $1
LeeTuffy1988: calls $1
*** TURN *** [Tc 2d 8s] [Jh]
LeeTuffy1988: checks 
D€est7oye€R: checks 
*** RIVER *** [Tc 2d 8s Jh] [Qd]
LeeTuffy1988: checks 
D€est7oye€R: checks 
*** SHOW DOWN ***
LeeTuffy1988: shows [7d Ks] (high card King)
D€est7oye€R: mucks hand 
LeeTuffy1988 collected $3.80 from pot
*** SUMMARY ***
Total pot $4 | Rake $0.20 
Board [Tc 2d 8s Jh Qd]
Seat 1: Rysiff folded before Flop (didn't bet)
Seat 2: ReVeu710 folded before Flop (didn't bet)
Seat 3: fedor0f (button) folded before Flop (didn't bet)
Seat 4: LeeTuffy1988 (small blind) showed [7d Ks] and won ($3.80) with high card King
Seat 5: D€est7oye€R (big blind) mucked
Seat 6: NikoPale folded before Flop (didn't bet)



PokerStars Hand #254260956942:  Hold'em No Limit ($0.50/$1.00 USD) - 2025/01/08 13:36:19 WET [2025/01/08 8:36:19 ET]
Table 'Haffner II' 6-max Seat #4 is the button
Seat 1: Rysiff ($328.14 in chips) 
Seat 2: ReVeu710 ($111.38 in chips) 
Seat 3: fedor0f ($100 in chips) 
Seat 4: LeeTuffy1988 ($44.31 in chips) 
Seat 5: D€est7oye€R ($100 in chips) 
Seat 6: NikoPale ($101.35 in chips) 
D€est7oye€R: posts small blind $0.50
NikoPale: posts big blind $1
*** HOLE CARDS ***
Rysiff: folds 
ReVeu710: folds 
fedor0f: folds 
LeeTuffy1988: calls $1
D€est7oye€R: raises $4 to $5
NikoPale: folds 
LeeTuffy1988: calls $4
*** FLOP *** [3c 7h 8h]
D€est7oye€R: checks 
LeeTuffy1988: bets $2
D€est7oye€R: calls $2
*** TURN *** [3c 7h 8h] [6d]
D€est7oye€R: checks 
LeeTuffy1988: bets $2
D€est7oye€R: calls $2
*** RIVER *** [3c 7h 8h 6d] [Td]
D€est7oye€R: checks 
LeeTuffy1988: bets $3
D€est7oye€R: folds 
Uncalled bet ($3) returned to LeeTuffy1988
LeeTuffy1988 collected $18.05 from pot
*** SUMMARY ***
Total pot $19 | Rake $0.95 
Board [3c 7h 8h 6d Td]
Seat 1: Rysiff folded before Flop (didn't bet)
Seat 2: ReVeu710 folded before Flop (didn't bet)
Seat 3: fedor0f folded before Flop (didn't bet)
Seat 4: LeeTuffy1988 (button) collected ($18.05)
Seat 5: D€est7oye€R (small blind) folded on the River
Seat 6: NikoPale (big blind) folded before Flop



PokerStars Hand #254260967116:  Hold'em No Limit ($0.50/$1.00 USD) - 2025/01/08 13:37:18 WET [2025/01/08 8:37:18 ET]
Table 'Haffner II' 6-max Seat #5 is the button
Seat 1: Rysiff ($328.14 in chips) 
Seat 2: ReVeu710 ($111.38 in chips) 
Seat 3: fedor0f ($100 in chips) 
Seat 4: LeeTuffy1988 ($53.36 in chips) 
Seat 5: D€est7oye€R ($100 in chips) 
Seat 6: NikoPale ($100.35 in chips) 
NikoPale: posts small blind $0.50
Rysiff: posts big blind $1
*** HOLE CARDS ***
ReVeu710: folds 
fedor0f: raises $1 to $2
LeeTuffy1988: calls $2
D€est7oye€R: folds 
NikoPale: folds 
Rysiff: folds 
*** FLOP *** [Qh Js 3c]
fedor0f: bets $1.04
LeeTuffy1988: calls $1.04
*** TURN *** [Qh Js 3c] [6c]
fedor0f: checks 
LeeTuffy1988: checks 
*** RIVER *** [Qh Js 3c 6c] [5s]
fedor0f: checks 
LeeTuffy1988: checks 
*** SHOW DOWN ***
fedor0f: shows [Tc As] (high card Ace)
LeeTuffy1988: mucks hand 
fedor0f collected $7.20 from pot
*** SUMMARY ***
Total pot $7.58 | Rake $0.38 
Board [Qh Js 3c 6c 5s]
Seat 1: Rysiff (big blind) folded before Flop
Seat 2: ReVeu710 folded before Flop (didn't bet)
Seat 3: fedor0f showed [Tc As] and won ($7.20) with high card Ace
Seat 4: LeeTuffy1988 mucked
Seat 5: D€est7oye€R (button) folded before Flop (didn't bet)
Seat 6: NikoPale (small blind) folded before Flop



PokerStars Hand #254260976513:  Hold'em No Limit ($0.50/$1.00 USD) - 2025/01/08 13:38:12 WET [2025/01/08 8:38:12 ET]
Table 'Haffner II' 6-max Seat #6 is the button
Seat 1: Rysiff ($327.14 in chips) 
Seat 2: ReVeu710 ($111.38 in chips) 
Seat 3: fedor0f ($104.16 in chips) 
Seat 4: LeeTuffy1988 ($50.32 in chips) 
Seat 5: D€est7oye€R ($100 in chips) 
Seat 6: NikoPale ($100 in chips) 
Rysiff: posts small blind $0.50
ReVeu710: posts big blind $1
*** HOLE CARDS ***
fedor0f: folds 
LeeTuffy1988: calls $1
D€est7oye€R: folds 
NikoPale: folds 
Rysiff: folds 
ReVeu710: checks 
*** FLOP *** [9d 5s Qc]
ReVeu710: checks 
LeeTuffy1988: checks 
*** TURN *** [9d 5s Qc] [Qd]
ReVeu710: bets $1.83
LeeTuffy1988: calls $1.83
*** RIVER *** [9d 5s Qc Qd] [7h]
ReVeu710: checks 
LeeTuffy1988: bets $1
ReVeu710: calls $1
*** SHOW DOWN ***
LeeTuffy1988: shows [5h 4c] (two pair, Queens and Fives)
ReVeu710: shows [8d 7c] (two pair, Queens and Sevens)
ReVeu710 collected $7.75 from pot
*** SUMMARY ***
Total pot $8.16 | Rake $0.41 
Board [9d 5s Qc Qd 7h]
Seat 1: Rysiff (small blind) folded before Flop
Seat 2: ReVeu710 (big blind) showed [8d 7c] and won ($7.75) with two pair, Queens and Sevens
Seat 3: fedor0f folded before Flop (didn't bet)
Seat 4: LeeTuffy1988 showed [5h 4c] and lost with two pair, Queens and Fives
Seat 5: D€est7oye€R folded before Flop (didn't bet)
Seat 6: NikoPale (button) folded before Flop (didn't bet)



PokerStars Hand #254260980973:  Hold'em No Limit ($0.50/$1.00 USD) - 2025/01/08 13:38:38 WET [2025/01/08 8:38:38 ET]
Table 'Haffner II' 6-max Seat #1 is the button
Seat 1: Rysiff ($326.64 in chips) 
Seat 2: ReVeu710 ($115.30 in chips) 
Seat 3: fedor0f ($104.16 in chips) 
Seat 4: LeeTuffy1988 ($46.49 in chips) 
Seat 5: D€est7oye€R ($100 in chips) 
Seat 6: NikoPale ($100 in chips) 
ReVeu710: posts small blind $0.50
fedor0f: posts big blind $1
*** HOLE CARDS ***
LeeTuffy1988: calls $1
D€est7oye€R: folds 
NikoPale: folds 
Rysiff: folds 
ReVeu710: folds 
fedor0f: checks 
*** FLOP *** [4d 9h 6h]
fedor0f: checks 
LeeTuffy1988: checks 
*** TURN *** [4d 9h 6h] [8h]
fedor0f: bets $1.57
LeeTuffy1988: folds 
Uncalled bet ($1.57) returned to fedor0f
fedor0f collected $2.38 from pot
fedor0f: doesn't show hand 
*** SUMMARY ***
Total pot $2.50 | Rake $0.12 
Board [4d 9h 6h 8h]
Seat 1: Rysiff (button) folded before Flop (didn't bet)
Seat 2: ReVeu710 (small blind) folded before Flop
Seat 3: fedor0f (big blind) collected ($2.38)
Seat 4: LeeTuffy1988 folded on the Turn
Seat 5: D€est7oye€R folded before Flop (didn't bet)
Seat 6: NikoPale folded before Flop (didn't bet)



PokerStars Hand #254260986501:  Hold'em No Limit ($0.50/$1.00 USD) - 2025/01/08 13:39:10 WET [2025/01/08 8:39:10 ET]
Table 'Haffner II' 6-max Seat #2 is the button
Seat 1: Rysiff ($326.64 in chips) 
Seat 2: ReVeu710 ($114.80 in chips) 
Seat 3: fedor0f ($105.54 in chips) 
Seat 4: LeeTuffy1988 ($45.49 in chips) 
Seat 5: D€est7oye€R ($100 in chips) 
Seat 6: NikoPale ($100 in chips) 
fedor0f: posts small blind $0.50
LeeTuffy1988: posts big blind $1
*** HOLE CARDS ***
D€est7oye€R: folds 
NikoPale: raises $2 to $3
Rysiff: folds 
ReVeu710: folds 
fedor0f: raises $9 to $12
LeeTuffy1988: calls $11
NikoPale: raises $25 to $37
fedor0f: folds 
LeeTuffy1988: calls $25
*** FLOP *** [3d 9d Qs]
LeeTuffy1988: checks 
NikoPale: bets $27.56
LeeTuffy1988: calls $8.49 and is all-in
Uncalled bet ($19.07) returned to NikoPale
*** TURN *** [3d 9d Qs] [8d]
*** RIVER *** [3d 9d Qs 8d] [Js]
*** SHOW DOWN ***
LeeTuffy1988: shows [8h Jc] (two pair, Jacks and Eights)
NikoPale: shows [As Ac] (a pair of Aces)
LeeTuffy1988 cashed out the hand for $18.40 | Cash Out Fee $0.38
*** SUMMARY ***
Total pot $102.98 | Rake $2.50 
Board [3d 9d Qs 8d Js]
Seat 1: Rysiff folded before Flop (didn't bet)
Seat 2: ReVeu710 (button) folded before Flop (didn't bet)
Seat 3: fedor0f (small blind) folded before Flop
Seat 4: LeeTuffy1988 (big blind) showed [8h Jc] and won ($100.48) with two pair, Jacks and Eights (pot not awarded as player cashed out)
Seat 5: D€est7oye€R folded before Flop (didn't bet)
Seat 6: NikoPale showed [As Ac] and lost with a pair of Aces



PokerStars Hand #254260999733:  Hold'em No Limit ($0.50/$1.00 USD) - 2025/01/08 13:40:27 WET [2025/01/08 8:40:27 ET]
Table 'Haffner II' 6-max Seat #3 is the button
Seat 1: Rysiff ($326.64 in chips) 
Seat 2: ReVeu710 ($114.80 in chips) 
Seat 3: fedor0f ($100 in chips) 
Seat 4: LeeTuffy1988 ($18.40 in chips) 
Seat 5: D€est7oye€R ($100 in chips) 
Seat 6: NikoPale ($100 in chips) 
LeeTuffy1988: posts small blind $0.50
D€est7oye€R: posts big blind $1
*** HOLE CARDS ***
NikoPale: folds 
Rysiff: folds 
ReVeu710: folds 
fedor0f: raises $1.20 to $2.20
LeeTuffy1988: calls $1.70
D€est7oye€R: folds 
*** FLOP *** [7c 3c 5c]
LeeTuffy1988: checks 
fedor0f: bets $1.03
LeeTuffy1988: calls $1.03
*** TURN *** [7c 3c 5c] [2h]
LeeTuffy1988: bets $1
fedor0f: calls $1
*** RIVER *** [7c 3c 5c 2h] [9s]
LeeTuffy1988: checks 
fedor0f: checks 
*** SHOW DOWN ***
LeeTuffy1988: shows [5s 4s] (a pair of Fives)
fedor0f: mucks hand 
LeeTuffy1988 collected $8.99 from pot
*** SUMMARY ***
Total pot $9.46 | Rake $0.47 
Board [7c 3c 5c 2h 9s]
Seat 1: Rysiff folded before Flop (didn't bet)
Seat 2: ReVeu710 folded before Flop (didn't bet)
Seat 3: fedor0f (button) mucked
Seat 4: LeeTuffy1988 (small blind) showed [5s 4s] and won ($8.99) with a pair of Fives
Seat 5: D€est7oye€R (big blind) folded before Flop
Seat 6: NikoPale folded before Flop (didn't bet)



PokerStars Hand #254261007189:  Hold'em No Limit ($0.50/$1.00 USD) - 2025/01/08 13:41:09 WET [2025/01/08 8:41:09 ET]
Table 'Haffner II' 6-max Seat #4 is the button
Seat 1: Rysiff ($326.64 in chips) 
Seat 2: ReVeu710 ($114.80 in chips) 
Seat 3: fedor0f ($100 in chips) 
Seat 4: LeeTuffy1988 ($23.16 in chips) 
Seat 5: D€est7oye€R ($100 in chips) 
Seat 6: NikoPale ($100 in chips) 
D€est7oye€R: posts small blind $0.50
NikoPale: posts big blind $1
*** HOLE CARDS ***
Rysiff: folds 
ReVeu710: raises $1 to $2
fedor0f: folds 
LeeTuffy1988: calls $2
D€est7oye€R: folds 
NikoPale: calls $1
*** FLOP *** [Js 5d 8h]
NikoPale: checks 
ReVeu710: bets $1.54
LeeTuffy1988: folds 
NikoPale: calls $1.54
*** TURN *** [Js 5d 8h] [2d]
NikoPale: checks 
ReVeu710: checks 
*** RIVER *** [Js 5d 8h 2d] [Th]
NikoPale: bets $6.10
ReVeu710: calls $6.10
*** SHOW DOWN ***
NikoPale: shows [Tc Jc] (two pair, Jacks and Tens)
ReVeu710: mucks hand 
NikoPale collected $20.69 from pot
*** SUMMARY ***
Total pot $21.78 | Rake $1.09 
Board [Js 5d 8h 2d Th]
Seat 1: Rysiff folded before Flop (didn't bet)
Seat 2: ReVeu710 mucked
Seat 3: fedor0f folded before Flop (didn't bet)
Seat 4: LeeTuffy1988 (button) folded on the Flop
Seat 5: D€est7oye€R (small blind) folded before Flop
Seat 6: NikoPale (big blind) showed [Tc Jc] and won ($20.69) with two pair, Jacks and Tens



PokerStars Hand #254261019373:  Hold'em No Limit ($0.50/$1.00 USD) - 2025/01/08 13:42:18 WET [2025/01/08 8:42:18 ET]
Table 'Haffner II' 6-max Seat #5 is the button
Seat 1: Rysiff ($326.64 in chips) 
Seat 2: ReVeu710 ($105.16 in chips) 
Seat 3: fedor0f ($100 in chips) 
Seat 4: LeeTuffy1988 ($21.16 in chips) 
Seat 5: D€est7oye€R ($100 in chips) 
Seat 6: NikoPale ($111.05 in chips) 
NikoPale: posts small blind $0.50
Rysiff: posts big blind $1
*** HOLE CARDS ***
ReVeu710: folds 
fedor0f: folds 
LeeTuffy1988: calls $1
D€est7oye€R: folds 
NikoPale: folds 
Rysiff: checks 
*** FLOP *** [6d 8d 9h]
Rysiff: bets $2
LeeTuffy1988: calls $2
*** TURN *** [6d 8d 9h] [Qc]
Rysiff: checks 
LeeTuffy1988: checks 
*** RIVER *** [6d 8d 9h Qc] [5h]
Rysiff: bets $6
LeeTuffy1988: folds 
Uncalled bet ($6) returned to Rysiff
Rysiff collected $6.18 from pot
Rysiff: doesn't show hand 
*** SUMMARY ***
Total pot $6.50 | Rake $0.32 
Board [6d 8d 9h Qc 5h]
Seat 1: Rysiff (big blind) collected ($6.18)
Seat 2: ReVeu710 folded before Flop (didn't bet)
Seat 3: fedor0f folded before Flop (didn't bet)
Seat 4: LeeTuffy1988 folded on the River
Seat 5: D€est7oye€R (button) folded before Flop (didn't bet)
Seat 6: NikoPale (small blind) folded before Flop



PokerStars Hand #254261027723:  Hold'em No Limit ($0.50/$1.00 USD) - 2025/01/08 13:43:05 WET [2025/01/08 8:43:05 ET]
Table 'Haffner II' 6-max Seat #6 is the button
Seat 1: Rysiff ($329.82 in chips) 
Seat 2: ReVeu710 ($105.16 in chips) 
Seat 3: fedor0f ($100 in chips) 
Seat 4: LeeTuffy1988 ($18.16 in chips) 
Seat 5: D€est7oye€R ($100 in chips) 
Seat 6: NikoPale ($110.55 in chips) 
Rysiff: posts small blind $0.50
ReVeu710: posts big blind $1
*** HOLE CARDS ***
fedor0f: folds 
LeeTuffy1988: calls $1
D€est7oye€R: folds 
NikoPale: folds 
Rysiff: folds 
ReVeu710: checks 
*** FLOP *** [6d Qs 2d]
ReVeu710: bets $1.29
LeeTuffy1988: calls $1.29
*** TURN *** [6d Qs 2d] [6h]
ReVeu710: bets $2.61
LeeTuffy1988: calls $2.61
*** RIVER *** [6d Qs 2d 6h] [4s]
ReVeu710: bets $17.21
LeeTuffy1988: calls $13.26 and is all-in
Uncalled bet ($3.95) returned to ReVeu710
*** SHOW DOWN ***
ReVeu710: shows [Td 6s] (three of a kind, Sixes)
LeeTuffy1988: shows [8c 8h] (two pair, Eights and Sixes)
ReVeu710 collected $34.98 from pot
*** SUMMARY ***
Total pot $36.82 | Rake $1.84 
Board [6d Qs 2d 6h 4s]
Seat 1: Rysiff (small blind) folded before Flop
Seat 2: ReVeu710 (big blind) showed [Td 6s] and won ($34.98) with three of a kind, Sixes
Seat 3: fedor0f folded before Flop (didn't bet)
Seat 4: LeeTuffy1988 showed [8c 8h] and lost with two pair, Eights and Sixes
Seat 5: D€est7oye€R folded before Flop (didn't bet)
Seat 6: NikoPale (button) folded before Flop (didn't bet)



PokerStars Hand #254261036218:  Hold'em No Limit ($0.50/$1.00 USD) - 2025/01/08 13:43:53 WET [2025/01/08 8:43:53 ET]
Table 'Haffner II' 6-max Seat #1 is the button
Seat 4: LeeTuffy1988 ($0 in chips) is sitting out
Seat 1: Rysiff ($329.32 in chips) 
Seat 2: ReVeu710 ($121.98 in chips) 
Seat 3: fedor0f ($100 in chips) 
Seat 5: D€est7oye€R ($100 in chips) 
Seat 6: NikoPale ($110.55 in chips) 
ReVeu710: posts small blind $0.50
fedor0f: posts big blind $1
*** HOLE CARDS ***
LeeTuffy1988 is disconnected 
D€est7oye€R: folds 
NikoPale: folds 
Rysiff: folds 
ReVeu710: folds 
Uncalled bet ($0.50) returned to fedor0f
fedor0f collected $1 from pot
fedor0f: doesn't show hand 
*** SUMMARY ***
Total pot $1 | Rake $0 
Seat 4: LeeTuffy1988
Seat 1: Rysiff (button) folded before Flop (didn't bet)
Seat 2: ReVeu710 (small blind) folded before Flop
Seat 3: fedor0f (big blind) collected ($1)
Seat 5: D€est7oye€R folded before Flop (didn't bet)
Seat 6: NikoPale folded before Flop (didn't bet)



PokerStars Hand #254261038073:  Hold'em No Limit ($0.50/$1.00 USD) - 2025/01/08 13:44:04 WET [2025/01/08 8:44:04 ET]
Table 'Haffner II' 6-max Seat #2 is the button
Seat 4: LeeTuffy1988 ($0 in chips) is sitting out
Seat 1: Rysiff ($329.32 in chips) 
Seat 2: ReVeu710 ($121.48 in chips) 
Seat 3: fedor0f ($100.50 in chips) 
Seat 5: D€est7oye€R ($100 in chips) 
Seat 6: NikoPale ($110.55 in chips) 
fedor0f: posts small blind $0.50
D€est7oye€R: posts big blind $1
*** HOLE CARDS ***
NikoPale: folds 
Rysiff has timed out
Rysiff: folds 
ReVeu710: raises $1.50 to $2.50
fedor0f: folds 
D€est7oye€R: calls $1.50
*** FLOP *** [Qs 4c Jh]
D€est7oye€R: checks 
ReVeu710: bets $1.30
D€est7oye€R: folds 
Uncalled bet ($1.30) returned to ReVeu710
ReVeu710 collected $5.22 from pot
ReVeu710: doesn't show hand 
*** SUMMARY ***
Total pot $5.50 | Rake $0.28 
Board [Qs 4c Jh]
Seat 4: LeeTuffy1988
Seat 1: Rysiff folded before Flop (didn't bet)
Seat 2: ReVeu710 (button) collected ($5.22)
Seat 3: fedor0f (small blind) folded before Flop
Seat 5: D€est7oye€R (big blind) folded on the Flop
Seat 6: NikoPale folded before Flop (didn't bet)



PokerStars Hand #254261045798:  Hold'em No Limit ($0.50/$1.00 USD) - 2025/01/08 13:44:48 WET [2025/01/08 8:44:48 ET]
Table 'Haffner II' 6-max Seat #3 is the button
Seat 4: LeeTuffy1988 ($0 in chips) is sitting out
Seat 6: NikoPale ($110.55 in chips) is sitting out
Seat 1: Rysiff ($329.32 in chips) 
Seat 2: ReVeu710 ($124.20 in chips) 
Seat 3: fedor0f ($100 in chips) 
Seat 5: D€est7oye€R ($100 in chips) 
D€est7oye€R: posts small blind $0.50
NikoPale: is sitting out 
Rysiff: posts big blind $1
*** HOLE CARDS ***
ReVeu710: folds 
NikoPale leaves the table
ReVeu710 leaves the table
fedor0f: raises $1.20 to $2.20
D€est7oye€R: folds 
Rysiff: folds 
Uncalled bet ($1.20) returned to fedor0f
Quahrino joins the table at seat #6 
fedor0f collected $2.50 from pot
fedor0f: doesn't show hand 
*** SUMMARY ***
Total pot $2.50 | Rake $0 
Seat 4: LeeTuffy1988
Seat 6: NikoPale
Seat 1: Rysiff (big blind) folded before Flop
Seat 2: ReVeu710 folded before Flop (didn't bet)
Seat 3: fedor0f (button) collected ($2.50)
Seat 5: D€est7oye€R (small blind) folded before Flop



PokerStars Hand #254261048156:  Hold'em No Limit ($0.50/$1.00 USD) - 2025/01/08 13:45:01 WET [2025/01/08 8:45:01 ET]
Table 'Haffner II' 6-max Seat #1 is the button
Seat 3: fedor0f ($101.50 in chips) is sitting out
Seat 4: LeeTuffy1988 ($0 in chips) is sitting out
Seat 6: Quahrino ($100 in chips) is sitting out
Seat 1: Rysiff ($328.32 in chips) 
Seat 5: D€est7oye€R ($100 in chips) 
Rysiff: posts small blind $0.50
fedor0f: is sitting out 
D€est7oye€R: posts big blind $1
*** HOLE CARDS ***
fedor0f leaves the table
Rysiff: folds 
Uncalled bet ($0.50) returned to D€est7oye€R
D€est7oye€R collected $1 from pot
D€est7oye€R: doesn't show hand 
*** SUMMARY ***
Total pot $1 | Rake $0 
Seat 3: fedor0f
Seat 4: LeeTuffy1988
Seat 6: Quahrino
Seat 1: Rysiff (button) (small blind) folded before Flop
Seat 5: D€est7oye€R (big blind) collected ($1)



PokerStars Hand #254261053232:  Hold'em No Limit ($0.50/$1.00 USD) - 2025/01/08 13:45:30 WET [2025/01/08 8:45:30 ET]
Table 'Haffner II' 6-max Seat #1 is the button
Seat 4: LeeTuffy1988 ($0 in chips) is sitting out
Seat 1: Rysiff ($327.82 in chips) 
Seat 5: D€est7oye€R ($100.50 in chips) 
Seat 6: Quahrino ($100 in chips) 
D€est7oye€R: posts small blind $0.50
Quahrino: posts big blind $1
*** HOLE CARDS ***
Rysiff: raises $1.50 to $2.50
D€est7oye€R: folds 
Quahrino: folds 
Uncalled bet ($1.50) returned to Rysiff
Rysiff collected $2.50 from pot
Rysiff: doesn't show hand 
*** SUMMARY ***
Total pot $2.50 | Rake $0 
Seat 4: LeeTuffy1988
Seat 1: Rysiff (button) collected ($2.50)
Seat 5: D€est7oye€R (small blind) folded before Flop
Seat 6: Quahrino (big blind) folded before Flop



PokerStars Hand #254261055260:  Hold'em No Limit ($0.50/$1.00 USD) - 2025/01/08 13:45:41 WET [2025/01/08 8:45:41 ET]
Table 'Haffner II' 6-max Seat #6 is the button
Seat 1: Rysiff ($329.32 in chips) is sitting out
Seat 4: LeeTuffy1988 ($0 in chips) is sitting out
Seat 5: D€est7oye€R ($100 in chips) 
Seat 6: Quahrino ($100 in chips) 
Quahrino: posts small blind $0.50
Rysiff: is sitting out 
D€est7oye€R: posts big blind $1
*** HOLE CARDS ***
Quahrino: raises $1.50 to $2.50
Rysiff leaves the table
D€est7oye€R: calls $1.50
*** FLOP *** [9h 7s 8h]
D€est7oye€R: checks 
Quahrino: checks 
*** TURN *** [9h 7s 8h] [Ah]
D€est7oye€R: bets $3.56
Quahrino: calls $3.56
*** RIVER *** [9h 7s 8h Ah] [5c]
D€est7oye€R: bets $2.88
Quahrino: calls $2.88
*** SHOW DOWN ***
D€est7oye€R: shows [Qh 3h] (a flush, Ace high)
Quahrino: mucks hand 
D€est7oye€R collected $16.99 from pot
*** SUMMARY ***
Total pot $17.88 | Rake $0.89 
Board [9h 7s 8h Ah 5c]
Seat 1: Rysiff
Seat 4: LeeTuffy1988
Seat 5: D€est7oye€R (big blind) showed [Qh 3h] and won ($16.99) with a flush, Ace high
Seat 6: Quahrino (button) (small blind) mucked



