PokerStars Hand #254440017781:  Hold'em No Limit ($0.50/$1.00 USD) - 2025/01/18 23:31:52 WET [2025/01/18 18:31:52 ET]
Table 'Lina III' 6-max Seat #1 is the button
Seat 1: Xenicide ($100 in chips) 
Seat 3: CEPTT ($100 in chips) 
Seat 5: nikalas22 ($100 in chips) 
CEPTT: posts small blind $0.50
nikalas22: posts big blind $1
*** HOLE CARDS ***
Xenicide: raises $1.25 to $2.25
CEPTT: folds 
nikalas22: folds 
Uncalled bet ($1.25) returned to Xenicide
Xenicide collected $2.50 from pot
*** SUMMARY ***
Total pot $2.50 | Rake $0 
Seat 1: Xenicide (button) collected ($2.50)
Seat 3: CEPTT (small blind) folded before Flop
Seat 5: nikalas22 (big blind) folded before Flop



PokerStars Hand #254440020545:  Hold'em No Limit ($0.50/$1.00 USD) - 2025/01/18 23:32:03 WET [2025/01/18 18:32:03 ET]
Table 'Lina III' 6-max Seat #3 is the button
Seat 1: Xenicide ($101.50 in chips) 
Seat 3: CEPTT ($100 in chips) 
Seat 5: nikalas22 ($100 in chips) 
nikalas22: posts small blind $0.50
Xenicide: posts big blind $1
*** HOLE CARDS ***
CEPTT: folds 
nikalas22: folds 
Uncalled bet ($0.50) returned to Xenicide
Xenicide collected $1 from pot
*** SUMMARY ***
Total pot $1 | Rake $0 
Seat 1: Xenicide (big blind) collected ($1)
Seat 3: CEPTT (button) folded before Flop (didn't bet)
Seat 5: nikalas22 (small blind) folded before Flop



PokerStars Hand #254440022437:  Hold'em No Limit ($0.50/$1.00 USD) - 2025/01/18 23:32:10 WET [2025/01/18 18:32:10 ET]
Table 'Lina III' 6-max Seat #5 is the button
Seat 1: Xenicide ($102 in chips) 
Seat 3: CEPTT ($100 in chips) 
Seat 5: nikalas22 ($100 in chips) 
Xenicide: posts small blind $0.50
CEPTT: posts big blind $1
*** HOLE CARDS ***
nikalas22: folds 
Xenicide: raises $2.50 to $3.50
CEPTT: raises $7 to $10.50
Xenicide: raises $10.50 to $21
CEPTT: raises $79 to $100 and is all-in
Xenicide: folds 
Uncalled bet ($79) returned to CEPTT
CEPTT collected $42 from pot
CEPTT: doesn't show hand 
*** SUMMARY ***
Total pot $42 | Rake $0 
Seat 1: Xenicide (small blind) folded before Flop
Seat 3: CEPTT (big blind) collected ($42)
Seat 5: nikalas22 (button) folded before Flop (didn't bet)



PokerStars Hand #254440035510:  Hold'em No Limit ($0.50/$1.00 USD) - 2025/01/18 23:32:59 WET [2025/01/18 18:32:59 ET]
Table 'Lina III' 6-max Seat #1 is the button
Seat 1: Xenicide ($100 in chips) 
Seat 3: CEPTT ($121 in chips) 
Seat 5: nikalas22 ($100 in chips) 
CEPTT: posts small blind $0.50
Mr_Dick666 joins the table at seat #6 
nikalas22: posts big blind $1
*** HOLE CARDS ***
Xenicide: raises $1.25 to $2.25
Elc0mandant3 joins the table at seat #4 
Elc0mandant3 is disconnected 
CEPTT: folds 
tintin641 joins the table at seat #2 
nikalas22: folds 
Uncalled bet ($1.25) returned to Xenicide
Xenicide collected $2.50 from pot
*** SUMMARY ***
Total pot $2.50 | Rake $0 
Seat 1: Xenicide (button) collected ($2.50)
Seat 3: CEPTT (small blind) folded before Flop
Seat 5: nikalas22 (big blind) folded before Flop



PokerStars Hand #254440038859:  Hold'em No Limit ($0.50/$1.00 USD) - 2025/01/18 23:33:12 WET [2025/01/18 18:33:12 ET]
Table 'Lina III' 6-max Seat #3 is the button
Seat 2: tintin641 ($100 in chips) is sitting out
Seat 4: Elc0mandant3 ($59.08 in chips) is sitting out
Seat 1: Xenicide ($101.50 in chips) 
Seat 3: CEPTT ($120.50 in chips) 
Seat 5: nikalas22 ($100 in chips) 
Seat 6: Mr_Dick666 ($100 in chips) 
nikalas22: posts small blind $0.50
Mr_Dick666: posts big blind $1
tintin641: sits out 
*** HOLE CARDS ***
Xenicide: folds 
CEPTT: folds 
nikalas22: raises $2 to $3
Mr_Dick666: calls $2
*** FLOP *** [6h 7c 9c]
nikalas22: checks 
Mr_Dick666: checks 
*** TURN *** [6h 7c 9c] [Kc]
nikalas22: checks 
Mr_Dick666: bets $2.85
nikalas22: calls $2.85
*** RIVER *** [6h 7c 9c Kc] [Kd]
nikalas22: checks 
Mr_Dick666: bets $7.34
nikalas22: calls $7.34
*** SHOW DOWN ***
Mr_Dick666: shows [Ks Qh] (three of a kind, Kings)
nikalas22: mucks hand 
Mr_Dick666 collected $25.38 from pot
*** SUMMARY ***
Total pot $26.38 | Rake $1 
Board [6h 7c 9c Kc Kd]
Seat 2: tintin641
Seat 4: Elc0mandant3
Seat 1: Xenicide folded before Flop (didn't bet)
Seat 3: CEPTT (button) folded before Flop (didn't bet)
Seat 5: nikalas22 (small blind) mucked
Seat 6: Mr_Dick666 (big blind) showed [Ks Qh] and won ($25.38) with three of a kind, Kings



PokerStars Hand #254440052908:  Hold'em No Limit ($0.50/$1.00 USD) - 2025/01/18 23:34:06 WET [2025/01/18 18:34:06 ET]
Table 'Lina III' 6-max Seat #5 is the button
Seat 2: tintin641 ($100 in chips) is sitting out
Seat 4: Elc0mandant3 ($59.08 in chips) is sitting out
Seat 1: Xenicide ($101.50 in chips) 
Seat 3: CEPTT ($120.50 in chips) 
Seat 5: nikalas22 ($100 in chips) 
Seat 6: Mr_Dick666 ($112.19 in chips) 
Mr_Dick666: posts small blind $0.50
Xenicide: posts big blind $1
tintin641: sits out 
Elc0mandant3: sits out 
*** HOLE CARDS ***
CEPTT: folds 
nikalas22: folds 
Mr_Dick666: raises $2 to $3
Xenicide: raises $6 to $9
Mr_Dick666: calls $6
*** FLOP *** [9h Ad Td]
Mr_Dick666: checks 
Xenicide: bets $4.28
Mr_Dick666: calls $4.28
*** TURN *** [9h Ad Td] [2s]
Mr_Dick666: checks 
Xenicide: checks 
*** RIVER *** [9h Ad Td 2s] [Jh]
Mr_Dick666: checks 
Xenicide: checks 
*** SHOW DOWN ***
Mr_Dick666: shows [Ac Js] (two pair, Aces and Jacks)
Xenicide: mucks hand 
Mr_Dick666 collected $25.56 from pot
*** SUMMARY ***
Total pot $26.56 | Rake $1 
Board [9h Ad Td 2s Jh]
Seat 2: tintin641
Seat 4: Elc0mandant3
Seat 1: Xenicide (big blind) mucked
Seat 3: CEPTT folded before Flop (didn't bet)
Seat 5: nikalas22 (button) folded before Flop (didn't bet)
Seat 6: Mr_Dick666 (small blind) showed [Ac Js] and won ($25.56) with two pair, Aces and Jacks



PokerStars Hand #254440071991:  Hold'em No Limit ($0.50/$1.00 USD) - 2025/01/18 23:35:18 WET [2025/01/18 18:35:18 ET]
Table 'Lina III' 6-max Seat #6 is the button
Seat 1: Xenicide ($100 in chips) 
Seat 2: tintin641 ($100 in chips) 
Seat 3: CEPTT ($120.50 in chips) 
Seat 4: Elc0mandant3 ($59.08 in chips) 
Seat 5: nikalas22 ($100 in chips) 
Seat 6: Mr_Dick666 ($124.47 in chips) 
Xenicide: posts small blind $0.50
tintin641: posts big blind $1
Elc0mandant3: posts big blind $1
*** HOLE CARDS ***
CEPTT: folds 
Elc0mandant3: checks 
nikalas22: folds 
Mr_Dick666: raises $3 to $4
Xenicide: folds 
tintin641: folds 
Elc0mandant3: folds 
Uncalled bet ($3) returned to Mr_Dick666
Mr_Dick666 collected $3.50 from pot
Mr_Dick666: doesn't show hand 
*** SUMMARY ***
Total pot $3.50 | Rake $0 
Seat 1: Xenicide (small blind) folded before Flop
Seat 2: tintin641 (big blind) folded before Flop
Seat 3: CEPTT folded before Flop (didn't bet)
Seat 4: Elc0mandant3 folded before Flop (didn't bet)
Seat 5: nikalas22 folded before Flop (didn't bet)
Seat 6: Mr_Dick666 (button) collected ($3.50)



PokerStars Hand #254440078263:  Hold'em No Limit ($0.50/$1.00 USD) - 2025/01/18 23:35:43 WET [2025/01/18 18:35:43 ET]
Table 'Lina III' 6-max Seat #1 is the button
Seat 1: Xenicide ($100 in chips) 
Seat 2: tintin641 ($100 in chips) 
Seat 3: CEPTT ($120.50 in chips) 
Seat 4: Elc0mandant3 ($58.08 in chips) 
Seat 5: nikalas22 ($100 in chips) 
Seat 6: Mr_Dick666 ($126.97 in chips) 
tintin641: posts small blind $0.50
CEPTT: posts big blind $1
*** HOLE CARDS ***
Elc0mandant3: calls $1
nikalas22: raises $3.50 to $4.50
Mr_Dick666: folds 
Xenicide: folds 
tintin641: folds 
CEPTT: folds 
Elc0mandant3: calls $3.50
*** FLOP *** [6s 5s Js]
Elc0mandant3: checks 
nikalas22: checks 
*** TURN *** [6s 5s Js] [Kd]
Elc0mandant3: checks 
nikalas22: bets $7.49
Elc0mandant3: calls $7.49
*** RIVER *** [6s 5s Js Kd] [Kh]
Elc0mandant3: checks 
nikalas22: bets $18.16
Elc0mandant3: folds 
Uncalled bet ($18.16) returned to nikalas22
nikalas22 collected $24.21 from pot
nikalas22: doesn't show hand 
*** SUMMARY ***
Total pot $25.48 | Rake $1.27 
Board [6s 5s Js Kd Kh]
Seat 1: Xenicide (button) folded before Flop (didn't bet)
Seat 2: tintin641 (small blind) folded before Flop
Seat 3: CEPTT (big blind) folded before Flop
Seat 4: Elc0mandant3 folded on the River
Seat 5: nikalas22 collected ($24.21)
Seat 6: Mr_Dick666 folded before Flop (didn't bet)



PokerStars Hand #254440098328:  Hold'em No Limit ($0.50/$1.00 USD) - 2025/01/18 23:37:00 WET [2025/01/18 18:37:00 ET]
Table 'Lina III' 6-max Seat #2 is the button
Seat 1: Xenicide ($100 in chips) 
Seat 2: tintin641 ($100 in chips) 
Seat 3: CEPTT ($119.50 in chips) 
Seat 4: Elc0mandant3 ($46.09 in chips) 
Seat 5: nikalas22 ($112.22 in chips) 
Seat 6: Mr_Dick666 ($126.97 in chips) 
CEPTT: posts small blind $0.50
Elc0mandant3: posts big blind $1
*** HOLE CARDS ***
nikalas22: raises $1.50 to $2.50
Mr_Dick666: folds 
Xenicide: folds 
tintin641: folds 
CEPTT: folds 
Elc0mandant3: raises $1.50 to $4
nikalas22: calls $1.50
*** FLOP *** [Td 8d 5h]
Elc0mandant3: checks 
nikalas22: checks 
*** TURN *** [Td 8d 5h] [6s]
Elc0mandant3: bets $1
nikalas22: calls $1
*** RIVER *** [Td 8d 5h 6s] [Ks]
Elc0mandant3: bets $9.98
nikalas22: folds 
Uncalled bet ($9.98) returned to Elc0mandant3
Elc0mandant3 collected $9.98 from pot
*** SUMMARY ***
Total pot $10.50 | Rake $0.52 
Board [Td 8d 5h 6s Ks]
Seat 1: Xenicide folded before Flop (didn't bet)
Seat 2: tintin641 (button) folded before Flop (didn't bet)
Seat 3: CEPTT (small blind) folded before Flop
Seat 4: Elc0mandant3 (big blind) collected ($9.98)
Seat 5: nikalas22 folded on the River
Seat 6: Mr_Dick666 folded before Flop (didn't bet)



PokerStars Hand #254440111467:  Hold'em No Limit ($0.50/$1.00 USD) - 2025/01/18 23:37:51 WET [2025/01/18 18:37:51 ET]
Table 'Lina III' 6-max Seat #3 is the button
Seat 1: Xenicide ($100 in chips) 
Seat 2: tintin641 ($100 in chips) 
Seat 3: CEPTT ($119 in chips) 
Seat 4: Elc0mandant3 ($51.07 in chips) 
Seat 5: nikalas22 ($107.22 in chips) 
Seat 6: Mr_Dick666 ($126.97 in chips) 
Elc0mandant3: posts small blind $0.50
nikalas22: posts big blind $1
*** HOLE CARDS ***
Mr_Dick666: folds 
Xenicide: raises $1 to $2
tintin641: folds 
CEPTT: folds 
Elc0mandant3: calls $1.50
nikalas22: folds 
*** FLOP *** [Qs Qh 4h]
Elc0mandant3: checks 
Xenicide: bets $1.19
Elc0mandant3: calls $1.19
*** TURN *** [Qs Qh 4h] [8c]
Elc0mandant3: bets $3
Xenicide: calls $3
*** RIVER *** [Qs Qh 4h 8c] [Ts]
Elc0mandant3: checks 
Xenicide: bets $44
Elc0mandant3: folds 
Uncalled bet ($44) returned to Xenicide
Xenicide collected $12.71 from pot
Xenicide: doesn't show hand 
*** SUMMARY ***
Total pot $13.38 | Rake $0.67 
Board [Qs Qh 4h 8c Ts]
Seat 1: Xenicide collected ($12.71)
Seat 2: tintin641 folded before Flop (didn't bet)
Seat 3: CEPTT (button) folded before Flop (didn't bet)
Seat 4: Elc0mandant3 (small blind) folded on the River
Seat 5: nikalas22 (big blind) folded before Flop
Seat 6: Mr_Dick666 folded before Flop (didn't bet)



PokerStars Hand #254440131388:  Hold'em No Limit ($0.50/$1.00 USD) - 2025/01/18 23:39:08 WET [2025/01/18 18:39:08 ET]
Table 'Lina III' 6-max Seat #4 is the button
Seat 1: Xenicide ($106.52 in chips) 
Seat 2: tintin641 ($100 in chips) 
Seat 3: CEPTT ($119 in chips) 
Seat 4: Elc0mandant3 ($44.88 in chips) 
Seat 5: nikalas22 ($106.22 in chips) 
Seat 6: Mr_Dick666 ($126.97 in chips) 
nikalas22: posts small blind $0.50
Mr_Dick666: posts big blind $1
*** HOLE CARDS ***
Xenicide: folds 
tintin641: raises $1.50 to $2.50
CEPTT: folds 
Elc0mandant3: folds 
Elc0mandant3 leaves the table
nikalas22: folds 
Mr_Dick666: folds 
Uncalled bet ($1.50) returned to tintin641
tintin641 collected $2.50 from pot
tintin641: doesn't show hand 
*** SUMMARY ***
Total pot $2.50 | Rake $0 
Seat 1: Xenicide folded before Flop (didn't bet)
Seat 2: tintin641 collected ($2.50)
Seat 3: CEPTT folded before Flop (didn't bet)
Seat 4: Elc0mandant3 (button) folded before Flop (didn't bet)
Seat 5: nikalas22 (small blind) folded before Flop
Seat 6: Mr_Dick666 (big blind) folded before Flop



PokerStars Hand #254440137916:  Hold'em No Limit ($0.50/$1.00 USD) - 2025/01/18 23:39:33 WET [2025/01/18 18:39:33 ET]
Table 'Lina III' 6-max Seat #5 is the button
Seat 1: Xenicide ($106.52 in chips) 
Seat 2: tintin641 ($101.50 in chips) 
Seat 3: CEPTT ($119 in chips) 
Seat 5: nikalas22 ($105.72 in chips) 
Seat 6: Mr_Dick666 ($125.97 in chips) 
Mr_Dick666: posts small blind $0.50
Xenicide: posts big blind $1
*** HOLE CARDS ***
tintin641: raises $1.50 to $2.50
benedi2004 joins the table at seat #4 
benedi2004 is disconnected 
CEPTT: folds 
nikalas22: raises $5.50 to $8
Mr_Dick666: raises $16 to $24
Xenicide: folds 
tintin641: folds 
nikalas22: folds 
Uncalled bet ($16) returned to Mr_Dick666
Mr_Dick666 collected $19.50 from pot
Mr_Dick666: doesn't show hand 
*** SUMMARY ***
Total pot $19.50 | Rake $0 
Seat 1: Xenicide (big blind) folded before Flop
Seat 2: tintin641 folded before Flop
Seat 3: CEPTT folded before Flop (didn't bet)
Seat 5: nikalas22 (button) folded before Flop
Seat 6: Mr_Dick666 (small blind) collected ($19.50)



PokerStars Hand #254440148987:  Hold'em No Limit ($0.50/$1.00 USD) - 2025/01/18 23:40:15 WET [2025/01/18 18:40:15 ET]
Table 'Lina III' 6-max Seat #6 is the button
Seat 4: benedi2004 ($100 in chips) is sitting out
Seat 1: Xenicide ($105.52 in chips) 
Seat 2: tintin641 ($100 in chips) 
Seat 3: CEPTT ($119 in chips) 
Seat 5: nikalas22 ($100 in chips) 
Seat 6: Mr_Dick666 ($137.47 in chips) 
Xenicide: posts small blind $0.50
tintin641: posts big blind $1
benedi2004: sits out 
*** HOLE CARDS ***
CEPTT: raises $1.25 to $2.25
nikalas22: folds 
Mr_Dick666: folds 
Xenicide: folds 
tintin641: folds 
Uncalled bet ($1.25) returned to CEPTT
CEPTT collected $2.50 from pot
CEPTT: doesn't show hand 
*** SUMMARY ***
Total pot $2.50 | Rake $0 
Seat 4: benedi2004
Seat 1: Xenicide (small blind) folded before Flop
Seat 2: tintin641 (big blind) folded before Flop
Seat 3: CEPTT collected ($2.50)
Seat 5: nikalas22 folded before Flop (didn't bet)
Seat 6: Mr_Dick666 (button) folded before Flop (didn't bet)



PokerStars Hand #254440153094:  Hold'em No Limit ($0.50/$1.00 USD) - 2025/01/18 23:40:31 WET [2025/01/18 18:40:31 ET]
Table 'Lina III' 6-max Seat #1 is the button
Seat 4: benedi2004 ($100 in chips) is sitting out
Seat 1: Xenicide ($105.02 in chips) 
Seat 2: tintin641 ($100 in chips) 
Seat 3: CEPTT ($120.50 in chips) 
Seat 5: nikalas22 ($100 in chips) 
Seat 6: Mr_Dick666 ($137.47 in chips) 
tintin641: posts small blind $0.50
CEPTT: posts big blind $1
benedi2004: sits out 
*** HOLE CARDS ***
nikalas22: folds 
Mr_Dick666: folds 
Xenicide: raises $1.25 to $2.25
tintin641: folds 
CEPTT: calls $1.25
*** FLOP *** [Tc Jd Ts]
CEPTT: checks 
Xenicide: bets $1.19
CEPTT: raises $3.57 to $4.76
Xenicide: calls $3.57
*** TURN *** [Tc Jd Ts] [2c]
CEPTT: checks 
Xenicide: checks 
*** RIVER *** [Tc Jd Ts 2c] [Th]
CEPTT: bets $20.69
Xenicide: folds 
Uncalled bet ($20.69) returned to CEPTT
CEPTT collected $13.79 from pot
CEPTT: doesn't show hand 
*** SUMMARY ***
Total pot $14.52 | Rake $0.73 
Board [Tc Jd Ts 2c Th]
Seat 4: benedi2004
Seat 1: Xenicide (button) folded on the River
Seat 2: tintin641 (small blind) folded before Flop
Seat 3: CEPTT (big blind) collected ($13.79)
Seat 5: nikalas22 folded before Flop (didn't bet)
Seat 6: Mr_Dick666 folded before Flop (didn't bet)



PokerStars Hand #254440175841:  Hold'em No Limit ($0.50/$1.00 USD) - 2025/01/18 23:41:59 WET [2025/01/18 18:41:59 ET]
Table 'Lina III' 6-max Seat #2 is the button
Seat 1: Xenicide ($100 in chips) 
Seat 2: tintin641 ($100 in chips) 
Seat 3: CEPTT ($127.28 in chips) 
Seat 4: benedi2004 ($100 in chips) 
Seat 5: nikalas22 ($100 in chips) 
Seat 6: Mr_Dick666 ($137.47 in chips) 
CEPTT: posts small blind $0.50
benedi2004: posts big blind $1
*** HOLE CARDS ***
nikalas22: folds 
Mr_Dick666: folds 
Xenicide: raises $1 to $2
tintin641: folds 
CEPTT: folds 
benedi2004: calls $1
*** FLOP *** [Jc As Th]
benedi2004: checks 
Xenicide: bets $1.33
benedi2004: folds 
Uncalled bet ($1.33) returned to Xenicide
Xenicide collected $4.28 from pot
*** SUMMARY ***
Total pot $4.50 | Rake $0.22 
Board [Jc As Th]
Seat 1: Xenicide collected ($4.28)
Seat 2: tintin641 (button) folded before Flop (didn't bet)
Seat 3: CEPTT (small blind) folded before Flop
Seat 4: benedi2004 (big blind) folded on the Flop
Seat 5: nikalas22 folded before Flop (didn't bet)
Seat 6: Mr_Dick666 folded before Flop (didn't bet)



PokerStars Hand #254440190052:  Hold'em No Limit ($0.50/$1.00 USD) - 2025/01/18 23:42:55 WET [2025/01/18 18:42:55 ET]
Table 'Lina III' 6-max Seat #3 is the button
Seat 1: Xenicide ($102.28 in chips) 
Seat 2: tintin641 ($100 in chips) 
Seat 3: CEPTT ($126.78 in chips) 
Seat 4: benedi2004 ($100 in chips) 
Seat 5: nikalas22 ($100 in chips) 
Seat 6: Mr_Dick666 ($137.47 in chips) 
benedi2004: posts small blind $0.50
nikalas22: posts big blind $1
*** HOLE CARDS ***
Mr_Dick666: raises $1 to $2
Xenicide: folds 
tintin641: folds 
CEPTT: calls $2
benedi2004: calls $1.50
nikalas22: folds 
*** FLOP *** [Th Ac 6s]
benedi2004: checks 
Mr_Dick666: checks 
CEPTT: checks 
*** TURN *** [Th Ac 6s] [6h]
benedi2004: checks 
Mr_Dick666: checks 
CEPTT: bets $3.33
benedi2004: folds 
Mr_Dick666: folds 
Uncalled bet ($3.33) returned to CEPTT
CEPTT collected $6.65 from pot
CEPTT: doesn't show hand 
*** SUMMARY ***
Total pot $7 | Rake $0.35 
Board [Th Ac 6s 6h]
Seat 1: Xenicide folded before Flop (didn't bet)
Seat 2: tintin641 folded before Flop (didn't bet)
Seat 3: CEPTT (button) collected ($6.65)
Seat 4: benedi2004 (small blind) folded on the Turn
Seat 5: nikalas22 (big blind) folded before Flop
Seat 6: Mr_Dick666 folded on the Turn



PokerStars Hand #254440204097:  Hold'em No Limit ($0.50/$1.00 USD) - 2025/01/18 23:43:50 WET [2025/01/18 18:43:50 ET]
Table 'Lina III' 6-max Seat #4 is the button
Seat 1: Xenicide ($102.28 in chips) 
Seat 2: tintin641 ($100 in chips) 
Seat 3: CEPTT ($131.43 in chips) 
Seat 4: benedi2004 ($100 in chips) 
Seat 5: nikalas22 ($100 in chips) 
Seat 6: Mr_Dick666 ($135.47 in chips) 
nikalas22: posts small blind $0.50
Mr_Dick666: posts big blind $1
*** HOLE CARDS ***
Xenicide: raises $1 to $2
tintin641: folds 
CEPTT: folds 
benedi2004: calls $2
nikalas22: folds 
Mr_Dick666: raises $10 to $12
Xenicide: raises $12 to $24
benedi2004: calls $22
Mr_Dick666: calls $12
*** FLOP *** [6d 4s 5c]
Mr_Dick666: checks 
Xenicide: bets $78.28 and is all-in
benedi2004: calls $76 and is all-in
Mr_Dick666: folds 
Uncalled bet ($2.28) returned to Xenicide
benedi2004 has timed out
*** TURN *** [6d 4s 5c] [7h]
*** RIVER *** [6d 4s 5c 7h] [8c]
*** SHOW DOWN ***
Xenicide: shows [As Ac] (a straight, Four to Eight)
benedi2004: shows [2d 4d] (a straight, Four to Eight)
Xenicide collected $111 from pot
benedi2004 collected $110.69 from pot
*** SUMMARY ***
Total pot $224.50 | Rake $2.81 
Board [6d 4s 5c 7h 8c]
Seat 1: Xenicide showed [As Ac] and won ($111) with a straight, Four to Eight
Seat 2: tintin641 folded before Flop (didn't bet)
Seat 3: CEPTT folded before Flop (didn't bet)
Seat 4: benedi2004 (button) showed [2d 4d] and won ($110.69) with a straight, Four to Eight
Seat 5: nikalas22 (small blind) folded before Flop
Seat 6: Mr_Dick666 (big blind) folded on the Flop



PokerStars Hand #254440227675:  Hold'em No Limit ($0.50/$1.00 USD) - 2025/01/18 23:45:23 WET [2025/01/18 18:45:23 ET]
Table 'Lina III' 6-max Seat #5 is the button
Seat 1: Xenicide ($113.28 in chips) 
Seat 2: tintin641 ($100 in chips) 
Seat 3: CEPTT ($131.43 in chips) 
Seat 4: benedi2004 ($110.69 in chips) 
Seat 5: nikalas22 ($100 in chips) 
Seat 6: Mr_Dick666 ($111.47 in chips) 
Mr_Dick666: posts small blind $0.50
Xenicide: posts big blind $1
*** HOLE CARDS ***
tintin641: raises $1.50 to $2.50
CEPTT: raises $5 to $7.50
benedi2004: folds 
nikalas22: folds 
Mr_Dick666: folds 
Xenicide: folds 
tintin641: folds 
Uncalled bet ($5) returned to CEPTT
CEPTT collected $6.50 from pot
CEPTT: doesn't show hand 
*** SUMMARY ***
Total pot $6.50 | Rake $0 
Seat 1: Xenicide (big blind) folded before Flop
Seat 2: tintin641 folded before Flop
Seat 3: CEPTT collected ($6.50)
Seat 4: benedi2004 folded before Flop (didn't bet)
Seat 5: nikalas22 (button) folded before Flop (didn't bet)
Seat 6: Mr_Dick666 (small blind) folded before Flop



PokerStars Hand #254440237622:  Hold'em No Limit ($0.50/$1.00 USD) - 2025/01/18 23:46:02 WET [2025/01/18 18:46:02 ET]
Table 'Lina III' 6-max Seat #6 is the button
Seat 2: tintin641 ($100 in chips) is sitting out
Seat 3: CEPTT ($135.43 in chips) is sitting out
Seat 1: Xenicide ($112.28 in chips) 
Seat 4: benedi2004 ($110.69 in chips) 
Seat 5: nikalas22 ($100 in chips) 
Seat 6: Mr_Dick666 ($110.97 in chips) 
Xenicide: posts small blind $0.50
tintin641: is sitting out 
CEPTT: is sitting out 
benedi2004: posts big blind $1
*** HOLE CARDS ***
tintin641 leaves the table
CEPTT leaves the table
nikalas22: raises $1.50 to $2.50
Mr_Dick666: folds 
Kristo 914 joins the table at seat #3 
kars0n joins the table at seat #2 
Xenicide: folds 
benedi2004: calls $1.50
*** FLOP *** [2h 4c 9c]
benedi2004: checks 
nikalas22: checks 
*** TURN *** [2h 4c 9c] [8d]
benedi2004: bets $5.22
nikalas22: calls $5.22
*** RIVER *** [2h 4c 9c 8d] [2d]
benedi2004: bets $3
nikalas22: calls $3
*** SHOW DOWN ***
benedi2004: shows [7d Qd] (a pair of Deuces)
nikalas22: shows [Ad 5h] (a pair of Deuces - Ace kicker)
nikalas22 collected $20.94 from pot
*** SUMMARY ***
Total pot $21.94 | Rake $1 
Board [2h 4c 9c 8d 2d]
Seat 2: tintin641
Seat 3: CEPTT
Seat 1: Xenicide (small blind) folded before Flop
Seat 4: benedi2004 (big blind) showed [7d Qd] and lost with a pair of Deuces
Seat 5: nikalas22 showed [Ad 5h] and won ($20.94) with a pair of Deuces
Seat 6: Mr_Dick666 (button) folded before Flop (didn't bet)



PokerStars Hand #254440252961:  Hold'em No Limit ($0.50/$1.00 USD) - 2025/01/18 23:47:03 WET [2025/01/18 18:47:03 ET]
Table 'Lina III' 6-max Seat #1 is the button
Seat 2: kars0n ($100 in chips) is sitting out
Seat 3: Kristo 914 ($100 in chips) is sitting out
Seat 1: Xenicide ($111.78 in chips) 
Seat 4: benedi2004 ($100 in chips) 
Seat 5: nikalas22 ($110.22 in chips) 
Seat 6: Mr_Dick666 ($110.97 in chips) 
benedi2004: posts small blind $0.50
nikalas22: posts big blind $1
*** HOLE CARDS ***
Mr_Dick666: folds 
Xenicide: raises $1.25 to $2.25
benedi2004: raises $8.50 to $10.75
nikalas22: folds 
Xenicide: calls $8.50
*** FLOP *** [2c 3h Qs]
benedi2004: checks 
Xenicide: checks 
*** TURN *** [2c 3h Qs] [8s]
benedi2004: bets $10.75
Xenicide: calls $10.75
*** RIVER *** [2c 3h Qs 8s] [Tc]
benedi2004: checks 
Xenicide: checks 
*** SHOW DOWN ***
benedi2004: shows [As Ts] (a pair of Tens)
Xenicide: mucks hand 
benedi2004 collected $42.75 from pot
*** SUMMARY ***
Total pot $44 | Rake $1.25 
Board [2c 3h Qs 8s Tc]
Seat 2: kars0n
Seat 3: Kristo 914
Seat 1: Xenicide (button) mucked
Seat 4: benedi2004 (small blind) showed [As Ts] and won ($42.75) with a pair of Tens
Seat 5: nikalas22 (big blind) folded before Flop
Seat 6: Mr_Dick666 folded before Flop (didn't bet)



PokerStars Hand #254440270269:  Hold'em No Limit ($0.50/$1.00 USD) - 2025/01/18 23:48:11 WET [2025/01/18 18:48:11 ET]
Table 'Lina III' 6-max Seat #4 is the button
Seat 2: kars0n ($100 in chips) is sitting out
Seat 3: Kristo 914 ($100 in chips) is sitting out
Seat 1: Xenicide ($100 in chips) 
Seat 4: benedi2004 ($121.25 in chips) 
Seat 5: nikalas22 ($109.22 in chips) 
Seat 6: Mr_Dick666 ($110.97 in chips) 
nikalas22: posts small blind $0.50
Mr_Dick666: posts big blind $1
kars0n: sits out 
Kristo 914: sits out 
*** HOLE CARDS ***
Xenicide: folds 
benedi2004: raises $1 to $2
nikalas22: folds 
Mr_Dick666: folds 
Uncalled bet ($1) returned to benedi2004
benedi2004 collected $2.50 from pot
benedi2004: doesn't show hand 
*** SUMMARY ***
Total pot $2.50 | Rake $0 
Seat 2: kars0n
Seat 3: Kristo 914
Seat 1: Xenicide folded before Flop (didn't bet)
Seat 4: benedi2004 (button) collected ($2.50)
Seat 5: nikalas22 (small blind) folded before Flop
Seat 6: Mr_Dick666 (big blind) folded before Flop



PokerStars Hand #254440275722:  Hold'em No Limit ($0.50/$1.00 USD) - 2025/01/18 23:48:34 WET [2025/01/18 18:48:34 ET]
Table 'Lina III' 6-max Seat #5 is the button
Seat 2: kars0n ($100 in chips) is sitting out
Seat 3: Kristo 914 ($100 in chips) is sitting out
Seat 1: Xenicide ($100 in chips) 
Seat 4: benedi2004 ($122.75 in chips) 
Seat 5: nikalas22 ($108.72 in chips) 
Seat 6: Mr_Dick666 ($109.97 in chips) 
Mr_Dick666: posts small blind $0.50
Xenicide: posts big blind $1
kars0n: sits out 
Kristo 914: sits out 
*** HOLE CARDS ***
benedi2004: folds 
nikalas22: folds 
Mr_Dick666: folds 
Uncalled bet ($0.50) returned to Xenicide
Xenicide collected $1 from pot
*** SUMMARY ***
Total pot $1 | Rake $0 
Seat 2: kars0n
Seat 3: Kristo 914
Seat 1: Xenicide (big blind) collected ($1)
Seat 4: benedi2004 folded before Flop (didn't bet)
Seat 5: nikalas22 (button) folded before Flop (didn't bet)
Seat 6: Mr_Dick666 (small blind) folded before Flop



PokerStars Hand #254440279471:  Hold'em No Limit ($0.50/$1.00 USD) - 2025/01/18 23:48:49 WET [2025/01/18 18:48:49 ET]
Table 'Lina III' 6-max Seat #6 is the button
Seat 3: Kristo 914 ($100 in chips) is sitting out
Seat 1: Xenicide ($100.50 in chips) 
Seat 2: kars0n ($100 in chips) 
Seat 4: benedi2004 ($122.75 in chips) 
Seat 5: nikalas22 ($108.72 in chips) 
Seat 6: Mr_Dick666 ($109.47 in chips) 
Xenicide: posts small blind $0.50
kars0n: posts big blind $1
Kristo 914: sits out 
*** HOLE CARDS ***
benedi2004: folds 
nikalas22: raises $1.50 to $2.50
Mr_Dick666: folds 
Xenicide: folds 
kars0n: folds 
Uncalled bet ($1.50) returned to nikalas22
nikalas22 collected $2.50 from pot
nikalas22: doesn't show hand 
*** SUMMARY ***
Total pot $2.50 | Rake $0 
Seat 3: Kristo 914
Seat 1: Xenicide (small blind) folded before Flop
Seat 2: kars0n (big blind) folded before Flop
Seat 4: benedi2004 folded before Flop (didn't bet)
Seat 5: nikalas22 collected ($2.50)
Seat 6: Mr_Dick666 (button) folded before Flop (didn't bet)



PokerStars Hand #254440282440:  Hold'em No Limit ($0.50/$1.00 USD) - 2025/01/18 23:49:01 WET [2025/01/18 18:49:01 ET]
Table 'Lina III' 6-max Seat #1 is the button
Seat 1: Xenicide ($100 in chips) 
Seat 2: kars0n ($100 in chips) 
Seat 3: Kristo 914 ($100 in chips) 
Seat 4: benedi2004 ($122.75 in chips) 
Seat 5: nikalas22 ($110.22 in chips) 
Seat 6: Mr_Dick666 ($109.47 in chips) 
kars0n: posts small blind $0.50
Kristo 914: posts big blind $1
*** HOLE CARDS ***
benedi2004: raises $1 to $2
nikalas22: folds 
Mr_Dick666: folds 
Xenicide: raises $4 to $6
kars0n: folds 
Kristo 914: raises $13 to $19
benedi2004: folds 
Xenicide: folds 
Uncalled bet ($13) returned to Kristo 914
Kristo 914 collected $14.50 from pot
Kristo 914: doesn't show hand 
*** SUMMARY ***
Total pot $14.50 | Rake $0 
Seat 1: Xenicide (button) folded before Flop
Seat 2: kars0n (small blind) folded before Flop
Seat 3: Kristo 914 (big blind) collected ($14.50)
Seat 4: benedi2004 folded before Flop
Seat 5: nikalas22 folded before Flop (didn't bet)
Seat 6: Mr_Dick666 folded before Flop (didn't bet)



PokerStars Hand #254440293030:  Hold'em No Limit ($0.50/$1.00 USD) - 2025/01/18 23:49:43 WET [2025/01/18 18:49:43 ET]
Table 'Lina III' 6-max Seat #2 is the button
Seat 1: Xenicide ($100 in chips) 
Seat 2: kars0n ($100 in chips) 
Seat 3: Kristo 914 ($108.50 in chips) 
Seat 4: benedi2004 ($120.75 in chips) 
Seat 5: nikalas22 ($110.22 in chips) 
Seat 6: Mr_Dick666 ($109.47 in chips) 
Kristo 914: posts small blind $0.50
benedi2004: posts big blind $1
*** HOLE CARDS ***
nikalas22: folds 
Mr_Dick666: folds 
Xenicide: folds 
kars0n: raises $1.50 to $2.50
Kristo 914: folds 
benedi2004: folds 
Uncalled bet ($1.50) returned to kars0n
kars0n collected $2.50 from pot
kars0n: doesn't show hand 
*** SUMMARY ***
Total pot $2.50 | Rake $0 
Seat 1: Xenicide folded before Flop (didn't bet)
Seat 2: kars0n (button) collected ($2.50)
Seat 3: Kristo 914 (small blind) folded before Flop
Seat 4: benedi2004 (big blind) folded before Flop
Seat 5: nikalas22 folded before Flop (didn't bet)
Seat 6: Mr_Dick666 folded before Flop (didn't bet)



PokerStars Hand #254440299801:  Hold'em No Limit ($0.50/$1.00 USD) - 2025/01/18 23:50:10 WET [2025/01/18 18:50:10 ET]
Table 'Lina III' 6-max Seat #3 is the button
Seat 1: Xenicide ($100 in chips) 
Seat 2: kars0n ($101.50 in chips) 
Seat 3: Kristo 914 ($108 in chips) 
Seat 4: benedi2004 ($119.75 in chips) 
Seat 5: nikalas22 ($110.22 in chips) 
Seat 6: Mr_Dick666 ($109.47 in chips) 
benedi2004: posts small blind $0.50
nikalas22: posts big blind $1
*** HOLE CARDS ***
Mr_Dick666: folds 
Xenicide: folds 
kars0n: raises $1.50 to $2.50
Kristo 914: folds 
benedi2004: folds 
nikalas22: calls $1.50
*** FLOP *** [Ts 9c 4d]
nikalas22: checks 
kars0n: checks 
*** TURN *** [Ts 9c 4d] [6h]
nikalas22: bets $7.83
kars0n: folds 
Uncalled bet ($7.83) returned to nikalas22
nikalas22 collected $5.22 from pot
nikalas22: doesn't show hand 
*** SUMMARY ***
Total pot $5.50 | Rake $0.28 
Board [Ts 9c 4d 6h]
Seat 1: Xenicide folded before Flop (didn't bet)
Seat 2: kars0n folded on the Turn
Seat 3: Kristo 914 (button) folded before Flop (didn't bet)
Seat 4: benedi2004 (small blind) folded before Flop
Seat 5: nikalas22 (big blind) collected ($5.22)
Seat 6: Mr_Dick666 folded before Flop (didn't bet)



PokerStars Hand #254440308721:  Hold'em No Limit ($0.50/$1.00 USD) - 2025/01/18 23:50:46 WET [2025/01/18 18:50:46 ET]
Table 'Lina III' 6-max Seat #4 is the button
Seat 1: Xenicide ($100 in chips) 
Seat 2: kars0n ($100 in chips) 
Seat 3: Kristo 914 ($108 in chips) 
Seat 4: benedi2004 ($119.25 in chips) 
Seat 5: nikalas22 ($112.94 in chips) 
Seat 6: Mr_Dick666 ($109.47 in chips) 
nikalas22: posts small blind $0.50
Mr_Dick666: posts big blind $1
*** HOLE CARDS ***
Xenicide: folds 
kars0n: raises $1 to $2
Kristo 914: folds 
benedi2004: calls $2
nikalas22: calls $1.50
Mr_Dick666: raises $12 to $14
kars0n: folds 
benedi2004: folds 
nikalas22: folds 
Uncalled bet ($12) returned to Mr_Dick666
Mr_Dick666 collected $8 from pot
Mr_Dick666: doesn't show hand 
*** SUMMARY ***
Total pot $8 | Rake $0 
Seat 1: Xenicide folded before Flop (didn't bet)
Seat 2: kars0n folded before Flop
Seat 3: Kristo 914 folded before Flop (didn't bet)
Seat 4: benedi2004 (button) folded before Flop
Seat 5: nikalas22 (small blind) folded before Flop
Seat 6: Mr_Dick666 (big blind) collected ($8)



PokerStars Hand #254440322008:  Hold'em No Limit ($0.50/$1.00 USD) - 2025/01/18 23:51:40 WET [2025/01/18 18:51:40 ET]
Table 'Lina III' 6-max Seat #5 is the button
Seat 1: Xenicide ($100 in chips) 
Seat 2: kars0n ($100 in chips) 
Seat 3: Kristo 914 ($108 in chips) 
Seat 4: benedi2004 ($117.25 in chips) 
Seat 5: nikalas22 ($110.94 in chips) 
Seat 6: Mr_Dick666 ($115.47 in chips) 
Mr_Dick666: posts small blind $0.50
Xenicide: posts big blind $1
*** HOLE CARDS ***
kars0n: folds 
Kristo 914: folds 
benedi2004: folds 
nikalas22: raises $1.50 to $2.50
Mr_Dick666: folds 
Xenicide: calls $1.50
*** FLOP *** [4d 2h 4s]
Xenicide: checks 
nikalas22: bets $1.57
Xenicide: raises $4.60 to $6.17
nikalas22: calls $4.60
*** TURN *** [4d 2h 4s] [9s]
Xenicide: bets $22.88
nikalas22: calls $22.88
*** RIVER *** [4d 2h 4s 9s] [Qh]
Xenicide: checks 
nikalas22: checks 
*** SHOW DOWN ***
Xenicide: shows [3s As] (a pair of Fours)
nikalas22: shows [Ah Kd] (a pair of Fours - Ace+King kicker)
nikalas22 collected $61.10 from pot
*** SUMMARY ***
Total pot $63.60 | Rake $2.50 
Board [4d 2h 4s 9s Qh]
Seat 1: Xenicide (big blind) showed [3s As] and lost with a pair of Fours
Seat 2: kars0n folded before Flop (didn't bet)
Seat 3: Kristo 914 folded before Flop (didn't bet)
Seat 4: benedi2004 folded before Flop (didn't bet)
Seat 5: nikalas22 (button) showed [Ah Kd] and won ($61.10) with a pair of Fours
Seat 6: Mr_Dick666 (small blind) folded before Flop



PokerStars Hand #254440347433:  Hold'em No Limit ($0.50/$1.00 USD) - 2025/01/18 23:53:24 WET [2025/01/18 18:53:24 ET]
Table 'Lina III' 6-max Seat #6 is the button
Seat 1: Xenicide ($100 in chips) 
Seat 2: kars0n ($100 in chips) 
Seat 3: Kristo 914 ($108 in chips) 
Seat 4: benedi2004 ($117.25 in chips) 
Seat 5: nikalas22 ($140.49 in chips) 
Seat 6: Mr_Dick666 ($114.97 in chips) 
Xenicide: posts small blind $0.50
kars0n: posts big blind $1
*** HOLE CARDS ***
Kristo 914: folds 
benedi2004: folds 
nikalas22: raises $1.50 to $2.50
Mr_Dick666: folds 
Xenicide: folds 
kars0n: folds 
Uncalled bet ($1.50) returned to nikalas22
nikalas22 collected $2.50 from pot
nikalas22: doesn't show hand 
*** SUMMARY ***
Total pot $2.50 | Rake $0 
Seat 1: Xenicide (small blind) folded before Flop
Seat 2: kars0n (big blind) folded before Flop
Seat 3: Kristo 914 folded before Flop (didn't bet)
Seat 4: benedi2004 folded before Flop (didn't bet)
Seat 5: nikalas22 collected ($2.50)
Seat 6: Mr_Dick666 (button) folded before Flop (didn't bet)



PokerStars Hand #254440350980:  Hold'em No Limit ($0.50/$1.00 USD) - 2025/01/18 23:53:39 WET [2025/01/18 18:53:39 ET]
Table 'Lina III' 6-max Seat #1 is the button
Seat 1: Xenicide ($100 in chips) 
Seat 2: kars0n ($100 in chips) 
Seat 3: Kristo 914 ($108 in chips) 
Seat 4: benedi2004 ($117.25 in chips) 
Seat 5: nikalas22 ($141.99 in chips) 
Seat 6: Mr_Dick666 ($114.97 in chips) 
kars0n: posts small blind $0.50
Kristo 914: posts big blind $1
*** HOLE CARDS ***
benedi2004: folds 
nikalas22: raises $1.50 to $2.50
Mr_Dick666: folds 
Xenicide: folds 
kars0n: folds 
benedi2004 leaves the table
Kristo 914: folds 
Uncalled bet ($1.50) returned to nikalas22
nikalas22 collected $2.50 from pot
nikalas22: doesn't show hand 
*** SUMMARY ***
Total pot $2.50 | Rake $0 
Seat 1: Xenicide (button) folded before Flop (didn't bet)
Seat 2: kars0n (small blind) folded before Flop
Seat 3: Kristo 914 (big blind) folded before Flop
Seat 4: benedi2004 folded before Flop (didn't bet)
Seat 5: nikalas22 collected ($2.50)
Seat 6: Mr_Dick666 folded before Flop (didn't bet)



PokerStars Hand #254440354604:  Hold'em No Limit ($0.50/$1.00 USD) - 2025/01/18 23:53:53 WET [2025/01/18 18:53:53 ET]
Table 'Lina III' 6-max Seat #2 is the button
Seat 1: Xenicide ($100 in chips) 
Seat 2: kars0n ($100 in chips) 
Seat 3: Kristo 914 ($107 in chips) 
Seat 5: nikalas22 ($143.49 in chips) 
Seat 6: Mr_Dick666 ($114.97 in chips) 
Kristo 914: posts small blind $0.50
nikalas22: posts big blind $1
*** HOLE CARDS ***
Mr_Dick666: folds 
Xenicide: folds 
kars0n: folds 
Kristo 914: folds 
Uncalled bet ($0.50) returned to nikalas22
nikalas22 collected $1 from pot
nikalas22: doesn't show hand 
*** SUMMARY ***
Total pot $1 | Rake $0 
Seat 1: Xenicide folded before Flop (didn't bet)
Seat 2: kars0n (button) folded before Flop (didn't bet)
Seat 3: Kristo 914 (small blind) folded before Flop
Seat 5: nikalas22 (big blind) collected ($1)
Seat 6: Mr_Dick666 folded before Flop (didn't bet)



PokerStars Hand #254440357768:  Hold'em No Limit ($0.50/$1.00 USD) - 2025/01/18 23:54:06 WET [2025/01/18 18:54:06 ET]
Table 'Lina III' 6-max Seat #3 is the button
Seat 1: Xenicide ($100 in chips) 
Seat 2: kars0n ($100 in chips) 
Seat 3: Kristo 914 ($106.50 in chips) 
Seat 5: nikalas22 ($143.99 in chips) 
Seat 6: Mr_Dick666 ($114.97 in chips) 
nikalas22: posts small blind $0.50
Mr_Dick666: posts big blind $1
*** HOLE CARDS ***
Xenicide: folds 
kars0n: folds 
Kristo 914: folds 
nikalas22: folds 
Uncalled bet ($0.50) returned to Mr_Dick666
06Hookd joins the table at seat #4 
Mr_Dick666 collected $1 from pot
Mr_Dick666: doesn't show hand 
*** SUMMARY ***
Total pot $1 | Rake $0 
Seat 1: Xenicide folded before Flop (didn't bet)
Seat 2: kars0n folded before Flop (didn't bet)
Seat 3: Kristo 914 (button) folded before Flop (didn't bet)
Seat 5: nikalas22 (small blind) folded before Flop
Seat 6: Mr_Dick666 (big blind) collected ($1)



PokerStars Hand #254440364027:  Hold'em No Limit ($0.50/$1.00 USD) - 2025/01/18 23:54:32 WET [2025/01/18 18:54:32 ET]
Table 'Lina III' 6-max Seat #5 is the button
Seat 4: 06Hookd ($100 in chips) is sitting out
Seat 1: Xenicide ($100 in chips) 
Seat 2: kars0n ($100 in chips) 
Seat 3: Kristo 914 ($106.50 in chips) 
Seat 5: nikalas22 ($143.49 in chips) 
Seat 6: Mr_Dick666 ($115.47 in chips) 
Mr_Dick666: posts small blind $0.50
Xenicide: posts big blind $1
06Hookd: sits out 
*** HOLE CARDS ***
kars0n: raises $1 to $2
Kristo 914: folds 
nikalas22: calls $2
Mr_Dick666: folds 
Xenicide: folds 
*** FLOP *** [Ad 5s 3s]
06Hookd leaves the table
kars0n: bets $1.72
nikalas22: raises $4.33 to $6.05
kars0n: calls $4.33
*** TURN *** [Ad 5s 3s] [9s]
kars0n: checks 
nikalas22: bets $5.02
kars0n: folds 
Uncalled bet ($5.02) returned to nikalas22
nikalas22 collected $16.72 from pot
nikalas22: doesn't show hand 
*** SUMMARY ***
Total pot $17.60 | Rake $0.88 
Board [Ad 5s 3s 9s]
Seat 4: 06Hookd
Seat 1: Xenicide (big blind) folded before Flop
Seat 2: kars0n folded on the Turn
Seat 3: Kristo 914 folded before Flop (didn't bet)
Seat 5: nikalas22 (button) collected ($16.72)
Seat 6: Mr_Dick666 (small blind) folded before Flop



PokerStars Hand #254440377427:  Hold'em No Limit ($0.50/$1.00 USD) - 2025/01/18 23:55:35 WET [2025/01/18 18:55:35 ET]
Table 'Lina III' 6-max Seat #6 is the button
Seat 1: Xenicide ($100 in chips) 
Seat 2: kars0n ($100 in chips) 
Seat 3: Kristo 914 ($106.50 in chips) 
Seat 5: nikalas22 ($152.16 in chips) 
Seat 6: Mr_Dick666 ($114.97 in chips) 
Xenicide: posts small blind $0.50
kars0n: posts big blind $1
*** HOLE CARDS ***
Kristo 914: folds 
nikalas22: folds 
Mr_Dick666: folds 
Xenicide: raises $2.50 to $3.50
kars0n: calls $2.50
*** FLOP *** [Jd Td 4c]
Xenicide: checks 
kars0n: checks 
*** TURN *** [Jd Td 4c] [2d]
IgStudio joins the table at seat #4 
Xenicide: checks 
kars0n: checks 
*** RIVER *** [Jd Td 4c 2d] [4h]
Xenicide: bets $3.33
kars0n: raises $5.67 to $9
Xenicide: folds 
Uncalled bet ($5.67) returned to kars0n
kars0n collected $12.98 from pot
kars0n: doesn't show hand 
*** SUMMARY ***
Total pot $13.66 | Rake $0.68 
Board [Jd Td 4c 2d 4h]
Seat 1: Xenicide (small blind) folded on the River
Seat 2: kars0n (big blind) collected ($12.98)
Seat 3: Kristo 914 folded before Flop (didn't bet)
Seat 5: nikalas22 folded before Flop (didn't bet)
Seat 6: Mr_Dick666 (button) folded before Flop (didn't bet)



PokerStars Hand #254440392282:  Hold'em No Limit ($0.50/$1.00 USD) - 2025/01/18 23:56:54 WET [2025/01/18 18:56:54 ET]
Table 'Lina III' 6-max Seat #1 is the button
Seat 1: Xenicide ($100 in chips) 
Seat 3: Kristo 914 ($106.50 in chips) 
Seat 4: IgStudio ($100 in chips) 
Seat 5: nikalas22 ($152.16 in chips) 
Seat 6: Mr_Dick666 ($114.97 in chips) 
Kristo 914: posts small blind $0.50
IgStudio: posts big blind $1
*** HOLE CARDS ***
nikalas22: folds 
XneferX joins the table at seat #2 
Mr_Dick666: folds 
Xenicide: folds 
Kristo 914: folds 
Uncalled bet ($0.50) returned to IgStudio
IgStudio collected $1 from pot
IgStudio: doesn't show hand 
*** SUMMARY ***
Total pot $1 | Rake $0 
Seat 1: Xenicide (button) folded before Flop (didn't bet)
Seat 3: Kristo 914 (small blind) folded before Flop
Seat 4: IgStudio (big blind) collected ($1)
Seat 5: nikalas22 folded before Flop (didn't bet)
Seat 6: Mr_Dick666 folded before Flop (didn't bet)



PokerStars Hand #254440396405:  Hold'em No Limit ($0.50/$1.00 USD) - 2025/01/18 23:57:16 WET [2025/01/18 18:57:16 ET]
Table 'Lina III' 6-max Seat #3 is the button
Seat 2: XneferX ($100 in chips) is sitting out
Seat 5: nikalas22 ($152.16 in chips) is sitting out
Seat 6: Mr_Dick666 ($114.97 in chips) is sitting out
Seat 1: Xenicide ($100 in chips) 
Seat 3: Kristo 914 ($106 in chips) 
Seat 4: IgStudio ($100.50 in chips) 
IgStudio: posts small blind $0.50
nikalas22: is sitting out 
Mr_Dick666: is sitting out 
Xenicide: posts big blind $1
XneferX: sits out 
*** HOLE CARDS ***
Kristo 914: raises $1.40 to $2.40
IgStudio: calls $1.90
Xenicide: folds 
*** FLOP *** [9s Ah Tc]
IgStudio: checks 
Kristo 914: checks 
*** TURN *** [9s Ah Tc] [9d]
IgStudio: checks 
Kristo 914: checks 
*** RIVER *** [9s Ah Tc 9d] [Kd]
IgStudio: bets $8
Kristo 914: folds 
Uncalled bet ($8) returned to IgStudio
IgStudio collected $5.51 from pot
IgStudio: doesn't show hand 
nikalas22 leaves the table
*** SUMMARY ***
Total pot $5.80 | Rake $0.29 
Board [9s Ah Tc 9d Kd]
Seat 2: XneferX
Seat 5: nikalas22
Seat 6: Mr_Dick666
Seat 1: Xenicide (big blind) folded before Flop
Seat 3: Kristo 914 (button) folded on the River
Seat 4: IgStudio (small blind) collected ($5.51)



PokerStars Hand #254440403105:  Hold'em No Limit ($0.50/$1.00 USD) - 2025/01/18 23:57:51 WET [2025/01/18 18:57:51 ET]
Table 'Lina III' 6-max Seat #4 is the button
Seat 6: Mr_Dick666 ($114.97 in chips) is sitting out
Seat 1: Xenicide ($100 in chips) 
Seat 2: XneferX ($100 in chips) 
Seat 3: Kristo 914 ($103.60 in chips) 
Seat 4: IgStudio ($103.61 in chips) 
Xenicide: posts small blind $0.50
XneferX: posts big blind $1
*** HOLE CARDS ***
Kristo 914: folds 
IgStudio: raises $2 to $3
Christianzt1 joins the table at seat #5 
Xenicide: folds 
XneferX: calls $2
*** FLOP *** [Qs Ks 2d]
XneferX: checks 
IgStudio: bets $4
XneferX: folds 
Uncalled bet ($4) returned to IgStudio
IgStudio collected $6.18 from pot
IgStudio: doesn't show hand 
*** SUMMARY ***
Total pot $6.50 | Rake $0.32 
Board [Qs Ks 2d]
Seat 6: Mr_Dick666
Seat 1: Xenicide (small blind) folded before Flop
Seat 2: XneferX (big blind) folded on the Flop
Seat 3: Kristo 914 folded before Flop (didn't bet)
Seat 4: IgStudio (button) collected ($6.18)



PokerStars Hand #254440411198:  Hold'em No Limit ($0.50/$1.00 USD) - 2025/01/18 23:58:35 WET [2025/01/18 18:58:35 ET]
Table 'Lina III' 6-max Seat #1 is the button
Seat 5: Christianzt1 ($100 in chips) is sitting out
Seat 6: Mr_Dick666 ($114.97 in chips) is sitting out
Seat 1: Xenicide ($100 in chips) 
Seat 2: XneferX ($100 in chips) 
Seat 3: Kristo 914 ($103.60 in chips) 
Seat 4: IgStudio ($106.79 in chips) 
XneferX: posts small blind $0.50
Kristo 914: posts big blind $1
Christianzt1: sits out 
Mr_Dick666: sits out 
*** HOLE CARDS ***
IgStudio: folds 
Xenicide: raises $1.25 to $2.25
XneferX: folds 
Kristo 914: raises $9.75 to $12
Xenicide: folds 
Uncalled bet ($9.75) returned to Kristo 914
Kristo 914 collected $5 from pot
Kristo 914: doesn't show hand 
*** SUMMARY ***
Total pot $5 | Rake $0 
Seat 5: Christianzt1
Seat 6: Mr_Dick666
Seat 1: Xenicide (button) folded before Flop
Seat 2: XneferX (small blind) folded before Flop
Seat 3: Kristo 914 (big blind) collected ($5)
Seat 4: IgStudio folded before Flop (didn't bet)



PokerStars Hand #254440419133:  Hold'em No Limit ($0.50/$1.00 USD) - 2025/01/18 23:59:17 WET [2025/01/18 18:59:17 ET]
Table 'Lina III' 6-max Seat #2 is the button
Seat 5: Christianzt1 ($100 in chips) is sitting out
Seat 6: Mr_Dick666 ($114.97 in chips) is sitting out
Seat 1: Xenicide ($100 in chips) 
Seat 2: XneferX ($100 in chips) 
Seat 3: Kristo 914 ($106.35 in chips) 
Seat 4: IgStudio ($106.79 in chips) 
Kristo 914: posts small blind $0.50
IgStudio: posts big blind $1
Christianzt1: sits out 
Mr_Dick666: sits out 
*** HOLE CARDS ***
Xenicide: folds 
XneferX: folds 
Kristo 914: folds 
Uncalled bet ($0.50) returned to IgStudio
IgStudio collected $1 from pot
IgStudio: doesn't show hand 
*** SUMMARY ***
Total pot $1 | Rake $0 
Seat 5: Christianzt1
Seat 6: Mr_Dick666
Seat 1: Xenicide folded before Flop (didn't bet)
Seat 2: XneferX (button) folded before Flop (didn't bet)
Seat 3: Kristo 914 (small blind) folded before Flop
Seat 4: IgStudio (big blind) collected ($1)



PokerStars Hand #254440423316:  Hold'em No Limit ($0.50/$1.00 USD) - 2025/01/18 23:59:39 WET [2025/01/18 18:59:39 ET]
Table 'Lina III' 6-max Seat #3 is the button
Seat 6: Mr_Dick666 ($114.97 in chips) is sitting out
Seat 1: Xenicide ($100 in chips) 
Seat 2: XneferX ($100 in chips) 
Seat 3: Kristo 914 ($105.85 in chips) 
Seat 4: IgStudio ($107.29 in chips) 
Seat 5: Christianzt1 ($100 in chips) 
IgStudio: posts small blind $0.50
Christianzt1: posts big blind $1
Mr_Dick666: sits out 
*** HOLE CARDS ***
Xenicide: folds 
XneferX: folds 
Kristo 914: folds 
IgStudio: calls $0.50
Christianzt1: checks 
*** FLOP *** [Kh 3s 3d]
IgStudio: checks 
Christianzt1: checks 
*** TURN *** [Kh 3s 3d] [Qc]
IgStudio: bets $2
Christianzt1: folds 
Uncalled bet ($2) returned to IgStudio
IgStudio collected $1.90 from pot
IgStudio: doesn't show hand 
*** SUMMARY ***
Total pot $2 | Rake $0.10 
Board [Kh 3s 3d Qc]
Seat 6: Mr_Dick666
Seat 1: Xenicide folded before Flop (didn't bet)
Seat 2: XneferX folded before Flop (didn't bet)
Seat 3: Kristo 914 (button) folded before Flop (didn't bet)
Seat 4: IgStudio (small blind) collected ($1.90)
Seat 5: Christianzt1 (big blind) folded on the Turn



PokerStars Hand #254440430096:  Hold'em No Limit ($0.50/$1.00 USD) - 2025/01/18 0:00:15 WET [2025/01/18 19:00:15 ET]
Table 'Lina III' 6-max Seat #4 is the button
Seat 1: Xenicide ($100 in chips) 
Seat 2: XneferX ($100 in chips) 
Seat 3: Kristo 914 ($105.85 in chips) 
Seat 4: IgStudio ($108.19 in chips) 
Seat 5: Christianzt1 ($100 in chips) 
Seat 6: Mr_Dick666 ($114.97 in chips) 
Christianzt1: posts small blind $0.50
Mr_Dick666: posts big blind $1
*** HOLE CARDS ***
Xenicide: folds 
XneferX: folds 
Kristo 914: raises $1.40 to $2.40
IgStudio: folds 
Christianzt1: folds 
Mr_Dick666: folds 
Uncalled bet ($1.40) returned to Kristo 914
Kristo 914 collected $2.50 from pot
Kristo 914: doesn't show hand 
*** SUMMARY ***
Total pot $2.50 | Rake $0 
Seat 1: Xenicide folded before Flop (didn't bet)
Seat 2: XneferX folded before Flop (didn't bet)
Seat 3: Kristo 914 collected ($2.50)
Seat 4: IgStudio (button) folded before Flop (didn't bet)
Seat 5: Christianzt1 (small blind) folded before Flop
Seat 6: Mr_Dick666 (big blind) folded before Flop



PokerStars Hand #254440434339:  Hold'em No Limit ($0.50/$1.00 USD) - 2025/01/18 0:00:36 WET [2025/01/18 19:00:36 ET]
Table 'Lina III' 6-max Seat #5 is the button
Seat 1: Xenicide ($100 in chips) 
Seat 2: XneferX ($100 in chips) 
Seat 3: Kristo 914 ($107.35 in chips) 
Seat 4: IgStudio ($108.19 in chips) 
Seat 5: Christianzt1 ($100 in chips) 
Seat 6: Mr_Dick666 ($113.97 in chips) 
Mr_Dick666: posts small blind $0.50
Xenicide: posts big blind $1
*** HOLE CARDS ***
XneferX: folds 
Kristo 914: folds 
IgStudio: raises $1.50 to $2.50
Christianzt1: folds 
Mr_Dick666: folds 
Xenicide: calls $1.50
*** FLOP *** [6s 5s 6d]
Xenicide: checks 
IgStudio: checks 
*** TURN *** [6s 5s 6d] [9h]
Xenicide: checks 
IgStudio: bets $2
Xenicide: folds 
Uncalled bet ($2) returned to IgStudio
IgStudio collected $5.22 from pot
IgStudio: doesn't show hand 
*** SUMMARY ***
Total pot $5.50 | Rake $0.28 
Board [6s 5s 6d 9h]
Seat 1: Xenicide (big blind) folded on the Turn
Seat 2: XneferX folded before Flop (didn't bet)
Seat 3: Kristo 914 folded before Flop (didn't bet)
Seat 4: IgStudio collected ($5.22)
Seat 5: Christianzt1 (button) folded before Flop (didn't bet)
Seat 6: Mr_Dick666 (small blind) folded before Flop



PokerStars Hand #254440447781:  Hold'em No Limit ($0.50/$1.00 USD) - 2025/01/18 0:01:37 WET [2025/01/18 19:01:37 ET]
Table 'Lina III' 6-max Seat #6 is the button
Seat 1: Xenicide ($100 in chips) 
Seat 2: XneferX ($100 in chips) 
Seat 3: Kristo 914 ($107.35 in chips) 
Seat 4: IgStudio ($110.91 in chips) 
Seat 5: Christianzt1 ($100 in chips) 
Seat 6: Mr_Dick666 ($113.47 in chips) 
Xenicide: posts small blind $0.50
XneferX: posts big blind $1
*** HOLE CARDS ***
Kristo 914: folds 
IgStudio: raises $1.50 to $2.50
Christianzt1: folds 
Mr_Dick666: folds 
Xenicide: folds 
XneferX: calls $1.50
*** FLOP *** [7s Qh 8c]
XneferX: checks 
IgStudio: checks 
*** TURN *** [7s Qh 8c] [Ac]
XneferX: bets $5.17
IgStudio: calls $5.17
*** RIVER *** [7s Qh 8c Ac] [2h]
XneferX: checks 
IgStudio: bets $5
XneferX: calls $5
*** SHOW DOWN ***
IgStudio: shows [Jd Ad] (a pair of Aces)
XneferX: mucks hand 
IgStudio collected $24.55 from pot
*** SUMMARY ***
Total pot $25.84 | Rake $1.29 
Board [7s Qh 8c Ac 2h]
Seat 1: Xenicide (small blind) folded before Flop
Seat 2: XneferX (big blind) mucked
Seat 3: Kristo 914 folded before Flop (didn't bet)
Seat 4: IgStudio showed [Jd Ad] and won ($24.55) with a pair of Aces
Seat 5: Christianzt1 folded before Flop (didn't bet)
Seat 6: Mr_Dick666 (button) folded before Flop (didn't bet)



PokerStars Hand #254440464130:  Hold'em No Limit ($0.50/$1.00 USD) - 2025/01/18 0:02:46 WET [2025/01/18 19:02:46 ET]
Table 'Lina III' 6-max Seat #1 is the button
Seat 1: Xenicide ($100 in chips) 
Seat 2: XneferX ($100 in chips) 
Seat 3: Kristo 914 ($107.35 in chips) 
Seat 4: IgStudio ($122.79 in chips) 
Seat 5: Christianzt1 ($100 in chips) 
Seat 6: Mr_Dick666 ($113.47 in chips) 
XneferX: posts small blind $0.50
Kristo 914: posts big blind $1
*** HOLE CARDS ***
IgStudio: folds 
Christianzt1: folds 
Mr_Dick666: folds 
Xenicide: raises $1.25 to $2.25
XneferX: folds 
Kristo 914: folds 
Uncalled bet ($1.25) returned to Xenicide
Xenicide collected $2.50 from pot
*** SUMMARY ***
Total pot $2.50 | Rake $0 
Seat 1: Xenicide (button) collected ($2.50)
Seat 2: XneferX (small blind) folded before Flop
Seat 3: Kristo 914 (big blind) folded before Flop
Seat 4: IgStudio folded before Flop (didn't bet)
Seat 5: Christianzt1 folded before Flop (didn't bet)
Seat 6: Mr_Dick666 folded before Flop (didn't bet)



PokerStars Hand #254440470869:  Hold'em No Limit ($0.50/$1.00 USD) - 2025/01/18 0:03:15 WET [2025/01/18 19:03:15 ET]
Table 'Lina III' 6-max Seat #2 is the button
Seat 1: Xenicide ($101.50 in chips) 
Seat 2: XneferX ($100 in chips) 
Seat 3: Kristo 914 ($106.35 in chips) 
Seat 4: IgStudio ($122.79 in chips) 
Seat 5: Christianzt1 ($100 in chips) 
Seat 6: Mr_Dick666 ($113.47 in chips) 
Kristo 914: posts small blind $0.50
IgStudio: posts big blind $1
*** HOLE CARDS ***
Christianzt1: folds 
Mr_Dick666: folds 
Xenicide: folds 
XneferX: raises $1.77 to $2.77
Kristo 914: folds 
IgStudio: folds 
Uncalled bet ($1.77) returned to XneferX
XneferX collected $2.50 from pot
XneferX: doesn't show hand 
*** SUMMARY ***
Total pot $2.50 | Rake $0 
Seat 1: Xenicide folded before Flop (didn't bet)
Seat 2: XneferX (button) collected ($2.50)
Seat 3: Kristo 914 (small blind) folded before Flop
Seat 4: IgStudio (big blind) folded before Flop
Seat 5: Christianzt1 folded before Flop (didn't bet)
Seat 6: Mr_Dick666 folded before Flop (didn't bet)



PokerStars Hand #254440477411:  Hold'em No Limit ($0.50/$1.00 USD) - 2025/01/18 0:03:42 WET [2025/01/18 19:03:42 ET]
Table 'Lina III' 6-max Seat #3 is the button
Seat 1: Xenicide ($101.50 in chips) 
Seat 2: XneferX ($101.50 in chips) 
Seat 3: Kristo 914 ($105.85 in chips) 
Seat 4: IgStudio ($121.79 in chips) 
Seat 5: Christianzt1 ($100 in chips) 
Seat 6: Mr_Dick666 ($113.47 in chips) 
IgStudio: posts small blind $0.50
Christianzt1: posts big blind $1
*** HOLE CARDS ***
Mr_Dick666: raises $1.50 to $2.50
Xenicide: folds 
XneferX: folds 
Kristo 914: folds 
IgStudio: folds 
Christianzt1: folds 
Uncalled bet ($1.50) returned to Mr_Dick666
Mr_Dick666 collected $2.50 from pot
Mr_Dick666: doesn't show hand 
*** SUMMARY ***
Total pot $2.50 | Rake $0 
Seat 1: Xenicide folded before Flop (didn't bet)
Seat 2: XneferX folded before Flop (didn't bet)
Seat 3: Kristo 914 (button) folded before Flop (didn't bet)
Seat 4: IgStudio (small blind) folded before Flop
Seat 5: Christianzt1 (big blind) folded before Flop
Seat 6: Mr_Dick666 collected ($2.50)



PokerStars Hand #254440482448:  Hold'em No Limit ($0.50/$1.00 USD) - 2025/01/18 0:04:04 WET [2025/01/18 19:04:04 ET]
Table 'Lina III' 6-max Seat #4 is the button
Seat 1: Xenicide ($101.50 in chips) 
Seat 2: XneferX ($101.50 in chips) 
Seat 3: Kristo 914 ($105.85 in chips) 
Seat 4: IgStudio ($121.29 in chips) 
Seat 5: Christianzt1 ($100 in chips) 
Seat 6: Mr_Dick666 ($114.97 in chips) 
Christianzt1: posts small blind $0.50
Mr_Dick666: posts big blind $1
*** HOLE CARDS ***
Xenicide: folds 
XneferX: raises $1.10 to $2.10
Kristo 914: folds 
IgStudio: folds 
Christianzt1: folds 
Mr_Dick666: folds 
Uncalled bet ($1.10) returned to XneferX
XneferX collected $2.50 from pot
XneferX: doesn't show hand 
*** SUMMARY ***
Total pot $2.50 | Rake $0 
Seat 1: Xenicide folded before Flop (didn't bet)
Seat 2: XneferX collected ($2.50)
Seat 3: Kristo 914 folded before Flop (didn't bet)
Seat 4: IgStudio (button) folded before Flop (didn't bet)
Seat 5: Christianzt1 (small blind) folded before Flop
Seat 6: Mr_Dick666 (big blind) folded before Flop



PokerStars Hand #254440486042:  Hold'em No Limit ($0.50/$1.00 USD) - 2025/01/18 0:04:19 WET [2025/01/18 19:04:19 ET]
Table 'Lina III' 6-max Seat #5 is the button
Seat 1: Xenicide ($101.50 in chips) 
Seat 2: XneferX ($103 in chips) 
Seat 3: Kristo 914 ($105.85 in chips) 
Seat 4: IgStudio ($121.29 in chips) 
Seat 5: Christianzt1 ($100 in chips) 
Seat 6: Mr_Dick666 ($113.97 in chips) 
Mr_Dick666: posts small blind $0.50
Xenicide: posts big blind $1
*** HOLE CARDS ***
XneferX: folds 
Kristo 914: folds 
IgStudio: raises $1.50 to $2.50
Christianzt1: folds 
Mr_Dick666: folds 
Xenicide: calls $1.50
*** FLOP *** [Jh 9d 3c]
Xenicide: checks 
IgStudio: bets $4
Xenicide: raises $7.27 to $11.27
IgStudio: raises $14.73 to $26
Xenicide: calls $14.73
*** TURN *** [Jh 9d 3c] [8s]
Xenicide: checks 
IgStudio: bets $11
Xenicide: calls $11
*** RIVER *** [Jh 9d 3c 8s] [8d]
Xenicide: bets $62 and is all-in
IgStudio: folds 
Uncalled bet ($62) returned to Xenicide
Xenicide collected $77 from pot
*** SUMMARY ***
Total pot $79.50 | Rake $2.50 
Board [Jh 9d 3c 8s 8d]
Seat 1: Xenicide (big blind) collected ($77)
Seat 2: XneferX folded before Flop (didn't bet)
Seat 3: Kristo 914 folded before Flop (didn't bet)
Seat 4: IgStudio folded on the River
Seat 5: Christianzt1 (button) folded before Flop (didn't bet)
Seat 6: Mr_Dick666 (small blind) folded before Flop



PokerStars Hand #254440514994:  Hold'em No Limit ($0.50/$1.00 USD) - 2025/01/18 0:06:23 WET [2025/01/18 19:06:23 ET]
Table 'Lina III' 6-max Seat #6 is the button
Seat 1: Xenicide ($139 in chips) 
Seat 2: XneferX ($103 in chips) 
Seat 3: Kristo 914 ($105.85 in chips) 
Seat 4: IgStudio ($81.79 in chips) 
Seat 5: Christianzt1 ($100 in chips) 
Seat 6: Mr_Dick666 ($113.47 in chips) 
Xenicide: posts small blind $0.50
XneferX: posts big blind $1
*** HOLE CARDS ***
Kristo 914: raises $1.40 to $2.40
IgStudio: calls $2.40
Christianzt1: folds 
Mr_Dick666: folds 
Xenicide: folds 
XneferX: folds 
*** FLOP *** [8d 9h 4d]
Kristo 914: checks 
IgStudio: checks 
*** TURN *** [8d 9h 4d] [Jh]
Kristo 914: checks 
IgStudio: bets $3
Kristo 914: folds 
Uncalled bet ($3) returned to IgStudio
IgStudio collected $5.98 from pot
IgStudio: doesn't show hand 
*** SUMMARY ***
Total pot $6.30 | Rake $0.32 
Board [8d 9h 4d Jh]
Seat 1: Xenicide (small blind) folded before Flop
Seat 2: XneferX (big blind) folded before Flop
Seat 3: Kristo 914 folded on the Turn
Seat 4: IgStudio collected ($5.98)
Seat 5: Christianzt1 folded before Flop (didn't bet)
Seat 6: Mr_Dick666 (button) folded before Flop (didn't bet)



PokerStars Hand #254440522438:  Hold'em No Limit ($0.50/$1.00 USD) - 2025/01/18 0:06:55 WET [2025/01/18 19:06:55 ET]
Table 'Lina III' 6-max Seat #1 is the button
Seat 1: Xenicide ($138.50 in chips) 
Seat 2: XneferX ($102 in chips) 
Seat 3: Kristo 914 ($103.45 in chips) 
Seat 4: IgStudio ($85.37 in chips) 
Seat 5: Christianzt1 ($100 in chips) 
Seat 6: Mr_Dick666 ($113.47 in chips) 
XneferX: posts small blind $0.50
Kristo 914: posts big blind $1
*** HOLE CARDS ***
IgStudio: folds 
Christianzt1: raises $1.40 to $2.40
Mr_Dick666: folds 
Xenicide: folds 
XneferX: folds 
Kristo 914: folds 
Uncalled bet ($1.40) returned to Christianzt1
Christianzt1 collected $2.50 from pot
*** SUMMARY ***
Total pot $2.50 | Rake $0 
Seat 1: Xenicide (button) folded before Flop (didn't bet)
Seat 2: XneferX (small blind) folded before Flop
Seat 3: Kristo 914 (big blind) folded before Flop
Seat 4: IgStudio folded before Flop (didn't bet)
Seat 5: Christianzt1 collected ($2.50)
Seat 6: Mr_Dick666 folded before Flop (didn't bet)



PokerStars Hand #254440530315:  Hold'em No Limit ($0.50/$1.00 USD) - 2025/01/18 0:07:29 WET [2025/01/18 19:07:29 ET]
Table 'Lina III' 6-max Seat #2 is the button
Seat 1: Xenicide ($138.50 in chips) 
Seat 2: XneferX ($101.50 in chips) 
Seat 3: Kristo 914 ($102.45 in chips) 
Seat 4: IgStudio ($85.37 in chips) 
Seat 5: Christianzt1 ($101.50 in chips) 
Seat 6: Mr_Dick666 ($113.47 in chips) 
Kristo 914: posts small blind $0.50
IgStudio: posts big blind $1
*** HOLE CARDS ***
Christianzt1: folds 
Mr_Dick666: folds 
Xenicide: folds 
XneferX: folds 
Kristo 914: raises $2 to $3
IgStudio: folds 
Uncalled bet ($2) returned to Kristo 914
Kristo 914 collected $2 from pot
Kristo 914: doesn't show hand 
*** SUMMARY ***
Total pot $2 | Rake $0 
Seat 1: Xenicide folded before Flop (didn't bet)
Seat 2: XneferX (button) folded before Flop (didn't bet)
Seat 3: Kristo 914 (small blind) collected ($2)
Seat 4: IgStudio (big blind) folded before Flop
Seat 5: Christianzt1 folded before Flop (didn't bet)
Seat 6: Mr_Dick666 folded before Flop (didn't bet)



PokerStars Hand #254440535282:  Hold'em No Limit ($0.50/$1.00 USD) - 2025/01/18 0:07:51 WET [2025/01/18 19:07:51 ET]
Table 'Lina III' 6-max Seat #3 is the button
Seat 1: Xenicide ($138.50 in chips) 
Seat 2: XneferX ($101.50 in chips) 
Seat 3: Kristo 914 ($103.45 in chips) 
Seat 4: IgStudio ($84.37 in chips) 
Seat 5: Christianzt1 ($101.50 in chips) 
Seat 6: Mr_Dick666 ($113.47 in chips) 
IgStudio: posts small blind $0.50
Christianzt1: posts big blind $1
*** HOLE CARDS ***
Mr_Dick666: folds 
Xenicide: raises $1 to $2
XneferX: folds 
Kristo 914: folds 
IgStudio: raises $3 to $5
Christianzt1: folds 
Xenicide: calls $3
*** FLOP *** [Qs 3s 6c]
IgStudio: checks 
Xenicide: checks 
*** TURN *** [Qs 3s 6c] [4s]
IgStudio: checks 
Xenicide: checks 
*** RIVER *** [Qs 3s 6c 4s] [8s]
IgStudio: checks 
Xenicide: checks 
*** SHOW DOWN ***
IgStudio: shows [7d Ad] (high card Ace)
Xenicide: shows [Qd 9d] (a pair of Queens)
Xenicide collected $10.45 from pot
*** SUMMARY ***
Total pot $11 | Rake $0.55 
Board [Qs 3s 6c 4s 8s]
Seat 1: Xenicide showed [Qd 9d] and won ($10.45) with a pair of Queens
Seat 2: XneferX folded before Flop (didn't bet)
Seat 3: Kristo 914 (button) folded before Flop (didn't bet)
Seat 4: IgStudio (small blind) showed [7d Ad] and lost with high card Ace
Seat 5: Christianzt1 (big blind) folded before Flop
Seat 6: Mr_Dick666 folded before Flop (didn't bet)



PokerStars Hand #254440549002:  Hold'em No Limit ($0.50/$1.00 USD) - 2025/01/18 0:08:50 WET [2025/01/18 19:08:50 ET]
Table 'Lina III' 6-max Seat #4 is the button
Seat 1: Xenicide ($143.95 in chips) 
Seat 2: XneferX ($101.50 in chips) 
Seat 3: Kristo 914 ($103.45 in chips) 
Seat 4: IgStudio ($79.37 in chips) 
Seat 5: Christianzt1 ($100.50 in chips) 
Seat 6: Mr_Dick666 ($113.47 in chips) 
Christianzt1: posts small blind $0.50
Mr_Dick666: posts big blind $1
*** HOLE CARDS ***
Xenicide: folds 
XneferX: folds 
Kristo 914: folds 
IgStudio: raises $2 to $3
Christianzt1: folds 
Mr_Dick666: calls $2
*** FLOP *** [Ad 7c 9h]
Mr_Dick666: checks 
IgStudio: bets $3
Mr_Dick666: folds 
Uncalled bet ($3) returned to IgStudio
IgStudio collected $6.18 from pot
IgStudio: doesn't show hand 
*** SUMMARY ***
Total pot $6.50 | Rake $0.32 
Board [Ad 7c 9h]
Seat 1: Xenicide folded before Flop (didn't bet)
Seat 2: XneferX folded before Flop (didn't bet)
Seat 3: Kristo 914 folded before Flop (didn't bet)
Seat 4: IgStudio (button) collected ($6.18)
Seat 5: Christianzt1 (small blind) folded before Flop
Seat 6: Mr_Dick666 (big blind) folded on the Flop



PokerStars Hand #254440557610:  Hold'em No Limit ($0.50/$1.00 USD) - 2025/01/18 0:09:28 WET [2025/01/18 19:09:28 ET]
Table 'Lina III' 6-max Seat #5 is the button
Seat 1: Xenicide ($143.95 in chips) 
Seat 2: XneferX ($101.50 in chips) 
Seat 3: Kristo 914 ($103.45 in chips) 
Seat 4: IgStudio ($82.55 in chips) 
Seat 5: Christianzt1 ($100 in chips) 
Seat 6: Mr_Dick666 ($110.47 in chips) 
Mr_Dick666: posts small blind $0.50
Xenicide: posts big blind $1
*** HOLE CARDS ***
XneferX: folds 
Kristo 914: folds 
IgStudio: raises $1.50 to $2.50
Christianzt1: folds 
Mr_Dick666: raises $8.50 to $11
Xenicide: folds 
IgStudio: calls $8.50
*** FLOP *** [4h 7h 7c]
Mr_Dick666: checks 
IgStudio: checks 
*** TURN *** [4h 7h 7c] [5d]
Mr_Dick666: bets $10.93
IgStudio: calls $10.93
*** RIVER *** [4h 7h 7c 5d] [7s]
Mr_Dick666: checks 
IgStudio: bets $50
Mr_Dick666: calls $50
*** SHOW DOWN ***
IgStudio: shows [9c Tc] (three of a kind, Sevens)
Mr_Dick666: shows [As Qd] (three of a kind, Sevens - Ace kicker)
Mr_Dick666 collected $142.36 from pot
*** SUMMARY ***
Total pot $144.86 | Rake $2.50 
Board [4h 7h 7c 5d 7s]
Seat 1: Xenicide (big blind) folded before Flop
Seat 2: XneferX folded before Flop (didn't bet)
Seat 3: Kristo 914 folded before Flop (didn't bet)
Seat 4: IgStudio showed [9c Tc] and lost with three of a kind, Sevens
Seat 5: Christianzt1 (button) folded before Flop (didn't bet)
Seat 6: Mr_Dick666 (small blind) showed [As Qd] and won ($142.36) with three of a kind, Sevens



PokerStars Hand #254440568551:  Hold'em No Limit ($0.50/$1.00 USD) - 2025/01/18 0:10:15 WET [2025/01/18 19:10:15 ET]
Table 'Lina III' 6-max Seat #6 is the button
Seat 1: Xenicide ($142.95 in chips) 
Seat 2: XneferX ($101.50 in chips) 
Seat 3: Kristo 914 ($103.45 in chips) 
Seat 4: IgStudio ($10.62 in chips) 
Seat 5: Christianzt1 ($100 in chips) 
Seat 6: Mr_Dick666 ($180.90 in chips) 
Xenicide: posts small blind $0.50
XneferX: posts big blind $1
*** HOLE CARDS ***
Kristo 914: folds 
IgStudio: raises $9.62 to $10.62 and is all-in
Christianzt1: folds 
Mr_Dick666: folds 
Xenicide: raises $9.62 to $20.24
XneferX: folds 
Uncalled bet ($9.62) returned to Xenicide
*** FLOP *** [Qd 3s 2h]
*** TURN *** [Qd 3s 2h] [Tc]
*** RIVER *** [Qd 3s 2h Tc] [4h]
*** SHOW DOWN ***
Xenicide: shows [7c 7h] (a pair of Sevens)
IgStudio: shows [9c Ac] (high card Ace)
Xenicide collected $21.13 from pot
*** SUMMARY ***
Total pot $22.24 | Rake $1.11 
Board [Qd 3s 2h Tc 4h]
Seat 1: Xenicide (small blind) showed [7c 7h] and won ($21.13) with a pair of Sevens
Seat 2: XneferX (big blind) folded before Flop
Seat 3: Kristo 914 folded before Flop (didn't bet)
Seat 4: IgStudio showed [9c Ac] and lost with high card Ace
Seat 5: Christianzt1 folded before Flop (didn't bet)
Seat 6: Mr_Dick666 (button) folded before Flop (didn't bet)



PokerStars Hand #254440574488:  Hold'em No Limit ($0.50/$1.00 USD) - 2025/01/18 0:10:41 WET [2025/01/18 19:10:41 ET]
Table 'Lina III' 6-max Seat #1 is the button
Seat 1: Xenicide ($153.46 in chips) 
Seat 2: XneferX ($100.50 in chips) 
Seat 3: Kristo 914 ($103.45 in chips) 
Seat 5: Christianzt1 ($100 in chips) 
Seat 6: Mr_Dick666 ($180.90 in chips) 
IgStudio leaves the table
XneferX: posts small blind $0.50
Kristo 914: posts big blind $1
*** HOLE CARDS ***
Christianzt1: folds 
EvilReality joins the table at seat #4 
Mr_Dick666: raises $1.50 to $2.50
EvilReality leaves the table
Xenicide: folds 
XneferX: folds 
Kristo 914: folds 
Uncalled bet ($1.50) returned to Mr_Dick666
Mr_Dick666 collected $2.50 from pot
Mr_Dick666: doesn't show hand 
*** SUMMARY ***
Total pot $2.50 | Rake $0 
Seat 1: Xenicide (button) folded before Flop (didn't bet)
Seat 2: XneferX (small blind) folded before Flop
Seat 3: Kristo 914 (big blind) folded before Flop
Seat 5: Christianzt1 folded before Flop (didn't bet)
Seat 6: Mr_Dick666 collected ($2.50)



