PokerStars Hand #254432174369:  Hold'em No Limit ($0.50/$1.00 USD) - 2025/01/18 15:35:11 WET [2025/01/18 10:35:11 ET]
Table 'Ate IV' 6-max Seat #3 is the button
Seat 2: peak joker33 ($100 in chips) is sitting out
Seat 4: Gaita_toien ($100 in chips) is sitting out
Seat 6: easy_sarcasm ($101.50 in chips) is sitting out
Seat 1: fc1990colls ($50.87 in chips) 
Seat 3: Burlica2013 ($126.75 in chips) 
Seat 5: IREQO ($93.87 in chips) 
IREQO: posts small blind $0.50
easy_sarcasm: is sitting out 
fc1990colls: posts big blind $1
peak joker33: sits out 
*** HOLE CARDS ***
easy_sarcasm leaves the table
Burlica2013: raises $1.45 to $2.45
IREQO: folds 
fc1990colls: calls $1.45
*** FLOP *** [Jc 2c Qh]
fc1990colls: checks 
Burlica2013: bets $1.69
fc1990colls: calls $1.69
*** TURN *** [Jc 2c Qh] [2d]
fc1990colls: checks 
janarr5 joins the table at seat #6 
Burlica2013: bets $6.25
fc1990colls: folds 
Uncalled bet ($6.25) returned to Burlica2013
Burlica2013 collected $8.34 from pot
Burlica2013: doesn't show hand 
*** SUMMARY ***
Total pot $8.78 | Rake $0.44 
Board [Jc 2c Qh 2d]
Seat 2: peak joker33
Seat 4: Gaita_toien
Seat 6: easy_sarcasm
Seat 1: fc1990colls (big blind) folded on the Turn
Seat 3: Burlica2013 (button) collected ($8.34)
Seat 5: IREQO (small blind) folded before Flop



PokerStars Hand #254432188802:  Hold'em No Limit ($0.50/$1.00 USD) - 2025/01/18 15:36:13 WET [2025/01/18 10:36:13 ET]
Table 'Ate IV' 6-max Seat #5 is the button
Seat 4: Gaita_toien ($100 in chips) is sitting out
Seat 6: janarr5 ($100 in chips) is sitting out
Seat 1: fc1990colls ($46.73 in chips) 
Seat 2: peak joker33 ($100 in chips) 
Seat 3: Burlica2013 ($130.95 in chips) 
Seat 5: IREQO ($93.37 in chips) 
fc1990colls: posts small blind $0.50
peak joker33: posts big blind $1
Gaita_toien: sits out 
*** HOLE CARDS ***
Burlica2013: folds 
IREQO: raises $1.50 to $2.50
fc1990colls: folds 
peak joker33: folds 
Uncalled bet ($1.50) returned to IREQO
IREQO collected $2.50 from pot
IREQO: doesn't show hand 
*** SUMMARY ***
Total pot $2.50 | Rake $0 
Seat 4: Gaita_toien
Seat 6: janarr5
Seat 1: fc1990colls (small blind) folded before Flop
Seat 2: peak joker33 (big blind) folded before Flop
Seat 3: Burlica2013 folded before Flop (didn't bet)
Seat 5: IREQO (button) collected ($2.50)



PokerStars Hand #254432193480:  Hold'em No Limit ($0.50/$1.00 USD) - 2025/01/18 15:36:33 WET [2025/01/18 10:36:33 ET]
Table 'Ate IV' 6-max Seat #1 is the button
Seat 4: Gaita_toien ($100 in chips) is sitting out
Seat 6: janarr5 ($100 in chips) is sitting out
Seat 1: fc1990colls ($46.23 in chips) 
Seat 2: peak joker33 ($100 in chips) 
Seat 3: Burlica2013 ($130.95 in chips) 
Seat 5: IREQO ($94.87 in chips) 
peak joker33: posts small blind $0.50
Burlica2013: posts big blind $1
Gaita_toien: sits out 
janarr5: sits out 
*** HOLE CARDS ***
IREQO: folds 
fc1990colls: raises $1.45 to $2.45
peak joker33: folds 
Burlica2013: calls $1.45
*** FLOP *** [5d 9d 7c]
Burlica2013: checks 
fc1990colls: checks 
*** TURN *** [5d 9d 7c] [Td]
Burlica2013: bets $1.69
fc1990colls: raises $1.69 to $3.38
Burlica2013: raises $8.92 to $12.30
fc1990colls: calls $8.92
*** RIVER *** [5d 9d 7c Td] [Qd]
Burlica2013: bets $32.48
fc1990colls: calls $31.48 and is all-in
Uncalled bet ($1) returned to Burlica2013
*** SHOW DOWN ***
Burlica2013: shows [Jd 8d] (a straight flush, Eight to Queen)
fc1990colls: shows [Th Qh] (two pair, Queens and Tens)
Burlica2013 collected $91.96 from pot
*** SUMMARY ***
Total pot $92.96 | Rake $1 
Board [5d 9d 7c Td Qd]
Seat 4: Gaita_toien
Seat 6: janarr5
Seat 1: fc1990colls (button) showed [Th Qh] and lost with two pair, Queens and Tens
Seat 2: peak joker33 (small blind) folded before Flop
Seat 3: Burlica2013 (big blind) showed [Jd 8d] and won ($91.96) with a straight flush, Eight to Queen
Seat 5: IREQO folded before Flop (didn't bet)



PokerStars Hand #254432207561:  Hold'em No Limit ($0.50/$1.00 USD) - 2025/01/18 15:37:33 WET [2025/01/18 10:37:33 ET]
Table 'Ate IV' 6-max Seat #2 is the button
Seat 1: fc1990colls ($0 in chips) is sitting out
Seat 6: janarr5 ($100 in chips) is sitting out
Seat 2: peak joker33 ($100 in chips) 
Seat 3: Burlica2013 ($176.68 in chips) 
Seat 4: Gaita_toien ($100 in chips) 
Seat 5: IREQO ($94.87 in chips) 
Burlica2013: posts small blind $0.50
Gaita_toien: posts big blind $1
janarr5: sits out 
*** HOLE CARDS ***
IREQO: folds 
peak joker33: raises $1.50 to $2.50
Burlica2013: folds 
Gaita_toien: calls $1.50
*** FLOP *** [4h 7h 9d]
Gaita_toien: checks 
peak joker33: checks 
*** TURN *** [4h 7h 9d] [2h]
Gaita_toien: bets $3
peak joker33: calls $3
*** RIVER *** [4h 7h 9d 2h] [9s]
Gaita_toien: bets $9.39
peak joker33: calls $9.39
*** SHOW DOWN ***
Gaita_toien: shows [Ad 6c] (a pair of Nines)
peak joker33: shows [Th 9c] (three of a kind, Nines)
peak joker33 collected $29.28 from pot
*** SUMMARY ***
Total pot $30.28 | Rake $1 
Board [4h 7h 9d 2h 9s]
Seat 1: fc1990colls
Seat 6: janarr5
Seat 2: peak joker33 (button) showed [Th 9c] and won ($29.28) with three of a kind, Nines
Seat 3: Burlica2013 (small blind) folded before Flop
Seat 4: Gaita_toien (big blind) showed [Ad 6c] and lost with a pair of Nines
Seat 5: IREQO folded before Flop (didn't bet)



PokerStars Hand #254432219090:  Hold'em No Limit ($0.50/$1.00 USD) - 2025/01/18 15:38:22 WET [2025/01/18 10:38:22 ET]
Table 'Ate IV' 6-max Seat #3 is the button
Seat 6: janarr5 ($100 in chips) is sitting out
Seat 1: fc1990colls ($100 in chips) 
Seat 2: peak joker33 ($114.39 in chips) 
Seat 3: Burlica2013 ($176.18 in chips) 
Seat 4: Gaita_toien ($100 in chips) 
Seat 5: IREQO ($94.87 in chips) 
Gaita_toien: posts small blind $0.50
IREQO: posts big blind $1
janarr5: sits out 
*** HOLE CARDS ***
fc1990colls: raises $1.55 to $2.55
peak joker33: folds 
Burlica2013: calls $2.55
Gaita_toien: raises $10.35 to $12.90
IREQO: folds 
fc1990colls: calls $10.35
Burlica2013: folds 
*** FLOP *** [6h Ks Td]
Gaita_toien: bets $9
fc1990colls: calls $9
*** TURN *** [6h Ks Td] [2d]
Gaita_toien: checks 
fc1990colls: bets $14.75
Gaita_toien: folds 
Uncalled bet ($14.75) returned to fc1990colls
fc1990colls collected $44.98 from pot
*** SUMMARY ***
Total pot $47.35 | Rake $2.37 
Board [6h Ks Td 2d]
Seat 6: janarr5
Seat 1: fc1990colls collected ($44.98)
Seat 2: peak joker33 folded before Flop (didn't bet)
Seat 3: Burlica2013 (button) folded before Flop
Seat 4: Gaita_toien (small blind) folded on the Turn
Seat 5: IREQO (big blind) folded before Flop



PokerStars Hand #254432241776:  Hold'em No Limit ($0.50/$1.00 USD) - 2025/01/18 15:39:59 WET [2025/01/18 10:39:59 ET]
Table 'Ate IV' 6-max Seat #4 is the button
Seat 1: fc1990colls ($123.08 in chips) 
Seat 2: peak joker33 ($114.39 in chips) 
Seat 3: Burlica2013 ($173.63 in chips) 
Seat 4: Gaita_toien ($100 in chips) 
Seat 5: IREQO ($93.87 in chips) 
Seat 6: janarr5 ($100 in chips) 
IREQO: posts small blind $0.50
janarr5: posts big blind $1
*** HOLE CARDS ***
fc1990colls: folds 
peak joker33: folds 
Burlica2013: folds 
Gaita_toien: folds 
IREQO: raises $1.50 to $2.50
janarr5: folds 
Uncalled bet ($1.50) returned to IREQO
IREQO collected $2 from pot
IREQO: doesn't show hand 
*** SUMMARY ***
Total pot $2 | Rake $0 
Seat 1: fc1990colls folded before Flop (didn't bet)
Seat 2: peak joker33 folded before Flop (didn't bet)
Seat 3: Burlica2013 folded before Flop (didn't bet)
Seat 4: Gaita_toien (button) folded before Flop (didn't bet)
Seat 5: IREQO (small blind) collected ($2)
Seat 6: janarr5 (big blind) folded before Flop



PokerStars Hand #254432246446:  Hold'em No Limit ($0.50/$1.00 USD) - 2025/01/18 15:40:18 WET [2025/01/18 10:40:18 ET]
Table 'Ate IV' 6-max Seat #5 is the button
Seat 1: fc1990colls ($123.08 in chips) 
Seat 2: peak joker33 ($114.39 in chips) 
Seat 3: Burlica2013 ($173.63 in chips) 
Seat 4: Gaita_toien ($100 in chips) 
Seat 5: IREQO ($94.87 in chips) 
Seat 6: janarr5 ($100 in chips) 
janarr5: posts small blind $0.50
fc1990colls: posts big blind $1
*** HOLE CARDS ***
peak joker33: folds 
Burlica2013: folds 
Gaita_toien: raises $1.20 to $2.20
IREQO: raises $4.80 to $7
janarr5: folds 
fc1990colls: folds 
Gaita_toien: folds 
Uncalled bet ($4.80) returned to IREQO
IREQO collected $5.90 from pot
IREQO: doesn't show hand 
*** SUMMARY ***
Total pot $5.90 | Rake $0 
Seat 1: fc1990colls (big blind) folded before Flop
Seat 2: peak joker33 folded before Flop (didn't bet)
Seat 3: Burlica2013 folded before Flop (didn't bet)
Seat 4: Gaita_toien folded before Flop
Seat 5: IREQO (button) collected ($5.90)
Seat 6: janarr5 (small blind) folded before Flop



PokerStars Hand #254432253593:  Hold'em No Limit ($0.50/$1.00 USD) - 2025/01/18 15:40:49 WET [2025/01/18 10:40:49 ET]
Table 'Ate IV' 6-max Seat #6 is the button
Seat 1: fc1990colls ($122.08 in chips) 
Seat 2: peak joker33 ($114.39 in chips) 
Seat 3: Burlica2013 ($173.63 in chips) 
Seat 4: Gaita_toien ($100 in chips) 
Seat 5: IREQO ($98.57 in chips) 
Seat 6: janarr5 ($100 in chips) 
fc1990colls: posts small blind $0.50
peak joker33: posts big blind $1
*** HOLE CARDS ***
Burlica2013: raises $1.20 to $2.20
Gaita_toien: folds 
IREQO: folds 
janarr5: folds 
fc1990colls: folds 
peak joker33: folds 
Uncalled bet ($1.20) returned to Burlica2013
Burlica2013 collected $2.50 from pot
Burlica2013: doesn't show hand 
*** SUMMARY ***
Total pot $2.50 | Rake $0 
Seat 1: fc1990colls (small blind) folded before Flop
Seat 2: peak joker33 (big blind) folded before Flop
Seat 3: Burlica2013 collected ($2.50)
Seat 4: Gaita_toien folded before Flop (didn't bet)
Seat 5: IREQO folded before Flop (didn't bet)
Seat 6: janarr5 (button) folded before Flop (didn't bet)



PokerStars Hand #254432258021:  Hold'em No Limit ($0.50/$1.00 USD) - 2025/01/18 15:41:08 WET [2025/01/18 10:41:08 ET]
Table 'Ate IV' 6-max Seat #1 is the button
Seat 3: Burlica2013 ($175.13 in chips) is sitting out
Seat 1: fc1990colls ($121.58 in chips) 
Seat 2: peak joker33 ($113.39 in chips) 
Seat 4: Gaita_toien ($100 in chips) 
Seat 5: IREQO ($98.57 in chips) 
Seat 6: janarr5 ($100 in chips) 
peak joker33: posts small blind $0.50
Burlica2013: is sitting out 
Gaita_toien: posts big blind $1
*** HOLE CARDS ***
IREQO: folds 
janarr5: folds 
fc1990colls: folds 
peak joker33: raises $2 to $3
Gaita_toien: calls $2
*** FLOP *** [Js Ts Kc]
peak joker33: checks 
Gaita_toien: checks 
*** TURN *** [Js Ts Kc] [3c]
peak joker33: checks 
Gaita_toien: checks 
*** RIVER *** [Js Ts Kc 3c] [Tc]
peak joker33: checks 
Gaita_toien: bets $1.50
peak joker33: calls $1.50
*** SHOW DOWN ***
Gaita_toien: shows [8c 7h] (a pair of Tens)
peak joker33: shows [Qd Jh] (two pair, Jacks and Tens)
peak joker33 collected $8.55 from pot
*** SUMMARY ***
Total pot $9 | Rake $0.45 
Board [Js Ts Kc 3c Tc]
Seat 3: Burlica2013
Seat 1: fc1990colls (button) folded before Flop (didn't bet)
Seat 2: peak joker33 (small blind) showed [Qd Jh] and won ($8.55) with two pair, Jacks and Tens
Seat 4: Gaita_toien (big blind) showed [8c 7h] and lost with a pair of Tens
Seat 5: IREQO folded before Flop (didn't bet)
Seat 6: janarr5 folded before Flop (didn't bet)



PokerStars Hand #254432269325:  Hold'em No Limit ($0.50/$1.00 USD) - 2025/01/18 15:41:56 WET [2025/01/18 10:41:56 ET]
Table 'Ate IV' 6-max Seat #2 is the button
Seat 3: Burlica2013 ($175.13 in chips) is sitting out
Seat 1: fc1990colls ($121.58 in chips) 
Seat 2: peak joker33 ($117.44 in chips) 
Seat 4: Gaita_toien ($100 in chips) 
Seat 5: IREQO ($98.57 in chips) 
Seat 6: janarr5 ($100 in chips) 
Gaita_toien: posts small blind $0.50
IREQO: posts big blind $1
*** HOLE CARDS ***
janarr5: folds 
fc1990colls: raises $1.75 to $2.75
peak joker33: raises $5.25 to $8
Gaita_toien: folds 
IREQO: raises $15 to $23
fc1990colls: calls $20.25
peak joker33: folds 
*** FLOP *** [Td Kd Ts]
IREQO: bets $13
fc1990colls: raises $18.75 to $31.75
IREQO: raises $43.82 to $75.57 and is all-in
fc1990colls: calls $43.82
IREQO has timed out
*** TURN *** [Td Kd Ts] [7c]
*** RIVER *** [Td Kd Ts 7c] [3d]
*** SHOW DOWN ***
IREQO: shows [Ks Ah] (two pair, Kings and Tens)
fc1990colls: shows [Ad Qc] (a pair of Tens)
IREQO collected $203.14 from pot
*** SUMMARY ***
Total pot $205.64 | Rake $2.50 
Board [Td Kd Ts 7c 3d]
Seat 3: Burlica2013
Seat 1: fc1990colls showed [Ad Qc] and lost with a pair of Tens
Seat 2: peak joker33 (button) folded before Flop
Seat 4: Gaita_toien (small blind) folded before Flop
Seat 5: IREQO (big blind) showed [Ks Ah] and won ($203.14) with two pair, Kings and Tens
Seat 6: janarr5 folded before Flop (didn't bet)



PokerStars Hand #254432296542:  Hold'em No Limit ($0.50/$1.00 USD) - 2025/01/18 15:43:52 WET [2025/01/18 10:43:52 ET]
Table 'Ate IV' 6-max Seat #4 is the button
Seat 6: janarr5 ($100 in chips) is sitting out
Seat 1: fc1990colls ($23.01 in chips) 
Seat 2: peak joker33 ($109.44 in chips) 
Seat 3: Burlica2013 ($175.13 in chips) 
Seat 4: Gaita_toien ($100 in chips) 
Seat 5: IREQO ($203.14 in chips) 
IREQO: posts small blind $0.50
fc1990colls: posts big blind $1
Burlica2013: posts small & big blinds $1.50
*** HOLE CARDS ***
peak joker33: folds 
Burlica2013: raises $1.50 to $2.50
Gaita_toien: folds 
IREQO: folds 
fc1990colls: folds 
Uncalled bet ($1.50) returned to Burlica2013
Burlica2013 collected $3 from pot
Burlica2013: doesn't show hand 
*** SUMMARY ***
Total pot $3 | Rake $0 
Seat 6: janarr5
Seat 1: fc1990colls (big blind) folded before Flop
Seat 2: peak joker33 folded before Flop (didn't bet)
Seat 3: Burlica2013 collected ($3)
Seat 4: Gaita_toien (button) folded before Flop (didn't bet)
Seat 5: IREQO (small blind) folded before Flop



PokerStars Hand #254432300646:  Hold'em No Limit ($0.50/$1.00 USD) - 2025/01/18 15:44:09 WET [2025/01/18 10:44:09 ET]
Table 'Ate IV' 6-max Seat #5 is the button
Seat 6: janarr5 ($100 in chips) is sitting out
Seat 1: fc1990colls ($22.01 in chips) 
Seat 2: peak joker33 ($109.44 in chips) 
Seat 3: Burlica2013 ($176.63 in chips) 
Seat 4: Gaita_toien ($100 in chips) 
Seat 5: IREQO ($202.64 in chips) 
fc1990colls: posts small blind $0.50
peak joker33: posts big blind $1
*** HOLE CARDS ***
Burlica2013: folds 
Gaita_toien: folds 
IREQO: raises $1.50 to $2.50
fc1990colls: folds 
peak joker33: raises $8.50 to $11
IREQO: calls $8.50
*** FLOP *** [Ks Kc 7h]
peak joker33: bets $5.35
IREQO: folds 
Uncalled bet ($5.35) returned to peak joker33
peak joker33 collected $21.38 from pot
peak joker33: doesn't show hand 
*** SUMMARY ***
Total pot $22.50 | Rake $1.12 
Board [Ks Kc 7h]
Seat 6: janarr5
Seat 1: fc1990colls (small blind) folded before Flop
Seat 2: peak joker33 (big blind) collected ($21.38)
Seat 3: Burlica2013 folded before Flop (didn't bet)
Seat 4: Gaita_toien folded before Flop (didn't bet)
Seat 5: IREQO (button) folded on the Flop



PokerStars Hand #254432313599:  Hold'em No Limit ($0.50/$1.00 USD) - 2025/01/18 15:45:04 WET [2025/01/18 10:45:04 ET]
Table 'Ate IV' 6-max Seat #1 is the button
Seat 6: janarr5 ($100 in chips) is sitting out
Seat 1: fc1990colls ($21.51 in chips) 
Seat 2: peak joker33 ($119.82 in chips) 
Seat 3: Burlica2013 ($176.63 in chips) 
Seat 4: Gaita_toien ($100 in chips) 
Seat 5: IREQO ($191.64 in chips) 
peak joker33: posts small blind $0.50
Burlica2013: posts big blind $1
janarr5: sits out 
*** HOLE CARDS ***
Gaita_toien: folds 
IREQO: folds 
fc1990colls: raises $1.55 to $2.55
peak joker33: folds 
Burlica2013: calls $1.55
*** FLOP *** [8d 5c 3d]
Burlica2013: checks 
janarr5 leaves the table
fc1990colls: bets $2.55
Burlica2013: folds 
Uncalled bet ($2.55) returned to fc1990colls
fc1990colls collected $5.32 from pot
*** SUMMARY ***
Total pot $5.60 | Rake $0.28 
Board [8d 5c 3d]
Seat 6: janarr5
Seat 1: fc1990colls (button) collected ($5.32)
Seat 2: peak joker33 (small blind) folded before Flop
Seat 3: Burlica2013 (big blind) folded on the Flop
Seat 4: Gaita_toien folded before Flop (didn't bet)
Seat 5: IREQO folded before Flop (didn't bet)



PokerStars Hand #254432321909:  Hold'em No Limit ($0.50/$1.00 USD) - 2025/01/18 15:45:39 WET [2025/01/18 10:45:39 ET]
Table 'Ate IV' 6-max Seat #2 is the button
Seat 1: fc1990colls ($24.28 in chips) 
Seat 2: peak joker33 ($119.32 in chips) 
Seat 3: Burlica2013 ($174.08 in chips) 
Seat 4: Gaita_toien ($100 in chips) 
Seat 5: IREQO ($191.64 in chips) 
Burlica2013: posts small blind $0.50
Gaita_toien: posts big blind $1
*** HOLE CARDS ***
IREQO: folds 
fc1990colls: folds 
peak joker33: raises $1.50 to $2.50
Burlica2013: folds 
Gaita_toien: folds 
Uncalled bet ($1.50) returned to peak joker33
peak joker33 collected $2.50 from pot
peak joker33: doesn't show hand 
*** SUMMARY ***
Total pot $2.50 | Rake $0 
Seat 1: fc1990colls folded before Flop (didn't bet)
Seat 2: peak joker33 (button) collected ($2.50)
Seat 3: Burlica2013 (small blind) folded before Flop
Seat 4: Gaita_toien (big blind) folded before Flop
Seat 5: IREQO folded before Flop (didn't bet)



PokerStars Hand #254432326079:  Hold'em No Limit ($0.50/$1.00 USD) - 2025/01/18 15:45:57 WET [2025/01/18 10:45:57 ET]
Table 'Ate IV' 6-max Seat #3 is the button
Seat 1: fc1990colls ($24.28 in chips) 
Seat 2: peak joker33 ($120.82 in chips) 
Seat 3: Burlica2013 ($173.58 in chips) 
Seat 4: Gaita_toien ($100 in chips) 
Seat 5: IREQO ($191.64 in chips) 
Gaita_toien: posts small blind $0.50
IREQO: posts big blind $1
*** HOLE CARDS ***
fc1990colls: folds 
peak joker33: folds 
Burlica2013: raises $1.45 to $2.45
Gaita_toien: folds 
IREQO: folds 
Uncalled bet ($1.45) returned to Burlica2013
Burlica2013 collected $2.50 from pot
Burlica2013: doesn't show hand 
*** SUMMARY ***
Total pot $2.50 | Rake $0 
Seat 1: fc1990colls folded before Flop (didn't bet)
Seat 2: peak joker33 folded before Flop (didn't bet)
Seat 3: Burlica2013 (button) collected ($2.50)
Seat 4: Gaita_toien (small blind) folded before Flop
Seat 5: IREQO (big blind) folded before Flop



PokerStars Hand #254432329052:  Hold'em No Limit ($0.50/$1.00 USD) - 2025/01/18 15:46:09 WET [2025/01/18 10:46:09 ET]
Table 'Ate IV' 6-max Seat #4 is the button
Seat 1: fc1990colls ($24.28 in chips) 
Seat 2: peak joker33 ($120.82 in chips) 
Seat 3: Burlica2013 ($175.08 in chips) 
Seat 4: Gaita_toien ($100 in chips) 
Seat 5: IREQO ($190.64 in chips) 
IREQO: posts small blind $0.50
fc1990colls: posts big blind $1
*** HOLE CARDS ***
peak joker33: folds 
Burlica2013: folds 
Gaita_toien: raises $1.50 to $2.50
Yoalfre joins the table at seat #6 
IREQO: folds 
fc1990colls: raises $21.78 to $24.28 and is all-in
Gaita_toien: folds 
Uncalled bet ($21.78) returned to fc1990colls
fc1990colls collected $5.50 from pot
*** SUMMARY ***
Total pot $5.50 | Rake $0 
Seat 1: fc1990colls (big blind) collected ($5.50)
Seat 2: peak joker33 folded before Flop (didn't bet)
Seat 3: Burlica2013 folded before Flop (didn't bet)
Seat 4: Gaita_toien (button) folded before Flop
Seat 5: IREQO (small blind) folded before Flop



PokerStars Hand #254432334168:  Hold'em No Limit ($0.50/$1.00 USD) - 2025/01/18 15:46:31 WET [2025/01/18 10:46:31 ET]
Table 'Ate IV' 6-max Seat #5 is the button
Seat 6: Yoalfre ($100 in chips) is sitting out
Seat 1: fc1990colls ($27.28 in chips) 
Seat 2: peak joker33 ($120.82 in chips) 
Seat 3: Burlica2013 ($175.08 in chips) 
Seat 4: Gaita_toien ($100 in chips) 
Seat 5: IREQO ($190.14 in chips) 
fc1990colls: posts small blind $0.50
peak joker33: posts big blind $1
*** HOLE CARDS ***
Burlica2013: folds 
Gaita_toien: folds 
IREQO: folds 
fc1990colls: folds 
Uncalled bet ($0.50) returned to peak joker33
peak joker33 collected $1 from pot
peak joker33: doesn't show hand 
*** SUMMARY ***
Total pot $1 | Rake $0 
Seat 6: Yoalfre
Seat 1: fc1990colls (small blind) folded before Flop
Seat 2: peak joker33 (big blind) collected ($1)
Seat 3: Burlica2013 folded before Flop (didn't bet)
Seat 4: Gaita_toien folded before Flop (didn't bet)
Seat 5: IREQO (button) folded before Flop (didn't bet)



PokerStars Hand #254432336620:  Hold'em No Limit ($0.50/$1.00 USD) - 2025/01/18 15:46:41 WET [2025/01/18 10:46:41 ET]
Table 'Ate IV' 6-max Seat #1 is the button
Seat 6: Yoalfre ($100 in chips) is sitting out
Seat 1: fc1990colls ($26.78 in chips) 
Seat 2: peak joker33 ($121.32 in chips) 
Seat 3: Burlica2013 ($175.08 in chips) 
Seat 4: Gaita_toien ($100 in chips) 
Seat 5: IREQO ($190.14 in chips) 
peak joker33: posts small blind $0.50
Burlica2013: posts big blind $1
Yoalfre: sits out 
*** HOLE CARDS ***
Gaita_toien: folds 
IREQO: folds 
fc1990colls: folds 
peak joker33: raises $2 to $3
Burlica2013: raises $6 to $9
peak joker33: folds 
Uncalled bet ($6) returned to Burlica2013
Burlica2013 collected $6 from pot
Burlica2013: doesn't show hand 
*** SUMMARY ***
Total pot $6 | Rake $0 
Seat 6: Yoalfre
Seat 1: fc1990colls (button) folded before Flop (didn't bet)
Seat 2: peak joker33 (small blind) folded before Flop
Seat 3: Burlica2013 (big blind) collected ($6)
Seat 4: Gaita_toien folded before Flop (didn't bet)
Seat 5: IREQO folded before Flop (didn't bet)



PokerStars Hand #254432343752:  Hold'em No Limit ($0.50/$1.00 USD) - 2025/01/18 15:47:11 WET [2025/01/18 10:47:11 ET]
Table 'Ate IV' 6-max Seat #2 is the button
Seat 4: Gaita_toien ($100 in chips) is sitting out
Seat 6: Yoalfre ($100 in chips) is sitting out
Seat 1: fc1990colls ($26.78 in chips) 
Seat 2: peak joker33 ($118.32 in chips) 
Seat 3: Burlica2013 ($178.08 in chips) 
Seat 5: IREQO ($190.14 in chips) 
Burlica2013: posts small blind $0.50
Gaita_toien: is sitting out 
IREQO: posts big blind $1
Yoalfre: sits out 
*** HOLE CARDS ***
fc1990colls: folds 
peak joker33: raises $1.50 to $2.50
Burlica2013: folds 
Gaita_toien leaves the table
IREQO: folds 
Uncalled bet ($1.50) returned to peak joker33
peak joker33 collected $2.50 from pot
peak joker33: doesn't show hand 
*** SUMMARY ***
Total pot $2.50 | Rake $0 
Seat 4: Gaita_toien
Seat 6: Yoalfre
Seat 1: fc1990colls folded before Flop (didn't bet)
Seat 2: peak joker33 (button) collected ($2.50)
Seat 3: Burlica2013 (small blind) folded before Flop
Seat 5: IREQO (big blind) folded before Flop



PokerStars Hand #254432346790:  Hold'em No Limit ($0.50/$1.00 USD) - 2025/01/18 15:47:24 WET [2025/01/18 10:47:24 ET]
Table 'Ate IV' 6-max Seat #3 is the button
Seat 1: fc1990colls ($26.78 in chips) 
Seat 2: peak joker33 ($119.82 in chips) 
Seat 3: Burlica2013 ($177.58 in chips) 
Seat 5: IREQO ($189.14 in chips) 
Seat 6: Yoalfre ($100 in chips) 
IREQO: posts small blind $0.50
Yoalfre: posts big blind $1
*** HOLE CARDS ***
fc1990colls: folds 
peak joker33: raises $1.50 to $2.50
Burlica2013: folds 
IREQO: folds 
Yoalfre: folds 
Uncalled bet ($1.50) returned to peak joker33
peak joker33 collected $2.50 from pot
peak joker33: doesn't show hand 
*** SUMMARY ***
Total pot $2.50 | Rake $0 
Seat 1: fc1990colls folded before Flop (didn't bet)
Seat 2: peak joker33 collected ($2.50)
Seat 3: Burlica2013 (button) folded before Flop (didn't bet)
Seat 5: IREQO (small blind) folded before Flop
Seat 6: Yoalfre (big blind) folded before Flop



PokerStars Hand #254432350067:  Hold'em No Limit ($0.50/$1.00 USD) - 2025/01/18 15:47:37 WET [2025/01/18 10:47:37 ET]
Table 'Ate IV' 6-max Seat #5 is the button
Seat 1: fc1990colls ($26.78 in chips) 
Seat 2: peak joker33 ($121.32 in chips) 
Seat 3: Burlica2013 ($177.58 in chips) 
Seat 5: IREQO ($188.64 in chips) 
Seat 6: Yoalfre ($100 in chips) 
Yoalfre: posts small blind $0.50
fc1990colls: posts big blind $1
*** HOLE CARDS ***
peak joker33: folds 
Burlica2013: folds 
IREQO: folds 
Yoalfre: raises $2 to $3
ru_ruu_ru joins the table at seat #4 
fc1990colls: raises $23.78 to $26.78 and is all-in
Yoalfre: folds 
Uncalled bet ($23.78) returned to fc1990colls
fc1990colls collected $6 from pot
*** SUMMARY ***
Total pot $6 | Rake $0 
Seat 1: fc1990colls (big blind) collected ($6)
Seat 2: peak joker33 folded before Flop (didn't bet)
Seat 3: Burlica2013 folded before Flop (didn't bet)
Seat 5: IREQO (button) folded before Flop (didn't bet)
Seat 6: Yoalfre (small blind) folded before Flop



PokerStars Hand #254432355618:  Hold'em No Limit ($0.50/$1.00 USD) - 2025/01/18 15:48:00 WET [2025/01/18 10:48:00 ET]
Table 'Ate IV' 6-max Seat #6 is the button
Seat 4: ru_ruu_ru ($100 in chips) is sitting out
Seat 1: fc1990colls ($29.78 in chips) 
Seat 2: peak joker33 ($121.32 in chips) 
Seat 3: Burlica2013 ($177.58 in chips) 
Seat 5: IREQO ($188.64 in chips) 
Seat 6: Yoalfre ($100 in chips) 
fc1990colls: posts small blind $0.50
peak joker33: posts big blind $1
ru_ruu_ru: sits out 
*** HOLE CARDS ***
Burlica2013: folds 
IREQO: folds 
Yoalfre: folds 
fc1990colls: folds 
Uncalled bet ($0.50) returned to peak joker33
peak joker33 collected $1 from pot
peak joker33: doesn't show hand 
*** SUMMARY ***
Total pot $1 | Rake $0 
Seat 4: ru_ruu_ru
Seat 1: fc1990colls (small blind) folded before Flop
Seat 2: peak joker33 (big blind) collected ($1)
Seat 3: Burlica2013 folded before Flop (didn't bet)
Seat 5: IREQO folded before Flop (didn't bet)
Seat 6: Yoalfre (button) folded before Flop (didn't bet)



PokerStars Hand #254432358319:  Hold'em No Limit ($0.50/$1.00 USD) - 2025/01/18 15:48:12 WET [2025/01/18 10:48:12 ET]
Table 'Ate IV' 6-max Seat #1 is the button
Seat 4: ru_ruu_ru ($100 in chips) is sitting out
Seat 1: fc1990colls ($29.28 in chips) 
Seat 2: peak joker33 ($121.82 in chips) 
Seat 3: Burlica2013 ($177.58 in chips) 
Seat 5: IREQO ($188.64 in chips) 
Seat 6: Yoalfre ($100 in chips) 
peak joker33: posts small blind $0.50
Burlica2013: posts big blind $1
ru_ruu_ru: sits out 
*** HOLE CARDS ***
IREQO: folds 
Yoalfre: folds 
fc1990colls: folds 
peak joker33: folds 
Uncalled bet ($0.50) returned to Burlica2013
Burlica2013 collected $1 from pot
Burlica2013: doesn't show hand 
*** SUMMARY ***
Total pot $1 | Rake $0 
Seat 4: ru_ruu_ru
Seat 1: fc1990colls (button) folded before Flop (didn't bet)
Seat 2: peak joker33 (small blind) folded before Flop
Seat 3: Burlica2013 (big blind) collected ($1)
Seat 5: IREQO folded before Flop (didn't bet)
Seat 6: Yoalfre folded before Flop (didn't bet)



PokerStars Hand #254432360825:  Hold'em No Limit ($0.50/$1.00 USD) - 2025/01/18 15:48:22 WET [2025/01/18 10:48:22 ET]
Table 'Ate IV' 6-max Seat #2 is the button
Seat 1: fc1990colls ($29.28 in chips) 
Seat 2: peak joker33 ($121.32 in chips) 
Seat 3: Burlica2013 ($178.08 in chips) 
Seat 4: ru_ruu_ru ($100 in chips) 
Seat 5: IREQO ($188.64 in chips) 
Seat 6: Yoalfre ($100 in chips) 
Burlica2013: posts small blind $0.50
ru_ruu_ru: posts big blind $1
*** HOLE CARDS ***
IREQO: folds 
Yoalfre: folds 
fc1990colls: folds 
peak joker33: folds 
Burlica2013: folds 
Uncalled bet ($0.50) returned to ru_ruu_ru
ru_ruu_ru collected $1 from pot
ru_ruu_ru: doesn't show hand 
*** SUMMARY ***
Total pot $1 | Rake $0 
Seat 1: fc1990colls folded before Flop (didn't bet)
Seat 2: peak joker33 (button) folded before Flop (didn't bet)
Seat 3: Burlica2013 (small blind) folded before Flop
Seat 4: ru_ruu_ru (big blind) collected ($1)
Seat 5: IREQO folded before Flop (didn't bet)
Seat 6: Yoalfre folded before Flop (didn't bet)



PokerStars Hand #254432363482:  Hold'em No Limit ($0.50/$1.00 USD) - 2025/01/18 15:48:33 WET [2025/01/18 10:48:33 ET]
Table 'Ate IV' 6-max Seat #3 is the button
Seat 1: fc1990colls ($29.28 in chips) 
Seat 2: peak joker33 ($121.32 in chips) 
Seat 3: Burlica2013 ($177.58 in chips) 
Seat 4: ru_ruu_ru ($100.50 in chips) 
Seat 5: IREQO ($188.64 in chips) 
Seat 6: Yoalfre ($100 in chips) 
ru_ruu_ru: posts small blind $0.50
IREQO: posts big blind $1
*** HOLE CARDS ***
Yoalfre: folds 
fc1990colls: folds 
peak joker33: raises $1.50 to $2.50
Burlica2013: folds 
ru_ruu_ru: folds 
IREQO: folds 
Uncalled bet ($1.50) returned to peak joker33
peak joker33 collected $2.50 from pot
peak joker33: doesn't show hand 
*** SUMMARY ***
Total pot $2.50 | Rake $0 
Seat 1: fc1990colls folded before Flop (didn't bet)
Seat 2: peak joker33 collected ($2.50)
Seat 3: Burlica2013 (button) folded before Flop (didn't bet)
Seat 4: ru_ruu_ru (small blind) folded before Flop
Seat 5: IREQO (big blind) folded before Flop
Seat 6: Yoalfre folded before Flop (didn't bet)



PokerStars Hand #254432369184:  Hold'em No Limit ($0.50/$1.00 USD) - 2025/01/18 15:48:58 WET [2025/01/18 10:48:58 ET]
Table 'Ate IV' 6-max Seat #4 is the button
Seat 1: fc1990colls ($29.28 in chips) 
Seat 2: peak joker33 ($122.82 in chips) 
Seat 3: Burlica2013 ($177.58 in chips) 
Seat 4: ru_ruu_ru ($100 in chips) 
Seat 5: IREQO ($187.64 in chips) 
Seat 6: Yoalfre ($100 in chips) 
IREQO: posts small blind $0.50
Yoalfre: posts big blind $1
*** HOLE CARDS ***
fc1990colls: folds 
peak joker33: folds 
Burlica2013: raises $1.25 to $2.25
ru_ruu_ru: folds 
IREQO: folds 
Yoalfre: folds 
Uncalled bet ($1.25) returned to Burlica2013
Burlica2013 collected $2.50 from pot
Burlica2013: doesn't show hand 
*** SUMMARY ***
Total pot $2.50 | Rake $0 
Seat 1: fc1990colls folded before Flop (didn't bet)
Seat 2: peak joker33 folded before Flop (didn't bet)
Seat 3: Burlica2013 collected ($2.50)
Seat 4: ru_ruu_ru (button) folded before Flop (didn't bet)
Seat 5: IREQO (small blind) folded before Flop
Seat 6: Yoalfre (big blind) folded before Flop



PokerStars Hand #254432374003:  Hold'em No Limit ($0.50/$1.00 USD) - 2025/01/18 15:49:18 WET [2025/01/18 10:49:18 ET]
Table 'Ate IV' 6-max Seat #5 is the button
Seat 1: fc1990colls ($29.28 in chips) 
Seat 2: peak joker33 ($122.82 in chips) 
Seat 3: Burlica2013 ($179.08 in chips) 
Seat 4: ru_ruu_ru ($100 in chips) 
Seat 5: IREQO ($187.14 in chips) 
Seat 6: Yoalfre ($100 in chips) 
Yoalfre: posts small blind $0.50
fc1990colls: posts big blind $1
*** HOLE CARDS ***
peak joker33: folds 
Burlica2013: raises $1.20 to $2.20
ru_ruu_ru: folds 
IREQO: folds 
Yoalfre: calls $1.70
fc1990colls: folds 
*** FLOP *** [3c 5s 7h]
Yoalfre: checks 
Burlica2013: checks 
*** TURN *** [3c 5s 7h] [2d]
Yoalfre: bets $2.56
Burlica2013: calls $2.56
*** RIVER *** [3c 5s 7h 2d] [Ts]
Yoalfre: checks 
Burlica2013: checks 
*** SHOW DOWN ***
Yoalfre: shows [Kh Ah] (high card Ace)
Burlica2013: shows [2c Ac] (a pair of Deuces)
Burlica2013 collected $9.99 from pot
*** SUMMARY ***
Total pot $10.52 | Rake $0.53 
Board [3c 5s 7h 2d Ts]
Seat 1: fc1990colls (big blind) folded before Flop
Seat 2: peak joker33 folded before Flop (didn't bet)
Seat 3: Burlica2013 showed [2c Ac] and won ($9.99) with a pair of Deuces
Seat 4: ru_ruu_ru folded before Flop (didn't bet)
Seat 5: IREQO (button) folded before Flop (didn't bet)
Seat 6: Yoalfre (small blind) showed [Kh Ah] and lost with high card Ace



PokerStars Hand #254432385138:  Hold'em No Limit ($0.50/$1.00 USD) - 2025/01/18 15:50:04 WET [2025/01/18 10:50:04 ET]
Table 'Ate IV' 6-max Seat #6 is the button
Seat 1: fc1990colls ($28.28 in chips) 
Seat 2: peak joker33 ($122.82 in chips) 
Seat 3: Burlica2013 ($184.31 in chips) 
Seat 4: ru_ruu_ru ($100 in chips) 
Seat 5: IREQO ($187.14 in chips) 
Seat 6: Yoalfre ($100 in chips) 
fc1990colls: posts small blind $0.50
peak joker33: posts big blind $1
*** HOLE CARDS ***
Burlica2013: folds 
ru_ruu_ru: folds 
IREQO: folds 
Yoalfre: folds 
fc1990colls: raises $27.28 to $28.28 and is all-in
peak joker33: folds 
Uncalled bet ($27.28) returned to fc1990colls
fc1990colls collected $2 from pot
*** SUMMARY ***
Total pot $2 | Rake $0 
Seat 1: fc1990colls (small blind) collected ($2)
Seat 2: peak joker33 (big blind) folded before Flop
Seat 3: Burlica2013 folded before Flop (didn't bet)
Seat 4: ru_ruu_ru folded before Flop (didn't bet)
Seat 5: IREQO folded before Flop (didn't bet)
Seat 6: Yoalfre (button) folded before Flop (didn't bet)



PokerStars Hand #254432388785:  Hold'em No Limit ($0.50/$1.00 USD) - 2025/01/18 15:50:19 WET [2025/01/18 10:50:19 ET]
Table 'Ate IV' 6-max Seat #1 is the button
Seat 1: fc1990colls ($29.28 in chips) 
Seat 2: peak joker33 ($121.82 in chips) 
Seat 3: Burlica2013 ($184.31 in chips) 
Seat 4: ru_ruu_ru ($100 in chips) 
Seat 5: IREQO ($187.14 in chips) 
Seat 6: Yoalfre ($100 in chips) 
peak joker33: posts small blind $0.50
Burlica2013: posts big blind $1
*** HOLE CARDS ***
ru_ruu_ru: raises $1.20 to $2.20
IREQO: folds 
Yoalfre: folds 
fc1990colls: folds 
peak joker33: folds 
Burlica2013: folds 
Uncalled bet ($1.20) returned to ru_ruu_ru
ru_ruu_ru collected $2.50 from pot
ru_ruu_ru: doesn't show hand 
*** SUMMARY ***
Total pot $2.50 | Rake $0 
Seat 1: fc1990colls (button) folded before Flop (didn't bet)
Seat 2: peak joker33 (small blind) folded before Flop
Seat 3: Burlica2013 (big blind) folded before Flop
Seat 4: ru_ruu_ru collected ($2.50)
Seat 5: IREQO folded before Flop (didn't bet)
Seat 6: Yoalfre folded before Flop (didn't bet)



PokerStars Hand #254432391991:  Hold'em No Limit ($0.50/$1.00 USD) - 2025/01/18 15:50:33 WET [2025/01/18 10:50:33 ET]
Table 'Ate IV' 6-max Seat #2 is the button
Seat 1: fc1990colls ($29.28 in chips) 
Seat 2: peak joker33 ($121.32 in chips) 
Seat 3: Burlica2013 ($183.31 in chips) 
Seat 4: ru_ruu_ru ($101.50 in chips) 
Seat 5: IREQO ($187.14 in chips) 
Seat 6: Yoalfre ($100 in chips) 
Burlica2013: posts small blind $0.50
ru_ruu_ru: posts big blind $1
*** HOLE CARDS ***
IREQO: raises $1.50 to $2.50
Yoalfre: folds 
fc1990colls: folds 
peak joker33: folds 
Burlica2013: folds 
ru_ruu_ru: folds 
Uncalled bet ($1.50) returned to IREQO
IREQO collected $2.50 from pot
IREQO: doesn't show hand 
*** SUMMARY ***
Total pot $2.50 | Rake $0 
Seat 1: fc1990colls folded before Flop (didn't bet)
Seat 2: peak joker33 (button) folded before Flop (didn't bet)
Seat 3: Burlica2013 (small blind) folded before Flop
Seat 4: ru_ruu_ru (big blind) folded before Flop
Seat 5: IREQO collected ($2.50)
Seat 6: Yoalfre folded before Flop (didn't bet)



PokerStars Hand #254432398959:  Hold'em No Limit ($0.50/$1.00 USD) - 2025/01/18 15:51:02 WET [2025/01/18 10:51:02 ET]
Table 'Ate IV' 6-max Seat #3 is the button
Seat 1: fc1990colls ($29.28 in chips) 
Seat 2: peak joker33 ($121.32 in chips) 
Seat 3: Burlica2013 ($182.81 in chips) 
Seat 4: ru_ruu_ru ($100.50 in chips) 
Seat 5: IREQO ($188.64 in chips) 
Seat 6: Yoalfre ($100 in chips) 
ru_ruu_ru: posts small blind $0.50
IREQO: posts big blind $1
*** HOLE CARDS ***
Yoalfre: folds 
fc1990colls: folds 
peak joker33: folds 
Burlica2013: folds 
ru_ruu_ru: raises $2 to $3
IREQO: folds 
Uncalled bet ($2) returned to ru_ruu_ru
ru_ruu_ru collected $2 from pot
ru_ruu_ru: doesn't show hand 
*** SUMMARY ***
Total pot $2 | Rake $0 
Seat 1: fc1990colls folded before Flop (didn't bet)
Seat 2: peak joker33 folded before Flop (didn't bet)
Seat 3: Burlica2013 (button) folded before Flop (didn't bet)
Seat 4: ru_ruu_ru (small blind) collected ($2)
Seat 5: IREQO (big blind) folded before Flop
Seat 6: Yoalfre folded before Flop (didn't bet)



PokerStars Hand #254432403088:  Hold'em No Limit ($0.50/$1.00 USD) - 2025/01/18 15:51:19 WET [2025/01/18 10:51:19 ET]
Table 'Ate IV' 6-max Seat #4 is the button
Seat 1: fc1990colls ($29.28 in chips) 
Seat 2: peak joker33 ($121.32 in chips) 
Seat 3: Burlica2013 ($182.81 in chips) 
Seat 4: ru_ruu_ru ($101.50 in chips) 
Seat 5: IREQO ($187.64 in chips) 
Seat 6: Yoalfre ($100 in chips) 
IREQO: posts small blind $0.50
Yoalfre: posts big blind $1
*** HOLE CARDS ***
fc1990colls: raises $28.28 to $29.28 and is all-in
peak joker33: folds 
Burlica2013: folds 
ru_ruu_ru: folds 
IREQO: folds 
Yoalfre: calls $28.28
*** FLOP *** [Td As 7h]
*** TURN *** [Td As 7h] [8h]
*** RIVER *** [Td As 7h 8h] [8d]
*** SHOW DOWN ***
Yoalfre: shows [Qh Ah] (two pair, Aces and Eights)
fc1990colls: shows [6h Ad] (two pair, Aces and Eights - lower kicker)
Yoalfre collected $56.56 from pot
*** SUMMARY ***
Total pot $59.06 | Rake $2.50 
Board [Td As 7h 8h 8d]
Seat 1: fc1990colls showed [6h Ad] and lost with two pair, Aces and Eights
Seat 2: peak joker33 folded before Flop (didn't bet)
Seat 3: Burlica2013 folded before Flop (didn't bet)
Seat 4: ru_ruu_ru (button) folded before Flop (didn't bet)
Seat 5: IREQO (small blind) folded before Flop
Seat 6: Yoalfre (big blind) showed [Qh Ah] and won ($56.56) with two pair, Aces and Eights



PokerStars Hand #254432410882:  Hold'em No Limit ($0.50/$1.00 USD) - 2025/01/18 15:51:52 WET [2025/01/18 10:51:52 ET]
Table 'Ate IV' 6-max Seat #5 is the button
Seat 1: fc1990colls ($0 in chips) is sitting out
Seat 2: peak joker33 ($121.32 in chips) 
Seat 3: Burlica2013 ($182.81 in chips) 
Seat 4: ru_ruu_ru ($101.50 in chips) 
Seat 5: IREQO ($187.14 in chips) 
Seat 6: Yoalfre ($127.28 in chips) 
Yoalfre: posts small blind $0.50
peak joker33: posts big blind $1
*** HOLE CARDS ***
Burlica2013: folds 
ru_ruu_ru: folds 
IREQO: folds 
Yoalfre: folds 
Uncalled bet ($0.50) returned to peak joker33
peak joker33 collected $1 from pot
peak joker33: doesn't show hand 
*** SUMMARY ***
Total pot $1 | Rake $0 
Seat 1: fc1990colls
Seat 2: peak joker33 (big blind) collected ($1)
Seat 3: Burlica2013 folded before Flop (didn't bet)
Seat 4: ru_ruu_ru folded before Flop (didn't bet)
Seat 5: IREQO (button) folded before Flop (didn't bet)
Seat 6: Yoalfre (small blind) folded before Flop



PokerStars Hand #254432415378:  Hold'em No Limit ($0.50/$1.00 USD) - 2025/01/18 15:52:11 WET [2025/01/18 10:52:11 ET]
Table 'Ate IV' 6-max Seat #6 is the button
Seat 1: fc1990colls ($21.72 in chips) is sitting out
Seat 2: peak joker33 ($121.82 in chips) 
Seat 3: Burlica2013 ($182.81 in chips) 
Seat 4: ru_ruu_ru ($101.50 in chips) 
Seat 5: IREQO ($187.14 in chips) 
Seat 6: Yoalfre ($126.78 in chips) 
peak joker33: posts small blind $0.50
Burlica2013: posts big blind $1
*** HOLE CARDS ***
ru_ruu_ru: folds 
IREQO: folds 
Yoalfre: raises $1.50 to $2.50
peak joker33: folds 
Burlica2013: folds 
Uncalled bet ($1.50) returned to Yoalfre
Yoalfre collected $2.50 from pot
Yoalfre: doesn't show hand 
*** SUMMARY ***
Total pot $2.50 | Rake $0 
Seat 1: fc1990colls
Seat 2: peak joker33 (small blind) folded before Flop
Seat 3: Burlica2013 (big blind) folded before Flop
Seat 4: ru_ruu_ru folded before Flop (didn't bet)
Seat 5: IREQO folded before Flop (didn't bet)
Seat 6: Yoalfre (button) collected ($2.50)



PokerStars Hand #254432421038:  Hold'em No Limit ($0.50/$1.00 USD) - 2025/01/18 15:52:35 WET [2025/01/18 10:52:35 ET]
Table 'Ate IV' 6-max Seat #2 is the button
Seat 1: fc1990colls ($21.72 in chips) 
Seat 2: peak joker33 ($121.32 in chips) 
Seat 3: Burlica2013 ($181.81 in chips) 
Seat 4: ru_ruu_ru ($101.50 in chips) 
Seat 5: IREQO ($187.14 in chips) 
Seat 6: Yoalfre ($128.28 in chips) 
Burlica2013: posts small blind $0.50
ru_ruu_ru: posts big blind $1
fc1990colls: posts small & big blinds $1.50
*** HOLE CARDS ***
IREQO: folds 
Yoalfre: folds 
fc1990colls: checks 
peak joker33: folds 
Burlica2013: calls $0.50
ru_ruu_ru: checks 
*** FLOP *** [7c 9s 5h]
Burlica2013: checks 
ru_ruu_ru: checks 
fc1990colls: checks 
*** TURN *** [7c 9s 5h] [9c]
Burlica2013: checks 
ru_ruu_ru: checks 
fc1990colls: checks 
*** RIVER *** [7c 9s 5h 9c] [4c]
Burlica2013: bets $4.55
ru_ruu_ru: folds 
fc1990colls: folds 
Uncalled bet ($4.55) returned to Burlica2013
Burlica2013 collected $3.32 from pot
Burlica2013: doesn't show hand 
*** SUMMARY ***
Total pot $3.50 | Rake $0.18 
Board [7c 9s 5h 9c 4c]
Seat 1: fc1990colls folded on the River (didn't bet)
Seat 2: peak joker33 (button) folded before Flop (didn't bet)
Seat 3: Burlica2013 (small blind) collected ($3.32)
Seat 4: ru_ruu_ru (big blind) folded on the River
Seat 5: IREQO folded before Flop (didn't bet)
Seat 6: Yoalfre folded before Flop (didn't bet)



PokerStars Hand #254432432663:  Hold'em No Limit ($0.50/$1.00 USD) - 2025/01/18 15:53:24 WET [2025/01/18 10:53:24 ET]
Table 'Ate IV' 6-max Seat #3 is the button
Seat 1: fc1990colls ($20.22 in chips) 
Seat 2: peak joker33 ($121.32 in chips) 
Seat 3: Burlica2013 ($184.13 in chips) 
Seat 4: ru_ruu_ru ($100.50 in chips) 
Seat 5: IREQO ($187.14 in chips) 
Seat 6: Yoalfre ($128.28 in chips) 
ru_ruu_ru: posts small blind $0.50
IREQO: posts big blind $1
*** HOLE CARDS ***
Yoalfre: folds 
fc1990colls: raises $19.22 to $20.22 and is all-in
peak joker33: folds 
Burlica2013: folds 
ru_ruu_ru: folds 
IREQO: folds 
Uncalled bet ($19.22) returned to fc1990colls
fc1990colls collected $2.50 from pot
*** SUMMARY ***
Total pot $2.50 | Rake $0 
Seat 1: fc1990colls collected ($2.50)
Seat 2: peak joker33 folded before Flop (didn't bet)
Seat 3: Burlica2013 (button) folded before Flop (didn't bet)
Seat 4: ru_ruu_ru (small blind) folded before Flop
Seat 5: IREQO (big blind) folded before Flop
Seat 6: Yoalfre folded before Flop (didn't bet)



PokerStars Hand #254432440932:  Hold'em No Limit ($0.50/$1.00 USD) - 2025/01/18 15:53:59 WET [2025/01/18 10:53:59 ET]
Table 'Ate IV' 6-max Seat #4 is the button
Seat 1: fc1990colls ($21.72 in chips) 
Seat 2: peak joker33 ($121.32 in chips) 
Seat 3: Burlica2013 ($184.13 in chips) 
Seat 4: ru_ruu_ru ($100 in chips) 
Seat 5: IREQO ($186.14 in chips) 
Seat 6: Yoalfre ($128.28 in chips) 
IREQO: posts small blind $0.50
Yoalfre: posts big blind $1
*** HOLE CARDS ***
fc1990colls: raises $3 to $4
peak joker33: folds 
Burlica2013: raises $8.08 to $12.08
ru_ruu_ru: folds 
IREQO: folds 
Yoalfre: folds 
fc1990colls: raises $9.64 to $21.72 and is all-in
Burlica2013: calls $9.64
*** FLOP *** [Th 9s 6c]
*** TURN *** [Th 9s 6c] [7d]
*** RIVER *** [Th 9s 6c 7d] [8c]
*** SHOW DOWN ***
fc1990colls: shows [Kd Qc] (a straight, Six to Ten)
Burlica2013: shows [Ks Ah] (a straight, Six to Ten)
fc1990colls collected $21.35 from pot
Burlica2013 collected $21.34 from pot
*** SUMMARY ***
Total pot $44.94 | Rake $2.25 
Board [Th 9s 6c 7d 8c]
Seat 1: fc1990colls showed [Kd Qc] and won ($21.35) with a straight, Six to Ten
Seat 2: peak joker33 folded before Flop (didn't bet)
Seat 3: Burlica2013 showed [Ks Ah] and won ($21.34) with a straight, Six to Ten
Seat 4: ru_ruu_ru (button) folded before Flop (didn't bet)
Seat 5: IREQO (small blind) folded before Flop
Seat 6: Yoalfre (big blind) folded before Flop



PokerStars Hand #254432451577:  Hold'em No Limit ($0.50/$1.00 USD) - 2025/01/18 15:54:44 WET [2025/01/18 10:54:44 ET]
Table 'Ate IV' 6-max Seat #5 is the button
Seat 1: fc1990colls ($21.35 in chips) 
Seat 2: peak joker33 ($121.32 in chips) 
Seat 3: Burlica2013 ($183.75 in chips) 
Seat 4: ru_ruu_ru ($100 in chips) 
Seat 5: IREQO ($185.64 in chips) 
Seat 6: Yoalfre ($127.28 in chips) 
Yoalfre: posts small blind $0.50
fc1990colls: posts big blind $1
*** HOLE CARDS ***
peak joker33: folds 
Burlica2013: folds 
ru_ruu_ru: folds 
IREQO: folds 
Yoalfre: calls $0.50
fc1990colls: checks 
*** FLOP *** [8c Tc 9c]
Yoalfre: checks 
fc1990colls: checks 
*** TURN *** [8c Tc 9c] [Kh]
Yoalfre: checks 
fc1990colls: checks 
*** RIVER *** [8c Tc 9c Kh] [2s]
Yoalfre: checks 
fc1990colls: checks 
*** SHOW DOWN ***
Yoalfre: shows [8d 7d] (a pair of Eights)
fc1990colls: mucks hand 
Yoalfre collected $1.90 from pot
*** SUMMARY ***
Total pot $2 | Rake $0.10 
Board [8c Tc 9c Kh 2s]
Seat 1: fc1990colls (big blind) mucked
Seat 2: peak joker33 folded before Flop (didn't bet)
Seat 3: Burlica2013 folded before Flop (didn't bet)
Seat 4: ru_ruu_ru folded before Flop (didn't bet)
Seat 5: IREQO (button) folded before Flop (didn't bet)
Seat 6: Yoalfre (small blind) showed [8d 7d] and won ($1.90) with a pair of Eights



PokerStars Hand #254432458333:  Hold'em No Limit ($0.50/$1.00 USD) - 2025/01/18 15:55:14 WET [2025/01/18 10:55:14 ET]
Table 'Ate IV' 6-max Seat #6 is the button
Seat 1: fc1990colls ($20.35 in chips) 
Seat 2: peak joker33 ($121.32 in chips) 
Seat 3: Burlica2013 ($183.75 in chips) 
Seat 4: ru_ruu_ru ($100 in chips) 
Seat 5: IREQO ($185.64 in chips) 
Seat 6: Yoalfre ($128.18 in chips) 
fc1990colls: posts small blind $0.50
peak joker33: posts big blind $1
*** HOLE CARDS ***
Burlica2013: folds 
ru_ruu_ru: folds 
IREQO: folds 
Yoalfre: raises $1.50 to $2.50
fc1990colls: folds 
peak joker33: calls $1.50
*** FLOP *** [3d Ks Ad]
peak joker33: checks 
Yoalfre: bets $1.72
peak joker33: folds 
Uncalled bet ($1.72) returned to Yoalfre
Yoalfre collected $5.22 from pot
Yoalfre: doesn't show hand 
*** SUMMARY ***
Total pot $5.50 | Rake $0.28 
Board [3d Ks Ad]
Seat 1: fc1990colls (small blind) folded before Flop
Seat 2: peak joker33 (big blind) folded on the Flop
Seat 3: Burlica2013 folded before Flop (didn't bet)
Seat 4: ru_ruu_ru folded before Flop (didn't bet)
Seat 5: IREQO folded before Flop (didn't bet)
Seat 6: Yoalfre (button) collected ($5.22)



PokerStars Hand #254432464228:  Hold'em No Limit ($0.50/$1.00 USD) - 2025/01/18 15:55:49 WET [2025/01/18 10:55:49 ET]
Table 'Ate IV' 6-max Seat #1 is the button
Seat 1: fc1990colls ($19.85 in chips) 
Seat 2: peak joker33 ($118.82 in chips) 
Seat 3: Burlica2013 ($183.75 in chips) 
Seat 4: ru_ruu_ru ($100 in chips) 
Seat 5: IREQO ($185.64 in chips) 
Seat 6: Yoalfre ($130.90 in chips) 
peak joker33: posts small blind $0.50
Burlica2013: posts big blind $1
*** HOLE CARDS ***
ru_ruu_ru: folds 
IREQO: folds 
Yoalfre: folds 
fc1990colls: folds 
peak joker33: folds 
Uncalled bet ($0.50) returned to Burlica2013
Burlica2013 collected $1 from pot
Burlica2013: doesn't show hand 
*** SUMMARY ***
Total pot $1 | Rake $0 
Seat 1: fc1990colls (button) folded before Flop (didn't bet)
Seat 2: peak joker33 (small blind) folded before Flop
Seat 3: Burlica2013 (big blind) collected ($1)
Seat 4: ru_ruu_ru folded before Flop (didn't bet)
Seat 5: IREQO folded before Flop (didn't bet)
Seat 6: Yoalfre folded before Flop (didn't bet)



PokerStars Hand #254432467895:  Hold'em No Limit ($0.50/$1.00 USD) - 2025/01/18 15:56:10 WET [2025/01/18 10:56:10 ET]
Table 'Ate IV' 6-max Seat #2 is the button
Seat 1: fc1990colls ($19.85 in chips) 
Seat 2: peak joker33 ($118.32 in chips) 
Seat 3: Burlica2013 ($184.25 in chips) 
Seat 4: ru_ruu_ru ($100 in chips) 
Seat 5: IREQO ($185.64 in chips) 
Seat 6: Yoalfre ($130.90 in chips) 
Burlica2013: posts small blind $0.50
ru_ruu_ru: posts big blind $1
*** HOLE CARDS ***
IREQO: raises $1.50 to $2.50
Yoalfre: folds 
fc1990colls: folds 
peak joker33: folds 
Burlica2013: folds 
ru_ruu_ru: folds 
Uncalled bet ($1.50) returned to IREQO
IREQO collected $2.50 from pot
IREQO: doesn't show hand 
*** SUMMARY ***
Total pot $2.50 | Rake $0 
Seat 1: fc1990colls folded before Flop (didn't bet)
Seat 2: peak joker33 (button) folded before Flop (didn't bet)
Seat 3: Burlica2013 (small blind) folded before Flop
Seat 4: ru_ruu_ru (big blind) folded before Flop
Seat 5: IREQO collected ($2.50)
Seat 6: Yoalfre folded before Flop (didn't bet)



PokerStars Hand #254432470834:  Hold'em No Limit ($0.50/$1.00 USD) - 2025/01/18 15:56:27 WET [2025/01/18 10:56:27 ET]
Table 'Ate IV' 6-max Seat #3 is the button
Seat 1: fc1990colls ($19.85 in chips) 
Seat 2: peak joker33 ($118.32 in chips) 
Seat 3: Burlica2013 ($183.75 in chips) 
Seat 4: ru_ruu_ru ($100 in chips) 
Seat 5: IREQO ($187.14 in chips) 
Seat 6: Yoalfre ($130.90 in chips) 
ru_ruu_ru: posts small blind $0.50
IREQO: posts big blind $1
*** HOLE CARDS ***
Yoalfre: folds 
fc1990colls: raises $18.85 to $19.85 and is all-in
peak joker33: folds 
Burlica2013: folds 
ru_ruu_ru: folds 
IREQO: folds 
Uncalled bet ($18.85) returned to fc1990colls
fc1990colls collected $2.50 from pot
*** SUMMARY ***
Total pot $2.50 | Rake $0 
Seat 1: fc1990colls collected ($2.50)
Seat 2: peak joker33 folded before Flop (didn't bet)
Seat 3: Burlica2013 (button) folded before Flop (didn't bet)
Seat 4: ru_ruu_ru (small blind) folded before Flop
Seat 5: IREQO (big blind) folded before Flop
Seat 6: Yoalfre folded before Flop (didn't bet)



PokerStars Hand #254432474839:  Hold'em No Limit ($0.50/$1.00 USD) - 2025/01/18 15:56:50 WET [2025/01/18 10:56:50 ET]
Table 'Ate IV' 6-max Seat #4 is the button
Seat 1: fc1990colls ($21.35 in chips) 
Seat 2: peak joker33 ($118.32 in chips) 
Seat 3: Burlica2013 ($183.75 in chips) 
Seat 4: ru_ruu_ru ($100 in chips) 
Seat 5: IREQO ($186.14 in chips) 
Seat 6: Yoalfre ($130.90 in chips) 
IREQO: posts small blind $0.50
Yoalfre: posts big blind $1
*** HOLE CARDS ***
fc1990colls: folds 
peak joker33: raises $1.50 to $2.50
Burlica2013: folds 
ru_ruu_ru: folds 
IREQO: folds 
Yoalfre: folds 
Uncalled bet ($1.50) returned to peak joker33
peak joker33 collected $2.50 from pot
peak joker33: doesn't show hand 
*** SUMMARY ***
Total pot $2.50 | Rake $0 
Seat 1: fc1990colls folded before Flop (didn't bet)
Seat 2: peak joker33 collected ($2.50)
Seat 3: Burlica2013 folded before Flop (didn't bet)
Seat 4: ru_ruu_ru (button) folded before Flop (didn't bet)
Seat 5: IREQO (small blind) folded before Flop
Seat 6: Yoalfre (big blind) folded before Flop



PokerStars Hand #254432478566:  Hold'em No Limit ($0.50/$1.00 USD) - 2025/01/18 15:57:11 WET [2025/01/18 10:57:11 ET]
Table 'Ate IV' 6-max Seat #5 is the button
Seat 1: fc1990colls ($21.35 in chips) 
Seat 2: peak joker33 ($119.82 in chips) 
Seat 3: Burlica2013 ($183.75 in chips) 
Seat 4: ru_ruu_ru ($100 in chips) 
Seat 5: IREQO ($185.64 in chips) 
Seat 6: Yoalfre ($129.90 in chips) 
Yoalfre: posts small blind $0.50
fc1990colls: posts big blind $1
*** HOLE CARDS ***
peak joker33: folds 
Burlica2013: folds 
ru_ruu_ru: folds 
IREQO has timed out
IREQO: folds 
Yoalfre: raises $1.50 to $2.50
fc1990colls: folds 
Uncalled bet ($1.50) returned to Yoalfre
Yoalfre collected $2 from pot
Yoalfre: doesn't show hand 
*** SUMMARY ***
Total pot $2 | Rake $0 
Seat 1: fc1990colls (big blind) folded before Flop
Seat 2: peak joker33 folded before Flop (didn't bet)
Seat 3: Burlica2013 folded before Flop (didn't bet)
Seat 4: ru_ruu_ru folded before Flop (didn't bet)
Seat 5: IREQO (button) folded before Flop (didn't bet)
Seat 6: Yoalfre (small blind) collected ($2)



PokerStars Hand #254432485319:  Hold'em No Limit ($0.50/$1.00 USD) - 2025/01/18 15:57:49 WET [2025/01/18 10:57:49 ET]
Table 'Ate IV' 6-max Seat #6 is the button
Seat 1: fc1990colls ($20.35 in chips) 
Seat 2: peak joker33 ($119.82 in chips) 
Seat 3: Burlica2013 ($183.75 in chips) 
Seat 4: ru_ruu_ru ($100 in chips) 
Seat 5: IREQO ($185.64 in chips) 
Seat 6: Yoalfre ($130.90 in chips) 
fc1990colls: posts small blind $0.50
peak joker33: posts big blind $1
*** HOLE CARDS ***
Burlica2013: folds 
ru_ruu_ru: folds 
IREQO: folds 
Yoalfre: folds 
fc1990colls: raises $3 to $4
peak joker33: folds 
Uncalled bet ($3) returned to fc1990colls
fc1990colls collected $2 from pot
*** SUMMARY ***
Total pot $2 | Rake $0 
Seat 1: fc1990colls (small blind) collected ($2)
Seat 2: peak joker33 (big blind) folded before Flop
Seat 3: Burlica2013 folded before Flop (didn't bet)
Seat 4: ru_ruu_ru folded before Flop (didn't bet)
Seat 5: IREQO folded before Flop (didn't bet)
Seat 6: Yoalfre (button) folded before Flop (didn't bet)



PokerStars Hand #254432489092:  Hold'em No Limit ($0.50/$1.00 USD) - 2025/01/18 15:58:11 WET [2025/01/18 10:58:11 ET]
Table 'Ate IV' 6-max Seat #1 is the button
Seat 1: fc1990colls ($21.35 in chips) 
Seat 2: peak joker33 ($118.82 in chips) 
Seat 3: Burlica2013 ($183.75 in chips) 
Seat 4: ru_ruu_ru ($100 in chips) 
Seat 5: IREQO ($185.64 in chips) 
Seat 6: Yoalfre ($130.90 in chips) 
peak joker33: posts small blind $0.50
Burlica2013: posts big blind $1
*** HOLE CARDS ***
ru_ruu_ru has timed out
ru_ruu_ru: folds 
IREQO: raises $1.50 to $2.50
Yoalfre: folds 
fc1990colls: folds 
peak joker33: folds 
Burlica2013: folds 
Uncalled bet ($1.50) returned to IREQO
IREQO collected $2.50 from pot
IREQO: doesn't show hand 
*** SUMMARY ***
Total pot $2.50 | Rake $0 
Seat 1: fc1990colls (button) folded before Flop (didn't bet)
Seat 2: peak joker33 (small blind) folded before Flop
Seat 3: Burlica2013 (big blind) folded before Flop
Seat 4: ru_ruu_ru folded before Flop (didn't bet)
Seat 5: IREQO collected ($2.50)
Seat 6: Yoalfre folded before Flop (didn't bet)



PokerStars Hand #254432493115:  Hold'em No Limit ($0.50/$1.00 USD) - 2025/01/18 15:58:33 WET [2025/01/18 10:58:33 ET]
Table 'Ate IV' 6-max Seat #2 is the button
Seat 1: fc1990colls ($21.35 in chips) 
Seat 2: peak joker33 ($118.32 in chips) 
Seat 3: Burlica2013 ($182.75 in chips) 
Seat 4: ru_ruu_ru ($100 in chips) 
Seat 5: IREQO ($187.14 in chips) 
Seat 6: Yoalfre ($130.90 in chips) 
Burlica2013: posts small blind $0.50
ru_ruu_ru: posts big blind $1
*** HOLE CARDS ***
IREQO: folds 
Yoalfre: raises $1.50 to $2.50
fc1990colls: folds 
peak joker33: folds 
Burlica2013: folds 
ru_ruu_ru: folds 
Uncalled bet ($1.50) returned to Yoalfre
Yoalfre collected $2.50 from pot
Yoalfre: doesn't show hand 
*** SUMMARY ***
Total pot $2.50 | Rake $0 
Seat 1: fc1990colls folded before Flop (didn't bet)
Seat 2: peak joker33 (button) folded before Flop (didn't bet)
Seat 3: Burlica2013 (small blind) folded before Flop
Seat 4: ru_ruu_ru (big blind) folded before Flop
Seat 5: IREQO folded before Flop (didn't bet)
Seat 6: Yoalfre collected ($2.50)



PokerStars Hand #254432599917:  Hold'em No Limit ($0.50/$1.00 USD) - 2025/01/18 16:06:38 WET [2025/01/18 11:06:38 ET]
Table 'Ate IV' 6-max Seat #6 is the button
Seat 1: gig.gyty ($100 in chips) is sitting out
Seat 2: peak joker33 ($118.54 in chips) 
Seat 3: Buggan69 ($14.06 in chips) 
Seat 4: ru_ruu_ru ($100 in chips) 
Seat 5: IREQO ($183.57 in chips) 
Seat 6: Yoalfre ($156.05 in chips) 
peak joker33: posts small blind $0.50
Buggan69: posts big blind $1
*** HOLE CARDS ***
ru_ruu_ru: folds 
ru_ruu_ru leaves the table
IREQO: raises $1.50 to $2.50
Yoalfre: calls $2.50
peak joker33: folds 
Buggan69: raises $11.56 to $14.06 and is all-in
YeeesMan joins the table at seat #4 
IREQO: folds 
Yoalfre: calls $11.56
*** FLOP *** [Tc 2s 9d]
*** TURN *** [Tc 2s 9d] [8d]
*** RIVER *** [Tc 2s 9d 8d] [8c]
*** SHOW DOWN ***
Buggan69: shows [9h Kd] (two pair, Nines and Eights)
Yoalfre: shows [7d 7c] (two pair, Eights and Sevens)
Buggan69 collected $29.56 from pot
*** SUMMARY ***
Total pot $31.12 | Rake $1.56 
Board [Tc 2s 9d 8d 8c]
Seat 1: gig.gyty
Seat 2: peak joker33 (small blind) folded before Flop
Seat 3: Buggan69 (big blind) showed [9h Kd] and won ($29.56) with two pair, Nines and Eights
Seat 4: ru_ruu_ru folded before Flop (didn't bet)
Seat 5: IREQO folded before Flop
Seat 6: Yoalfre (button) showed [7d 7c] and lost with two pair, Eights and Sevens



PokerStars Hand #254432609090:  Hold'em No Limit ($0.50/$1.00 USD) - 2025/01/18 16:07:16 WET [2025/01/18 11:07:16 ET]
Table 'Ate IV' 6-max Seat #2 is the button
Seat 1: gig.gyty ($100 in chips) is sitting out
Seat 2: peak joker33 ($118.04 in chips) 
Seat 3: Buggan69 ($29.56 in chips) 
Seat 4: YeeesMan ($100 in chips) 
Seat 5: IREQO ($181.07 in chips) 
Seat 6: Yoalfre ($141.99 in chips) 
Buggan69: posts small blind $0.50
YeeesMan: posts big blind $1
gig.gyty: sits out 
*** HOLE CARDS ***
IREQO: raises $1.50 to $2.50
Yoalfre: folds 
peak joker33: folds 
Buggan69: calls $2
YeeesMan: folds 
*** FLOP *** [Qs 7s Kc]
Buggan69: checks 
IREQO: bets $3
Buggan69: folds 
Uncalled bet ($3) returned to IREQO
IREQO collected $5.70 from pot
IREQO: doesn't show hand 
*** SUMMARY ***
Total pot $6 | Rake $0.30 
Board [Qs 7s Kc]
Seat 1: gig.gyty
Seat 2: peak joker33 (button) folded before Flop (didn't bet)
Seat 3: Buggan69 (small blind) folded on the Flop
Seat 4: YeeesMan (big blind) folded before Flop
Seat 5: IREQO collected ($5.70)
Seat 6: Yoalfre folded before Flop (didn't bet)



PokerStars Hand #254432616629:  Hold'em No Limit ($0.50/$1.00 USD) - 2025/01/18 16:07:47 WET [2025/01/18 11:07:47 ET]
Table 'Ate IV' 6-max Seat #3 is the button
Seat 1: gig.gyty ($100 in chips) is sitting out
Seat 5: IREQO ($184.27 in chips) is sitting out
Seat 2: peak joker33 ($118.04 in chips) 
Seat 3: Buggan69 ($27.06 in chips) 
Seat 4: YeeesMan ($100 in chips) 
Seat 6: Yoalfre ($141.99 in chips) 
YeeesMan: posts small blind $0.50
IREQO: is sitting out 
Yoalfre: posts big blind $1
gig.gyty: sits out 
*** HOLE CARDS ***
peak joker33: raises $1.50 to $2.50
Buggan69: folds 
YeeesMan: folds 
IREQO leaves the table
Yoalfre: folds 
Uncalled bet ($1.50) returned to peak joker33
peak joker33 collected $2.50 from pot
peak joker33: doesn't show hand 
*** SUMMARY ***
Total pot $2.50 | Rake $0 
Seat 1: gig.gyty
Seat 5: IREQO
Seat 2: peak joker33 collected ($2.50)
Seat 3: Buggan69 (button) folded before Flop (didn't bet)
Seat 4: YeeesMan (small blind) folded before Flop
Seat 6: Yoalfre (big blind) folded before Flop



PokerStars Hand #254432619331:  Hold'em No Limit ($0.50/$1.00 USD) - 2025/01/18 16:07:58 WET [2025/01/18 11:07:58 ET]
Table 'Ate IV' 6-max Seat #4 is the button
Seat 1: gig.gyty ($100 in chips) 
Seat 2: peak joker33 ($119.54 in chips) 
Seat 3: Buggan69 ($27.06 in chips) 
Seat 4: YeeesMan ($100 in chips) 
Seat 6: Yoalfre ($140.99 in chips) 
Yoalfre: posts small blind $0.50
gig.gyty: posts big blind $1
*** HOLE CARDS ***
peak joker33: folds 
Buggan69: folds 
EdgarYY joins the table at seat #5 
YeeesMan: folds 
Yoalfre: folds 
Uncalled bet ($0.50) returned to gig.gyty
gig.gyty collected $1 from pot
gig.gyty: doesn't show hand 
*** SUMMARY ***
Total pot $1 | Rake $0 
Seat 1: gig.gyty (big blind) collected ($1)
Seat 2: peak joker33 folded before Flop (didn't bet)
Seat 3: Buggan69 folded before Flop (didn't bet)
Seat 4: YeeesMan (button) folded before Flop (didn't bet)
Seat 6: Yoalfre (small blind) folded before Flop



PokerStars Hand #254432623921:  Hold'em No Limit ($0.50/$1.00 USD) - 2025/01/18 16:08:17 WET [2025/01/18 11:08:17 ET]
Table 'Ate IV' 6-max Seat #6 is the button
Seat 2: peak joker33 ($119.54 in chips) is sitting out
Seat 5: EdgarYY ($100 in chips) is sitting out
Seat 1: gig.gyty ($100.50 in chips) 
Seat 3: Buggan69 ($27.06 in chips) 
Seat 4: YeeesMan ($100 in chips) 
Seat 6: Yoalfre ($140.49 in chips) 
gig.gyty: posts small blind $0.50
peak joker33: is sitting out 
Buggan69: posts big blind $1
EdgarYY: sits out 
*** HOLE CARDS ***
YeeesMan: raises $1.50 to $2.50
Yoalfre: folds 
gig.gyty: folds 
Buggan69: calls $1.50
*** FLOP *** [7c Qd Kd]
Buggan69: checks 
peak joker33 leaves the table
YeeesMan: bets $3.92
Buggan69: calls $3.92
*** TURN *** [7c Qd Kd] [4d]
Buggan69: checks 
Pon4uk.ua joins the table at seat #2 
YeeesMan: checks 
*** RIVER *** [7c Qd Kd 4d] [Js]
Buggan69: bets $5
YeeesMan: raises $17.67 to $22.67
Buggan69: calls $15.64 and is all-in
Uncalled bet ($2.03) returned to YeeesMan
*** SHOW DOWN ***
YeeesMan: shows [Jd Kh] (two pair, Kings and Jacks)
Buggan69: shows [Ks Td] (a pair of Kings)
YeeesMan collected $53.62 from pot
*** SUMMARY ***
Total pot $54.62 | Rake $1 
Board [7c Qd Kd 4d Js]
Seat 2: peak joker33
Seat 5: EdgarYY
Seat 1: gig.gyty (small blind) folded before Flop
Seat 3: Buggan69 (big blind) showed [Ks Td] and lost with a pair of Kings
Seat 4: YeeesMan showed [Jd Kh] and won ($53.62) with two pair, Kings and Jacks
Seat 6: Yoalfre (button) folded before Flop (didn't bet)



PokerStars Hand #254432641615:  Hold'em No Limit ($0.50/$1.00 USD) - 2025/01/18 16:09:31 WET [2025/01/18 11:09:31 ET]
Table 'Ate IV' 6-max Seat #1 is the button
Seat 2: Pon4uk.ua ($100 in chips) is sitting out
Seat 3: Buggan69 ($0 in chips) is sitting out
Seat 1: gig.gyty ($100 in chips) 
Seat 4: YeeesMan ($126.56 in chips) 
Seat 5: EdgarYY ($100 in chips) 
Seat 6: Yoalfre ($140.49 in chips) 
YeeesMan: posts small blind $0.50
EdgarYY: posts big blind $1
*** HOLE CARDS ***
Yoalfre: folds 
Buggan69 leaves the table
gig.gyty: raises $1.50 to $2.50
YeeesMan: raises $8.50 to $11
EdgarYY: folds 
gig.gyty: raises $13 to $24
YeeesMan: raises $102.56 to $126.56 and is all-in
gig.gyty: calls $76 and is all-in
Uncalled bet ($26.56) returned to YeeesMan
*** FIRST FLOP *** [8s 3s Ah]
*** FIRST TURN *** [8s 3s Ah] [Ks]
*** FIRST RIVER *** [8s 3s Ah Ks] [2d]
*** SECOND FLOP *** [5d 9s 5h]
*** SECOND TURN *** [5d 9s 5h] [Ts]
*** SECOND RIVER *** [5d 9s 5h Ts] [Qs]
*** FIRST SHOW DOWN ***
YeeesMan: shows [Qd Qc] (a pair of Queens)
gig.gyty: shows [Th Td] (a pair of Tens)
YeeesMan collected $100 from pot
*** SECOND SHOW DOWN ***
YeeesMan: shows [Qd Qc] (a full house, Queens full of Fives)
gig.gyty: shows [Th Td] (a full house, Tens full of Fives)
YeeesMan collected $100 from pot
*** SUMMARY ***
Total pot $201 | Rake $1 
Hand was run twice
FIRST Board [8s 3s Ah Ks 2d]
SECOND Board [5d 9s 5h Ts Qs]
Seat 2: Pon4uk.ua
Seat 3: Buggan69
Seat 1: gig.gyty (button) showed [Th Td] and lost with a pair of Tens, and lost with a full house, Tens full of Fives
Seat 4: YeeesMan (small blind) showed [Qd Qc] and won ($100) with a pair of Queens, and won ($100) with a full house, Queens full of Fives
Seat 5: EdgarYY (big blind) folded before Flop
Seat 6: Yoalfre folded before Flop (didn't bet)



PokerStars Hand #254432654451:  Hold'em No Limit ($0.50/$1.00 USD) - 2025/01/18 16:10:24 WET [2025/01/18 11:10:24 ET]
Table 'Ate IV' 6-max Seat #4 is the button
Seat 2: Pon4uk.ua ($100 in chips) is sitting out
Seat 1: gig.gyty ($100 in chips) 
Seat 4: YeeesMan ($226.56 in chips) 
Seat 5: EdgarYY ($100 in chips) 
Seat 6: Yoalfre ($140.49 in chips) 
EdgarYY: posts small blind $0.50
Yoalfre: posts big blind $1
Pon4uk.ua: sits out 
*** HOLE CARDS ***
gig.gyty: folds 
YeeesMan: folds 
EdgarYY: raises $2 to $3
Yoalfre: folds 
Uncalled bet ($2) returned to EdgarYY
EdgarYY collected $2 from pot
EdgarYY: doesn't show hand 
*** SUMMARY ***
Total pot $2 | Rake $0 
Seat 2: Pon4uk.ua
Seat 1: gig.gyty folded before Flop (didn't bet)
Seat 4: YeeesMan (button) folded before Flop (didn't bet)
Seat 5: EdgarYY (small blind) collected ($2)
Seat 6: Yoalfre (big blind) folded before Flop



PokerStars Hand #254432659855:  Hold'em No Limit ($0.50/$1.00 USD) - 2025/01/18 16:10:46 WET [2025/01/18 11:10:46 ET]
Table 'Ate IV' 6-max Seat #5 is the button
Seat 1: gig.gyty ($100 in chips) is sitting out
Seat 2: Pon4uk.ua ($100 in chips) 
Seat 4: YeeesMan ($226.56 in chips) 
Seat 5: EdgarYY ($101 in chips) 
Seat 6: Yoalfre ($139.49 in chips) 
Yoalfre: posts small blind $0.50
gig.gyty: is sitting out 
Pon4uk.ua: posts big blind $1
*** HOLE CARDS ***
gig.gyty leaves the table
YeeesMan: folds 
EdgarYY: raises $1.50 to $2.50
Yoalfre: folds 
Pon4uk.ua: calls $1.50
*** FLOP *** [Qc Tc 5h]
Pon4uk.ua: checks 
EdgarYY: checks 
*** TURN *** [Qc Tc 5h] [Jd]
k8rlos joins the table at seat #1 
k8rlos is disconnected 
Pon4uk.ua: bets $3.92
getjet1952 joins the table at seat #3 
EdgarYY: folds 
Uncalled bet ($3.92) returned to Pon4uk.ua
Pon4uk.ua collected $5.22 from pot
Pon4uk.ua: doesn't show hand 
*** SUMMARY ***
Total pot $5.50 | Rake $0.28 
Board [Qc Tc 5h Jd]
Seat 1: gig.gyty
Seat 2: Pon4uk.ua (big blind) collected ($5.22)
Seat 4: YeeesMan folded before Flop (didn't bet)
Seat 5: EdgarYY (button) folded on the Turn
Seat 6: Yoalfre (small blind) folded before Flop



PokerStars Hand #254432678880:  Hold'em No Limit ($0.50/$1.00 USD) - 2025/01/18 16:12:04 WET [2025/01/18 11:12:04 ET]
Table 'Ate IV' 6-max Seat #6 is the button
Seat 1: k8rlos ($20.14 in chips) is sitting out
Seat 2: Pon4uk.ua ($102.72 in chips) 
Seat 3: getjet1952 ($48.99 in chips) 
Seat 4: YeeesMan ($226.56 in chips) 
Seat 5: EdgarYY ($100 in chips) 
Seat 6: Yoalfre ($138.99 in chips) 
Pon4uk.ua: posts small blind $0.50
getjet1952: posts big blind $1
*** HOLE CARDS ***
YeeesMan: folds 
EdgarYY: folds 
Yoalfre: raises $1.50 to $2.50
Pon4uk.ua: folds 
getjet1952: calls $1.50
*** FLOP *** [3h Kc Kd]
getjet1952: checks 
Yoalfre: bets $1.72
getjet1952: calls $1.72
*** TURN *** [3h Kc Kd] [6s]
getjet1952: checks 
Yoalfre: checks 
*** RIVER *** [3h Kc Kd 6s] [Jc]
getjet1952: bets $8.49
Yoalfre: calls $8.49
*** SHOW DOWN ***
getjet1952: shows [Ks 8d] (three of a kind, Kings)
Yoalfre: mucks hand 
getjet1952 collected $24.62 from pot
*** SUMMARY ***
Total pot $25.92 | Rake $1.30 
Board [3h Kc Kd 6s Jc]
Seat 1: k8rlos
Seat 2: Pon4uk.ua (small blind) folded before Flop
Seat 3: getjet1952 (big blind) showed [Ks 8d] and won ($24.62) with three of a kind, Kings
Seat 4: YeeesMan folded before Flop (didn't bet)
Seat 5: EdgarYY folded before Flop (didn't bet)
Seat 6: Yoalfre (button) mucked



PokerStars Hand #254432693676:  Hold'em No Limit ($0.50/$1.00 USD) - 2025/01/18 16:13:05 WET [2025/01/18 11:13:05 ET]
Table 'Ate IV' 6-max Seat #2 is the button
Seat 1: k8rlos ($20.14 in chips) 
Seat 2: Pon4uk.ua ($102.22 in chips) 
Seat 3: getjet1952 ($60.90 in chips) 
Seat 4: YeeesMan ($226.56 in chips) 
Seat 5: EdgarYY ($100 in chips) 
Seat 6: Yoalfre ($126.28 in chips) 
getjet1952: posts small blind $0.50
YeeesMan: posts big blind $1
k8rlos: posts big blind $1
*** HOLE CARDS ***
EdgarYY: folds 
Yoalfre: folds 
k8rlos: raises $1 to $2
Pon4uk.ua: folds 
getjet1952: folds 
YeeesMan: folds 
Uncalled bet ($1) returned to k8rlos
k8rlos collected $2.50 from pot
*** SUMMARY ***
Total pot $2.50 | Rake $0 
Seat 1: k8rlos collected ($2.50)
Seat 2: Pon4uk.ua (button) folded before Flop (didn't bet)
Seat 3: getjet1952 (small blind) folded before Flop
Seat 4: YeeesMan (big blind) folded before Flop
Seat 5: EdgarYY folded before Flop (didn't bet)
Seat 6: Yoalfre folded before Flop (didn't bet)



PokerStars Hand #254432700501:  Hold'em No Limit ($0.50/$1.00 USD) - 2025/01/18 16:13:33 WET [2025/01/18 11:13:33 ET]
Table 'Ate IV' 6-max Seat #3 is the button
Seat 1: k8rlos ($21.64 in chips) 
Seat 2: Pon4uk.ua ($102.22 in chips) 
Seat 3: getjet1952 ($60.40 in chips) 
Seat 4: YeeesMan ($225.56 in chips) 
Seat 5: EdgarYY ($100 in chips) 
Seat 6: Yoalfre ($126.28 in chips) 
YeeesMan: posts small blind $0.50
EdgarYY: posts big blind $1
*** HOLE CARDS ***
Yoalfre: folds 
k8rlos: folds 
Pon4uk.ua: raises $1.50 to $2.50
getjet1952: folds 
YeeesMan: folds 
EdgarYY: folds 
Uncalled bet ($1.50) returned to Pon4uk.ua
Pon4uk.ua collected $2.50 from pot
Pon4uk.ua: doesn't show hand 
*** SUMMARY ***
Total pot $2.50 | Rake $0 
Seat 1: k8rlos folded before Flop (didn't bet)
Seat 2: Pon4uk.ua collected ($2.50)
Seat 3: getjet1952 (button) folded before Flop (didn't bet)
Seat 4: YeeesMan (small blind) folded before Flop
Seat 5: EdgarYY (big blind) folded before Flop
Seat 6: Yoalfre folded before Flop (didn't bet)



PokerStars Hand #254432704573:  Hold'em No Limit ($0.50/$1.00 USD) - 2025/01/18 16:13:49 WET [2025/01/18 11:13:49 ET]
Table 'Ate IV' 6-max Seat #4 is the button
Seat 6: Yoalfre ($126.28 in chips) is sitting out
Seat 1: k8rlos ($21.64 in chips) 
Seat 2: Pon4uk.ua ($103.72 in chips) 
Seat 3: getjet1952 ($60.40 in chips) 
Seat 4: YeeesMan ($225.06 in chips) 
Seat 5: EdgarYY ($100 in chips) 
EdgarYY: posts small blind $0.50
Yoalfre: is sitting out 
k8rlos: posts big blind $1
*** HOLE CARDS ***
Pon4uk.ua: raises $1 to $2
getjet1952: calls $2
YeeesMan: folds 
EdgarYY: folds 
k8rlos: calls $1
*** FLOP *** [5d Ad 3s]
k8rlos: checks 
Pon4uk.ua: bets $2.04
getjet1952: folds 
k8rlos: calls $2.04
*** TURN *** [5d Ad 3s] [Qh]
k8rlos: checks 
Pon4uk.ua: bets $5.03
k8rlos: folds 
Uncalled bet ($5.03) returned to Pon4uk.ua
Pon4uk.ua collected $10.05 from pot
Pon4uk.ua: doesn't show hand 
*** SUMMARY ***
Total pot $10.58 | Rake $0.53 
Board [5d Ad 3s Qh]
Seat 6: Yoalfre
Seat 1: k8rlos (big blind) folded on the Turn
Seat 2: Pon4uk.ua collected ($10.05)
Seat 3: getjet1952 folded on the Flop
Seat 4: YeeesMan (button) folded before Flop (didn't bet)
Seat 5: EdgarYY (small blind) folded before Flop



PokerStars Hand #254432714073:  Hold'em No Limit ($0.50/$1.00 USD) - 2025/01/18 16:14:28 WET [2025/01/18 11:14:28 ET]
Table 'Ate IV' 6-max Seat #5 is the button
Seat 6: Yoalfre ($126.28 in chips) is sitting out
Seat 1: k8rlos ($17.60 in chips) 
Seat 2: Pon4uk.ua ($109.73 in chips) 
Seat 3: getjet1952 ($58.40 in chips) 
Seat 4: YeeesMan ($225.06 in chips) 
Seat 5: EdgarYY ($100 in chips) 
k8rlos: posts small blind $0.50
Pon4uk.ua: posts big blind $1
*** HOLE CARDS ***
getjet1952: folds 
YeeesMan: folds 
EdgarYY: folds 
k8rlos: raises $1 to $2
Pon4uk.ua: calls $1
*** FLOP *** [4d 8s 8h]
k8rlos: bets $2
Pon4uk.ua: folds 
Uncalled bet ($2) returned to k8rlos
k8rlos collected $3.80 from pot
*** SUMMARY ***
Total pot $4 | Rake $0.20 
Board [4d 8s 8h]
Seat 6: Yoalfre
Seat 1: k8rlos (small blind) collected ($3.80)
Seat 2: Pon4uk.ua (big blind) folded on the Flop
Seat 3: getjet1952 folded before Flop (didn't bet)
Seat 4: YeeesMan folded before Flop (didn't bet)
Seat 5: EdgarYY (button) folded before Flop (didn't bet)



PokerStars Hand #254432725974:  Hold'em No Limit ($0.50/$1.00 USD) - 2025/01/18 16:15:17 WET [2025/01/18 11:15:17 ET]
Table 'Ate IV' 6-max Seat #1 is the button
Seat 6: Yoalfre ($126.28 in chips) is sitting out
Seat 1: k8rlos ($19.40 in chips) 
Seat 2: Pon4uk.ua ($107.73 in chips) 
Seat 3: getjet1952 ($58.40 in chips) 
Seat 4: YeeesMan ($225.06 in chips) 
Seat 5: EdgarYY ($100 in chips) 
Pon4uk.ua: posts small blind $0.50
getjet1952: posts big blind $1
Yoalfre: sits out 
*** HOLE CARDS ***
YeeesMan: folds 
EdgarYY: folds 
k8rlos: raises $1 to $2
Pon4uk.ua: folds 
getjet1952: calls $1
*** FLOP *** [8d 6s 9c]
getjet1952: checks 
k8rlos: bets $2
getjet1952: calls $2
*** TURN *** [8d 6s 9c] [Kh]
getjet1952: bets $4.04
k8rlos: calls $4.04
*** RIVER *** [8d 6s 9c Kh] [2s]
getjet1952: checks 
k8rlos: checks 
*** SHOW DOWN ***
getjet1952: shows [Ts Js] (high card King)
k8rlos: shows [Tc 6h] (a pair of Sixes)
k8rlos collected $15.75 from pot
*** SUMMARY ***
Total pot $16.58 | Rake $0.83 
Board [8d 6s 9c Kh 2s]
Seat 6: Yoalfre
Seat 1: k8rlos (button) showed [Tc 6h] and won ($15.75) with a pair of Sixes
Seat 2: Pon4uk.ua (small blind) folded before Flop
Seat 3: getjet1952 (big blind) showed [Ts Js] and lost with high card King
Seat 4: YeeesMan folded before Flop (didn't bet)
Seat 5: EdgarYY folded before Flop (didn't bet)



PokerStars Hand #254432735811:  Hold'em No Limit ($0.50/$1.00 USD) - 2025/01/18 16:15:56 WET [2025/01/18 11:15:56 ET]
Table 'Ate IV' 6-max Seat #2 is the button
Seat 6: Yoalfre ($126.28 in chips) is sitting out
Seat 1: k8rlos ($27.11 in chips) 
Seat 2: Pon4uk.ua ($107.23 in chips) 
Seat 3: getjet1952 ($50.36 in chips) 
Seat 4: YeeesMan ($225.06 in chips) 
Seat 5: EdgarYY ($100 in chips) 
getjet1952: posts small blind $0.50
YeeesMan: posts big blind $1
Yoalfre: sits out 
*** HOLE CARDS ***
EdgarYY: folds 
k8rlos: raises $1 to $2
Pon4uk.ua: raises $3 to $5
getjet1952: folds 
YeeesMan: folds 
k8rlos: calls $3
*** FLOP *** [Ad 2c 6h]
k8rlos: bets $4
Pon4uk.ua: calls $4
*** TURN *** [Ad 2c 6h] [8h]
k8rlos: bets $7
Pon4uk.ua: calls $7
*** RIVER *** [Ad 2c 6h 8h] [5h]
k8rlos: bets $11.11 and is all-in
Pon4uk.ua: calls $11.11
*** SHOW DOWN ***
k8rlos: shows [6c 5d] (two pair, Sixes and Fives)
Pon4uk.ua: shows [7c Ah] (a pair of Aces)
k8rlos collected $53.22 from pot
*** SUMMARY ***
Total pot $55.72 | Rake $2.50 
Board [Ad 2c 6h 8h 5h]
Seat 6: Yoalfre
Seat 1: k8rlos showed [6c 5d] and won ($53.22) with two pair, Sixes and Fives
Seat 2: Pon4uk.ua (button) showed [7c Ah] and lost with a pair of Aces
Seat 3: getjet1952 (small blind) folded before Flop
Seat 4: YeeesMan (big blind) folded before Flop
Seat 5: EdgarYY folded before Flop (didn't bet)



PokerStars Hand #254432749473:  Hold'em No Limit ($0.50/$1.00 USD) - 2025/01/18 16:16:52 WET [2025/01/18 11:16:52 ET]
Table 'Ate IV' 6-max Seat #3 is the button
Seat 6: Yoalfre ($126.28 in chips) is sitting out
Seat 1: k8rlos ($53.22 in chips) 
Seat 2: Pon4uk.ua ($100 in chips) 
Seat 3: getjet1952 ($49.86 in chips) 
Seat 4: YeeesMan ($224.06 in chips) 
Seat 5: EdgarYY ($100 in chips) 
YeeesMan: posts small blind $0.50
EdgarYY: posts big blind $1
Yoalfre: sits out 
*** HOLE CARDS ***
k8rlos: folds 
Pon4uk.ua: folds 
getjet1952: folds 
YeeesMan: folds 
Uncalled bet ($0.50) returned to EdgarYY
EdgarYY collected $1 from pot
EdgarYY: doesn't show hand 
*** SUMMARY ***
Total pot $1 | Rake $0 
Seat 6: Yoalfre
Seat 1: k8rlos folded before Flop (didn't bet)
Seat 2: Pon4uk.ua folded before Flop (didn't bet)
Seat 3: getjet1952 (button) folded before Flop (didn't bet)
Seat 4: YeeesMan (small blind) folded before Flop
Seat 5: EdgarYY (big blind) collected ($1)



PokerStars Hand #254432752727:  Hold'em No Limit ($0.50/$1.00 USD) - 2025/01/18 16:17:04 WET [2025/01/18 11:17:04 ET]
Table 'Ate IV' 6-max Seat #4 is the button
Seat 1: k8rlos ($53.22 in chips) 
Seat 2: Pon4uk.ua ($100 in chips) 
Seat 3: getjet1952 ($49.86 in chips) 
Seat 4: YeeesMan ($223.56 in chips) 
Seat 5: EdgarYY ($100.50 in chips) 
Seat 6: Yoalfre ($126.28 in chips) 
EdgarYY: posts small blind $0.50
Yoalfre: posts big blind $1
*** HOLE CARDS ***
k8rlos: folds 
Pon4uk.ua has timed out
Pon4uk.ua: folds 
getjet1952: folds 
YeeesMan: raises $1.50 to $2.50
EdgarYY: folds 
Yoalfre: folds 
Uncalled bet ($1.50) returned to YeeesMan
YeeesMan collected $2.50 from pot
YeeesMan: doesn't show hand 
*** SUMMARY ***
Total pot $2.50 | Rake $0 
Seat 1: k8rlos folded before Flop (didn't bet)
Seat 2: Pon4uk.ua folded before Flop (didn't bet)
Seat 3: getjet1952 folded before Flop (didn't bet)
Seat 4: YeeesMan (button) collected ($2.50)
Seat 5: EdgarYY (small blind) folded before Flop
Seat 6: Yoalfre (big blind) folded before Flop



PokerStars Hand #254432758862:  Hold'em No Limit ($0.50/$1.00 USD) - 2025/01/18 16:17:29 WET [2025/01/18 11:17:29 ET]
Table 'Ate IV' 6-max Seat #5 is the button
Seat 1: k8rlos ($53.22 in chips) 
Seat 2: Pon4uk.ua ($100 in chips) 
Seat 3: getjet1952 ($49.86 in chips) 
Seat 4: YeeesMan ($225.06 in chips) 
Seat 5: EdgarYY ($100 in chips) 
Seat 6: Yoalfre ($125.28 in chips) 
Yoalfre: posts small blind $0.50
k8rlos: posts big blind $1
*** HOLE CARDS ***
Pon4uk.ua: raises $1 to $2
getjet1952: calls $2
YeeesMan: folds 
EdgarYY: folds 
Yoalfre: raises $14 to $16
k8rlos: folds 
Pon4uk.ua: folds 
getjet1952: folds 
Uncalled bet ($14) returned to Yoalfre
Yoalfre collected $7 from pot
Yoalfre: doesn't show hand 
*** SUMMARY ***
Total pot $7 | Rake $0 
Seat 1: k8rlos (big blind) folded before Flop
Seat 2: Pon4uk.ua folded before Flop
Seat 3: getjet1952 folded before Flop
Seat 4: YeeesMan folded before Flop (didn't bet)
Seat 5: EdgarYY (button) folded before Flop (didn't bet)
Seat 6: Yoalfre (small blind) collected ($7)



PokerStars Hand #254432768684:  Hold'em No Limit ($0.50/$1.00 USD) - 2025/01/18 16:18:08 WET [2025/01/18 11:18:08 ET]
Table 'Ate IV' 6-max Seat #6 is the button
Seat 1: k8rlos ($52.22 in chips) 
Seat 2: Pon4uk.ua ($100 in chips) 
Seat 3: getjet1952 ($47.86 in chips) 
Seat 4: YeeesMan ($225.06 in chips) 
Seat 5: EdgarYY ($100 in chips) 
Seat 6: Yoalfre ($130.28 in chips) 
k8rlos: posts small blind $0.50
Pon4uk.ua: posts big blind $1
*** HOLE CARDS ***
getjet1952: folds 
YeeesMan: folds 
EdgarYY: raises $1.20 to $2.20
Yoalfre: folds 
k8rlos: folds 
Pon4uk.ua: folds 
Uncalled bet ($1.20) returned to EdgarYY
EdgarYY collected $2.50 from pot
EdgarYY: doesn't show hand 
*** SUMMARY ***
Total pot $2.50 | Rake $0 
Seat 1: k8rlos (small blind) folded before Flop
Seat 2: Pon4uk.ua (big blind) folded before Flop
Seat 3: getjet1952 folded before Flop (didn't bet)
Seat 4: YeeesMan folded before Flop (didn't bet)
Seat 5: EdgarYY collected ($2.50)
Seat 6: Yoalfre (button) folded before Flop (didn't bet)



PokerStars Hand #254432773022:  Hold'em No Limit ($0.50/$1.00 USD) - 2025/01/18 16:18:26 WET [2025/01/18 11:18:26 ET]
Table 'Ate IV' 6-max Seat #1 is the button
Seat 1: k8rlos ($51.72 in chips) 
Seat 2: Pon4uk.ua ($100 in chips) 
Seat 3: getjet1952 ($47.86 in chips) 
Seat 4: YeeesMan ($225.06 in chips) 
Seat 5: EdgarYY ($101.50 in chips) 
Seat 6: Yoalfre ($130.28 in chips) 
Pon4uk.ua: posts small blind $0.50
getjet1952: posts big blind $1
*** HOLE CARDS ***
YeeesMan: raises $1.50 to $2.50
EdgarYY: folds 
Yoalfre: folds 
k8rlos: calls $2.50
Pon4uk.ua: folds 
getjet1952: calls $1.50
*** FLOP *** [5c Qh Kd]
getjet1952: checks 
YeeesMan: bets $5.70
k8rlos: folds 
getjet1952: folds 
Uncalled bet ($5.70) returned to YeeesMan
YeeesMan collected $7.60 from pot
YeeesMan: doesn't show hand 
*** SUMMARY ***
Total pot $8 | Rake $0.40 
Board [5c Qh Kd]
Seat 1: k8rlos (button) folded on the Flop
Seat 2: Pon4uk.ua (small blind) folded before Flop
Seat 3: getjet1952 (big blind) folded on the Flop
Seat 4: YeeesMan collected ($7.60)
Seat 5: EdgarYY folded before Flop (didn't bet)
Seat 6: Yoalfre folded before Flop (didn't bet)



PokerStars Hand #254432780664:  Hold'em No Limit ($0.50/$1.00 USD) - 2025/01/18 16:18:57 WET [2025/01/18 11:18:57 ET]
Table 'Ate IV' 6-max Seat #2 is the button
Seat 1: k8rlos ($49.22 in chips) 
Seat 2: Pon4uk.ua ($100 in chips) 
Seat 3: getjet1952 ($45.36 in chips) 
Seat 4: YeeesMan ($230.16 in chips) 
Seat 5: EdgarYY ($101.50 in chips) 
Seat 6: Yoalfre ($130.28 in chips) 
getjet1952: posts small blind $0.50
YeeesMan: posts big blind $1
*** HOLE CARDS ***
EdgarYY: folds 
Yoalfre: folds 
k8rlos: calls $1
Pon4uk.ua: folds 
getjet1952: raises $1 to $2
YeeesMan: calls $1
k8rlos: calls $1
*** FLOP *** [2h 6d 2d]
getjet1952: checks 
YeeesMan: checks 
k8rlos: bets $3
getjet1952: calls $3
YeeesMan: folds 
*** TURN *** [2h 6d 2d] [Ah]
getjet1952: bets $11.40
k8rlos: folds 
Uncalled bet ($11.40) returned to getjet1952
getjet1952 collected $11.40 from pot
getjet1952: doesn't show hand 
*** SUMMARY ***
Total pot $12 | Rake $0.60 
Board [2h 6d 2d Ah]
Seat 1: k8rlos folded on the Turn
Seat 2: Pon4uk.ua (button) folded before Flop (didn't bet)
Seat 3: getjet1952 (small blind) collected ($11.40)
Seat 4: YeeesMan (big blind) folded on the Flop
Seat 5: EdgarYY folded before Flop (didn't bet)
Seat 6: Yoalfre folded before Flop (didn't bet)



PokerStars Hand #254432796821:  Hold'em No Limit ($0.50/$1.00 USD) - 2025/01/18 16:20:03 WET [2025/01/18 11:20:03 ET]
Table 'Ate IV' 6-max Seat #3 is the button
Seat 1: k8rlos ($44.22 in chips) 
Seat 2: Pon4uk.ua ($100 in chips) 
Seat 3: getjet1952 ($51.76 in chips) 
Seat 4: YeeesMan ($228.16 in chips) 
Seat 5: EdgarYY ($101.50 in chips) 
Seat 6: Yoalfre ($130.28 in chips) 
YeeesMan: posts small blind $0.50
EdgarYY: posts big blind $1
*** HOLE CARDS ***
Yoalfre: folds 
k8rlos: raises $1 to $2
Pon4uk.ua: folds 
getjet1952: folds 
YeeesMan: folds 
EdgarYY: folds 
Uncalled bet ($1) returned to k8rlos
k8rlos collected $2.50 from pot
*** SUMMARY ***
Total pot $2.50 | Rake $0 
Seat 1: k8rlos collected ($2.50)
Seat 2: Pon4uk.ua folded before Flop (didn't bet)
Seat 3: getjet1952 (button) folded before Flop (didn't bet)
Seat 4: YeeesMan (small blind) folded before Flop
Seat 5: EdgarYY (big blind) folded before Flop
Seat 6: Yoalfre folded before Flop (didn't bet)



PokerStars Hand #254432802376:  Hold'em No Limit ($0.50/$1.00 USD) - 2025/01/18 16:20:25 WET [2025/01/18 11:20:25 ET]
Table 'Ate IV' 6-max Seat #4 is the button
Seat 1: k8rlos ($45.72 in chips) 
Seat 2: Pon4uk.ua ($100 in chips) 
Seat 3: getjet1952 ($51.76 in chips) 
Seat 4: YeeesMan ($227.66 in chips) 
Seat 5: EdgarYY ($100.50 in chips) 
Seat 6: Yoalfre ($130.28 in chips) 
EdgarYY: posts small blind $0.50
Yoalfre: posts big blind $1
*** HOLE CARDS ***
k8rlos: calls $1
Pon4uk.ua: raises $3 to $4
getjet1952: calls $4
YeeesMan: folds 
EdgarYY: folds 
Yoalfre: folds 
k8rlos: folds 
*** FLOP *** [3c 9s 9h]
Pon4uk.ua: bets $3.29
getjet1952: raises $8.28 to $11.57
Pon4uk.ua: folds 
Uncalled bet ($8.28) returned to getjet1952
getjet1952 collected $16.23 from pot
getjet1952: doesn't show hand 
*** SUMMARY ***
Total pot $17.08 | Rake $0.85 
Board [3c 9s 9h]
Seat 1: k8rlos folded before Flop
Seat 2: Pon4uk.ua folded on the Flop
Seat 3: getjet1952 collected ($16.23)
Seat 4: YeeesMan (button) folded before Flop (didn't bet)
Seat 5: EdgarYY (small blind) folded before Flop
Seat 6: Yoalfre (big blind) folded before Flop



PokerStars Hand #254432810325:  Hold'em No Limit ($0.50/$1.00 USD) - 2025/01/18 16:20:58 WET [2025/01/18 11:20:58 ET]
Table 'Ate IV' 6-max Seat #5 is the button
Seat 1: k8rlos ($44.72 in chips) 
Seat 2: Pon4uk.ua ($100 in chips) 
Seat 3: getjet1952 ($60.70 in chips) 
Seat 4: YeeesMan ($227.66 in chips) 
Seat 5: EdgarYY ($100 in chips) 
Seat 6: Yoalfre ($129.28 in chips) 
Yoalfre: posts small blind $0.50
k8rlos: posts big blind $1
*** HOLE CARDS ***
Pon4uk.ua: folds 
getjet1952: calls $1
YeeesMan: raises $2.50 to $3.50
EdgarYY: folds 
Yoalfre: folds 
k8rlos: calls $2.50
getjet1952: calls $2.50
*** FLOP *** [5h 4c 5d]
k8rlos: checks 
getjet1952: checks 
YeeesMan: bets $5.23
k8rlos: folds 
getjet1952: folds 
Uncalled bet ($5.23) returned to YeeesMan
YeeesMan collected $10.45 from pot
YeeesMan: doesn't show hand 
*** SUMMARY ***
Total pot $11 | Rake $0.55 
Board [5h 4c 5d]
Seat 1: k8rlos (big blind) folded on the Flop
Seat 2: Pon4uk.ua folded before Flop (didn't bet)
Seat 3: getjet1952 folded on the Flop
Seat 4: YeeesMan collected ($10.45)
Seat 5: EdgarYY (button) folded before Flop (didn't bet)
Seat 6: Yoalfre (small blind) folded before Flop



PokerStars Hand #254432822275:  Hold'em No Limit ($0.50/$1.00 USD) - 2025/01/18 16:21:47 WET [2025/01/18 11:21:47 ET]
Table 'Ate IV' 6-max Seat #6 is the button
Seat 1: k8rlos ($41.22 in chips) 
Seat 2: Pon4uk.ua ($100 in chips) 
Seat 3: getjet1952 ($57.20 in chips) 
Seat 4: YeeesMan ($234.61 in chips) 
Seat 5: EdgarYY ($100 in chips) 
Seat 6: Yoalfre ($128.78 in chips) 
k8rlos: posts small blind $0.50
Pon4uk.ua: posts big blind $1
*** HOLE CARDS ***
getjet1952: folds 
YeeesMan: raises $1.50 to $2.50
EdgarYY: folds 
Yoalfre: folds 
k8rlos: calls $2
Pon4uk.ua: folds 
*** FLOP *** [3h Td 6c]
k8rlos: bets $3
YeeesMan: calls $3
*** TURN *** [3h Td 6c] [2h]
k8rlos: bets $4
YeeesMan: folds 
Uncalled bet ($4) returned to k8rlos
k8rlos collected $11.40 from pot
*** SUMMARY ***
Total pot $12 | Rake $0.60 
Board [3h Td 6c 2h]
Seat 1: k8rlos (small blind) collected ($11.40)
Seat 2: Pon4uk.ua (big blind) folded before Flop
Seat 3: getjet1952 folded before Flop (didn't bet)
Seat 4: YeeesMan folded on the Turn
Seat 5: EdgarYY folded before Flop (didn't bet)
Seat 6: Yoalfre (button) folded before Flop (didn't bet)



PokerStars Hand #254432837723:  Hold'em No Limit ($0.50/$1.00 USD) - 2025/01/18 16:22:51 WET [2025/01/18 11:22:51 ET]
Table 'Ate IV' 6-max Seat #1 is the button
Seat 1: k8rlos ($47.12 in chips) 
Seat 2: Pon4uk.ua ($100 in chips) 
Seat 3: getjet1952 ($57.20 in chips) 
Seat 4: YeeesMan ($229.11 in chips) 
Seat 5: EdgarYY ($100 in chips) 
Seat 6: Yoalfre ($128.78 in chips) 
Pon4uk.ua: posts small blind $0.50
getjet1952: posts big blind $1
*** HOLE CARDS ***
YeeesMan: folds 
EdgarYY: raises $1 to $2
Yoalfre: folds 
k8rlos: calls $2
Pon4uk.ua: folds 
getjet1952: raises $6.50 to $8.50
EdgarYY: folds 
k8rlos: folds 
Uncalled bet ($6.50) returned to getjet1952
getjet1952 collected $6.50 from pot
getjet1952: doesn't show hand 
*** SUMMARY ***
Total pot $6.50 | Rake $0 
Seat 1: k8rlos (button) folded before Flop
Seat 2: Pon4uk.ua (small blind) folded before Flop
Seat 3: getjet1952 (big blind) collected ($6.50)
Seat 4: YeeesMan folded before Flop (didn't bet)
Seat 5: EdgarYY folded before Flop
Seat 6: Yoalfre folded before Flop (didn't bet)



PokerStars Hand #254432842337:  Hold'em No Limit ($0.50/$1.00 USD) - 2025/01/18 16:23:10 WET [2025/01/18 11:23:10 ET]
Table 'Ate IV' 6-max Seat #2 is the button
Seat 1: k8rlos ($45.12 in chips) 
Seat 2: Pon4uk.ua ($100 in chips) 
Seat 3: getjet1952 ($61.70 in chips) 
Seat 4: YeeesMan ($229.11 in chips) 
Seat 5: EdgarYY ($100 in chips) 
Seat 6: Yoalfre ($128.78 in chips) 
getjet1952: posts small blind $0.50
YeeesMan: posts big blind $1
*** HOLE CARDS ***
EdgarYY: folds 
Yoalfre: folds 
k8rlos: folds 
Pon4uk.ua: folds 
getjet1952: calls $0.50
YeeesMan: checks 
*** FLOP *** [Kd 8h Qh]
getjet1952: bets $1
YeeesMan: folds 
Uncalled bet ($1) returned to getjet1952
getjet1952 collected $1.90 from pot
getjet1952: doesn't show hand 
*** SUMMARY ***
Total pot $2 | Rake $0.10 
Board [Kd 8h Qh]
Seat 1: k8rlos folded before Flop (didn't bet)
Seat 2: Pon4uk.ua (button) folded before Flop (didn't bet)
Seat 3: getjet1952 (small blind) collected ($1.90)
Seat 4: YeeesMan (big blind) folded on the Flop
Seat 5: EdgarYY folded before Flop (didn't bet)
Seat 6: Yoalfre folded before Flop (didn't bet)



PokerStars Hand #254432850064:  Hold'em No Limit ($0.50/$1.00 USD) - 2025/01/18 16:23:41 WET [2025/01/18 11:23:41 ET]
Table 'Ate IV' 6-max Seat #3 is the button
Seat 1: k8rlos ($45.12 in chips) 
Seat 2: Pon4uk.ua ($100 in chips) 
Seat 3: getjet1952 ($62.60 in chips) 
Seat 4: YeeesMan ($228.11 in chips) 
Seat 5: EdgarYY ($100 in chips) 
Seat 6: Yoalfre ($128.78 in chips) 
YeeesMan: posts small blind $0.50
EdgarYY: posts big blind $1
*** HOLE CARDS ***
Yoalfre: folds 
k8rlos is disconnected 
k8rlos has timed out while disconnected
k8rlos: folds 
Pon4uk.ua: raises $1.50 to $2.50
getjet1952: folds 
YeeesMan: folds 
EdgarYY: folds 
Uncalled bet ($1.50) returned to Pon4uk.ua
Pon4uk.ua collected $2.50 from pot
Pon4uk.ua: doesn't show hand 
*** SUMMARY ***
Total pot $2.50 | Rake $0 
Seat 1: k8rlos folded before Flop (didn't bet)
Seat 2: Pon4uk.ua collected ($2.50)
Seat 3: getjet1952 (button) folded before Flop (didn't bet)
Seat 4: YeeesMan (small blind) folded before Flop
Seat 5: EdgarYY (big blind) folded before Flop
Seat 6: Yoalfre folded before Flop (didn't bet)



PokerStars Hand #254432858105:  Hold'em No Limit ($0.50/$1.00 USD) - 2025/01/18 16:24:15 WET [2025/01/18 11:24:15 ET]
Table 'Ate IV' 6-max Seat #4 is the button
Seat 1: k8rlos ($45.12 in chips) is sitting out
Seat 2: Pon4uk.ua ($101.50 in chips) 
Seat 3: getjet1952 ($62.60 in chips) 
Seat 4: YeeesMan ($227.61 in chips) 
Seat 5: EdgarYY ($100 in chips) 
Seat 6: Yoalfre ($128.78 in chips) 
EdgarYY: posts small blind $0.50
Yoalfre: posts big blind $1
*** HOLE CARDS ***
Pon4uk.ua: raises $1 to $2
getjet1952: folds 
YeeesMan: folds 
EdgarYY: raises $9 to $11
Yoalfre: folds 
Pon4uk.ua: calls $9
*** FLOP *** [Td Th 3d]
EdgarYY: bets $14.42
Pon4uk.ua: calls $14.42
*** TURN *** [Td Th 3d] [6h]
EdgarYY: bets $25.66
Pon4uk.ua: calls $25.66
*** RIVER *** [Td Th 3d 6h] [5h]
EdgarYY: bets $48.92 and is all-in
Pon4uk.ua: folds 
Uncalled bet ($48.92) returned to EdgarYY
EdgarYY collected $100.66 from pot
EdgarYY: doesn't show hand 
*** SUMMARY ***
Total pot $103.16 | Rake $2.50 
Board [Td Th 3d 6h 5h]
Seat 1: k8rlos
Seat 2: Pon4uk.ua folded on the River
Seat 3: getjet1952 folded before Flop (didn't bet)
Seat 4: YeeesMan (button) folded before Flop (didn't bet)
Seat 5: EdgarYY (small blind) collected ($100.66)
Seat 6: Yoalfre (big blind) folded before Flop



PokerStars Hand #254432879359:  Hold'em No Limit ($0.50/$1.00 USD) - 2025/01/18 16:25:43 WET [2025/01/18 11:25:43 ET]
Table 'Ate IV' 6-max Seat #5 is the button
Seat 1: k8rlos ($45.12 in chips) 
Seat 2: Pon4uk.ua ($100 in chips) 
Seat 3: getjet1952 ($62.60 in chips) 
Seat 4: YeeesMan ($227.61 in chips) 
Seat 5: EdgarYY ($149.58 in chips) 
Seat 6: Yoalfre ($127.78 in chips) 
Yoalfre: posts small blind $0.50
k8rlos: posts big blind $1
*** HOLE CARDS ***
Pon4uk.ua: raises $1 to $2
getjet1952: folds 
YeeesMan: raises $7 to $9
EdgarYY: folds 
Yoalfre: folds 
k8rlos: folds 
Pon4uk.ua: calls $7
*** FLOP *** [4h 4d 9d]
Pon4uk.ua: checks 
YeeesMan: checks 
*** TURN *** [4h 4d 9d] [7s]
Pon4uk.ua: bets $13.89
YeeesMan: folds 
Uncalled bet ($13.89) returned to Pon4uk.ua
Pon4uk.ua collected $18.52 from pot
Pon4uk.ua: doesn't show hand 
*** SUMMARY ***
Total pot $19.50 | Rake $0.98 
Board [4h 4d 9d 7s]
Seat 1: k8rlos (big blind) folded before Flop
Seat 2: Pon4uk.ua collected ($18.52)
Seat 3: getjet1952 folded before Flop (didn't bet)
Seat 4: YeeesMan folded on the Turn
Seat 5: EdgarYY (button) folded before Flop (didn't bet)
Seat 6: Yoalfre (small blind) folded before Flop



PokerStars Hand #254432895503:  Hold'em No Limit ($0.50/$1.00 USD) - 2025/01/18 16:26:50 WET [2025/01/18 11:26:50 ET]
Table 'Ate IV' 6-max Seat #6 is the button
Seat 1: k8rlos ($44.12 in chips) 
Seat 2: Pon4uk.ua ($109.52 in chips) 
Seat 3: getjet1952 ($62.60 in chips) 
Seat 4: YeeesMan ($218.61 in chips) 
Seat 5: EdgarYY ($149.58 in chips) 
Seat 6: Yoalfre ($127.28 in chips) 
k8rlos: posts small blind $0.50
Pon4uk.ua: posts big blind $1
*** HOLE CARDS ***
getjet1952: folds 
YeeesMan: raises $1.50 to $2.50
EdgarYY: folds 
Yoalfre: folds 
k8rlos: calls $2
Pon4uk.ua: folds 
*** FLOP *** [7h 9d Qd]
k8rlos: bets $3
YeeesMan: raises $9 to $12
k8rlos: calls $9
*** TURN *** [7h 9d Qd] [3d]
k8rlos: bets $10
YeeesMan: raises $20 to $30
k8rlos: calls $19.62 and is all-in
Uncalled bet ($0.38) returned to YeeesMan
*** RIVER *** [7h 9d Qd 3d] [Ac]
*** SHOW DOWN ***
k8rlos: shows [2c 7c] (a pair of Sevens)
YeeesMan: shows [Ah Qh] (two pair, Aces and Queens)
YeeesMan collected $86.74 from pot
k8rlos cashed out the hand for $9.66 | Cash Out Fee $0.20
*** SUMMARY ***
Total pot $89.24 | Rake $2.50 
Board [7h 9d Qd 3d Ac]
Seat 1: k8rlos (small blind) showed [2c 7c] and lost with a pair of Sevens (cashed out).
Seat 2: Pon4uk.ua (big blind) folded before Flop
Seat 3: getjet1952 folded before Flop (didn't bet)
Seat 4: YeeesMan showed [Ah Qh] and won ($86.74) with two pair, Aces and Queens
Seat 5: EdgarYY folded before Flop (didn't bet)
Seat 6: Yoalfre (button) folded before Flop (didn't bet)



PokerStars Hand #254432914872:  Hold'em No Limit ($0.50/$1.00 USD) - 2025/01/18 16:28:10 WET [2025/01/18 11:28:10 ET]
Table 'Ate IV' 6-max Seat #1 is the button
Seat 1: k8rlos ($9.66 in chips) 
Seat 2: Pon4uk.ua ($108.52 in chips) 
Seat 3: getjet1952 ($62.60 in chips) 
Seat 4: YeeesMan ($261.23 in chips) 
Seat 5: EdgarYY ($149.58 in chips) 
Seat 6: Yoalfre ($127.28 in chips) 
Pon4uk.ua: posts small blind $0.50
getjet1952: posts big blind $1
*** HOLE CARDS ***
YeeesMan: raises $1.50 to $2.50
EdgarYY: folds 
Yoalfre: folds 
k8rlos: raises $7.16 to $9.66 and is all-in
Pon4uk.ua: folds 
getjet1952: folds 
YeeesMan: calls $7.16
*** FLOP *** [Kd Kc 6c]
*** TURN *** [Kd Kc 6c] [8c]
*** RIVER *** [Kd Kc 6c 8c] [4d]
*** SHOW DOWN ***
YeeesMan: shows [Ad 9d] (a pair of Kings)
k8rlos: shows [Jh Kh] (three of a kind, Kings)
k8rlos collected $19.78 from pot
*** SUMMARY ***
Total pot $20.82 | Rake $1.04 
Board [Kd Kc 6c 8c 4d]
Seat 1: k8rlos (button) showed [Jh Kh] and won ($19.78) with three of a kind, Kings
Seat 2: Pon4uk.ua (small blind) folded before Flop
Seat 3: getjet1952 (big blind) folded before Flop
Seat 4: YeeesMan showed [Ad 9d] and lost with a pair of Kings
Seat 5: EdgarYY folded before Flop (didn't bet)
Seat 6: Yoalfre folded before Flop (didn't bet)



PokerStars Hand #254432921934:  Hold'em No Limit ($0.50/$1.00 USD) - 2025/01/18 16:28:39 WET [2025/01/18 11:28:39 ET]
Table 'Ate IV' 6-max Seat #2 is the button
Seat 1: k8rlos ($40.03 in chips) 
Seat 2: Pon4uk.ua ($108.02 in chips) 
Seat 3: getjet1952 ($61.60 in chips) 
Seat 4: YeeesMan ($251.57 in chips) 
Seat 5: EdgarYY ($149.58 in chips) 
Seat 6: Yoalfre ($127.28 in chips) 
getjet1952: posts small blind $0.50
YeeesMan: posts big blind $1
*** HOLE CARDS ***
EdgarYY: folds 
Yoalfre: folds 
k8rlos: raises $1 to $2
Pon4uk.ua: folds 
getjet1952: calls $1.50
YeeesMan: raises $10 to $12
k8rlos: calls $10
getjet1952: folds 
*** FLOP *** [2d 2h 6c]
YeeesMan: bets $239.57 and is all-in
k8rlos: folds 
Uncalled bet ($239.57) returned to YeeesMan
YeeesMan collected $24.70 from pot
YeeesMan: doesn't show hand 
*** SUMMARY ***
Total pot $26 | Rake $1.30 
Board [2d 2h 6c]
Seat 1: k8rlos folded on the Flop
Seat 2: Pon4uk.ua (button) folded before Flop (didn't bet)
Seat 3: getjet1952 (small blind) folded before Flop
Seat 4: YeeesMan (big blind) collected ($24.70)
Seat 5: EdgarYY folded before Flop (didn't bet)
Seat 6: Yoalfre folded before Flop (didn't bet)



PokerStars Hand #254432931346:  Hold'em No Limit ($0.50/$1.00 USD) - 2025/01/18 16:29:19 WET [2025/01/18 11:29:19 ET]
Table 'Ate IV' 6-max Seat #3 is the button
Seat 1: k8rlos ($28.03 in chips) 
Seat 2: Pon4uk.ua ($108.02 in chips) 
Seat 3: getjet1952 ($59.60 in chips) 
Seat 4: YeeesMan ($264.27 in chips) 
Seat 5: EdgarYY ($149.58 in chips) 
Seat 6: Yoalfre ($127.28 in chips) 
YeeesMan: posts small blind $0.50
EdgarYY: posts big blind $1
*** HOLE CARDS ***
Yoalfre: folds 
k8rlos: calls $1
Pon4uk.ua: folds 
getjet1952: raises $1 to $2
YeeesMan: folds 
EdgarYY: folds 
k8rlos: calls $1
*** FLOP *** [Td 8d 2s]
k8rlos: checks 
getjet1952: bets $1
k8rlos: calls $1
*** TURN *** [Td 8d 2s] [Jd]
k8rlos: checks 
getjet1952: bets $3.56
k8rlos: calls $3.56
*** RIVER *** [Td 8d 2s Jd] [4d]
k8rlos: checks 
getjet1952: checks 
*** SHOW DOWN ***
k8rlos: shows [4h Ad] (a flush, Ace high)
getjet1952: mucks hand 
k8rlos collected $13.89 from pot
*** SUMMARY ***
Total pot $14.62 | Rake $0.73 
Board [Td 8d 2s Jd 4d]
Seat 1: k8rlos showed [4h Ad] and won ($13.89) with a flush, Ace high
Seat 2: Pon4uk.ua folded before Flop (didn't bet)
Seat 3: getjet1952 (button) mucked
Seat 4: YeeesMan (small blind) folded before Flop
Seat 5: EdgarYY (big blind) folded before Flop
Seat 6: Yoalfre folded before Flop (didn't bet)



PokerStars Hand #254432938142:  Hold'em No Limit ($0.50/$1.00 USD) - 2025/01/18 16:29:47 WET [2025/01/18 11:29:47 ET]
Table 'Ate IV' 6-max Seat #4 is the button
Seat 1: k8rlos ($35.36 in chips) 
Seat 2: Pon4uk.ua ($108.02 in chips) 
Seat 3: getjet1952 ($53.04 in chips) 
Seat 4: YeeesMan ($263.77 in chips) 
Seat 5: EdgarYY ($148.58 in chips) 
Seat 6: Yoalfre ($127.28 in chips) 
EdgarYY: posts small blind $0.50
Yoalfre: posts big blind $1
*** HOLE CARDS ***
k8rlos: raises $1 to $2
Pon4uk.ua: folds 
getjet1952: calls $2
YeeesMan: folds 
EdgarYY: folds 
Yoalfre: folds 
*** FLOP *** [8c Ac 2d]
k8rlos: bets $3
getjet1952: raises $11.22 to $14.22
k8rlos: folds 
Uncalled bet ($11.22) returned to getjet1952
getjet1952 collected $10.92 from pot
getjet1952: doesn't show hand 
*** SUMMARY ***
Total pot $11.50 | Rake $0.58 
Board [8c Ac 2d]
Seat 1: k8rlos folded on the Flop
Seat 2: Pon4uk.ua folded before Flop (didn't bet)
Seat 3: getjet1952 collected ($10.92)
Seat 4: YeeesMan (button) folded before Flop (didn't bet)
Seat 5: EdgarYY (small blind) folded before Flop
Seat 6: Yoalfre (big blind) folded before Flop



PokerStars Hand #254432944447:  Hold'em No Limit ($0.50/$1.00 USD) - 2025/01/18 16:30:12 WET [2025/01/18 11:30:12 ET]
Table 'Ate IV' 6-max Seat #5 is the button
Seat 1: k8rlos ($30.36 in chips) 
Seat 2: Pon4uk.ua ($108.02 in chips) 
Seat 3: getjet1952 ($58.96 in chips) 
Seat 4: YeeesMan ($263.77 in chips) 
Seat 5: EdgarYY ($148.08 in chips) 
Seat 6: Yoalfre ($126.28 in chips) 
Yoalfre: posts small blind $0.50
k8rlos: posts big blind $1
*** HOLE CARDS ***
Pon4uk.ua: folds 
getjet1952: folds 
YeeesMan: folds 
EdgarYY: folds 
Yoalfre: raises $1.50 to $2.50
k8rlos: calls $1.50
*** FLOP *** [Td Ks 9h]
Yoalfre: bets $1.57
k8rlos: calls $1.57
*** TURN *** [Td Ks 9h] [Kc]
Yoalfre: bets $2.55
k8rlos: calls $2.55
*** RIVER *** [Td Ks 9h Kc] [5s]
Yoalfre: checks 
k8rlos: checks 
*** SHOW DOWN ***
Yoalfre: shows [7d Qd] (a pair of Kings)
k8rlos: shows [8h Ad] (a pair of Kings - Ace kicker)
k8rlos collected $12.58 from pot
*** SUMMARY ***
Total pot $13.24 | Rake $0.66 
Board [Td Ks 9h Kc 5s]
Seat 1: k8rlos (big blind) showed [8h Ad] and won ($12.58) with a pair of Kings
Seat 2: Pon4uk.ua folded before Flop (didn't bet)
Seat 3: getjet1952 folded before Flop (didn't bet)
Seat 4: YeeesMan folded before Flop (didn't bet)
Seat 5: EdgarYY (button) folded before Flop (didn't bet)
Seat 6: Yoalfre (small blind) showed [7d Qd] and lost with a pair of Kings



PokerStars Hand #254432953960:  Hold'em No Limit ($0.50/$1.00 USD) - 2025/01/18 16:30:51 WET [2025/01/18 11:30:51 ET]
Table 'Ate IV' 6-max Seat #6 is the button
Seat 1: k8rlos ($36.32 in chips) 
Seat 2: Pon4uk.ua ($108.02 in chips) 
Seat 3: getjet1952 ($58.96 in chips) 
Seat 4: YeeesMan ($263.77 in chips) 
Seat 5: EdgarYY ($148.08 in chips) 
Seat 6: Yoalfre ($119.66 in chips) 
k8rlos: posts small blind $0.50
Pon4uk.ua: posts big blind $1
*** HOLE CARDS ***
getjet1952: folds 
YeeesMan: raises $1.50 to $2.50
EdgarYY: folds 
Yoalfre: calls $2.50
k8rlos: folds 
Pon4uk.ua: calls $1.50
*** FLOP *** [Ks Qd 9h]
Pon4uk.ua: checks 
YeeesMan: bets $2.51
Yoalfre: calls $2.51
Pon4uk.ua: folds 
*** TURN *** [Ks Qd 9h] [6h]
YeeesMan: checks 
Yoalfre: bets $9.90
YeeesMan: folds 
Uncalled bet ($9.90) returned to Yoalfre
Yoalfre collected $12.37 from pot
Yoalfre: doesn't show hand 
*** SUMMARY ***
Total pot $13.02 | Rake $0.65 
Board [Ks Qd 9h 6h]
Seat 1: k8rlos (small blind) folded before Flop
Seat 2: Pon4uk.ua (big blind) folded on the Flop
Seat 3: getjet1952 folded before Flop (didn't bet)
Seat 4: YeeesMan folded on the Turn
Seat 5: EdgarYY folded before Flop (didn't bet)
Seat 6: Yoalfre (button) collected ($12.37)



PokerStars Hand #254432983752:  Hold'em No Limit ($0.50/$1.00 USD) - 2025/01/18 16:32:52 WET [2025/01/18 11:32:52 ET]
Table 'Ate IV' 6-max Seat #1 is the button
Seat 1: k8rlos ($35.82 in chips) 
Seat 2: Pon4uk.ua ($105.52 in chips) 
Seat 3: getjet1952 ($58.96 in chips) 
Seat 4: YeeesMan ($258.76 in chips) 
Seat 5: EdgarYY ($148.08 in chips) 
Seat 6: Yoalfre ($127.02 in chips) 
Pon4uk.ua: posts small blind $0.50
getjet1952: posts big blind $1
*** HOLE CARDS ***
YeeesMan: raises $1.50 to $2.50
EdgarYY: raises $5.50 to $8
Yoalfre: folds 
k8rlos: folds 
Pon4uk.ua: folds 
getjet1952: folds 
YeeesMan: folds 
Uncalled bet ($5.50) returned to EdgarYY
EdgarYY collected $6.50 from pot
EdgarYY: doesn't show hand 
*** SUMMARY ***
Total pot $6.50 | Rake $0 
Seat 1: k8rlos (button) folded before Flop (didn't bet)
Seat 2: Pon4uk.ua (small blind) folded before Flop
Seat 3: getjet1952 (big blind) folded before Flop
Seat 4: YeeesMan folded before Flop
Seat 5: EdgarYY collected ($6.50)
Seat 6: Yoalfre folded before Flop (didn't bet)



PokerStars Hand #254432989725:  Hold'em No Limit ($0.50/$1.00 USD) - 2025/01/18 16:33:16 WET [2025/01/18 11:33:16 ET]
Table 'Ate IV' 6-max Seat #2 is the button
Seat 1: k8rlos ($35.82 in chips) 
Seat 2: Pon4uk.ua ($105.02 in chips) 
Seat 3: getjet1952 ($57.96 in chips) 
Seat 4: YeeesMan ($256.26 in chips) 
Seat 5: EdgarYY ($152.08 in chips) 
Seat 6: Yoalfre ($127.02 in chips) 
getjet1952: posts small blind $0.50
YeeesMan: posts big blind $1
*** HOLE CARDS ***
EdgarYY: folds 
Yoalfre: folds 
k8rlos: raises $2 to $3
Pon4uk.ua: folds 
getjet1952: folds 
YeeesMan: folds 
Uncalled bet ($2) returned to k8rlos
k8rlos collected $2.50 from pot
*** SUMMARY ***
Total pot $2.50 | Rake $0 
Seat 1: k8rlos collected ($2.50)
Seat 2: Pon4uk.ua (button) folded before Flop (didn't bet)
Seat 3: getjet1952 (small blind) folded before Flop
Seat 4: YeeesMan (big blind) folded before Flop
Seat 5: EdgarYY folded before Flop (didn't bet)
Seat 6: Yoalfre folded before Flop (didn't bet)



PokerStars Hand #254432996021:  Hold'em No Limit ($0.50/$1.00 USD) - 2025/01/18 16:33:42 WET [2025/01/18 11:33:42 ET]
Table 'Ate IV' 6-max Seat #3 is the button
Seat 1: k8rlos ($37.32 in chips) 
Seat 2: Pon4uk.ua ($105.02 in chips) 
Seat 3: getjet1952 ($57.46 in chips) 
Seat 4: YeeesMan ($255.26 in chips) 
Seat 5: EdgarYY ($152.08 in chips) 
Seat 6: Yoalfre ($127.02 in chips) 
YeeesMan: posts small blind $0.50
EdgarYY: posts big blind $1
*** HOLE CARDS ***
Yoalfre: folds 
k8rlos: raises $2 to $3
Pon4uk.ua: folds 
getjet1952: folds 
YeeesMan: folds 
EdgarYY: folds 
Uncalled bet ($2) returned to k8rlos
k8rlos collected $2.50 from pot
*** SUMMARY ***
Total pot $2.50 | Rake $0 
Seat 1: k8rlos collected ($2.50)
Seat 2: Pon4uk.ua folded before Flop (didn't bet)
Seat 3: getjet1952 (button) folded before Flop (didn't bet)
Seat 4: YeeesMan (small blind) folded before Flop
Seat 5: EdgarYY (big blind) folded before Flop
Seat 6: Yoalfre folded before Flop (didn't bet)



PokerStars Hand #254432999334:  Hold'em No Limit ($0.50/$1.00 USD) - 2025/01/18 16:33:56 WET [2025/01/18 11:33:56 ET]
Table 'Ate IV' 6-max Seat #4 is the button
Seat 1: k8rlos ($38.82 in chips) 
Seat 2: Pon4uk.ua ($105.02 in chips) 
Seat 3: getjet1952 ($57.46 in chips) 
Seat 4: YeeesMan ($254.76 in chips) 
Seat 5: EdgarYY ($151.08 in chips) 
Seat 6: Yoalfre ($127.02 in chips) 
EdgarYY: posts small blind $0.50
Yoalfre: posts big blind $1
*** HOLE CARDS ***
k8rlos: raises $2 to $3
Pon4uk.ua: folds 
getjet1952: calls $3
YeeesMan: folds 
EdgarYY: folds 
Yoalfre: folds 
*** FLOP *** [Ks Qs 2d]
k8rlos: bets $4
getjet1952: raises $15.12 to $19.12
k8rlos: folds 
Uncalled bet ($15.12) returned to getjet1952
getjet1952 collected $14.72 from pot
getjet1952: doesn't show hand 
*** SUMMARY ***
Total pot $15.50 | Rake $0.78 
Board [Ks Qs 2d]
Seat 1: k8rlos folded on the Flop
Seat 2: Pon4uk.ua folded before Flop (didn't bet)
Seat 3: getjet1952 collected ($14.72)
Seat 4: YeeesMan (button) folded before Flop (didn't bet)
Seat 5: EdgarYY (small blind) folded before Flop
Seat 6: Yoalfre (big blind) folded before Flop



PokerStars Hand #254433007761:  Hold'em No Limit ($0.50/$1.00 USD) - 2025/01/18 16:34:30 WET [2025/01/18 11:34:30 ET]
Table 'Ate IV' 6-max Seat #5 is the button
Seat 1: k8rlos ($31.82 in chips) 
Seat 2: Pon4uk.ua ($105.02 in chips) 
Seat 3: getjet1952 ($65.18 in chips) 
Seat 4: YeeesMan ($254.76 in chips) 
Seat 5: EdgarYY ($150.58 in chips) 
Seat 6: Yoalfre ($126.02 in chips) 
Yoalfre: posts small blind $0.50
k8rlos: posts big blind $1
*** HOLE CARDS ***
Pon4uk.ua: folds 
getjet1952: folds 
YeeesMan: folds 
EdgarYY: folds 
Yoalfre: folds 
Uncalled bet ($0.50) returned to k8rlos
k8rlos collected $1 from pot
*** SUMMARY ***
Total pot $1 | Rake $0 
Seat 1: k8rlos (big blind) collected ($1)
Seat 2: Pon4uk.ua folded before Flop (didn't bet)
Seat 3: getjet1952 folded before Flop (didn't bet)
Seat 4: YeeesMan folded before Flop (didn't bet)
Seat 5: EdgarYY (button) folded before Flop (didn't bet)
Seat 6: Yoalfre (small blind) folded before Flop



PokerStars Hand #254433012410:  Hold'em No Limit ($0.50/$1.00 USD) - 2025/01/18 16:34:48 WET [2025/01/18 11:34:48 ET]
Table 'Ate IV' 6-max Seat #6 is the button
Seat 1: k8rlos ($32.32 in chips) 
Seat 2: Pon4uk.ua ($105.02 in chips) 
Seat 3: getjet1952 ($65.18 in chips) 
Seat 4: YeeesMan ($254.76 in chips) 
Seat 5: EdgarYY ($150.58 in chips) 
Seat 6: Yoalfre ($125.52 in chips) 
k8rlos: posts small blind $0.50
Pon4uk.ua: posts big blind $1
*** HOLE CARDS ***
getjet1952: folds 
YeeesMan: folds 
EdgarYY: folds 
Yoalfre: raises $1.50 to $2.50
k8rlos: raises $2.50 to $5
Pon4uk.ua: folds 
Yoalfre: calls $2.50
*** FLOP *** [9c Ad 2c]
k8rlos: bets $5
Yoalfre: calls $5
*** TURN *** [9c Ad 2c] [8h]
k8rlos: checks 
Yoalfre: checks 
*** RIVER *** [9c Ad 2c 8h] [Qh]
k8rlos: bets $12
Yoalfre: calls $12
*** SHOW DOWN ***
k8rlos: shows [Qs Qd] (three of a kind, Queens)
Yoalfre: mucks hand 
k8rlos collected $42.75 from pot
*** SUMMARY ***
Total pot $45 | Rake $2.25 
Board [9c Ad 2c 8h Qh]
Seat 1: k8rlos (small blind) showed [Qs Qd] and won ($42.75) with three of a kind, Queens
Seat 2: Pon4uk.ua (big blind) folded before Flop
Seat 3: getjet1952 folded before Flop (didn't bet)
Seat 4: YeeesMan folded before Flop (didn't bet)
Seat 5: EdgarYY folded before Flop (didn't bet)
Seat 6: Yoalfre (button) mucked



PokerStars Hand #254433026561:  Hold'em No Limit ($0.50/$1.00 USD) - 2025/01/18 16:35:45 WET [2025/01/18 11:35:45 ET]
Table 'Ate IV' 6-max Seat #1 is the button
Seat 1: k8rlos ($53.07 in chips) 
Seat 2: Pon4uk.ua ($104.02 in chips) 
Seat 3: getjet1952 ($65.18 in chips) 
Seat 4: YeeesMan ($254.76 in chips) 
Seat 5: EdgarYY ($150.58 in chips) 
Seat 6: Yoalfre ($103.52 in chips) 
Pon4uk.ua: posts small blind $0.50
getjet1952: posts big blind $1
*** HOLE CARDS ***
YeeesMan: folds 
EdgarYY: folds 
Yoalfre: folds 
k8rlos: folds 
Pon4uk.ua: raises $1.75 to $2.75
getjet1952: calls $1.75
*** FLOP *** [2s Jh Qc]
Pon4uk.ua: bets $1.72
getjet1952: raises $8.66 to $10.38
Pon4uk.ua: folds 
Uncalled bet ($8.66) returned to getjet1952
getjet1952 collected $8.49 from pot
getjet1952: doesn't show hand 
*** SUMMARY ***
Total pot $8.94 | Rake $0.45 
Board [2s Jh Qc]
Seat 1: k8rlos (button) folded before Flop (didn't bet)
Seat 2: Pon4uk.ua (small blind) folded on the Flop
Seat 3: getjet1952 (big blind) collected ($8.49)
Seat 4: YeeesMan folded before Flop (didn't bet)
Seat 5: EdgarYY folded before Flop (didn't bet)
Seat 6: Yoalfre folded before Flop (didn't bet)



PokerStars Hand #254433036106:  Hold'em No Limit ($0.50/$1.00 USD) - 2025/01/18 16:36:24 WET [2025/01/18 11:36:24 ET]
Table 'Ate IV' 6-max Seat #2 is the button
Seat 1: k8rlos ($53.07 in chips) 
Seat 2: Pon4uk.ua ($100 in chips) 
Seat 3: getjet1952 ($69.20 in chips) 
Seat 4: YeeesMan ($254.76 in chips) 
Seat 5: EdgarYY ($150.58 in chips) 
Seat 6: Yoalfre ($103.52 in chips) 
getjet1952: posts small blind $0.50
YeeesMan: posts big blind $1
*** HOLE CARDS ***
EdgarYY: folds 
Yoalfre: raises $1.50 to $2.50
k8rlos: folds 
Pon4uk.ua: raises $5 to $7.50
getjet1952: folds 
YeeesMan: folds 
Yoalfre: raises $13 to $20.50
Pon4uk.ua: calls $13
*** FLOP *** [9d 3c Ac]
Yoalfre: bets $10.10
Pon4uk.ua: folds 
Uncalled bet ($10.10) returned to Yoalfre
Yoalfre collected $40.38 from pot
Yoalfre: doesn't show hand 
*** SUMMARY ***
Total pot $42.50 | Rake $2.12 
Board [9d 3c Ac]
Seat 1: k8rlos folded before Flop (didn't bet)
Seat 2: Pon4uk.ua (button) folded on the Flop
Seat 3: getjet1952 (small blind) folded before Flop
Seat 4: YeeesMan (big blind) folded before Flop
Seat 5: EdgarYY folded before Flop (didn't bet)
Seat 6: Yoalfre collected ($40.38)



PokerStars Hand #254433052077:  Hold'em No Limit ($0.50/$1.00 USD) - 2025/01/18 16:37:29 WET [2025/01/18 11:37:29 ET]
Table 'Ate IV' 6-max Seat #3 is the button
Seat 1: k8rlos ($53.07 in chips) 
Seat 2: Pon4uk.ua ($100 in chips) 
Seat 3: getjet1952 ($68.70 in chips) 
Seat 4: YeeesMan ($253.76 in chips) 
Seat 5: EdgarYY ($150.58 in chips) 
Seat 6: Yoalfre ($123.40 in chips) 
YeeesMan: posts small blind $0.50
EdgarYY: posts big blind $1
*** HOLE CARDS ***
Yoalfre: folds 
k8rlos: folds 
Pon4uk.ua: folds 
getjet1952: folds 
YeeesMan: folds 
Uncalled bet ($0.50) returned to EdgarYY
EdgarYY collected $1 from pot
EdgarYY: doesn't show hand 
*** SUMMARY ***
Total pot $1 | Rake $0 
Seat 1: k8rlos folded before Flop (didn't bet)
Seat 2: Pon4uk.ua folded before Flop (didn't bet)
Seat 3: getjet1952 (button) folded before Flop (didn't bet)
Seat 4: YeeesMan (small blind) folded before Flop
Seat 5: EdgarYY (big blind) collected ($1)
Seat 6: Yoalfre folded before Flop (didn't bet)



PokerStars Hand #254433055171:  Hold'em No Limit ($0.50/$1.00 USD) - 2025/01/18 16:37:42 WET [2025/01/18 11:37:42 ET]
Table 'Ate IV' 6-max Seat #4 is the button
Seat 1: k8rlos ($53.07 in chips) 
Seat 2: Pon4uk.ua ($100 in chips) 
Seat 3: getjet1952 ($68.70 in chips) 
Seat 4: YeeesMan ($253.26 in chips) 
Seat 5: EdgarYY ($151.08 in chips) 
Seat 6: Yoalfre ($123.40 in chips) 
EdgarYY: posts small blind $0.50
Yoalfre: posts big blind $1
*** HOLE CARDS ***
k8rlos: folds 
Pon4uk.ua: folds 
getjet1952: folds 
YeeesMan: raises $1.50 to $2.50
EdgarYY: folds 
Yoalfre: folds 
Uncalled bet ($1.50) returned to YeeesMan
YeeesMan collected $2.50 from pot
YeeesMan: doesn't show hand 
*** SUMMARY ***
Total pot $2.50 | Rake $0 
Seat 1: k8rlos folded before Flop (didn't bet)
Seat 2: Pon4uk.ua folded before Flop (didn't bet)
Seat 3: getjet1952 folded before Flop (didn't bet)
Seat 4: YeeesMan (button) collected ($2.50)
Seat 5: EdgarYY (small blind) folded before Flop
Seat 6: Yoalfre (big blind) folded before Flop



PokerStars Hand #254433058975:  Hold'em No Limit ($0.50/$1.00 USD) - 2025/01/18 16:37:58 WET [2025/01/18 11:37:58 ET]
Table 'Ate IV' 6-max Seat #5 is the button
Seat 1: k8rlos ($53.07 in chips) 
Seat 2: Pon4uk.ua ($100 in chips) 
Seat 3: getjet1952 ($68.70 in chips) 
Seat 4: YeeesMan ($254.76 in chips) 
Seat 5: EdgarYY ($150.58 in chips) 
Seat 6: Yoalfre ($122.40 in chips) 
Yoalfre: posts small blind $0.50
k8rlos: posts big blind $1
*** HOLE CARDS ***
Pon4uk.ua: folds 
getjet1952: calls $1
YeeesMan: folds 
EdgarYY: folds 
Yoalfre: folds 
k8rlos: checks 
*** FLOP *** [Ad Kh 8h]
k8rlos: checks 
getjet1952: bets $1.19
k8rlos: folds 
Uncalled bet ($1.19) returned to getjet1952
getjet1952 collected $2.38 from pot
getjet1952: doesn't show hand 
*** SUMMARY ***
Total pot $2.50 | Rake $0.12 
Board [Ad Kh 8h]
Seat 1: k8rlos (big blind) folded on the Flop
Seat 2: Pon4uk.ua folded before Flop (didn't bet)
Seat 3: getjet1952 collected ($2.38)
Seat 4: YeeesMan folded before Flop (didn't bet)
Seat 5: EdgarYY (button) folded before Flop (didn't bet)
Seat 6: Yoalfre (small blind) folded before Flop



PokerStars Hand #254433068078:  Hold'em No Limit ($0.50/$1.00 USD) - 2025/01/18 16:38:34 WET [2025/01/18 11:38:34 ET]
Table 'Ate IV' 6-max Seat #6 is the button
Seat 1: k8rlos ($52.07 in chips) 
Seat 2: Pon4uk.ua ($100 in chips) 
Seat 3: getjet1952 ($70.08 in chips) 
Seat 4: YeeesMan ($254.76 in chips) 
Seat 5: EdgarYY ($150.58 in chips) 
Seat 6: Yoalfre ($121.90 in chips) 
k8rlos: posts small blind $0.50
Pon4uk.ua: posts big blind $1
*** HOLE CARDS ***
getjet1952: calls $1
YeeesMan: folds 
EdgarYY: folds 
Yoalfre: folds 
k8rlos: raises $1 to $2
Pon4uk.ua: calls $1
getjet1952: calls $1
*** FLOP *** [4s 3c Ts]
k8rlos: bets $3
Pon4uk.ua: calls $3
getjet1952: folds 
*** TURN *** [4s 3c Ts] [Ad]
k8rlos: bets $4
Pon4uk.ua: folds 
Uncalled bet ($4) returned to k8rlos
k8rlos collected $11.40 from pot
*** SUMMARY ***
Total pot $12 | Rake $0.60 
Board [4s 3c Ts Ad]
Seat 1: k8rlos (small blind) collected ($11.40)
Seat 2: Pon4uk.ua (big blind) folded on the Turn
Seat 3: getjet1952 folded on the Flop
Seat 4: YeeesMan folded before Flop (didn't bet)
Seat 5: EdgarYY folded before Flop (didn't bet)
Seat 6: Yoalfre (button) folded before Flop (didn't bet)



PokerStars Hand #254433084632:  Hold'em No Limit ($0.50/$1.00 USD) - 2025/01/18 16:39:42 WET [2025/01/18 11:39:42 ET]
Table 'Ate IV' 6-max Seat #1 is the button
Seat 1: k8rlos ($58.47 in chips) 
Seat 2: Pon4uk.ua ($100 in chips) 
Seat 3: getjet1952 ($68.08 in chips) 
Seat 4: YeeesMan ($254.76 in chips) 
Seat 5: EdgarYY ($150.58 in chips) 
Seat 6: Yoalfre ($121.90 in chips) 
Pon4uk.ua: posts small blind $0.50
getjet1952: posts big blind $1
*** HOLE CARDS ***
YeeesMan: raises $1.50 to $2.50
EdgarYY: folds 
Yoalfre: raises $5 to $7.50
k8rlos: calls $7.50
Pon4uk.ua: folds 
getjet1952: folds 
YeeesMan: raises $247.26 to $254.76 and is all-in
Yoalfre: folds 
k8rlos: folds 
Uncalled bet ($247.26) returned to YeeesMan
YeeesMan collected $24 from pot
YeeesMan: doesn't show hand 
*** SUMMARY ***
Total pot $24 | Rake $0 
Seat 1: k8rlos (button) folded before Flop
Seat 2: Pon4uk.ua (small blind) folded before Flop
Seat 3: getjet1952 (big blind) folded before Flop
Seat 4: YeeesMan collected ($24)
Seat 5: EdgarYY folded before Flop (didn't bet)
Seat 6: Yoalfre folded before Flop



PokerStars Hand #254433093857:  Hold'em No Limit ($0.50/$1.00 USD) - 2025/01/18 16:40:20 WET [2025/01/18 11:40:20 ET]
Table 'Ate IV' 6-max Seat #2 is the button
Seat 1: k8rlos ($50.97 in chips) 
Seat 2: Pon4uk.ua ($100 in chips) 
Seat 3: getjet1952 ($67.08 in chips) 
Seat 4: YeeesMan ($271.26 in chips) 
Seat 5: EdgarYY ($150.58 in chips) 
Seat 6: Yoalfre ($114.40 in chips) 
getjet1952: posts small blind $0.50
YeeesMan: posts big blind $1
*** HOLE CARDS ***
EdgarYY: folds 
Yoalfre: folds 
k8rlos: raises $1 to $2
Pon4uk.ua: folds 
getjet1952: raises $5 to $7
YeeesMan: folds 
k8rlos: calls $5
*** FLOP *** [6h Js Tc]
getjet1952: bets $14.25
k8rlos: folds 
Uncalled bet ($14.25) returned to getjet1952
getjet1952 collected $14.25 from pot
getjet1952: doesn't show hand 
*** SUMMARY ***
Total pot $15 | Rake $0.75 
Board [6h Js Tc]
Seat 1: k8rlos folded on the Flop
Seat 2: Pon4uk.ua (button) folded before Flop (didn't bet)
Seat 3: getjet1952 (small blind) collected ($14.25)
Seat 4: YeeesMan (big blind) folded before Flop
Seat 5: EdgarYY folded before Flop (didn't bet)
Seat 6: Yoalfre folded before Flop (didn't bet)



PokerStars Hand #254433100367:  Hold'em No Limit ($0.50/$1.00 USD) - 2025/01/18 16:40:46 WET [2025/01/18 11:40:46 ET]
Table 'Ate IV' 6-max Seat #3 is the button
Seat 1: k8rlos ($43.97 in chips) 
Seat 2: Pon4uk.ua ($100 in chips) 
Seat 3: getjet1952 ($74.33 in chips) 
Seat 4: YeeesMan ($270.26 in chips) 
Seat 5: EdgarYY ($150.58 in chips) 
Seat 6: Yoalfre ($114.40 in chips) 
YeeesMan: posts small blind $0.50
EdgarYY: posts big blind $1
*** HOLE CARDS ***
Yoalfre: raises $1.50 to $2.50
k8rlos: folds 
Pon4uk.ua: folds 
getjet1952: calls $2.50
YeeesMan: folds 
EdgarYY: calls $1.50
*** FLOP *** [9h 2d Ac]
EdgarYY: checks 
Yoalfre: checks 
getjet1952: checks 
*** TURN *** [9h 2d Ac] [8h]
EdgarYY: checks 
Yoalfre: checks 
getjet1952: checks 
*** RIVER *** [9h 2d Ac 8h] [7h]
EdgarYY: checks 
Yoalfre: checks 
getjet1952: bets $3.80
EdgarYY: calls $3.80
Yoalfre: folds 
*** SHOW DOWN ***
getjet1952: shows [Jc Qh] (high card Ace)
EdgarYY: shows [9d 6d] (a pair of Nines)
EdgarYY collected $14.82 from pot
*** SUMMARY ***
Total pot $15.60 | Rake $0.78 
Board [9h 2d Ac 8h 7h]
Seat 1: k8rlos folded before Flop (didn't bet)
Seat 2: Pon4uk.ua folded before Flop (didn't bet)
Seat 3: getjet1952 (button) showed [Jc Qh] and lost with high card Ace
Seat 4: YeeesMan (small blind) folded before Flop
Seat 5: EdgarYY (big blind) showed [9d 6d] and won ($14.82) with a pair of Nines
Seat 6: Yoalfre folded on the River



PokerStars Hand #254433113888:  Hold'em No Limit ($0.50/$1.00 USD) - 2025/01/18 16:41:41 WET [2025/01/18 11:41:41 ET]
Table 'Ate IV' 6-max Seat #4 is the button
Seat 1: k8rlos ($43.97 in chips) 
Seat 2: Pon4uk.ua ($100 in chips) 
Seat 3: getjet1952 ($68.03 in chips) 
Seat 4: YeeesMan ($269.76 in chips) 
Seat 5: EdgarYY ($159.10 in chips) 
Seat 6: Yoalfre ($111.90 in chips) 
EdgarYY: posts small blind $0.50
Yoalfre: posts big blind $1
*** HOLE CARDS ***
k8rlos: calls $1
Pon4uk.ua: folds 
getjet1952: folds 
getjet1952 leaves the table
Unipoker11 joins the table at seat #3 
YeeesMan: raises $2.50 to $3.50
EdgarYY: folds 
Yoalfre: folds 
k8rlos: calls $2.50
*** FLOP *** [Td 9s 5s]
k8rlos: checks 
YeeesMan: checks 
*** TURN *** [Td 9s 5s] [9d]
k8rlos: bets $3
YeeesMan: folds 
Uncalled bet ($3) returned to k8rlos
k8rlos collected $8.08 from pot
*** SUMMARY ***
Total pot $8.50 | Rake $0.42 
Board [Td 9s 5s 9d]
Seat 1: k8rlos collected ($8.08)
Seat 2: Pon4uk.ua folded before Flop (didn't bet)
Seat 3: getjet1952 folded before Flop (didn't bet)
Seat 4: YeeesMan (button) folded on the Turn
Seat 5: EdgarYY (small blind) folded before Flop
Seat 6: Yoalfre (big blind) folded before Flop



PokerStars Hand #254433131718:  Hold'em No Limit ($0.50/$1.00 USD) - 2025/01/18 16:42:54 WET [2025/01/18 11:42:54 ET]
Table 'Ate IV' 6-max Seat #5 is the button
Seat 3: Unipoker11 ($100 in chips) is sitting out
Seat 1: k8rlos ($48.55 in chips) 
Seat 2: Pon4uk.ua ($100 in chips) 
Seat 4: YeeesMan ($266.26 in chips) 
Seat 5: EdgarYY ($158.60 in chips) 
Seat 6: Yoalfre ($110.90 in chips) 
Yoalfre: posts small blind $0.50
k8rlos: posts big blind $1
Unipoker11: sits out 
*** HOLE CARDS ***
Pon4uk.ua: folds 
YeeesMan: raises $1.50 to $2.50
EdgarYY: folds 
Yoalfre: folds 
k8rlos: calls $1.50
*** FLOP *** [Th 4s 7h]
k8rlos: checks 
YeeesMan: checks 
*** TURN *** [Th 4s 7h] [9s]
k8rlos: checks 
YeeesMan: checks 
*** RIVER *** [Th 4s 7h 9s] [Kd]
k8rlos: bets $1
YeeesMan: raises $6.22 to $7.22
k8rlos: folds 
Uncalled bet ($6.22) returned to YeeesMan
YeeesMan collected $7.12 from pot
YeeesMan: doesn't show hand 
*** SUMMARY ***
Total pot $7.50 | Rake $0.38 
Board [Th 4s 7h 9s Kd]
Seat 3: Unipoker11
Seat 1: k8rlos (big blind) folded on the River
Seat 2: Pon4uk.ua folded before Flop (didn't bet)
Seat 4: YeeesMan collected ($7.12)
Seat 5: EdgarYY (button) folded before Flop (didn't bet)
Seat 6: Yoalfre (small blind) folded before Flop



PokerStars Hand #254433142976:  Hold'em No Limit ($0.50/$1.00 USD) - 2025/01/18 16:43:40 WET [2025/01/18 11:43:40 ET]
Table 'Ate IV' 6-max Seat #6 is the button
Seat 3: Unipoker11 ($100 in chips) is sitting out
Seat 1: k8rlos ($45.05 in chips) 
Seat 2: Pon4uk.ua ($100 in chips) 
Seat 4: YeeesMan ($269.88 in chips) 
Seat 5: EdgarYY ($158.60 in chips) 
Seat 6: Yoalfre ($110.40 in chips) 
k8rlos: posts small blind $0.50
Pon4uk.ua: posts big blind $1
Unipoker11: sits out 
*** HOLE CARDS ***
YeeesMan: folds 
EdgarYY: folds 
Yoalfre: folds 
k8rlos: folds 
Uncalled bet ($0.50) returned to Pon4uk.ua
Pon4uk.ua collected $1 from pot
Pon4uk.ua: doesn't show hand 
*** SUMMARY ***
Total pot $1 | Rake $0 
Seat 3: Unipoker11
Seat 1: k8rlos (small blind) folded before Flop
Seat 2: Pon4uk.ua (big blind) collected ($1)
Seat 4: YeeesMan folded before Flop (didn't bet)
Seat 5: EdgarYY folded before Flop (didn't bet)
Seat 6: Yoalfre (button) folded before Flop (didn't bet)



PokerStars Hand #254433145324:  Hold'em No Limit ($0.50/$1.00 USD) - 2025/01/18 16:43:49 WET [2025/01/18 11:43:49 ET]
Table 'Ate IV' 6-max Seat #1 is the button
Seat 1: k8rlos ($44.55 in chips) 
Seat 2: Pon4uk.ua ($100.50 in chips) 
Seat 3: Unipoker11 ($100 in chips) 
Seat 4: YeeesMan ($269.88 in chips) 
Seat 5: EdgarYY ($158.60 in chips) 
Seat 6: Yoalfre ($110.40 in chips) 
Pon4uk.ua: posts small blind $0.50
Unipoker11: posts big blind $1
*** HOLE CARDS ***
YeeesMan: folds 
EdgarYY: folds 
Yoalfre: folds 
k8rlos: folds 
Pon4uk.ua: raises $1.75 to $2.75
Unipoker11: calls $1.75
*** FLOP *** [Qd 5c As]
Pon4uk.ua: bets $1.72
Unipoker11: calls $1.72
*** TURN *** [Qd 5c As] [3c]
Pon4uk.ua: checks 
Unipoker11: bets $6.37
Pon4uk.ua: folds 
Uncalled bet ($6.37) returned to Unipoker11
Unipoker11 collected $8.49 from pot
Unipoker11: doesn't show hand 
*** SUMMARY ***
Total pot $8.94 | Rake $0.45 
Board [Qd 5c As 3c]
Seat 1: k8rlos (button) folded before Flop (didn't bet)
Seat 2: Pon4uk.ua (small blind) folded on the Turn
Seat 3: Unipoker11 (big blind) collected ($8.49)
Seat 4: YeeesMan folded before Flop (didn't bet)
Seat 5: EdgarYY folded before Flop (didn't bet)
Seat 6: Yoalfre folded before Flop (didn't bet)



PokerStars Hand #254433163811:  Hold'em No Limit ($0.50/$1.00 USD) - 2025/01/18 16:45:03 WET [2025/01/18 11:45:03 ET]
Table 'Ate IV' 6-max Seat #2 is the button
Seat 1: k8rlos ($44.55 in chips) 
Seat 2: Pon4uk.ua ($100 in chips) 
Seat 3: Unipoker11 ($104.02 in chips) 
Seat 4: YeeesMan ($269.88 in chips) 
Seat 5: EdgarYY ($158.60 in chips) 
Seat 6: Yoalfre ($110.40 in chips) 
Unipoker11: posts small blind $0.50
YeeesMan: posts big blind $1
*** HOLE CARDS ***
EdgarYY: folds 
Yoalfre: folds 
k8rlos: raises $1 to $2
Pon4uk.ua: folds 
Unipoker11: folds 
YeeesMan: calls $1
*** FLOP *** [9d Kc 6h]
YeeesMan: checks 
k8rlos: bets $2
YeeesMan: raises $6 to $8
k8rlos: folds 
Uncalled bet ($6) returned to YeeesMan
YeeesMan collected $8.08 from pot
YeeesMan: doesn't show hand 
*** SUMMARY ***
Total pot $8.50 | Rake $0.42 
Board [9d Kc 6h]
Seat 1: k8rlos folded on the Flop
Seat 2: Pon4uk.ua (button) folded before Flop (didn't bet)
Seat 3: Unipoker11 (small blind) folded before Flop
Seat 4: YeeesMan (big blind) collected ($8.08)
Seat 5: EdgarYY folded before Flop (didn't bet)
Seat 6: Yoalfre folded before Flop (didn't bet)



PokerStars Hand #254433176131:  Hold'em No Limit ($0.50/$1.00 USD) - 2025/01/18 16:45:54 WET [2025/01/18 11:45:54 ET]
Table 'Ate IV' 6-max Seat #3 is the button
Seat 1: k8rlos ($40.55 in chips) 
Seat 2: Pon4uk.ua ($100 in chips) 
Seat 3: Unipoker11 ($103.52 in chips) 
Seat 4: YeeesMan ($273.96 in chips) 
Seat 5: EdgarYY ($158.60 in chips) 
Seat 6: Yoalfre ($110.40 in chips) 
YeeesMan: posts small blind $0.50
EdgarYY: posts big blind $1
*** HOLE CARDS ***
Yoalfre: folds 
k8rlos: folds 
Pon4uk.ua: folds 
Unipoker11: folds 
YeeesMan: raises $2 to $3
EdgarYY: calls $2
*** FLOP *** [9h Qd Ks]
YeeesMan: checks 
EdgarYY: checks 
*** TURN *** [9h Qd Ks] [2d]
YeeesMan: bets $11.40
EdgarYY: calls $11.40
*** RIVER *** [9h Qd Ks 2d] [4d]
YeeesMan: bets $20.52
EdgarYY: raises $43.57 to $64.09
YeeesMan: folds 
Uncalled bet ($43.57) returned to EdgarYY
EdgarYY collected $67.34 from pot
EdgarYY: doesn't show hand 
*** SUMMARY ***
Total pot $69.84 | Rake $2.50 
Board [9h Qd Ks 2d 4d]
Seat 1: k8rlos folded before Flop (didn't bet)
Seat 2: Pon4uk.ua folded before Flop (didn't bet)
Seat 3: Unipoker11 (button) folded before Flop (didn't bet)
Seat 4: YeeesMan (small blind) folded on the River
Seat 5: EdgarYY (big blind) collected ($67.34)
Seat 6: Yoalfre folded before Flop (didn't bet)



PokerStars Hand #254433198450:  Hold'em No Limit ($0.50/$1.00 USD) - 2025/01/18 16:47:25 WET [2025/01/18 11:47:25 ET]
Table 'Ate IV' 6-max Seat #4 is the button
Seat 1: k8rlos ($40.55 in chips) 
Seat 2: Pon4uk.ua ($100 in chips) 
Seat 3: Unipoker11 ($103.52 in chips) 
Seat 4: YeeesMan ($239.04 in chips) 
Seat 5: EdgarYY ($191.02 in chips) 
Seat 6: Yoalfre ($110.40 in chips) 
EdgarYY: posts small blind $0.50
Yoalfre: posts big blind $1
*** HOLE CARDS ***
k8rlos: raises $1 to $2
Pon4uk.ua: raises $3.50 to $5.50
Unipoker11: raises $6.50 to $12
YeeesMan: folds 
EdgarYY: folds 
Yoalfre: folds 
k8rlos: folds 
Pon4uk.ua: folds 
Uncalled bet ($6.50) returned to Unipoker11
Unipoker11 collected $14.50 from pot
Unipoker11: doesn't show hand 
*** SUMMARY ***
Total pot $14.50 | Rake $0 
Seat 1: k8rlos folded before Flop
Seat 2: Pon4uk.ua folded before Flop
Seat 3: Unipoker11 collected ($14.50)
Seat 4: YeeesMan (button) folded before Flop (didn't bet)
Seat 5: EdgarYY (small blind) folded before Flop
Seat 6: Yoalfre (big blind) folded before Flop



PokerStars Hand #254433209647:  Hold'em No Limit ($0.50/$1.00 USD) - 2025/01/18 16:48:10 WET [2025/01/18 11:48:10 ET]
Table 'Ate IV' 6-max Seat #5 is the button
Seat 1: k8rlos ($38.55 in chips) 
Seat 2: Pon4uk.ua ($100 in chips) 
Seat 3: Unipoker11 ($112.52 in chips) 
Seat 4: YeeesMan ($239.04 in chips) 
Seat 5: EdgarYY ($190.52 in chips) 
Seat 6: Yoalfre ($109.40 in chips) 
Yoalfre: posts small blind $0.50
k8rlos: posts big blind $1
*** HOLE CARDS ***
Pon4uk.ua: raises $1 to $2
Unipoker11: raises $4.50 to $6.50
YeeesMan: folds 
EdgarYY: folds 
Yoalfre: folds 
k8rlos: folds 
Pon4uk.ua: folds 
Uncalled bet ($4.50) returned to Unipoker11
Unipoker11 collected $5.50 from pot
Unipoker11: doesn't show hand 
*** SUMMARY ***
Total pot $5.50 | Rake $0 
Seat 1: k8rlos (big blind) folded before Flop
Seat 2: Pon4uk.ua folded before Flop
Seat 3: Unipoker11 collected ($5.50)
Seat 4: YeeesMan folded before Flop (didn't bet)
Seat 5: EdgarYY (button) folded before Flop (didn't bet)
Seat 6: Yoalfre (small blind) folded before Flop



PokerStars Hand #254433216332:  Hold'em No Limit ($0.50/$1.00 USD) - 2025/01/18 16:48:38 WET [2025/01/18 11:48:38 ET]
Table 'Ate IV' 6-max Seat #6 is the button
Seat 1: k8rlos ($37.55 in chips) 
Seat 2: Pon4uk.ua ($100 in chips) 
Seat 3: Unipoker11 ($116.02 in chips) 
Seat 4: YeeesMan ($239.04 in chips) 
Seat 5: EdgarYY ($190.52 in chips) 
Seat 6: Yoalfre ($108.90 in chips) 
k8rlos: posts small blind $0.50
Pon4uk.ua: posts big blind $1
*** HOLE CARDS ***
Unipoker11: folds 
YeeesMan: folds 
EdgarYY: folds 
Yoalfre: raises $1.50 to $2.50
k8rlos: folds 
Pon4uk.ua: folds 
Uncalled bet ($1.50) returned to Yoalfre
Yoalfre collected $2.50 from pot
Yoalfre: doesn't show hand 
*** SUMMARY ***
Total pot $2.50 | Rake $0 
Seat 1: k8rlos (small blind) folded before Flop
Seat 2: Pon4uk.ua (big blind) folded before Flop
Seat 3: Unipoker11 folded before Flop (didn't bet)
Seat 4: YeeesMan folded before Flop (didn't bet)
Seat 5: EdgarYY folded before Flop (didn't bet)
Seat 6: Yoalfre (button) collected ($2.50)



PokerStars Hand #254433220124:  Hold'em No Limit ($0.50/$1.00 USD) - 2025/01/18 16:48:53 WET [2025/01/18 11:48:53 ET]
Table 'Ate IV' 6-max Seat #1 is the button
Seat 1: k8rlos ($37.05 in chips) 
Seat 2: Pon4uk.ua ($100 in chips) 
Seat 3: Unipoker11 ($116.02 in chips) 
Seat 4: YeeesMan ($239.04 in chips) 
Seat 5: EdgarYY ($190.52 in chips) 
Seat 6: Yoalfre ($110.40 in chips) 
Pon4uk.ua: posts small blind $0.50
Unipoker11: posts big blind $1
*** HOLE CARDS ***
YeeesMan: folds 
EdgarYY: folds 
Yoalfre: raises $1.50 to $2.50
k8rlos: folds 
Pon4uk.ua: folds 
Unipoker11: calls $1.50
*** FLOP *** [4d Jc 8c]
Unipoker11: checks 
Yoalfre: bets $2.61
Unipoker11: folds 
Uncalled bet ($2.61) returned to Yoalfre
Yoalfre collected $5.22 from pot
Yoalfre: doesn't show hand 
*** SUMMARY ***
Total pot $5.50 | Rake $0.28 
Board [4d Jc 8c]
Seat 1: k8rlos (button) folded before Flop (didn't bet)
Seat 2: Pon4uk.ua (small blind) folded before Flop
Seat 3: Unipoker11 (big blind) folded on the Flop
Seat 4: YeeesMan folded before Flop (didn't bet)
Seat 5: EdgarYY folded before Flop (didn't bet)
Seat 6: Yoalfre collected ($5.22)



PokerStars Hand #254433233376:  Hold'em No Limit ($0.50/$1.00 USD) - 2025/01/18 16:49:47 WET [2025/01/18 11:49:47 ET]
Table 'Ate IV' 6-max Seat #2 is the button
Seat 1: k8rlos ($37.05 in chips) 
Seat 2: Pon4uk.ua ($100 in chips) 
Seat 3: Unipoker11 ($113.52 in chips) 
Seat 4: YeeesMan ($239.04 in chips) 
Seat 5: EdgarYY ($190.52 in chips) 
Seat 6: Yoalfre ($113.12 in chips) 
Unipoker11: posts small blind $0.50
YeeesMan: posts big blind $1
*** HOLE CARDS ***
EdgarYY: folds 
Yoalfre: folds 
k8rlos: folds 
Pon4uk.ua: folds 
Unipoker11: folds 
Uncalled bet ($0.50) returned to YeeesMan
YeeesMan collected $1 from pot
YeeesMan: doesn't show hand 
*** SUMMARY ***
Total pot $1 | Rake $0 
Seat 1: k8rlos folded before Flop (didn't bet)
Seat 2: Pon4uk.ua (button) folded before Flop (didn't bet)
Seat 3: Unipoker11 (small blind) folded before Flop
Seat 4: YeeesMan (big blind) collected ($1)
Seat 5: EdgarYY folded before Flop (didn't bet)
Seat 6: Yoalfre folded before Flop (didn't bet)



PokerStars Hand #254433238397:  Hold'em No Limit ($0.50/$1.00 USD) - 2025/01/18 16:50:07 WET [2025/01/18 11:50:07 ET]
Table 'Ate IV' 6-max Seat #3 is the button
Seat 1: k8rlos ($37.05 in chips) 
Seat 2: Pon4uk.ua ($100 in chips) 
Seat 3: Unipoker11 ($113.02 in chips) 
Seat 4: YeeesMan ($239.54 in chips) 
Seat 5: EdgarYY ($190.52 in chips) 
Seat 6: Yoalfre ($113.12 in chips) 
YeeesMan: posts small blind $0.50
EdgarYY: posts big blind $1
*** HOLE CARDS ***
Yoalfre: folds 
k8rlos: raises $1 to $2
Pon4uk.ua: folds 
Unipoker11: folds 
YeeesMan: folds 
EdgarYY: calls $1
*** FLOP *** [2c 9d 2d]
EdgarYY: checks 
k8rlos: bets $2
EdgarYY: folds 
Uncalled bet ($2) returned to k8rlos
k8rlos collected $4.28 from pot
*** SUMMARY ***
Total pot $4.50 | Rake $0.22 
Board [2c 9d 2d]
Seat 1: k8rlos collected ($4.28)
Seat 2: Pon4uk.ua folded before Flop (didn't bet)
Seat 3: Unipoker11 (button) folded before Flop (didn't bet)
Seat 4: YeeesMan (small blind) folded before Flop
Seat 5: EdgarYY (big blind) folded on the Flop
Seat 6: Yoalfre folded before Flop (didn't bet)



PokerStars Hand #254433245336:  Hold'em No Limit ($0.50/$1.00 USD) - 2025/01/18 16:50:35 WET [2025/01/18 11:50:35 ET]
Table 'Ate IV' 6-max Seat #4 is the button
Seat 1: k8rlos ($39.33 in chips) 
Seat 2: Pon4uk.ua ($100 in chips) 
Seat 3: Unipoker11 ($113.02 in chips) 
Seat 4: YeeesMan ($239.04 in chips) 
Seat 5: EdgarYY ($188.52 in chips) 
Seat 6: Yoalfre ($113.12 in chips) 
EdgarYY: posts small blind $0.50
Yoalfre: posts big blind $1
*** HOLE CARDS ***
k8rlos: raises $1 to $2
Pon4uk.ua: folds 
Unipoker11: folds 
YeeesMan: calls $2
EdgarYY: folds 
Yoalfre: raises $12.50 to $14.50
k8rlos has timed out
k8rlos: folds 
YeeesMan: folds 
Uncalled bet ($12.50) returned to Yoalfre
Yoalfre collected $6.50 from pot
Yoalfre: doesn't show hand 
*** SUMMARY ***
Total pot $6.50 | Rake $0 
Seat 1: k8rlos folded before Flop
Seat 2: Pon4uk.ua folded before Flop (didn't bet)
Seat 3: Unipoker11 folded before Flop (didn't bet)
Seat 4: YeeesMan (button) folded before Flop
Seat 5: EdgarYY (small blind) folded before Flop
Seat 6: Yoalfre (big blind) collected ($6.50)



PokerStars Hand #254433266392:  Hold'em No Limit ($0.50/$1.00 USD) - 2025/01/18 16:52:00 WET [2025/01/18 11:52:00 ET]
Table 'Ate IV' 6-max Seat #5 is the button
Seat 1: k8rlos ($37.33 in chips) is sitting out
Seat 2: Pon4uk.ua ($100 in chips) 
Seat 3: Unipoker11 ($113.02 in chips) 
Seat 4: YeeesMan ($237.04 in chips) 
Seat 5: EdgarYY ($188.02 in chips) 
Seat 6: Yoalfre ($117.62 in chips) 
Yoalfre: posts small blind $0.50
Pon4uk.ua: posts big blind $1
*** HOLE CARDS ***
Unipoker11: folds 
YeeesMan: raises $1.50 to $2.50
EdgarYY: raises $5.50 to $8
Yoalfre: folds 
Pon4uk.ua: folds 
YeeesMan: folds 
Uncalled bet ($5.50) returned to EdgarYY
EdgarYY collected $6.50 from pot
EdgarYY: doesn't show hand 
*** SUMMARY ***
Total pot $6.50 | Rake $0 
Seat 1: k8rlos
Seat 2: Pon4uk.ua (big blind) folded before Flop
Seat 3: Unipoker11 folded before Flop (didn't bet)
Seat 4: YeeesMan folded before Flop
Seat 5: EdgarYY (button) collected ($6.50)
Seat 6: Yoalfre (small blind) folded before Flop



PokerStars Hand #254433276309:  Hold'em No Limit ($0.50/$1.00 USD) - 2025/01/18 16:52:40 WET [2025/01/18 11:52:40 ET]
Table 'Ate IV' 6-max Seat #6 is the button
Seat 1: k8rlos ($37.33 in chips) is sitting out
Seat 2: Pon4uk.ua ($100 in chips) 
Seat 3: Unipoker11 ($113.02 in chips) 
Seat 4: YeeesMan ($234.54 in chips) 
Seat 5: EdgarYY ($192.02 in chips) 
Seat 6: Yoalfre ($117.12 in chips) 
Pon4uk.ua: posts small blind $0.50
Unipoker11: posts big blind $1
*** HOLE CARDS ***
YeeesMan: folds 
EdgarYY: folds 
Yoalfre: folds 
Pon4uk.ua: folds 
Uncalled bet ($0.50) returned to Unipoker11
Unipoker11 collected $1 from pot
Unipoker11: doesn't show hand 
*** SUMMARY ***
Total pot $1 | Rake $0 
Seat 1: k8rlos
Seat 2: Pon4uk.ua (small blind) folded before Flop
Seat 3: Unipoker11 (big blind) collected ($1)
Seat 4: YeeesMan folded before Flop (didn't bet)
Seat 5: EdgarYY folded before Flop (didn't bet)
Seat 6: Yoalfre (button) folded before Flop (didn't bet)



PokerStars Hand #254433279872:  Hold'em No Limit ($0.50/$1.00 USD) - 2025/01/18 16:52:55 WET [2025/01/18 11:52:55 ET]
Table 'Ate IV' 6-max Seat #2 is the button
Seat 1: k8rlos ($37.33 in chips) 
Seat 2: Pon4uk.ua ($100 in chips) 
Seat 3: Unipoker11 ($113.52 in chips) 
Seat 4: YeeesMan ($234.54 in chips) 
Seat 5: EdgarYY ($192.02 in chips) 
Seat 6: Yoalfre ($117.12 in chips) 
Unipoker11: posts small blind $0.50
YeeesMan: posts big blind $1
k8rlos: posts small & big blinds $1.50
*** HOLE CARDS ***
EdgarYY: folds 
EdgarYY leaves the table
Evelexy1 joins the table at seat #5 
Yoalfre: folds 
k8rlos: raises $2 to $3
Pon4uk.ua: folds 
Unipoker11: folds 
YeeesMan: calls $2
*** FLOP *** [2c 3c 6h]
YeeesMan: checks 
k8rlos: bets $4
YeeesMan: raises $8 to $12
k8rlos: raises $21.83 to $33.83 and is all-in
YeeesMan: calls $21.83
*** TURN *** [2c 3c 6h] [Qd]
*** RIVER *** [2c 3c 6h Qd] [7d]
*** SHOW DOWN ***
YeeesMan: shows [9c 6c] (a pair of Sixes)
k8rlos: shows [Js Jc] (a pair of Jacks)
k8rlos collected $72.16 from pot
*** SUMMARY ***
Total pot $74.66 | Rake $2.50 
Board [2c 3c 6h Qd 7d]
Seat 1: k8rlos showed [Js Jc] and won ($72.16) with a pair of Jacks
Seat 2: Pon4uk.ua (button) folded before Flop (didn't bet)
Seat 3: Unipoker11 (small blind) folded before Flop
Seat 4: YeeesMan (big blind) showed [9c 6c] and lost with a pair of Sixes
Seat 5: EdgarYY folded before Flop (didn't bet)
Seat 6: Yoalfre folded before Flop (didn't bet)



PokerStars Hand #254433294362:  Hold'em No Limit ($0.50/$1.00 USD) - 2025/01/18 16:53:53 WET [2025/01/18 11:53:53 ET]
Table 'Ate IV' 6-max Seat #3 is the button
Seat 1: k8rlos ($72.16 in chips) 
Seat 2: Pon4uk.ua ($100 in chips) 
Seat 3: Unipoker11 ($113.02 in chips) 
Seat 4: YeeesMan ($197.71 in chips) 
Seat 5: Evelexy1 ($100 in chips) 
Seat 6: Yoalfre ($117.12 in chips) 
YeeesMan: posts small blind $0.50
Evelexy1: posts big blind $1
*** HOLE CARDS ***
Yoalfre: folds 
k8rlos: folds 
Pon4uk.ua: raises $1.50 to $2.50
Unipoker11: folds 
YeeesMan: folds 
Evelexy1: raises $9.45 to $11.95
Pon4uk.ua: folds 
Uncalled bet ($9.45) returned to Evelexy1
Evelexy1 collected $5.50 from pot
Evelexy1: doesn't show hand 
*** SUMMARY ***
Total pot $5.50 | Rake $0 
Seat 1: k8rlos folded before Flop (didn't bet)
Seat 2: Pon4uk.ua folded before Flop
Seat 3: Unipoker11 (button) folded before Flop (didn't bet)
Seat 4: YeeesMan (small blind) folded before Flop
Seat 5: Evelexy1 (big blind) collected ($5.50)
Seat 6: Yoalfre folded before Flop (didn't bet)



PokerStars Hand #254433304154:  Hold'em No Limit ($0.50/$1.00 USD) - 2025/01/18 16:54:33 WET [2025/01/18 11:54:33 ET]
Table 'Ate IV' 6-max Seat #4 is the button
Seat 1: k8rlos ($72.16 in chips) 
Seat 2: Pon4uk.ua ($100 in chips) 
Seat 3: Unipoker11 ($113.02 in chips) 
Seat 4: YeeesMan ($197.21 in chips) 
Seat 5: Evelexy1 ($103 in chips) 
Seat 6: Yoalfre ($117.12 in chips) 
Evelexy1: posts small blind $0.50
Yoalfre: posts big blind $1
*** HOLE CARDS ***
k8rlos has timed out
k8rlos: folds 
Pon4uk.ua: raises $1 to $2
Unipoker11: folds 
YeeesMan: folds 
Evelexy1: folds 
Yoalfre: folds 
Uncalled bet ($1) returned to Pon4uk.ua
Pon4uk.ua collected $2.50 from pot
Pon4uk.ua: doesn't show hand 
*** SUMMARY ***
Total pot $2.50 | Rake $0 
Seat 1: k8rlos folded before Flop (didn't bet)
Seat 2: Pon4uk.ua collected ($2.50)
Seat 3: Unipoker11 folded before Flop (didn't bet)
Seat 4: YeeesMan (button) folded before Flop (didn't bet)
Seat 5: Evelexy1 (small blind) folded before Flop
Seat 6: Yoalfre (big blind) folded before Flop



PokerStars Hand #254433309866:  Hold'em No Limit ($0.50/$1.00 USD) - 2025/01/18 16:54:56 WET [2025/01/18 11:54:56 ET]
Table 'Ate IV' 6-max Seat #5 is the button
Seat 1: k8rlos ($72.16 in chips) 
Seat 2: Pon4uk.ua ($101.50 in chips) 
Seat 3: Unipoker11 ($113.02 in chips) 
Seat 4: YeeesMan ($197.21 in chips) 
Seat 5: Evelexy1 ($102.50 in chips) 
Seat 6: Yoalfre ($116.12 in chips) 
Yoalfre: posts small blind $0.50
k8rlos: posts big blind $1
*** HOLE CARDS ***
Pon4uk.ua: folds 
Unipoker11: folds 
YeeesMan: folds 
Evelexy1: raises $1.50 to $2.50
Yoalfre: folds 
k8rlos: calls $1.50
*** FLOP *** [Kh 4d 3h]
k8rlos: bets $1
Evelexy1: folds 
Uncalled bet ($1) returned to k8rlos
k8rlos collected $5.22 from pot
*** SUMMARY ***
Total pot $5.50 | Rake $0.28 
Board [Kh 4d 3h]
Seat 1: k8rlos (big blind) collected ($5.22)
Seat 2: Pon4uk.ua folded before Flop (didn't bet)
Seat 3: Unipoker11 folded before Flop (didn't bet)
Seat 4: YeeesMan folded before Flop (didn't bet)
Seat 5: Evelexy1 (button) folded on the Flop
Seat 6: Yoalfre (small blind) folded before Flop



PokerStars Hand #254433316104:  Hold'em No Limit ($0.50/$1.00 USD) - 2025/01/18 16:55:26 WET [2025/01/18 11:55:26 ET]
Table 'Ate IV' 6-max Seat #6 is the button
Seat 1: k8rlos ($74.88 in chips) 
Seat 2: Pon4uk.ua ($101.50 in chips) 
Seat 3: Unipoker11 ($113.02 in chips) 
Seat 4: YeeesMan ($197.21 in chips) 
Seat 5: Evelexy1 ($100 in chips) 
Seat 6: Yoalfre ($115.62 in chips) 
k8rlos: posts small blind $0.50
Pon4uk.ua: posts big blind $1
*** HOLE CARDS ***
Unipoker11: folds 
YeeesMan: folds 
Evelexy1: folds 
Yoalfre: raises $1.50 to $2.50
k8rlos: calls $2
Pon4uk.ua: calls $1.50
*** FLOP *** [Qs 7s 3d]
k8rlos: bets $4
Pon4uk.ua: folds 
Yoalfre: calls $4
*** TURN *** [Qs 7s 3d] [9s]
k8rlos: bets $9
Yoalfre: calls $9
*** RIVER *** [Qs 7s 3d 9s] [6d]
k8rlos: bets $10
Yoalfre: raises $15.10 to $25.10
k8rlos: folds 
Uncalled bet ($15.10) returned to Yoalfre
Yoalfre collected $51 from pot
Yoalfre: doesn't show hand 
*** SUMMARY ***
Total pot $53.50 | Rake $2.50 
Board [Qs 7s 3d 9s 6d]
Seat 1: k8rlos (small blind) folded on the River
Seat 2: Pon4uk.ua (big blind) folded on the Flop
Seat 3: Unipoker11 folded before Flop (didn't bet)
Seat 4: YeeesMan folded before Flop (didn't bet)
Seat 5: Evelexy1 folded before Flop (didn't bet)
Seat 6: Yoalfre (button) collected ($51)



PokerStars Hand #254433334955:  Hold'em No Limit ($0.50/$1.00 USD) - 2025/01/18 16:57:09 WET [2025/01/18 11:57:09 ET]
Table 'Ate IV' 6-max Seat #1 is the button
Seat 1: k8rlos ($49.38 in chips) 
Seat 2: Pon4uk.ua ($100 in chips) 
Seat 3: Unipoker11 ($113.02 in chips) 
Seat 4: YeeesMan ($197.21 in chips) 
Seat 5: Evelexy1 ($100 in chips) 
Seat 6: Yoalfre ($141.12 in chips) 
Pon4uk.ua: posts small blind $0.50
Unipoker11: posts big blind $1
*** HOLE CARDS ***
YeeesMan: folds 
Evelexy1: folds 
Yoalfre: raises $1.50 to $2.50
k8rlos: calls $2.50
Pon4uk.ua: folds 
Unipoker11: calls $1.50
*** FLOP *** [6h Th 3s]
Unipoker11: checks 
Yoalfre: checks 
k8rlos: bets $4
Unipoker11: calls $4
Yoalfre: raises $20 to $24
k8rlos: folds 
Unipoker11: folds 
Uncalled bet ($20) returned to Yoalfre
Yoalfre collected $19 from pot
Yoalfre: doesn't show hand 
*** SUMMARY ***
Total pot $20 | Rake $1 
Board [6h Th 3s]
Seat 1: k8rlos (button) folded on the Flop
Seat 2: Pon4uk.ua (small blind) folded before Flop
Seat 3: Unipoker11 (big blind) folded on the Flop
Seat 4: YeeesMan folded before Flop (didn't bet)
Seat 5: Evelexy1 folded before Flop (didn't bet)
Seat 6: Yoalfre collected ($19)



PokerStars Hand #254433346260:  Hold'em No Limit ($0.50/$1.00 USD) - 2025/01/18 16:58:11 WET [2025/01/18 11:58:11 ET]
Table 'Ate IV' 6-max Seat #2 is the button
Seat 1: k8rlos ($42.88 in chips) 
Seat 2: Pon4uk.ua ($100 in chips) 
Seat 3: Unipoker11 ($106.52 in chips) 
Seat 4: YeeesMan ($197.21 in chips) 
Seat 5: Evelexy1 ($100 in chips) 
Seat 6: Yoalfre ($153.62 in chips) 
Unipoker11: posts small blind $0.50
YeeesMan: posts big blind $1
*** HOLE CARDS ***
Evelexy1: folds 
Yoalfre: folds 
k8rlos: folds 
Pon4uk.ua: folds 
Unipoker11: folds 
Uncalled bet ($0.50) returned to YeeesMan
YeeesMan collected $1 from pot
YeeesMan: doesn't show hand 
*** SUMMARY ***
Total pot $1 | Rake $0 
Seat 1: k8rlos folded before Flop (didn't bet)
Seat 2: Pon4uk.ua (button) folded before Flop (didn't bet)
Seat 3: Unipoker11 (small blind) folded before Flop
Seat 4: YeeesMan (big blind) collected ($1)
Seat 5: Evelexy1 folded before Flop (didn't bet)
Seat 6: Yoalfre folded before Flop (didn't bet)



PokerStars Hand #254433349155:  Hold'em No Limit ($0.50/$1.00 USD) - 2025/01/18 16:58:26 WET [2025/01/18 11:58:26 ET]
Table 'Ate IV' 6-max Seat #3 is the button
Seat 1: k8rlos ($42.88 in chips) 
Seat 2: Pon4uk.ua ($100 in chips) 
Seat 3: Unipoker11 ($106.02 in chips) 
Seat 4: YeeesMan ($197.71 in chips) 
Seat 5: Evelexy1 ($100 in chips) 
Seat 6: Yoalfre ($153.62 in chips) 
YeeesMan: posts small blind $0.50
Evelexy1: posts big blind $1
*** HOLE CARDS ***
Yoalfre: raises $1.50 to $2.50
k8rlos: folds 
Pon4uk.ua: folds 
Unipoker11: folds 
YeeesMan: folds 
Evelexy1: folds 
Uncalled bet ($1.50) returned to Yoalfre
Yoalfre collected $2.50 from pot
Yoalfre: doesn't show hand 
*** SUMMARY ***
Total pot $2.50 | Rake $0 
Seat 1: k8rlos folded before Flop (didn't bet)
Seat 2: Pon4uk.ua folded before Flop (didn't bet)
Seat 3: Unipoker11 (button) folded before Flop (didn't bet)
Seat 4: YeeesMan (small blind) folded before Flop
Seat 5: Evelexy1 (big blind) folded before Flop
Seat 6: Yoalfre collected ($2.50)



PokerStars Hand #254433352061:  Hold'em No Limit ($0.50/$1.00 USD) - 2025/01/18 16:58:42 WET [2025/01/18 11:58:42 ET]
Table 'Ate IV' 6-max Seat #4 is the button
Seat 1: k8rlos ($42.88 in chips) 
Seat 2: Pon4uk.ua ($100 in chips) 
Seat 3: Unipoker11 ($106.02 in chips) 
Seat 4: YeeesMan ($197.21 in chips) 
Seat 5: Evelexy1 ($100 in chips) 
Seat 6: Yoalfre ($155.12 in chips) 
Evelexy1: posts small blind $0.50
Yoalfre: posts big blind $1
*** HOLE CARDS ***
k8rlos: raises $1 to $2
Pon4uk.ua: folds 
Unipoker11: folds 
YeeesMan is disconnected 
YeeesMan has timed out while disconnected
YeeesMan: folds 
Evelexy1: folds 
Yoalfre: folds 
Uncalled bet ($1) returned to k8rlos
k8rlos collected $2.50 from pot
*** SUMMARY ***
Total pot $2.50 | Rake $0 
Seat 1: k8rlos collected ($2.50)
Seat 2: Pon4uk.ua folded before Flop (didn't bet)
Seat 3: Unipoker11 folded before Flop (didn't bet)
Seat 4: YeeesMan (button) folded before Flop (didn't bet)
Seat 5: Evelexy1 (small blind) folded before Flop
Seat 6: Yoalfre (big blind) folded before Flop



PokerStars Hand #254433363882:  Hold'em No Limit ($0.50/$1.00 USD) - 2025/01/18 16:59:47 WET [2025/01/18 11:59:47 ET]
Table 'Ate IV' 6-max Seat #5 is the button
Seat 4: YeeesMan ($197.21 in chips) is sitting out
Seat 1: k8rlos ($44.38 in chips) 
Seat 2: Pon4uk.ua ($100 in chips) 
Seat 3: Unipoker11 ($106.02 in chips) 
Seat 5: Evelexy1 ($100 in chips) 
Seat 6: Yoalfre ($154.12 in chips) 
Yoalfre: posts small blind $0.50
k8rlos: posts big blind $1
*** HOLE CARDS ***
Pon4uk.ua: folds 
Pon4uk.ua leaves the table
Unipoker11: folds 
Evelexy1: raises $1.50 to $2.50
AlexPinsk1 joins the table at seat #2 
Yoalfre: raises $8.50 to $11
k8rlos: raises $9.50 to $20.50
Evelexy1: folds 
Yoalfre: raises $119.50 to $140
k8rlos: calls $23.88 and is all-in
Uncalled bet ($95.62) returned to Yoalfre
*** FLOP *** [5h 5c 6c]
*** TURN *** [5h 5c 6c] [5d]
*** RIVER *** [5h 5c 6c 5d] [7d]
*** SHOW DOWN ***
Yoalfre: shows [As 9s] (three of a kind, Fives)
k8rlos: shows [8s 8d] (a full house, Fives full of Eights)
k8rlos collected $88.76 from pot
*** SUMMARY ***
Total pot $91.26 | Rake $2.50 
Board [5h 5c 6c 5d 7d]
Seat 4: YeeesMan
Seat 1: k8rlos (big blind) showed [8s 8d] and won ($88.76) with a full house, Fives full of Eights
Seat 2: Pon4uk.ua folded before Flop (didn't bet)
Seat 3: Unipoker11 folded before Flop (didn't bet)
Seat 5: Evelexy1 (button) folded before Flop
Seat 6: Yoalfre (small blind) showed [As 9s] and lost with three of a kind, Fives



PokerStars Hand #254433372563:  Hold'em No Limit ($0.50/$1.00 USD) - 2025/01/18 17:00:33 WET [2025/01/18 12:00:33 ET]
Table 'Ate IV' 6-max Seat #6 is the button
Seat 1: k8rlos ($88.76 in chips) 
Seat 2: AlexPinsk1 ($100 in chips) 
Seat 3: Unipoker11 ($106.02 in chips) 
Seat 4: YeeesMan ($197.21 in chips) 
Seat 5: Evelexy1 ($100 in chips) 
Seat 6: Yoalfre ($109.74 in chips) 
k8rlos: posts small blind $0.50
AlexPinsk1: posts big blind $1
*** HOLE CARDS ***
Unipoker11: raises $1 to $2
YeeesMan: folds 
Evelexy1: folds 
Yoalfre: folds 
k8rlos: folds 
AlexPinsk1: folds 
Uncalled bet ($1) returned to Unipoker11
Unipoker11 collected $2.50 from pot
Unipoker11: doesn't show hand 
*** SUMMARY ***
Total pot $2.50 | Rake $0 
Seat 1: k8rlos (small blind) folded before Flop
Seat 2: AlexPinsk1 (big blind) folded before Flop
Seat 3: Unipoker11 collected ($2.50)
Seat 4: YeeesMan folded before Flop (didn't bet)
Seat 5: Evelexy1 folded before Flop (didn't bet)
Seat 6: Yoalfre (button) folded before Flop (didn't bet)



PokerStars Hand #254433375087:  Hold'em No Limit ($0.50/$1.00 USD) - 2025/01/18 17:00:45 WET [2025/01/18 12:00:45 ET]
Table 'Ate IV' 6-max Seat #1 is the button
Seat 1: k8rlos ($88.26 in chips) 
Seat 2: AlexPinsk1 ($100 in chips) 
Seat 3: Unipoker11 ($107.52 in chips) 
Seat 4: YeeesMan ($197.21 in chips) 
Seat 5: Evelexy1 ($100 in chips) 
Seat 6: Yoalfre ($109.74 in chips) 
AlexPinsk1: posts small blind $0.50
Unipoker11: posts big blind $1
*** HOLE CARDS ***
YeeesMan: folds 
Evelexy1: folds 
Yoalfre: folds 
k8rlos: folds 
AlexPinsk1: folds 
Uncalled bet ($0.50) returned to Unipoker11
Unipoker11 collected $1 from pot
Unipoker11: doesn't show hand 
*** SUMMARY ***
Total pot $1 | Rake $0 
Seat 1: k8rlos (button) folded before Flop (didn't bet)
Seat 2: AlexPinsk1 (small blind) folded before Flop
Seat 3: Unipoker11 (big blind) collected ($1)
Seat 4: YeeesMan folded before Flop (didn't bet)
Seat 5: Evelexy1 folded before Flop (didn't bet)
Seat 6: Yoalfre folded before Flop (didn't bet)



PokerStars Hand #254433379680:  Hold'em No Limit ($0.50/$1.00 USD) - 2025/01/18 17:01:07 WET [2025/01/18 12:01:07 ET]
Table 'Ate IV' 6-max Seat #2 is the button
Seat 1: k8rlos ($88.26 in chips) 
Seat 2: AlexPinsk1 ($100 in chips) 
Seat 3: Unipoker11 ($108.02 in chips) 
Seat 4: YeeesMan ($197.21 in chips) 
Seat 5: Evelexy1 ($100 in chips) 
Seat 6: Yoalfre ($109.74 in chips) 
Unipoker11: posts small blind $0.50
YeeesMan: posts big blind $1
*** HOLE CARDS ***
Evelexy1: folds 
Yoalfre: folds 
k8rlos: folds 
AlexPinsk1: folds 
Unipoker11: folds 
Uncalled bet ($0.50) returned to YeeesMan
YeeesMan collected $1 from pot
YeeesMan: doesn't show hand 
*** SUMMARY ***
Total pot $1 | Rake $0 
Seat 1: k8rlos folded before Flop (didn't bet)
Seat 2: AlexPinsk1 (button) folded before Flop (didn't bet)
Seat 3: Unipoker11 (small blind) folded before Flop
Seat 4: YeeesMan (big blind) collected ($1)
Seat 5: Evelexy1 folded before Flop (didn't bet)
Seat 6: Yoalfre folded before Flop (didn't bet)



PokerStars Hand #254433383677:  Hold'em No Limit ($0.50/$1.00 USD) - 2025/01/18 17:01:24 WET [2025/01/18 12:01:24 ET]
Table 'Ate IV' 6-max Seat #3 is the button
Seat 1: k8rlos ($88.26 in chips) 
Seat 2: AlexPinsk1 ($100 in chips) 
Seat 3: Unipoker11 ($107.52 in chips) 
Seat 4: YeeesMan ($197.71 in chips) 
Seat 5: Evelexy1 ($100 in chips) 
Seat 6: Yoalfre ($109.74 in chips) 
YeeesMan: posts small blind $0.50
Evelexy1: posts big blind $1
*** HOLE CARDS ***
Yoalfre: folds 
k8rlos: folds 
AlexPinsk1: folds 
Unipoker11: folds 
YeeesMan: raises $2 to $3
Evelexy1: folds 
Uncalled bet ($2) returned to YeeesMan
YeeesMan collected $2 from pot
YeeesMan: doesn't show hand 
*** SUMMARY ***
Total pot $2 | Rake $0 
Seat 1: k8rlos folded before Flop (didn't bet)
Seat 2: AlexPinsk1 folded before Flop (didn't bet)
Seat 3: Unipoker11 (button) folded before Flop (didn't bet)
Seat 4: YeeesMan (small blind) collected ($2)
Seat 5: Evelexy1 (big blind) folded before Flop
Seat 6: Yoalfre folded before Flop (didn't bet)



PokerStars Hand #254433387922:  Hold'em No Limit ($0.50/$1.00 USD) - 2025/01/18 17:01:43 WET [2025/01/18 12:01:43 ET]
Table 'Ate IV' 6-max Seat #4 is the button
Seat 1: k8rlos ($88.26 in chips) 
Seat 2: AlexPinsk1 ($100 in chips) 
Seat 3: Unipoker11 ($107.52 in chips) 
Seat 4: YeeesMan ($198.71 in chips) 
Seat 5: Evelexy1 ($100 in chips) 
Seat 6: Yoalfre ($109.74 in chips) 
Evelexy1: posts small blind $0.50
Yoalfre: posts big blind $1
*** HOLE CARDS ***
k8rlos: raises $1 to $2
AlexPinsk1: folds 
Unipoker11: folds 
YeeesMan: folds 
Evelexy1: folds 
Yoalfre: calls $1
*** FLOP *** [3h 5h 8s]
Yoalfre: checks 
k8rlos: checks 
*** TURN *** [3h 5h 8s] [7d]
Yoalfre: bets $3.21
k8rlos: calls $3.21
*** RIVER *** [3h 5h 8s 7d] [Kc]
Yoalfre: checks 
k8rlos: checks 
*** SHOW DOWN ***
Yoalfre: shows [8h Th] (a pair of Eights)
k8rlos: mucks hand 
Yoalfre collected $10.37 from pot
*** SUMMARY ***
Total pot $10.92 | Rake $0.55 
Board [3h 5h 8s 7d Kc]
Seat 1: k8rlos mucked
Seat 2: AlexPinsk1 folded before Flop (didn't bet)
Seat 3: Unipoker11 folded before Flop (didn't bet)
Seat 4: YeeesMan (button) folded before Flop (didn't bet)
Seat 5: Evelexy1 (small blind) folded before Flop
Seat 6: Yoalfre (big blind) showed [8h Th] and won ($10.37) with a pair of Eights



PokerStars Hand #254433400100:  Hold'em No Limit ($0.50/$1.00 USD) - 2025/01/18 17:02:34 WET [2025/01/18 12:02:34 ET]
Table 'Ate IV' 6-max Seat #5 is the button
Seat 1: k8rlos ($83.05 in chips) 
Seat 2: AlexPinsk1 ($100 in chips) 
Seat 3: Unipoker11 ($107.52 in chips) 
Seat 4: YeeesMan ($198.71 in chips) 
Seat 5: Evelexy1 ($100 in chips) 
Seat 6: Yoalfre ($114.90 in chips) 
Yoalfre: posts small blind $0.50
k8rlos: posts big blind $1
*** HOLE CARDS ***
AlexPinsk1: folds 
Unipoker11: folds 
YeeesMan: folds 
Evelexy1: folds 
Yoalfre: folds 
Uncalled bet ($0.50) returned to k8rlos
k8rlos collected $1 from pot
*** SUMMARY ***
Total pot $1 | Rake $0 
Seat 1: k8rlos (big blind) collected ($1)
Seat 2: AlexPinsk1 folded before Flop (didn't bet)
Seat 3: Unipoker11 folded before Flop (didn't bet)
Seat 4: YeeesMan folded before Flop (didn't bet)
Seat 5: Evelexy1 (button) folded before Flop (didn't bet)
Seat 6: Yoalfre (small blind) folded before Flop



PokerStars Hand #254433403468:  Hold'em No Limit ($0.50/$1.00 USD) - 2025/01/18 17:02:49 WET [2025/01/18 12:02:49 ET]
Table 'Ate IV' 6-max Seat #6 is the button
Seat 1: k8rlos ($83.55 in chips) 
Seat 2: AlexPinsk1 ($100 in chips) 
Seat 3: Unipoker11 ($107.52 in chips) 
Seat 4: YeeesMan ($198.71 in chips) 
Seat 5: Evelexy1 ($100 in chips) 
Seat 6: Yoalfre ($114.40 in chips) 
k8rlos: posts small blind $0.50
AlexPinsk1: posts big blind $1
*** HOLE CARDS ***
Unipoker11: folds 
YeeesMan: raises $1.50 to $2.50
Evelexy1: folds 
Yoalfre: folds 
k8rlos: raises $2.50 to $5
AlexPinsk1: folds 
YeeesMan: folds 
Uncalled bet ($2.50) returned to k8rlos
k8rlos collected $6 from pot
*** SUMMARY ***
Total pot $6 | Rake $0 
Seat 1: k8rlos (small blind) collected ($6)
Seat 2: AlexPinsk1 (big blind) folded before Flop
Seat 3: Unipoker11 folded before Flop (didn't bet)
Seat 4: YeeesMan folded before Flop
Seat 5: Evelexy1 folded before Flop (didn't bet)
Seat 6: Yoalfre (button) folded before Flop (didn't bet)



PokerStars Hand #254433411253:  Hold'em No Limit ($0.50/$1.00 USD) - 2025/01/18 17:03:19 WET [2025/01/18 12:03:19 ET]
Table 'Ate IV' 6-max Seat #1 is the button
Seat 1: k8rlos ($87.05 in chips) 
Seat 2: AlexPinsk1 ($100 in chips) 
Seat 3: Unipoker11 ($107.52 in chips) 
Seat 4: YeeesMan ($196.21 in chips) 
Seat 5: Evelexy1 ($100 in chips) 
Seat 6: Yoalfre ($114.40 in chips) 
AlexPinsk1: posts small blind $0.50
Unipoker11: posts big blind $1
*** HOLE CARDS ***
YeeesMan: folds 
Evelexy1: raises $1 to $2
Yoalfre: folds 
k8rlos: calls $2
AlexPinsk1: folds 
Unipoker11: calls $1
*** FLOP *** [5c 6c 9h]
Unipoker11: checks 
Evelexy1: checks 
k8rlos: bets $4
Unipoker11: folds 
Evelexy1: folds 
Uncalled bet ($4) returned to k8rlos
k8rlos collected $6.18 from pot
*** SUMMARY ***
Total pot $6.50 | Rake $0.32 
Board [5c 6c 9h]
Seat 1: k8rlos (button) collected ($6.18)
Seat 2: AlexPinsk1 (small blind) folded before Flop
Seat 3: Unipoker11 (big blind) folded on the Flop
Seat 4: YeeesMan folded before Flop (didn't bet)
Seat 5: Evelexy1 folded on the Flop
Seat 6: Yoalfre folded before Flop (didn't bet)



PokerStars Hand #254433423177:  Hold'em No Limit ($0.50/$1.00 USD) - 2025/01/18 17:04:08 WET [2025/01/18 12:04:08 ET]
Table 'Ate IV' 6-max Seat #2 is the button
Seat 1: k8rlos ($91.23 in chips) 
Seat 2: AlexPinsk1 ($100 in chips) 
Seat 3: Unipoker11 ($105.52 in chips) 
Seat 4: YeeesMan ($196.21 in chips) 
Seat 5: Evelexy1 ($100 in chips) 
Seat 6: Yoalfre ($114.40 in chips) 
Unipoker11: posts small blind $0.50
YeeesMan: posts big blind $1
*** HOLE CARDS ***
Evelexy1: raises $1 to $2
Yoalfre: folds 
k8rlos: folds 
AlexPinsk1: folds 
Unipoker11: folds 
YeeesMan: folds 
Uncalled bet ($1) returned to Evelexy1
Evelexy1 collected $2.50 from pot
Evelexy1: doesn't show hand 
*** SUMMARY ***
Total pot $2.50 | Rake $0 
Seat 1: k8rlos folded before Flop (didn't bet)
Seat 2: AlexPinsk1 (button) folded before Flop (didn't bet)
Seat 3: Unipoker11 (small blind) folded before Flop
Seat 4: YeeesMan (big blind) folded before Flop
Seat 5: Evelexy1 collected ($2.50)
Seat 6: Yoalfre folded before Flop (didn't bet)



PokerStars Hand #254433427459:  Hold'em No Limit ($0.50/$1.00 USD) - 2025/01/18 17:04:26 WET [2025/01/18 12:04:26 ET]
Table 'Ate IV' 6-max Seat #3 is the button
Seat 1: k8rlos ($91.23 in chips) 
Seat 2: AlexPinsk1 ($100 in chips) 
Seat 3: Unipoker11 ($105.02 in chips) 
Seat 4: YeeesMan ($195.21 in chips) 
Seat 5: Evelexy1 ($101.50 in chips) 
Seat 6: Yoalfre ($114.40 in chips) 
YeeesMan: posts small blind $0.50
Evelexy1: posts big blind $1
*** HOLE CARDS ***
Yoalfre: folds 
k8rlos: folds 
AlexPinsk1: folds 
Unipoker11: raises $1.50 to $2.50
YeeesMan: folds 
Evelexy1: calls $1.50
*** FLOP *** [7c 5s 6d]
Evelexy1: checks 
Unipoker11: bets $1.30
Evelexy1: calls $1.30
*** TURN *** [7c 5s 6d] [3s]
Evelexy1: checks 
Unipoker11: checks 
*** RIVER *** [7c 5s 6d 3s] [5h]
Evelexy1: checks 
Unipoker11: checks 
*** SHOW DOWN ***
Evelexy1: shows [7h Kh] (two pair, Sevens and Fives)
Unipoker11: mucks hand 
Evelexy1 collected $7.70 from pot
*** SUMMARY ***
Total pot $8.10 | Rake $0.40 
Board [7c 5s 6d 3s 5h]
Seat 1: k8rlos folded before Flop (didn't bet)
Seat 2: AlexPinsk1 folded before Flop (didn't bet)
Seat 3: Unipoker11 (button) mucked
Seat 4: YeeesMan (small blind) folded before Flop
Seat 5: Evelexy1 (big blind) showed [7h Kh] and won ($7.70) with two pair, Sevens and Fives
Seat 6: Yoalfre folded before Flop (didn't bet)



PokerStars Hand #254433436108:  Hold'em No Limit ($0.50/$1.00 USD) - 2025/01/18 17:05:00 WET [2025/01/18 12:05:00 ET]
Table 'Ate IV' 6-max Seat #4 is the button
Seat 1: k8rlos ($91.23 in chips) 
Seat 2: AlexPinsk1 ($100 in chips) 
Seat 3: Unipoker11 ($101.22 in chips) 
Seat 4: YeeesMan ($194.71 in chips) 
Seat 5: Evelexy1 ($105.40 in chips) 
Seat 6: Yoalfre ($114.40 in chips) 
Evelexy1: posts small blind $0.50
Yoalfre: posts big blind $1
*** HOLE CARDS ***
k8rlos: folds 
AlexPinsk1: folds 
Unipoker11: folds 
YeeesMan: folds 
Evelexy1: folds 
Uncalled bet ($0.50) returned to Yoalfre
Yoalfre collected $1 from pot
Yoalfre: doesn't show hand 
*** SUMMARY ***
Total pot $1 | Rake $0 
Seat 1: k8rlos folded before Flop (didn't bet)
Seat 2: AlexPinsk1 folded before Flop (didn't bet)
Seat 3: Unipoker11 folded before Flop (didn't bet)
Seat 4: YeeesMan (button) folded before Flop (didn't bet)
Seat 5: Evelexy1 (small blind) folded before Flop
Seat 6: Yoalfre (big blind) collected ($1)



PokerStars Hand #254433440128:  Hold'em No Limit ($0.50/$1.00 USD) - 2025/01/18 17:05:17 WET [2025/01/18 12:05:17 ET]
Table 'Ate IV' 6-max Seat #5 is the button
Seat 1: k8rlos ($91.23 in chips) 
Seat 2: AlexPinsk1 ($100 in chips) 
Seat 3: Unipoker11 ($101.22 in chips) 
Seat 4: YeeesMan ($194.71 in chips) 
Seat 5: Evelexy1 ($104.90 in chips) 
Seat 6: Yoalfre ($114.90 in chips) 
Yoalfre: posts small blind $0.50
k8rlos: posts big blind $1
*** HOLE CARDS ***
AlexPinsk1: folds 
Unipoker11: raises $1 to $2
YeeesMan: folds 
Evelexy1: folds 
Yoalfre: folds 
k8rlos: raises $1 to $3
Unipoker11: calls $1
*** FLOP *** [As 3s 2c]
k8rlos: bets $4
Unipoker11: calls $4
*** TURN *** [As 3s 2c] [Tc]
k8rlos: checks 
Unipoker11: checks 
*** RIVER *** [As 3s 2c Tc] [7h]
k8rlos: bets $7
Unipoker11: calls $7
*** SHOW DOWN ***
k8rlos: shows [Js 9d] (high card Ace)
Unipoker11: shows [Ah 6h] (a pair of Aces)
Unipoker11 collected $27.08 from pot
*** SUMMARY ***
Total pot $28.50 | Rake $1.42 
Board [As 3s 2c Tc 7h]
Seat 1: k8rlos (big blind) showed [Js 9d] and lost with high card Ace
Seat 2: AlexPinsk1 folded before Flop (didn't bet)
Seat 3: Unipoker11 showed [Ah 6h] and won ($27.08) with a pair of Aces
Seat 4: YeeesMan folded before Flop (didn't bet)
Seat 5: Evelexy1 (button) folded before Flop (didn't bet)
Seat 6: Yoalfre (small blind) folded before Flop



PokerStars Hand #254433455066:  Hold'em No Limit ($0.50/$1.00 USD) - 2025/01/18 17:06:17 WET [2025/01/18 12:06:17 ET]
Table 'Ate IV' 6-max Seat #6 is the button
Seat 1: k8rlos ($77.23 in chips) 
Seat 2: AlexPinsk1 ($100 in chips) 
Seat 3: Unipoker11 ($114.30 in chips) 
Seat 4: YeeesMan ($194.71 in chips) 
Seat 5: Evelexy1 ($104.90 in chips) 
Seat 6: Yoalfre ($114.40 in chips) 
k8rlos: posts small blind $0.50
AlexPinsk1: posts big blind $1
*** HOLE CARDS ***
Unipoker11: raises $1 to $2
YeeesMan: folds 
Evelexy1: folds 
Yoalfre: folds 
k8rlos: calls $1.50
AlexPinsk1: folds 
*** FLOP *** [8h 4h Ac]
k8rlos: checks 
Unipoker11: bets $1.19
k8rlos: folds 
Uncalled bet ($1.19) returned to Unipoker11
Unipoker11 collected $4.75 from pot
Unipoker11: doesn't show hand 
*** SUMMARY ***
Total pot $5 | Rake $0.25 
Board [8h 4h Ac]
Seat 1: k8rlos (small blind) folded on the Flop
Seat 2: AlexPinsk1 (big blind) folded before Flop
Seat 3: Unipoker11 collected ($4.75)
Seat 4: YeeesMan folded before Flop (didn't bet)
Seat 5: Evelexy1 folded before Flop (didn't bet)
Seat 6: Yoalfre (button) folded before Flop (didn't bet)



PokerStars Hand #254433463627:  Hold'em No Limit ($0.50/$1.00 USD) - 2025/01/18 17:06:51 WET [2025/01/18 12:06:51 ET]
Table 'Ate IV' 6-max Seat #1 is the button
Seat 1: k8rlos ($75.23 in chips) 
Seat 2: AlexPinsk1 ($100 in chips) 
Seat 3: Unipoker11 ($117.05 in chips) 
Seat 4: YeeesMan ($194.71 in chips) 
Seat 5: Evelexy1 ($104.90 in chips) 
Seat 6: Yoalfre ($114.40 in chips) 
AlexPinsk1: posts small blind $0.50
Unipoker11: posts big blind $1
*** HOLE CARDS ***
YeeesMan: folds 
Evelexy1: folds 
Yoalfre: raises $1.50 to $2.50
k8rlos: folds 
AlexPinsk1: folds 
Unipoker11: folds 
Uncalled bet ($1.50) returned to Yoalfre
Yoalfre collected $2.50 from pot
Yoalfre: doesn't show hand 
*** SUMMARY ***
Total pot $2.50 | Rake $0 
Seat 1: k8rlos (button) folded before Flop (didn't bet)
Seat 2: AlexPinsk1 (small blind) folded before Flop
Seat 3: Unipoker11 (big blind) folded before Flop
Seat 4: YeeesMan folded before Flop (didn't bet)
Seat 5: Evelexy1 folded before Flop (didn't bet)
Seat 6: Yoalfre collected ($2.50)



PokerStars Hand #254433468403:  Hold'em No Limit ($0.50/$1.00 USD) - 2025/01/18 17:07:10 WET [2025/01/18 12:07:10 ET]
Table 'Ate IV' 6-max Seat #2 is the button
Seat 1: k8rlos ($75.23 in chips) 
Seat 2: AlexPinsk1 ($100 in chips) 
Seat 3: Unipoker11 ($116.05 in chips) 
Seat 4: YeeesMan ($194.71 in chips) 
Seat 5: Evelexy1 ($104.90 in chips) 
Seat 6: Yoalfre ($115.90 in chips) 
Unipoker11: posts small blind $0.50
YeeesMan: posts big blind $1
*** HOLE CARDS ***
Evelexy1: folds 
Yoalfre: folds 
k8rlos: raises $2 to $3
AlexPinsk1: raises $6 to $9
Unipoker11: folds 
YeeesMan: folds 
k8rlos: raises $11 to $20
AlexPinsk1: raises $20.50 to $40.50
k8rlos: raises $34.73 to $75.23 and is all-in
AlexPinsk1: calls $34.73
*** FLOP *** [Js 5c 5d]
*** TURN *** [Js 5c 5d] [7h]
*** RIVER *** [Js 5c 5d 7h] [Kc]
*** SHOW DOWN ***
k8rlos: shows [Kh Ks] (a full house, Kings full of Fives)
AlexPinsk1: shows [Qc Qh] (two pair, Queens and Fives)
k8rlos collected $149.46 from pot
*** SUMMARY ***
Total pot $151.96 | Rake $2.50 
Board [Js 5c 5d 7h Kc]
Seat 1: k8rlos showed [Kh Ks] and won ($149.46) with a full house, Kings full of Fives
Seat 2: AlexPinsk1 (button) showed [Qc Qh] and lost with two pair, Queens and Fives
Seat 3: Unipoker11 (small blind) folded before Flop
Seat 4: YeeesMan (big blind) folded before Flop
Seat 5: Evelexy1 folded before Flop (didn't bet)
Seat 6: Yoalfre folded before Flop (didn't bet)



PokerStars Hand #254433483659:  Hold'em No Limit ($0.50/$1.00 USD) - 2025/01/18 17:08:12 WET [2025/01/18 12:08:12 ET]
Table 'Ate IV' 6-max Seat #3 is the button
Seat 1: k8rlos ($149.46 in chips) 
Seat 2: AlexPinsk1 ($100 in chips) 
Seat 3: Unipoker11 ($115.55 in chips) 
Seat 4: YeeesMan ($193.71 in chips) 
Seat 5: Evelexy1 ($104.90 in chips) 
Seat 6: Yoalfre ($115.90 in chips) 
YeeesMan: posts small blind $0.50
Evelexy1: posts big blind $1
*** HOLE CARDS ***
Yoalfre: folds 
k8rlos: calls $1
AlexPinsk1: folds 
Unipoker11: folds 
YeeesMan: folds 
Evelexy1: checks 
*** FLOP *** [8h 9d 6h]
Evelexy1: checks 
k8rlos: checks 
*** TURN *** [8h 9d 6h] [9h]
Evelexy1: bets $1.79
k8rlos: folds 
Uncalled bet ($1.79) returned to Evelexy1
Evelexy1 collected $2.38 from pot
Evelexy1: doesn't show hand 
*** SUMMARY ***
Total pot $2.50 | Rake $0.12 
Board [8h 9d 6h 9h]
Seat 1: k8rlos folded on the Turn
Seat 2: AlexPinsk1 folded before Flop (didn't bet)
Seat 3: Unipoker11 (button) folded before Flop (didn't bet)
Seat 4: YeeesMan (small blind) folded before Flop
Seat 5: Evelexy1 (big blind) collected ($2.38)
Seat 6: Yoalfre folded before Flop (didn't bet)



PokerStars Hand #254433488074:  Hold'em No Limit ($0.50/$1.00 USD) - 2025/01/18 17:08:30 WET [2025/01/18 12:08:30 ET]
Table 'Ate IV' 6-max Seat #4 is the button
Seat 1: k8rlos ($148.46 in chips) 
Seat 2: AlexPinsk1 ($100 in chips) 
Seat 3: Unipoker11 ($115.55 in chips) 
Seat 4: YeeesMan ($193.21 in chips) 
Seat 5: Evelexy1 ($106.28 in chips) 
Seat 6: Yoalfre ($115.90 in chips) 
Evelexy1: posts small blind $0.50
Yoalfre: posts big blind $1
*** HOLE CARDS ***
k8rlos: raises $1 to $2
AlexPinsk1: folds 
Unipoker11: folds 
YeeesMan: folds 
Evelexy1: folds 
Yoalfre: folds 
Uncalled bet ($1) returned to k8rlos
k8rlos collected $2.50 from pot
*** SUMMARY ***
Total pot $2.50 | Rake $0 
Seat 1: k8rlos collected ($2.50)
Seat 2: AlexPinsk1 folded before Flop (didn't bet)
Seat 3: Unipoker11 folded before Flop (didn't bet)
Seat 4: YeeesMan (button) folded before Flop (didn't bet)
Seat 5: Evelexy1 (small blind) folded before Flop
Seat 6: Yoalfre (big blind) folded before Flop



PokerStars Hand #254433491519:  Hold'em No Limit ($0.50/$1.00 USD) - 2025/01/18 17:08:44 WET [2025/01/18 12:08:44 ET]
Table 'Ate IV' 6-max Seat #5 is the button
Seat 1: k8rlos ($149.96 in chips) 
Seat 2: AlexPinsk1 ($100 in chips) 
Seat 3: Unipoker11 ($115.55 in chips) 
Seat 4: YeeesMan ($193.21 in chips) 
Seat 5: Evelexy1 ($105.78 in chips) 
Seat 6: Yoalfre ($114.90 in chips) 
Yoalfre: posts small blind $0.50
k8rlos: posts big blind $1
*** HOLE CARDS ***
AlexPinsk1: folds 
Unipoker11: raises $1 to $2
YeeesMan: folds 
Evelexy1: folds 
Yoalfre: folds 
k8rlos: calls $1
*** FLOP *** [6s Jd 8h]
k8rlos: checks 
Unipoker11: bets $1.07
k8rlos: folds 
Uncalled bet ($1.07) returned to Unipoker11
Unipoker11 collected $4.28 from pot
Unipoker11: doesn't show hand 
*** SUMMARY ***
Total pot $4.50 | Rake $0.22 
Board [6s Jd 8h]
Seat 1: k8rlos (big blind) folded on the Flop
Seat 2: AlexPinsk1 folded before Flop (didn't bet)
Seat 3: Unipoker11 collected ($4.28)
Seat 4: YeeesMan folded before Flop (didn't bet)
Seat 5: Evelexy1 (button) folded before Flop (didn't bet)
Seat 6: Yoalfre (small blind) folded before Flop



PokerStars Hand #254433499778:  Hold'em No Limit ($0.50/$1.00 USD) - 2025/01/18 17:09:17 WET [2025/01/18 12:09:17 ET]
Table 'Ate IV' 6-max Seat #6 is the button
Seat 1: k8rlos ($147.96 in chips) 
Seat 2: AlexPinsk1 ($100 in chips) 
Seat 3: Unipoker11 ($117.83 in chips) 
Seat 4: YeeesMan ($193.21 in chips) 
Seat 5: Evelexy1 ($105.78 in chips) 
Seat 6: Yoalfre ($114.40 in chips) 
k8rlos: posts small blind $0.50
AlexPinsk1: posts big blind $1
*** HOLE CARDS ***
Unipoker11: raises $1 to $2
YeeesMan: folds 
Evelexy1: folds 
Yoalfre: folds 
k8rlos: raises $1 to $3
AlexPinsk1: folds 
Unipoker11: calls $1
*** FLOP *** [Ac 9c Td]
k8rlos: bets $3
Unipoker11: raises $8.48 to $11.48
k8rlos: calls $8.48
*** TURN *** [Ac 9c Td] [Qs]
k8rlos: checks 
Unipoker11: bets $19.07
k8rlos: calls $19.07
*** RIVER *** [Ac 9c Td Qs] [2s]
k8rlos: bets $40
Unipoker11: calls $40
*** SHOW DOWN ***
k8rlos: shows [Qh As] (two pair, Aces and Queens)
Unipoker11: mucks hand 
k8rlos collected $145.60 from pot
*** SUMMARY ***
Total pot $148.10 | Rake $2.50 
Board [Ac 9c Td Qs 2s]
Seat 1: k8rlos (small blind) showed [Qh As] and won ($145.60) with two pair, Aces and Queens
Seat 2: AlexPinsk1 (big blind) folded before Flop
Seat 3: Unipoker11 mucked
Seat 4: YeeesMan folded before Flop (didn't bet)
Seat 5: Evelexy1 folded before Flop (didn't bet)
Seat 6: Yoalfre (button) folded before Flop (didn't bet)



PokerStars Hand #254433526920:  Hold'em No Limit ($0.50/$1.00 USD) - 2025/01/18 17:11:03 WET [2025/01/18 12:11:03 ET]
Table 'Ate IV' 6-max Seat #1 is the button
Seat 1: k8rlos ($220.01 in chips) 
Seat 2: AlexPinsk1 ($100 in chips) 
Seat 3: Unipoker11 ($100 in chips) 
Seat 4: YeeesMan ($193.21 in chips) 
Seat 5: Evelexy1 ($105.78 in chips) 
Seat 6: Yoalfre ($114.40 in chips) 
AlexPinsk1: posts small blind $0.50
Unipoker11: posts big blind $1
*** HOLE CARDS ***
YeeesMan: folds 
Evelexy1: folds 
Yoalfre: raises $1.50 to $2.50
k8rlos: calls $2.50
AlexPinsk1: folds 
Unipoker11: folds 
*** FLOP *** [3d 5s 6s]
Yoalfre: checks 
k8rlos: bets $3
Yoalfre: folds 
Uncalled bet ($3) returned to k8rlos
k8rlos collected $6.18 from pot
*** SUMMARY ***
Total pot $6.50 | Rake $0.32 
Board [3d 5s 6s]
Seat 1: k8rlos (button) collected ($6.18)
Seat 2: AlexPinsk1 (small blind) folded before Flop
Seat 3: Unipoker11 (big blind) folded before Flop
Seat 4: YeeesMan folded before Flop (didn't bet)
Seat 5: Evelexy1 folded before Flop (didn't bet)
Seat 6: Yoalfre folded on the Flop



PokerStars Hand #254433534518:  Hold'em No Limit ($0.50/$1.00 USD) - 2025/01/18 17:11:33 WET [2025/01/18 12:11:33 ET]
Table 'Ate IV' 6-max Seat #2 is the button
Seat 1: k8rlos ($223.69 in chips) 
Seat 2: AlexPinsk1 ($100 in chips) 
Seat 3: Unipoker11 ($100 in chips) 
Seat 4: YeeesMan ($193.21 in chips) 
Seat 5: Evelexy1 ($105.78 in chips) 
Seat 6: Yoalfre ($111.90 in chips) 
Unipoker11: posts small blind $0.50
YeeesMan: posts big blind $1
*** HOLE CARDS ***
Evelexy1: folds 
Yoalfre: folds 
k8rlos: raises $1 to $2
AlexPinsk1: raises $5 to $7
Unipoker11: folds 
YeeesMan: folds 
k8rlos: calls $5
*** FLOP *** [2d Qc 6h]
k8rlos: checks 
AlexPinsk1: bets $4.86
k8rlos: calls $4.86
*** TURN *** [2d Qc 6h] [As]
k8rlos: checks 
AlexPinsk1: bets $16.50
k8rlos: folds 
Uncalled bet ($16.50) returned to AlexPinsk1
AlexPinsk1 collected $23.96 from pot
AlexPinsk1: doesn't show hand 
*** SUMMARY ***
Total pot $25.22 | Rake $1.26 
Board [2d Qc 6h As]
Seat 1: k8rlos folded on the Turn
Seat 2: AlexPinsk1 (button) collected ($23.96)
Seat 3: Unipoker11 (small blind) folded before Flop
Seat 4: YeeesMan (big blind) folded before Flop
Seat 5: Evelexy1 folded before Flop (didn't bet)
Seat 6: Yoalfre folded before Flop (didn't bet)



PokerStars Hand #254433547369:  Hold'em No Limit ($0.50/$1.00 USD) - 2025/01/18 17:12:23 WET [2025/01/18 12:12:23 ET]
Table 'Ate IV' 6-max Seat #3 is the button
Seat 1: k8rlos ($211.83 in chips) is sitting out
Seat 2: AlexPinsk1 ($112.10 in chips) 
Seat 3: Unipoker11 ($100 in chips) 
Seat 4: YeeesMan ($192.21 in chips) 
Seat 5: Evelexy1 ($105.78 in chips) 
Seat 6: Yoalfre ($111.90 in chips) 
YeeesMan: posts small blind $0.50
Evelexy1: posts big blind $1
*** HOLE CARDS ***
k8rlos leaves the table
Yoalfre: folds 
AlexPinsk1: folds 
Unipoker11: raises $1.50 to $2.50
YeeesMan: folds 
Evelexy1: folds 
Uncalled bet ($1.50) returned to Unipoker11
Evelexy1 leaves the table
Unipoker11 collected $2.50 from pot
Unipoker11: doesn't show hand 
*** SUMMARY ***
Total pot $2.50 | Rake $0 
Seat 1: k8rlos
Seat 2: AlexPinsk1 folded before Flop (didn't bet)
Seat 3: Unipoker11 (button) collected ($2.50)
Seat 4: YeeesMan (small blind) folded before Flop
Seat 5: Evelexy1 (big blind) folded before Flop
Seat 6: Yoalfre folded before Flop (didn't bet)



