PokerStars Hand #254440906526:  Hold'em No Limit ($0.50/$1.00 USD) - 2025/01/18 0:36:06 WET [2025/01/18 19:36:06 ET]
Table 'Lavonne III' 6-max Seat #2 is the button
Seat 1: m0nTTu ($92 in chips) 
Seat 2: maver200981 ($88.65 in chips) 
Seat 3: nikalas22 ($100 in chips) 
Seat 4: [FB]Voodoo ($100 in chips) 
Seat 5: EvilReality ($100 in chips) 
Seat 6: CEPTT ($100 in chips) 
nikalas22: posts small blind $0.50
[FB]Voodoo: posts big blind $1
*** HOLE CARDS ***
EvilReality: folds 
CEPTT: folds 
m0nTTu: folds 
maver200981: raises $1.50 to $2.50
nikalas22: folds 
[FB]Voodoo: calls $1.50
*** FLOP *** [3s Kh Jc]
[FB]Voodoo: checks 
maver200981: checks 
*** TURN *** [3s Kh Jc] [7s]
[FB]Voodoo: checks 
maver200981: checks 
*** RIVER *** [3s Kh Jc 7s] [Jd]
[FB]Voodoo: checks 
maver200981: checks 
*** SHOW DOWN ***
[FB]Voodoo: shows [Ad 4c] (a pair of Jacks)
maver200981: shows [Td Tc] (two pair, Jacks and Tens)
maver200981 collected $5.22 from pot
*** SUMMARY ***
Total pot $5.50 | Rake $0.28 
Board [3s Kh Jc 7s Jd]
Seat 1: m0nTTu folded before Flop (didn't bet)
Seat 2: maver200981 (button) showed [Td Tc] and won ($5.22) with two pair, Jacks and Tens
Seat 3: nikalas22 (small blind) folded before Flop
Seat 4: [FB]Voodoo (big blind) showed [Ad 4c] and lost with a pair of Jacks
Seat 5: EvilReality folded before Flop (didn't bet)
Seat 6: CEPTT folded before Flop (didn't bet)



PokerStars Hand #254440914479:  Hold'em No Limit ($0.50/$1.00 USD) - 2025/01/18 0:36:43 WET [2025/01/18 19:36:43 ET]
Table 'Lavonne III' 6-max Seat #3 is the button
Seat 1: m0nTTu ($92 in chips) 
Seat 2: maver200981 ($91.37 in chips) 
Seat 3: nikalas22 ($100 in chips) 
Seat 4: [FB]Voodoo ($100 in chips) 
Seat 5: EvilReality ($100 in chips) 
Seat 6: CEPTT ($100 in chips) 
[FB]Voodoo: posts small blind $0.50
EvilReality: posts big blind $1
*** HOLE CARDS ***
CEPTT: folds 
m0nTTu: folds 
maver200981: folds 
nikalas22: raises $1.50 to $2.50
[FB]Voodoo: folds 
EvilReality: calls $1.50
*** FLOP *** [2c 9c 2d]
EvilReality: checks 
nikalas22: checks 
*** TURN *** [2c 9c 2d] [8d]
EvilReality: checks 
nikalas22: checks 
*** RIVER *** [2c 9c 2d 8d] [8h]
EvilReality: bets $10.50
nikalas22: raises $22 to $32.50
EvilReality: folds 
Uncalled bet ($22) returned to nikalas22
nikalas22 collected $25.18 from pot
nikalas22: doesn't show hand 
*** SUMMARY ***
Total pot $26.50 | Rake $1.32 
Board [2c 9c 2d 8d 8h]
Seat 1: m0nTTu folded before Flop (didn't bet)
Seat 2: maver200981 folded before Flop (didn't bet)
Seat 3: nikalas22 (button) collected ($25.18)
Seat 4: [FB]Voodoo (small blind) folded before Flop
Seat 5: EvilReality (big blind) folded on the River
Seat 6: CEPTT folded before Flop (didn't bet)



PokerStars Hand #254440929575:  Hold'em No Limit ($0.50/$1.00 USD) - 2025/01/18 0:37:56 WET [2025/01/18 19:37:56 ET]
Table 'Lavonne III' 6-max Seat #4 is the button
Seat 6: CEPTT ($100 in chips) is sitting out
Seat 1: m0nTTu ($92 in chips) 
Seat 2: maver200981 ($91.37 in chips) 
Seat 3: nikalas22 ($112.18 in chips) 
Seat 4: [FB]Voodoo ($100 in chips) 
Seat 5: EvilReality ($100 in chips) 
EvilReality: posts small blind $0.50
CEPTT: is sitting out 
m0nTTu: posts big blind $1
*** HOLE CARDS ***
CEPTT leaves the table
maver200981: raises $2 to $3
nikalas22: folds 
XneferX joins the table at seat #6 
[FB]Voodoo: folds 
EvilReality: folds 
m0nTTu: folds 
Uncalled bet ($2) returned to maver200981
maver200981 collected $2.50 from pot
maver200981: doesn't show hand 
*** SUMMARY ***
Total pot $2.50 | Rake $0 
Seat 6: CEPTT
Seat 1: m0nTTu (big blind) folded before Flop
Seat 2: maver200981 collected ($2.50)
Seat 3: nikalas22 folded before Flop (didn't bet)
Seat 4: [FB]Voodoo (button) folded before Flop (didn't bet)
Seat 5: EvilReality (small blind) folded before Flop



PokerStars Hand #254440935685:  Hold'em No Limit ($0.50/$1.00 USD) - 2025/01/18 0:38:25 WET [2025/01/18 19:38:25 ET]
Table 'Lavonne III' 6-max Seat #5 is the button
Seat 6: XneferX ($100 in chips) is sitting out
Seat 1: m0nTTu ($91 in chips) 
Seat 2: maver200981 ($92.87 in chips) 
Seat 3: nikalas22 ($112.18 in chips) 
Seat 4: [FB]Voodoo ($100 in chips) 
Seat 5: EvilReality ($100 in chips) 
m0nTTu: posts small blind $0.50
maver200981: posts big blind $1
*** HOLE CARDS ***
nikalas22: folds 
[FB]Voodoo: raises $1.50 to $2.50
EvilReality: calls $2.50
m0nTTu: folds 
maver200981: calls $1.50
*** FLOP *** [Kd 2s Qd]
maver200981: checks 
[FB]Voodoo: bets $2.51
EvilReality: folds 
maver200981: calls $2.51
*** TURN *** [Kd 2s Qd] [9s]
maver200981: checks 
[FB]Voodoo: bets $10.65
maver200981: folds 
Uncalled bet ($10.65) returned to [FB]Voodoo
[FB]Voodoo collected $12.37 from pot
[FB]Voodoo: doesn't show hand 
*** SUMMARY ***
Total pot $13.02 | Rake $0.65 
Board [Kd 2s Qd 9s]
Seat 6: XneferX
Seat 1: m0nTTu (small blind) folded before Flop
Seat 2: maver200981 (big blind) folded on the Turn
Seat 3: nikalas22 folded before Flop (didn't bet)
Seat 4: [FB]Voodoo collected ($12.37)
Seat 5: EvilReality (button) folded on the Flop



PokerStars Hand #254440944534:  Hold'em No Limit ($0.50/$1.00 USD) - 2025/01/18 0:39:08 WET [2025/01/18 19:39:08 ET]
Table 'Lavonne III' 6-max Seat #1 is the button
Seat 6: XneferX ($100 in chips) is sitting out
Seat 1: m0nTTu ($90.50 in chips) 
Seat 2: maver200981 ($87.86 in chips) 
Seat 3: nikalas22 ($112.18 in chips) 
Seat 4: [FB]Voodoo ($107.36 in chips) 
Seat 5: EvilReality ($100 in chips) 
maver200981: posts small blind $0.50
nikalas22: posts big blind $1
XneferX: sits out 
*** HOLE CARDS ***
[FB]Voodoo: raises $1.50 to $2.50
EvilReality: folds 
m0nTTu: folds 
maver200981: folds 
nikalas22: folds 
Uncalled bet ($1.50) returned to [FB]Voodoo
[FB]Voodoo collected $2.50 from pot
[FB]Voodoo: doesn't show hand 
*** SUMMARY ***
Total pot $2.50 | Rake $0 
Seat 6: XneferX
Seat 1: m0nTTu (button) folded before Flop (didn't bet)
Seat 2: maver200981 (small blind) folded before Flop
Seat 3: nikalas22 (big blind) folded before Flop
Seat 4: [FB]Voodoo collected ($2.50)
Seat 5: EvilReality folded before Flop (didn't bet)



PokerStars Hand #254440947645:  Hold'em No Limit ($0.50/$1.00 USD) - 2025/01/18 0:39:23 WET [2025/01/18 19:39:23 ET]
Table 'Lavonne III' 6-max Seat #2 is the button
Seat 4: [FB]Voodoo ($108.86 in chips) is sitting out
Seat 5: EvilReality ($100 in chips) is sitting out
Seat 1: m0nTTu ($90.50 in chips) 
Seat 2: maver200981 ($87.36 in chips) 
Seat 3: nikalas22 ($111.18 in chips) 
Seat 6: XneferX ($100 in chips) 
nikalas22: posts small blind $0.50
[FB]Voodoo: is sitting out 
EvilReality: is sitting out 
XneferX: posts big blind $1
*** HOLE CARDS ***
[FB]Voodoo leaves the table
m0nTTu: folds 
maver200981: folds 
nikalas22: raises $2 to $3
EvilReality leaves the table
XneferX: raises $6 to $9
nikalas22: raises $12 to $21
XneferX: folds 
Uncalled bet ($12) returned to nikalas22
nikalas22 collected $18 from pot
nikalas22: doesn't show hand 
*** SUMMARY ***
Total pot $18 | Rake $0 
Seat 4: [FB]Voodoo
Seat 5: EvilReality
Seat 1: m0nTTu folded before Flop (didn't bet)
Seat 2: maver200981 (button) folded before Flop (didn't bet)
Seat 3: nikalas22 (small blind) collected ($18)
Seat 6: XneferX (big blind) folded before Flop



PokerStars Hand #254440958147:  Hold'em No Limit ($0.50/$1.00 USD) - 2025/01/18 0:40:14 WET [2025/01/18 19:40:14 ET]
Table 'Lavonne III' 6-max Seat #3 is the button
Seat 1: m0nTTu ($90.50 in chips) is sitting out
Seat 2: maver200981 ($87.36 in chips) 
Seat 3: nikalas22 ($120.18 in chips) 
Seat 6: XneferX ($100 in chips) 
XneferX: posts small blind $0.50
m0nTTu: is sitting out 
maver200981: posts big blind $1
*** HOLE CARDS ***
nikalas22: folds 
XneferX: folds 
Uncalled bet ($0.50) returned to maver200981
maver200981 collected $1 from pot
maver200981: doesn't show hand 
m0nTTu leaves the table
*** SUMMARY ***
Total pot $1 | Rake $0 
Seat 1: m0nTTu
Seat 2: maver200981 (big blind) collected ($1)
Seat 3: nikalas22 (button) folded before Flop (didn't bet)
Seat 6: XneferX (small blind) folded before Flop



PokerStars Hand #254440959495:  Hold'em No Limit ($0.50/$1.00 USD) - 2025/01/18 0:40:21 WET [2025/01/18 19:40:21 ET]
Table 'Lavonne III' 6-max Seat #6 is the button
Seat 2: maver200981 ($87.86 in chips) 
Seat 3: nikalas22 ($120.18 in chips) 
Seat 6: XneferX ($100 in chips) 
maver200981: posts small blind $0.50
nikalas22: posts big blind $1
*** HOLE CARDS ***
XneferX: folds 
maver200981: folds 
Uncalled bet ($0.50) returned to nikalas22
nikalas22 collected $1 from pot
nikalas22: doesn't show hand 
*** SUMMARY ***
Total pot $1 | Rake $0 
Seat 2: maver200981 (small blind) folded before Flop
Seat 3: nikalas22 (big blind) collected ($1)
Seat 6: XneferX (button) folded before Flop (didn't bet)



PokerStars Hand #254440960997:  Hold'em No Limit ($0.50/$1.00 USD) - 2025/01/18 0:40:28 WET [2025/01/18 19:40:28 ET]
Table 'Lavonne III' 6-max Seat #2 is the button
Seat 2: maver200981 ($87.36 in chips) 
Seat 3: nikalas22 ($120.68 in chips) 
Seat 6: XneferX ($100 in chips) 
nikalas22: posts small blind $0.50
XneferX: posts big blind $1
*** HOLE CARDS ***
maver200981: raises $1 to $2
ReVeu710 joins the table at seat #4 
nikalas22: folds 
rrrro joins the table at seat #5 
xcinaz joins the table at seat #1 
XneferX: folds 
Uncalled bet ($1) returned to maver200981
maver200981 collected $2.50 from pot
maver200981: doesn't show hand 
*** SUMMARY ***
Total pot $2.50 | Rake $0 
Seat 2: maver200981 (button) collected ($2.50)
Seat 3: nikalas22 (small blind) folded before Flop
Seat 6: XneferX (big blind) folded before Flop



PokerStars Hand #254440965729:  Hold'em No Limit ($0.50/$1.00 USD) - 2025/01/18 0:40:51 WET [2025/01/18 19:40:51 ET]
Table 'Lavonne III' 6-max Seat #3 is the button
Seat 4: ReVeu710 ($100 in chips) is sitting out
Seat 5: rrrro ($100 in chips) is sitting out
Seat 1: xcinaz ($100 in chips) 
Seat 2: maver200981 ($88.86 in chips) 
Seat 3: nikalas22 ($120.18 in chips) 
Seat 6: XneferX ($100 in chips) 
XneferX: posts small blind $0.50
xcinaz: posts big blind $1
*** HOLE CARDS ***
maver200981: folds 
nikalas22: folds 
XneferX: folds 
Uncalled bet ($0.50) returned to xcinaz
xcinaz collected $1 from pot
xcinaz: doesn't show hand 
*** SUMMARY ***
Total pot $1 | Rake $0 
Seat 4: ReVeu710
Seat 5: rrrro
Seat 1: xcinaz (big blind) collected ($1)
Seat 2: maver200981 folded before Flop (didn't bet)
Seat 3: nikalas22 (button) folded before Flop (didn't bet)
Seat 6: XneferX (small blind) folded before Flop



PokerStars Hand #254440967662:  Hold'em No Limit ($0.50/$1.00 USD) - 2025/01/18 0:41:00 WET [2025/01/18 19:41:00 ET]
Table 'Lavonne III' 6-max Seat #6 is the button
Seat 4: ReVeu710 ($100 in chips) is sitting out
Seat 5: rrrro ($100 in chips) is sitting out
Seat 1: xcinaz ($100.50 in chips) 
Seat 2: maver200981 ($88.86 in chips) 
Seat 3: nikalas22 ($120.18 in chips) 
Seat 6: XneferX ($100 in chips) 
xcinaz: posts small blind $0.50
maver200981: posts big blind $1
ReVeu710: sits out 
rrrro: sits out 
*** HOLE CARDS ***
nikalas22: folds 
XneferX: raises $1.77 to $2.77
xcinaz: folds 
maver200981: calls $1.77
*** FLOP *** [2c Ts 3c]
maver200981: checks 
XneferX: bets $1.20
maver200981: raises $4.07 to $5.27
XneferX: folds 
Uncalled bet ($4.07) returned to maver200981
maver200981 collected $8.02 from pot
maver200981: doesn't show hand 
*** SUMMARY ***
Total pot $8.44 | Rake $0.42 
Board [2c Ts 3c]
Seat 4: ReVeu710
Seat 5: rrrro
Seat 1: xcinaz (small blind) folded before Flop
Seat 2: maver200981 (big blind) collected ($8.02)
Seat 3: nikalas22 folded before Flop (didn't bet)
Seat 6: XneferX (button) folded on the Flop



PokerStars Hand #254440977314:  Hold'em No Limit ($0.50/$1.00 USD) - 2025/01/18 0:41:47 WET [2025/01/18 19:41:47 ET]
Table 'Lavonne III' 6-max Seat #1 is the button
Seat 4: ReVeu710 ($100 in chips) is sitting out
Seat 5: rrrro ($100 in chips) is sitting out
Seat 1: xcinaz ($100 in chips) 
Seat 2: maver200981 ($92.91 in chips) 
Seat 3: nikalas22 ($120.18 in chips) 
Seat 6: XneferX ($100 in chips) 
maver200981: posts small blind $0.50
nikalas22: posts big blind $1
ReVeu710: sits out 
rrrro: sits out 
*** HOLE CARDS ***
XneferX: folds 
xcinaz: folds 
maver200981: raises $1 to $2
nikalas22: calls $1
*** FLOP *** [5c Ad 8s]
maver200981: bets $1.90
nikalas22: folds 
Uncalled bet ($1.90) returned to maver200981
maver200981 collected $3.80 from pot
maver200981: doesn't show hand 
*** SUMMARY ***
Total pot $4 | Rake $0.20 
Board [5c Ad 8s]
Seat 4: ReVeu710
Seat 5: rrrro
Seat 1: xcinaz (button) folded before Flop (didn't bet)
Seat 2: maver200981 (small blind) collected ($3.80)
Seat 3: nikalas22 (big blind) folded on the Flop
Seat 6: XneferX folded before Flop (didn't bet)



PokerStars Hand #254440982898:  Hold'em No Limit ($0.50/$1.00 USD) - 2025/01/18 0:42:13 WET [2025/01/18 19:42:13 ET]
Table 'Lavonne III' 6-max Seat #2 is the button
Seat 5: rrrro ($100 in chips) is sitting out
Seat 1: xcinaz ($100 in chips) 
Seat 2: maver200981 ($94.71 in chips) 
Seat 3: nikalas22 ($118.18 in chips) 
Seat 4: ReVeu710 ($100 in chips) 
Seat 6: XneferX ($100 in chips) 
nikalas22: posts small blind $0.50
ReVeu710: posts big blind $1
rrrro: sits out 
*** HOLE CARDS ***
XneferX: folds 
xcinaz: folds 
maver200981: folds 
nikalas22: raises $2 to $3
ReVeu710: calls $2
*** FLOP *** [9c Js Jh]
nikalas22: checks 
ReVeu710: checks 
*** TURN *** [9c Js Jh] [4d]
nikalas22: checks 
ReVeu710: checks 
*** RIVER *** [9c Js Jh 4d] [3h]
nikalas22: checks 
ReVeu710: checks 
*** SHOW DOWN ***
nikalas22: shows [8c Ac] (a pair of Jacks)
ReVeu710: mucks hand 
nikalas22 collected $5.70 from pot
*** SUMMARY ***
Total pot $6 | Rake $0.30 
Board [9c Js Jh 4d 3h]
Seat 5: rrrro
Seat 1: xcinaz folded before Flop (didn't bet)
Seat 2: maver200981 (button) folded before Flop (didn't bet)
Seat 3: nikalas22 (small blind) showed [8c Ac] and won ($5.70) with a pair of Jacks
Seat 4: ReVeu710 (big blind) mucked
Seat 6: XneferX folded before Flop (didn't bet)



PokerStars Hand #254441021272:  Hold'em No Limit ($0.50/$1.00 USD) - 2025/01/18 0:45:21 WET [2025/01/18 19:45:21 ET]
Table 'Lavonne III' 6-max Seat #5 is the button
Seat 1: xcinaz ($118.84 in chips) 
Seat 2: maver200981 ($92.71 in chips) 
Seat 3: nikalas22 ($120.88 in chips) 
Seat 4: ReVeu710 ($101.50 in chips) 
Seat 5: rrrro ($100 in chips) 
Seat 6: XneferX ($100 in chips) 
XneferX: posts small blind $0.50
xcinaz: posts big blind $1
*** HOLE CARDS ***
maver200981: folds 
nikalas22: folds 
ReVeu710: raises $1.30 to $2.30
rrrro: folds 
XneferX: folds 
xcinaz: calls $1.30
*** FLOP *** [5h Ah 2d]
xcinaz: checks 
ReVeu710: bets $1.21
xcinaz: folds 
Uncalled bet ($1.21) returned to ReVeu710
ReVeu710 collected $4.84 from pot
ReVeu710: doesn't show hand 
*** SUMMARY ***
Total pot $5.10 | Rake $0.26 
Board [5h Ah 2d]
Seat 1: xcinaz (big blind) folded on the Flop
Seat 2: maver200981 folded before Flop (didn't bet)
Seat 3: nikalas22 folded before Flop (didn't bet)
Seat 4: ReVeu710 collected ($4.84)
Seat 5: rrrro (button) folded before Flop (didn't bet)
Seat 6: XneferX (small blind) folded before Flop



PokerStars Hand #254441028778:  Hold'em No Limit ($0.50/$1.00 USD) - 2025/01/18 0:45:58 WET [2025/01/18 19:45:58 ET]
Table 'Lavonne III' 6-max Seat #6 is the button
Seat 1: xcinaz ($116.54 in chips) 
Seat 2: maver200981 ($92.71 in chips) 
Seat 3: nikalas22 ($120.88 in chips) 
Seat 4: ReVeu710 ($104.04 in chips) 
Seat 5: rrrro ($100 in chips) 
Seat 6: XneferX ($100 in chips) 
xcinaz: posts small blind $0.50
maver200981: posts big blind $1
*** HOLE CARDS ***
nikalas22: folds 
ReVeu710: folds 
rrrro: folds 
XneferX: folds 
xcinaz: folds 
Uncalled bet ($0.50) returned to maver200981
maver200981 collected $1 from pot
maver200981: doesn't show hand 
*** SUMMARY ***
Total pot $1 | Rake $0 
Seat 1: xcinaz (small blind) folded before Flop
Seat 2: maver200981 (big blind) collected ($1)
Seat 3: nikalas22 folded before Flop (didn't bet)
Seat 4: ReVeu710 folded before Flop (didn't bet)
Seat 5: rrrro folded before Flop (didn't bet)
Seat 6: XneferX (button) folded before Flop (didn't bet)



PokerStars Hand #254441031582:  Hold'em No Limit ($0.50/$1.00 USD) - 2025/01/18 0:46:11 WET [2025/01/18 19:46:11 ET]
Table 'Lavonne III' 6-max Seat #1 is the button
Seat 1: xcinaz ($116.04 in chips) 
Seat 2: maver200981 ($93.21 in chips) 
Seat 3: nikalas22 ($120.88 in chips) 
Seat 4: ReVeu710 ($104.04 in chips) 
Seat 5: rrrro ($100 in chips) 
Seat 6: XneferX ($100 in chips) 
maver200981: posts small blind $0.50
nikalas22: posts big blind $1
*** HOLE CARDS ***
ReVeu710: folds 
rrrro: raises $1 to $2
XneferX: folds 
xcinaz: folds 
maver200981: folds 
nikalas22: folds 
Uncalled bet ($1) returned to rrrro
rrrro collected $2.50 from pot
rrrro: doesn't show hand 
*** SUMMARY ***
Total pot $2.50 | Rake $0 
Seat 1: xcinaz (button) folded before Flop (didn't bet)
Seat 2: maver200981 (small blind) folded before Flop
Seat 3: nikalas22 (big blind) folded before Flop
Seat 4: ReVeu710 folded before Flop (didn't bet)
Seat 5: rrrro collected ($2.50)
Seat 6: XneferX folded before Flop (didn't bet)



PokerStars Hand #254441035931:  Hold'em No Limit ($0.50/$1.00 USD) - 2025/01/18 0:46:32 WET [2025/01/18 19:46:32 ET]
Table 'Lavonne III' 6-max Seat #2 is the button
Seat 1: xcinaz ($116.04 in chips) 
Seat 2: maver200981 ($92.71 in chips) 
Seat 3: nikalas22 ($119.88 in chips) 
Seat 4: ReVeu710 ($104.04 in chips) 
Seat 5: rrrro ($101.50 in chips) 
Seat 6: XneferX ($100 in chips) 
nikalas22: posts small blind $0.50
ReVeu710: posts big blind $1
*** HOLE CARDS ***
rrrro: folds 
XneferX: raises $1.10 to $2.10
xcinaz: folds 
maver200981: raises $4.10 to $6.20
nikalas22: folds 
ReVeu710: folds 
XneferX: folds 
Uncalled bet ($4.10) returned to maver200981
maver200981 collected $5.70 from pot
maver200981: doesn't show hand 
*** SUMMARY ***
Total pot $5.70 | Rake $0 
Seat 1: xcinaz folded before Flop (didn't bet)
Seat 2: maver200981 (button) collected ($5.70)
Seat 3: nikalas22 (small blind) folded before Flop
Seat 4: ReVeu710 (big blind) folded before Flop
Seat 5: rrrro folded before Flop (didn't bet)
Seat 6: XneferX folded before Flop



PokerStars Hand #254441045536:  Hold'em No Limit ($0.50/$1.00 USD) - 2025/01/18 0:47:19 WET [2025/01/18 19:47:19 ET]
Table 'Lavonne III' 6-max Seat #3 is the button
Seat 1: xcinaz ($116.04 in chips) 
Seat 2: maver200981 ($96.31 in chips) 
Seat 3: nikalas22 ($119.38 in chips) 
Seat 4: ReVeu710 ($103.04 in chips) 
Seat 5: rrrro ($101.50 in chips) 
Seat 6: XneferX ($100 in chips) 
ReVeu710: posts small blind $0.50
rrrro: posts big blind $1
*** HOLE CARDS ***
XneferX: folds 
xcinaz: folds 
maver200981: folds 
nikalas22: folds 
ReVeu710: raises $2 to $3
rrrro: raises $6 to $9
ReVeu710: folds 
Uncalled bet ($6) returned to rrrro
rrrro collected $6 from pot
rrrro: doesn't show hand 
*** SUMMARY ***
Total pot $6 | Rake $0 
Seat 1: xcinaz folded before Flop (didn't bet)
Seat 2: maver200981 folded before Flop (didn't bet)
Seat 3: nikalas22 (button) folded before Flop (didn't bet)
Seat 4: ReVeu710 (small blind) folded before Flop
Seat 5: rrrro (big blind) collected ($6)
Seat 6: XneferX folded before Flop (didn't bet)



PokerStars Hand #254441049818:  Hold'em No Limit ($0.50/$1.00 USD) - 2025/01/18 0:47:40 WET [2025/01/18 19:47:40 ET]
Table 'Lavonne III' 6-max Seat #4 is the button
Seat 1: xcinaz ($116.04 in chips) 
Seat 2: maver200981 ($96.31 in chips) 
Seat 3: nikalas22 ($119.38 in chips) 
Seat 4: ReVeu710 ($100.04 in chips) 
Seat 5: rrrro ($104.50 in chips) 
Seat 6: XneferX ($100 in chips) 
rrrro: posts small blind $0.50
XneferX: posts big blind $1
*** HOLE CARDS ***
xcinaz: folds 
maver200981: folds 
nikalas22: folds 
ReVeu710: folds 
rrrro: folds 
Uncalled bet ($0.50) returned to XneferX
XneferX collected $1 from pot
XneferX: doesn't show hand 
*** SUMMARY ***
Total pot $1 | Rake $0 
Seat 1: xcinaz folded before Flop (didn't bet)
Seat 2: maver200981 folded before Flop (didn't bet)
Seat 3: nikalas22 folded before Flop (didn't bet)
Seat 4: ReVeu710 (button) folded before Flop (didn't bet)
Seat 5: rrrro (small blind) folded before Flop
Seat 6: XneferX (big blind) collected ($1)



PokerStars Hand #254441052930:  Hold'em No Limit ($0.50/$1.00 USD) - 2025/01/18 0:47:55 WET [2025/01/18 19:47:55 ET]
Table 'Lavonne III' 6-max Seat #5 is the button
Seat 1: xcinaz ($116.04 in chips) 
Seat 2: maver200981 ($96.31 in chips) 
Seat 3: nikalas22 ($119.38 in chips) 
Seat 4: ReVeu710 ($100.04 in chips) 
Seat 5: rrrro ($104 in chips) 
Seat 6: XneferX ($100.50 in chips) 
XneferX: posts small blind $0.50
xcinaz: posts big blind $1
*** HOLE CARDS ***
maver200981: folds 
nikalas22: folds 
ReVeu710: folds 
rrrro: folds 
XneferX: folds 
Uncalled bet ($0.50) returned to xcinaz
xcinaz collected $1 from pot
xcinaz: doesn't show hand 
*** SUMMARY ***
Total pot $1 | Rake $0 
Seat 1: xcinaz (big blind) collected ($1)
Seat 2: maver200981 folded before Flop (didn't bet)
Seat 3: nikalas22 folded before Flop (didn't bet)
Seat 4: ReVeu710 folded before Flop (didn't bet)
Seat 5: rrrro (button) folded before Flop (didn't bet)
Seat 6: XneferX (small blind) folded before Flop



PokerStars Hand #254441058130:  Hold'em No Limit ($0.50/$1.00 USD) - 2025/01/18 0:48:21 WET [2025/01/18 19:48:21 ET]
Table 'Lavonne III' 6-max Seat #6 is the button
Seat 1: xcinaz ($116.54 in chips) 
Seat 2: maver200981 ($96.31 in chips) 
Seat 3: nikalas22 ($119.38 in chips) 
Seat 4: ReVeu710 ($100.04 in chips) 
Seat 5: rrrro ($104 in chips) 
Seat 6: XneferX ($100 in chips) 
xcinaz: posts small blind $0.50
maver200981: posts big blind $1
*** HOLE CARDS ***
nikalas22: folds 
ReVeu710: folds 
rrrro: folds 
XneferX: raises $1.77 to $2.77
xcinaz: folds 
maver200981: calls $1.77
*** FLOP *** [5d 4d 2d]
maver200981: checks 
XneferX: bets $1.20
maver200981: calls $1.20
*** TURN *** [5d 4d 2d] [Jc]
maver200981: checks 
XneferX: bets $6.18
maver200981: calls $6.18
*** RIVER *** [5d 4d 2d Jc] [2c]
maver200981: checks 
XneferX: checks 
*** SHOW DOWN ***
maver200981: shows [3h Jh] (two pair, Jacks and Deuces)
XneferX: mucks hand 
maver200981 collected $19.76 from pot
*** SUMMARY ***
Total pot $20.80 | Rake $1.04 
Board [5d 4d 2d Jc 2c]
Seat 1: xcinaz (small blind) folded before Flop
Seat 2: maver200981 (big blind) showed [3h Jh] and won ($19.76) with two pair, Jacks and Deuces
Seat 3: nikalas22 folded before Flop (didn't bet)
Seat 4: ReVeu710 folded before Flop (didn't bet)
Seat 5: rrrro folded before Flop (didn't bet)
Seat 6: XneferX (button) mucked



PokerStars Hand #254441073063:  Hold'em No Limit ($0.50/$1.00 USD) - 2025/01/18 0:49:33 WET [2025/01/18 19:49:33 ET]
Table 'Lavonne III' 6-max Seat #1 is the button
Seat 1: xcinaz ($116.04 in chips) 
Seat 2: maver200981 ($105.92 in chips) 
Seat 3: nikalas22 ($119.38 in chips) 
Seat 4: ReVeu710 ($100.04 in chips) 
Seat 5: rrrro ($104 in chips) 
Seat 6: XneferX ($100 in chips) 
maver200981: posts small blind $0.50
nikalas22: posts big blind $1
*** HOLE CARDS ***
ReVeu710: folds 
rrrro: folds 
XneferX: folds 
xcinaz: raises $1.50 to $2.50
maver200981: folds 
nikalas22: folds 
Uncalled bet ($1.50) returned to xcinaz
xcinaz collected $2.50 from pot
xcinaz: doesn't show hand 
*** SUMMARY ***
Total pot $2.50 | Rake $0 
Seat 1: xcinaz (button) collected ($2.50)
Seat 2: maver200981 (small blind) folded before Flop
Seat 3: nikalas22 (big blind) folded before Flop
Seat 4: ReVeu710 folded before Flop (didn't bet)
Seat 5: rrrro folded before Flop (didn't bet)
Seat 6: XneferX folded before Flop (didn't bet)



PokerStars Hand #254441077553:  Hold'em No Limit ($0.50/$1.00 USD) - 2025/01/18 0:49:55 WET [2025/01/18 19:49:55 ET]
Table 'Lavonne III' 6-max Seat #2 is the button
Seat 1: xcinaz ($117.54 in chips) 
Seat 2: maver200981 ($105.42 in chips) 
Seat 3: nikalas22 ($118.38 in chips) 
Seat 4: ReVeu710 ($100.04 in chips) 
Seat 5: rrrro ($104 in chips) 
Seat 6: XneferX ($100 in chips) 
nikalas22: posts small blind $0.50
ReVeu710: posts big blind $1
*** HOLE CARDS ***
rrrro: folds 
XneferX: folds 
xcinaz: folds 
maver200981: folds 
nikalas22: raises $2 to $3
ReVeu710: raises $7 to $10
nikalas22: calls $7
*** FLOP *** [2d Th 4d]
nikalas22: checks 
ReVeu710: checks 
*** TURN *** [2d Th 4d] [2c]
nikalas22: bets $5.70
ReVeu710: calls $5.70
*** RIVER *** [2d Th 4d 2c] [Kh]
nikalas22: checks 
ReVeu710: bets $33.41
nikalas22: folds 
Uncalled bet ($33.41) returned to ReVeu710
ReVeu710 collected $29.83 from pot
ReVeu710: doesn't show hand 
*** SUMMARY ***
Total pot $31.40 | Rake $1.57 
Board [2d Th 4d 2c Kh]
Seat 1: xcinaz folded before Flop (didn't bet)
Seat 2: maver200981 (button) folded before Flop (didn't bet)
Seat 3: nikalas22 (small blind) folded on the River
Seat 4: ReVeu710 (big blind) collected ($29.83)
Seat 5: rrrro folded before Flop (didn't bet)
Seat 6: XneferX folded before Flop (didn't bet)



PokerStars Hand #254441091201:  Hold'em No Limit ($0.50/$1.00 USD) - 2025/01/18 0:51:02 WET [2025/01/18 19:51:02 ET]
Table 'Lavonne III' 6-max Seat #3 is the button
Seat 1: xcinaz ($117.54 in chips) 
Seat 2: maver200981 ($105.42 in chips) 
Seat 3: nikalas22 ($102.68 in chips) 
Seat 4: ReVeu710 ($114.17 in chips) 
Seat 5: rrrro ($104 in chips) 
Seat 6: XneferX ($100 in chips) 
ReVeu710: posts small blind $0.50
rrrro: posts big blind $1
*** HOLE CARDS ***
XneferX: raises $1.10 to $2.10
xcinaz: folds 
maver200981: folds 
nikalas22: folds 
ReVeu710: folds 
rrrro: folds 
Uncalled bet ($1.10) returned to XneferX
XneferX collected $2.50 from pot
XneferX: doesn't show hand 
*** SUMMARY ***
Total pot $2.50 | Rake $0 
Seat 1: xcinaz folded before Flop (didn't bet)
Seat 2: maver200981 folded before Flop (didn't bet)
Seat 3: nikalas22 (button) folded before Flop (didn't bet)
Seat 4: ReVeu710 (small blind) folded before Flop
Seat 5: rrrro (big blind) folded before Flop
Seat 6: XneferX collected ($2.50)



PokerStars Hand #254441098174:  Hold'em No Limit ($0.50/$1.00 USD) - 2025/01/18 0:51:37 WET [2025/01/18 19:51:37 ET]
Table 'Lavonne III' 6-max Seat #4 is the button
Seat 1: xcinaz ($117.54 in chips) 
Seat 2: maver200981 ($105.42 in chips) 
Seat 3: nikalas22 ($102.68 in chips) 
Seat 4: ReVeu710 ($113.67 in chips) 
Seat 5: rrrro ($103 in chips) 
Seat 6: XneferX ($101.50 in chips) 
rrrro: posts small blind $0.50
XneferX: posts big blind $1
*** HOLE CARDS ***
xcinaz: folds 
maver200981: raises $2 to $3
nikalas22: folds 
ReVeu710: folds 
rrrro: folds 
XneferX: folds 
Uncalled bet ($2) returned to maver200981
maver200981 collected $2.50 from pot
maver200981: doesn't show hand 
*** SUMMARY ***
Total pot $2.50 | Rake $0 
Seat 1: xcinaz folded before Flop (didn't bet)
Seat 2: maver200981 collected ($2.50)
Seat 3: nikalas22 folded before Flop (didn't bet)
Seat 4: ReVeu710 (button) folded before Flop (didn't bet)
Seat 5: rrrro (small blind) folded before Flop
Seat 6: XneferX (big blind) folded before Flop



PokerStars Hand #254441101116:  Hold'em No Limit ($0.50/$1.00 USD) - 2025/01/18 0:51:52 WET [2025/01/18 19:51:52 ET]
Table 'Lavonne III' 6-max Seat #5 is the button
Seat 1: xcinaz ($117.54 in chips) 
Seat 2: maver200981 ($106.92 in chips) 
Seat 3: nikalas22 ($102.68 in chips) 
Seat 4: ReVeu710 ($113.67 in chips) 
Seat 5: rrrro ($102.50 in chips) 
Seat 6: XneferX ($100.50 in chips) 
XneferX: posts small blind $0.50
xcinaz: posts big blind $1
*** HOLE CARDS ***
maver200981: folds 
nikalas22: folds 
ReVeu710: folds 
rrrro: folds 
XneferX: raises $2 to $3
xcinaz: calls $2
*** FLOP *** [Qh 5s 7s]
XneferX: checks 
xcinaz: checks 
*** TURN *** [Qh 5s 7s] [9h]
XneferX: bets $4.39
xcinaz: calls $4.39
*** RIVER *** [Qh 5s 7s 9h] [Qc]
XneferX: bets $4.77
xcinaz: calls $4.77
*** SHOW DOWN ***
XneferX: shows [Kc Jh] (a pair of Queens)
xcinaz: shows [9c Jc] (two pair, Queens and Nines)
xcinaz collected $23.10 from pot
*** SUMMARY ***
Total pot $24.32 | Rake $1.22 
Board [Qh 5s 7s 9h Qc]
Seat 1: xcinaz (big blind) showed [9c Jc] and won ($23.10) with two pair, Queens and Nines
Seat 2: maver200981 folded before Flop (didn't bet)
Seat 3: nikalas22 folded before Flop (didn't bet)
Seat 4: ReVeu710 folded before Flop (didn't bet)
Seat 5: rrrro (button) folded before Flop (didn't bet)
Seat 6: XneferX (small blind) showed [Kc Jh] and lost with a pair of Queens



PokerStars Hand #254441116717:  Hold'em No Limit ($0.50/$1.00 USD) - 2025/01/18 0:53:08 WET [2025/01/18 19:53:08 ET]
Table 'Lavonne III' 6-max Seat #6 is the button
Seat 1: xcinaz ($128.48 in chips) 
Seat 2: maver200981 ($106.92 in chips) 
Seat 3: nikalas22 ($102.68 in chips) 
Seat 4: ReVeu710 ($113.67 in chips) 
Seat 5: rrrro ($102.50 in chips) 
Seat 6: XneferX ($100 in chips) 
xcinaz: posts small blind $0.50
maver200981: posts big blind $1
*** HOLE CARDS ***
nikalas22: folds 
ReVeu710: folds 
rrrro: folds 
XneferX: folds 
xcinaz: raises $2 to $3
maver200981: folds 
Uncalled bet ($2) returned to xcinaz
xcinaz collected $2 from pot
xcinaz: doesn't show hand 
*** SUMMARY ***
Total pot $2 | Rake $0 
Seat 1: xcinaz (small blind) collected ($2)
Seat 2: maver200981 (big blind) folded before Flop
Seat 3: nikalas22 folded before Flop (didn't bet)
Seat 4: ReVeu710 folded before Flop (didn't bet)
Seat 5: rrrro folded before Flop (didn't bet)
Seat 6: XneferX (button) folded before Flop (didn't bet)



PokerStars Hand #254441123175:  Hold'em No Limit ($0.50/$1.00 USD) - 2025/01/18 0:53:40 WET [2025/01/18 19:53:40 ET]
Table 'Lavonne III' 6-max Seat #1 is the button
Seat 1: xcinaz ($129.48 in chips) 
Seat 2: maver200981 ($105.92 in chips) 
Seat 3: nikalas22 ($102.68 in chips) 
Seat 4: ReVeu710 ($113.67 in chips) 
Seat 5: rrrro ($102.50 in chips) 
Seat 6: XneferX ($100 in chips) 
maver200981: posts small blind $0.50
nikalas22: posts big blind $1
*** HOLE CARDS ***
ReVeu710: folds 
rrrro: folds 
XneferX: raises $1.30 to $2.30
xcinaz: folds 
maver200981: folds 
nikalas22: folds 
Uncalled bet ($1.30) returned to XneferX
XneferX collected $2.50 from pot
XneferX: doesn't show hand 
*** SUMMARY ***
Total pot $2.50 | Rake $0 
Seat 1: xcinaz (button) folded before Flop (didn't bet)
Seat 2: maver200981 (small blind) folded before Flop
Seat 3: nikalas22 (big blind) folded before Flop
Seat 4: ReVeu710 folded before Flop (didn't bet)
Seat 5: rrrro folded before Flop (didn't bet)
Seat 6: XneferX collected ($2.50)



PokerStars Hand #254441129610:  Hold'em No Limit ($0.50/$1.00 USD) - 2025/01/18 0:54:12 WET [2025/01/18 19:54:12 ET]
Table 'Lavonne III' 6-max Seat #2 is the button
Seat 1: xcinaz ($129.48 in chips) 
Seat 2: maver200981 ($105.42 in chips) 
Seat 3: nikalas22 ($101.68 in chips) 
Seat 4: ReVeu710 ($113.67 in chips) 
Seat 5: rrrro ($102.50 in chips) 
Seat 6: XneferX ($101.50 in chips) 
nikalas22: posts small blind $0.50
ReVeu710: posts big blind $1
*** HOLE CARDS ***
rrrro: folds 
XneferX: folds 
xcinaz: folds 
maver200981: folds 
nikalas22: raises $2 to $3
ReVeu710: raises $7 to $10
nikalas22: folds 
Uncalled bet ($7) returned to ReVeu710
ReVeu710 collected $6 from pot
ReVeu710: doesn't show hand 
*** SUMMARY ***
Total pot $6 | Rake $0 
Seat 1: xcinaz folded before Flop (didn't bet)
Seat 2: maver200981 (button) folded before Flop (didn't bet)
Seat 3: nikalas22 (small blind) folded before Flop
Seat 4: ReVeu710 (big blind) collected ($6)
Seat 5: rrrro folded before Flop (didn't bet)
Seat 6: XneferX folded before Flop (didn't bet)



PokerStars Hand #254441135439:  Hold'em No Limit ($0.50/$1.00 USD) - 2025/01/18 0:54:41 WET [2025/01/18 19:54:41 ET]
Table 'Lavonne III' 6-max Seat #3 is the button
Seat 1: xcinaz ($129.48 in chips) 
Seat 2: maver200981 ($105.42 in chips) 
Seat 3: nikalas22 ($100 in chips) 
Seat 4: ReVeu710 ($116.67 in chips) 
Seat 5: rrrro ($102.50 in chips) 
Seat 6: XneferX ($101.50 in chips) 
ReVeu710: posts small blind $0.50
rrrro: posts big blind $1
*** HOLE CARDS ***
XneferX: folds 
xcinaz: folds 
maver200981: raises $1 to $2
nikalas22: folds 
ReVeu710: raises $10 to $12
rrrro: folds 
maver200981: calls $10
*** FLOP *** [3d Qc 4d]
ReVeu710: bets $5.94
maver200981: calls $5.94
*** TURN *** [3d Qc 4d] [Kc]
ReVeu710: bets $18.92
maver200981: calls $18.92
*** RIVER *** [3d Qc 4d Kc] [2c]
ReVeu710: bets $79.81 and is all-in
maver200981: folds 
Uncalled bet ($79.81) returned to ReVeu710
ReVeu710 collected $72.22 from pot
ReVeu710: doesn't show hand 
*** SUMMARY ***
Total pot $74.72 | Rake $2.50 
Board [3d Qc 4d Kc 2c]
Seat 1: xcinaz folded before Flop (didn't bet)
Seat 2: maver200981 folded on the River
Seat 3: nikalas22 (button) folded before Flop (didn't bet)
Seat 4: ReVeu710 (small blind) collected ($72.22)
Seat 5: rrrro (big blind) folded before Flop
Seat 6: XneferX folded before Flop (didn't bet)



PokerStars Hand #254441153915:  Hold'em No Limit ($0.50/$1.00 USD) - 2025/01/18 0:56:32 WET [2025/01/18 19:56:32 ET]
Table 'Lavonne III' 6-max Seat #4 is the button
Seat 1: xcinaz ($129.48 in chips) 
Seat 2: maver200981 ($68.56 in chips) 
Seat 3: nikalas22 ($100 in chips) 
Seat 4: ReVeu710 ($152.03 in chips) 
Seat 5: rrrro ($101.50 in chips) 
Seat 6: XneferX ($101.50 in chips) 
rrrro: posts small blind $0.50
XneferX: posts big blind $1
*** HOLE CARDS ***
xcinaz: folds 
maver200981: folds 
nikalas22: raises $1.50 to $2.50
ReVeu710: folds 
rrrro: folds 
XneferX: calls $1.50
*** FLOP *** [2d 7c Ts]
XneferX: checks 
nikalas22: bets $3.92
XneferX: calls $3.92
*** TURN *** [2d 7c Ts] [Kc]
XneferX: checks 
nikalas22: bets $19.01
XneferX: calls $19.01
*** RIVER *** [2d 7c Ts Kc] [8d]
XneferX: checks 
nikalas22: checks 
*** SHOW DOWN ***
XneferX: shows [8c Tc] (two pair, Tens and Eights)
nikalas22: mucks hand 
XneferX collected $48.86 from pot
*** SUMMARY ***
Total pot $51.36 | Rake $2.50 
Board [2d 7c Ts Kc 8d]
Seat 1: xcinaz folded before Flop (didn't bet)
Seat 2: maver200981 folded before Flop (didn't bet)
Seat 3: nikalas22 mucked
Seat 4: ReVeu710 (button) folded before Flop (didn't bet)
Seat 5: rrrro (small blind) folded before Flop
Seat 6: XneferX (big blind) showed [8c Tc] and won ($48.86) with two pair, Tens and Eights



PokerStars Hand #254441194062:  Hold'em No Limit ($0.50/$1.00 USD) - 2025/01/18 1:00:39 WET [2025/01/18 20:00:39 ET]
Table 'Lavonne III' 6-max Seat #3 is the button
Seat 1: xcinaz ($132.76 in chips) 
Seat 2: maver200981 ($69.69 in chips) 
Seat 3: nikalas22 ($100 in chips) 
Seat 4: ReVeu710 ($151.03 in chips) 
Seat 5: rrrro ($100 in chips) 
Seat 6: XneferX ($125.93 in chips) 
ReVeu710: posts small blind $0.50
rrrro: posts big blind $1
*** HOLE CARDS ***
XneferX: folds 
xcinaz: folds 
maver200981: folds 
nikalas22: folds 
ReVeu710: raises $2 to $3
rrrro: folds 
Uncalled bet ($2) returned to ReVeu710
ReVeu710 collected $2 from pot
ReVeu710: doesn't show hand 
*** SUMMARY ***
Total pot $2 | Rake $0 
Seat 1: xcinaz folded before Flop (didn't bet)
Seat 2: maver200981 folded before Flop (didn't bet)
Seat 3: nikalas22 (button) folded before Flop (didn't bet)
Seat 4: ReVeu710 (small blind) collected ($2)
Seat 5: rrrro (big blind) folded before Flop
Seat 6: XneferX folded before Flop (didn't bet)



PokerStars Hand #254441198045:  Hold'em No Limit ($0.50/$1.00 USD) - 2025/01/18 1:01:00 WET [2025/01/18 20:01:00 ET]
Table 'Lavonne III' 6-max Seat #4 is the button
Seat 1: xcinaz ($132.76 in chips) 
Seat 2: maver200981 ($69.69 in chips) 
Seat 3: nikalas22 ($100 in chips) 
Seat 4: ReVeu710 ($152.03 in chips) 
Seat 5: rrrro ($100 in chips) 
Seat 6: XneferX ($125.93 in chips) 
rrrro: posts small blind $0.50
XneferX: posts big blind $1
*** HOLE CARDS ***
xcinaz: raises $1 to $2
maver200981: folds 
nikalas22: folds 
ReVeu710: folds 
rrrro: folds 
XneferX: folds 
Uncalled bet ($1) returned to xcinaz
xcinaz collected $2.50 from pot
xcinaz: doesn't show hand 
*** SUMMARY ***
Total pot $2.50 | Rake $0 
Seat 1: xcinaz collected ($2.50)
Seat 2: maver200981 folded before Flop (didn't bet)
Seat 3: nikalas22 folded before Flop (didn't bet)
Seat 4: ReVeu710 (button) folded before Flop (didn't bet)
Seat 5: rrrro (small blind) folded before Flop
Seat 6: XneferX (big blind) folded before Flop



PokerStars Hand #254441203186:  Hold'em No Limit ($0.50/$1.00 USD) - 2025/01/18 1:01:26 WET [2025/01/18 20:01:26 ET]
Table 'Lavonne III' 6-max Seat #5 is the button
Seat 1: xcinaz ($134.26 in chips) 
Seat 2: maver200981 ($69.69 in chips) 
Seat 3: nikalas22 ($100 in chips) 
Seat 4: ReVeu710 ($152.03 in chips) 
Seat 5: rrrro ($100 in chips) 
Seat 6: XneferX ($124.93 in chips) 
XneferX: posts small blind $0.50
xcinaz: posts big blind $1
*** HOLE CARDS ***
maver200981: folds 
nikalas22: folds 
ReVeu710: folds 
rrrro: raises $1.50 to $2.50
XneferX: raises $9.50 to $12
xcinaz: folds 
rrrro: folds 
Uncalled bet ($9.50) returned to XneferX
XneferX collected $6 from pot
XneferX: doesn't show hand 
*** SUMMARY ***
Total pot $6 | Rake $0 
Seat 1: xcinaz (big blind) folded before Flop
Seat 2: maver200981 folded before Flop (didn't bet)
Seat 3: nikalas22 folded before Flop (didn't bet)
Seat 4: ReVeu710 folded before Flop (didn't bet)
Seat 5: rrrro (button) folded before Flop
Seat 6: XneferX (small blind) collected ($6)



PokerStars Hand #254441209922:  Hold'em No Limit ($0.50/$1.00 USD) - 2025/01/18 1:02:00 WET [2025/01/18 20:02:00 ET]
Table 'Lavonne III' 6-max Seat #6 is the button
Seat 1: xcinaz ($133.26 in chips) 
Seat 2: maver200981 ($69.69 in chips) 
Seat 3: nikalas22 ($100 in chips) 
Seat 4: ReVeu710 ($152.03 in chips) 
Seat 5: rrrro ($100 in chips) 
Seat 6: XneferX ($128.43 in chips) 
xcinaz: posts small blind $0.50
maver200981: posts big blind $1
*** HOLE CARDS ***
nikalas22: folds 
ReVeu710: folds 
rrrro: folds 
XneferX: folds 
xcinaz: folds 
Uncalled bet ($0.50) returned to maver200981
maver200981 collected $1 from pot
maver200981: doesn't show hand 
*** SUMMARY ***
Total pot $1 | Rake $0 
Seat 1: xcinaz (small blind) folded before Flop
Seat 2: maver200981 (big blind) collected ($1)
Seat 3: nikalas22 folded before Flop (didn't bet)
Seat 4: ReVeu710 folded before Flop (didn't bet)
Seat 5: rrrro folded before Flop (didn't bet)
Seat 6: XneferX (button) folded before Flop (didn't bet)



PokerStars Hand #254441215604:  Hold'em No Limit ($0.50/$1.00 USD) - 2025/01/18 1:02:28 WET [2025/01/18 20:02:28 ET]
Table 'Lavonne III' 6-max Seat #1 is the button
Seat 1: xcinaz ($132.76 in chips) 
Seat 2: maver200981 ($70.19 in chips) 
Seat 3: nikalas22 ($100 in chips) 
Seat 4: ReVeu710 ($152.03 in chips) 
Seat 5: rrrro ($100 in chips) 
Seat 6: XneferX ($128.43 in chips) 
maver200981: posts small blind $0.50
nikalas22: posts big blind $1
*** HOLE CARDS ***
ReVeu710: folds 
rrrro: folds 
XneferX: folds 
xcinaz: folds 
maver200981: folds 
Uncalled bet ($0.50) returned to nikalas22
nikalas22 collected $1 from pot
nikalas22: doesn't show hand 
*** SUMMARY ***
Total pot $1 | Rake $0 
Seat 1: xcinaz (button) folded before Flop (didn't bet)
Seat 2: maver200981 (small blind) folded before Flop
Seat 3: nikalas22 (big blind) collected ($1)
Seat 4: ReVeu710 folded before Flop (didn't bet)
Seat 5: rrrro folded before Flop (didn't bet)
Seat 6: XneferX folded before Flop (didn't bet)



PokerStars Hand #254441217725:  Hold'em No Limit ($0.50/$1.00 USD) - 2025/01/18 1:02:39 WET [2025/01/18 20:02:39 ET]
Table 'Lavonne III' 6-max Seat #2 is the button
Seat 1: xcinaz ($132.76 in chips) 
Seat 2: maver200981 ($69.69 in chips) 
Seat 3: nikalas22 ($100.50 in chips) 
Seat 4: ReVeu710 ($152.03 in chips) 
Seat 5: rrrro ($100 in chips) 
Seat 6: XneferX ($128.43 in chips) 
nikalas22: posts small blind $0.50
ReVeu710: posts big blind $1
*** HOLE CARDS ***
rrrro: folds 
XneferX: raises $1.10 to $2.10
xcinaz: folds 
maver200981: folds 
nikalas22: folds 
ReVeu710: calls $1.10
*** FLOP *** [Qc 6c 2h]
ReVeu710: checks 
XneferX: checks 
*** TURN *** [Qc 6c 2h] [8s]
ReVeu710: bets $2.41
XneferX: calls $2.41
*** RIVER *** [Qc 6c 2h 8s] [2c]
ReVeu710: bets $12.38
XneferX: calls $12.38
*** SHOW DOWN ***
ReVeu710: shows [3h Ah] (a pair of Deuces)
XneferX: shows [Th Ts] (two pair, Tens and Deuces)
XneferX collected $32.57 from pot
*** SUMMARY ***
Total pot $34.28 | Rake $1.71 
Board [Qc 6c 2h 8s 2c]
Seat 1: xcinaz folded before Flop (didn't bet)
Seat 2: maver200981 (button) folded before Flop (didn't bet)
Seat 3: nikalas22 (small blind) folded before Flop
Seat 4: ReVeu710 (big blind) showed [3h Ah] and lost with a pair of Deuces
Seat 5: rrrro folded before Flop (didn't bet)
Seat 6: XneferX showed [Th Ts] and won ($32.57) with two pair, Tens and Deuces



PokerStars Hand #254441236767:  Hold'em No Limit ($0.50/$1.00 USD) - 2025/01/18 1:04:14 WET [2025/01/18 20:04:14 ET]
Table 'Lavonne III' 6-max Seat #3 is the button
Seat 1: xcinaz ($132.76 in chips) 
Seat 2: maver200981 ($69.69 in chips) 
Seat 3: nikalas22 ($100 in chips) 
Seat 4: ReVeu710 ($135.14 in chips) 
Seat 5: rrrro ($100 in chips) 
Seat 6: XneferX ($144.11 in chips) 
ReVeu710: posts small blind $0.50
rrrro: posts big blind $1
*** HOLE CARDS ***
XneferX: folds 
xcinaz: folds 
maver200981: folds 
nikalas22: raises $1.50 to $2.50
ReVeu710: folds 
rrrro: raises $10.50 to $13
nikalas22: calls $10.50
*** FLOP *** [5d 3s 2c]
rrrro: checks 
nikalas22: bets $7.55
rrrro: calls $7.55
*** TURN *** [5d 3s 2c] [As]
rrrro: checks 
nikalas22: checks 
*** RIVER *** [5d 3s 2c As] [9h]
rrrro: bets $29.64
nikalas22: folds 
Uncalled bet ($29.64) returned to rrrro
rrrro collected $39.52 from pot
rrrro: doesn't show hand 
*** SUMMARY ***
Total pot $41.60 | Rake $2.08 
Board [5d 3s 2c As 9h]
Seat 1: xcinaz folded before Flop (didn't bet)
Seat 2: maver200981 folded before Flop (didn't bet)
Seat 3: nikalas22 (button) folded on the River
Seat 4: ReVeu710 (small blind) folded before Flop
Seat 5: rrrro (big blind) collected ($39.52)
Seat 6: XneferX folded before Flop (didn't bet)



PokerStars Hand #254441256670:  Hold'em No Limit ($0.50/$1.00 USD) - 2025/01/18 1:05:55 WET [2025/01/18 20:05:55 ET]
Table 'Lavonne III' 6-max Seat #4 is the button
Seat 1: xcinaz ($132.76 in chips) 
Seat 2: maver200981 ($69.69 in chips) 
Seat 3: nikalas22 ($100 in chips) 
Seat 4: ReVeu710 ($134.64 in chips) 
Seat 5: rrrro ($118.97 in chips) 
Seat 6: XneferX ($144.11 in chips) 
rrrro: posts small blind $0.50
XneferX: posts big blind $1
*** HOLE CARDS ***
xcinaz: folds 
maver200981: raises $1 to $2
nikalas22: folds 
ReVeu710: folds 
rrrro: folds 
XneferX: folds 
Uncalled bet ($1) returned to maver200981
maver200981 collected $2.50 from pot
maver200981: doesn't show hand 
*** SUMMARY ***
Total pot $2.50 | Rake $0 
Seat 1: xcinaz folded before Flop (didn't bet)
Seat 2: maver200981 collected ($2.50)
Seat 3: nikalas22 folded before Flop (didn't bet)
Seat 4: ReVeu710 (button) folded before Flop (didn't bet)
Seat 5: rrrro (small blind) folded before Flop
Seat 6: XneferX (big blind) folded before Flop



PokerStars Hand #254441265297:  Hold'em No Limit ($0.50/$1.00 USD) - 2025/01/18 1:06:39 WET [2025/01/18 20:06:39 ET]
Table 'Lavonne III' 6-max Seat #5 is the button
Seat 1: xcinaz ($132.76 in chips) 
Seat 2: maver200981 ($71.19 in chips) 
Seat 3: nikalas22 ($100 in chips) 
Seat 4: ReVeu710 ($134.64 in chips) 
Seat 5: rrrro ($118.47 in chips) 
Seat 6: XneferX ($143.11 in chips) 
XneferX: posts small blind $0.50
xcinaz: posts big blind $1
*** HOLE CARDS ***
maver200981: folds 
nikalas22: folds 
ReVeu710: folds 
rrrro: raises $1.50 to $2.50
XneferX: folds 
xcinaz: raises $9 to $11.50
rrrro: calls $9
*** FLOP *** [Kd 4c 6d]
xcinaz: bets $7.37
rrrro: calls $7.37
*** TURN *** [Kd 4c 6d] [2c]
xcinaz: bets $18.16
rrrro: calls $18.16
*** RIVER *** [Kd 4c 6d 2c] [As]
xcinaz: bets $95.73 and is all-in
rrrro: folds 
Uncalled bet ($95.73) returned to xcinaz
xcinaz collected $72.06 from pot
xcinaz: doesn't show hand 
*** SUMMARY ***
Total pot $74.56 | Rake $2.50 
Board [Kd 4c 6d 2c As]
Seat 1: xcinaz (big blind) collected ($72.06)
Seat 2: maver200981 folded before Flop (didn't bet)
Seat 3: nikalas22 folded before Flop (didn't bet)
Seat 4: ReVeu710 folded before Flop (didn't bet)
Seat 5: rrrro (button) folded on the River
Seat 6: XneferX (small blind) folded before Flop



PokerStars Hand #254441292868:  Hold'em No Limit ($0.50/$1.00 USD) - 2025/01/18 1:08:59 WET [2025/01/18 20:08:59 ET]
Table 'Lavonne III' 6-max Seat #6 is the button
Seat 1: xcinaz ($167.79 in chips) 
Seat 2: maver200981 ($71.19 in chips) 
Seat 3: nikalas22 ($100 in chips) 
Seat 4: ReVeu710 ($134.64 in chips) 
Seat 5: rrrro ($100 in chips) 
Seat 6: XneferX ($142.61 in chips) 
xcinaz: posts small blind $0.50
maver200981: posts big blind $1
*** HOLE CARDS ***
nikalas22: folds 
ReVeu710: folds 
rrrro: folds 
XneferX: folds 
xcinaz: raises $2 to $3
maver200981: calls $2
*** FLOP *** [7h Qs 7c]
xcinaz: checks 
maver200981: checks 
*** TURN *** [7h Qs 7c] [2h]
xcinaz: checks 
maver200981: checks 
*** RIVER *** [7h Qs 7c 2h] [Qc]
xcinaz: checks 
maver200981: checks 
*** SHOW DOWN ***
xcinaz: shows [9h Kh] (two pair, Queens and Sevens)
maver200981: shows [3c Ks] (two pair, Queens and Sevens)
xcinaz collected $2.85 from pot
maver200981 collected $2.85 from pot
*** SUMMARY ***
Total pot $6 | Rake $0.30 
Board [7h Qs 7c 2h Qc]
Seat 1: xcinaz (small blind) showed [9h Kh] and won ($2.85) with two pair, Queens and Sevens
Seat 2: maver200981 (big blind) showed [3c Ks] and won ($2.85) with two pair, Queens and Sevens
Seat 3: nikalas22 folded before Flop (didn't bet)
Seat 4: ReVeu710 folded before Flop (didn't bet)
Seat 5: rrrro folded before Flop (didn't bet)
Seat 6: XneferX (button) folded before Flop (didn't bet)



PokerStars Hand #254441303033:  Hold'em No Limit ($0.50/$1.00 USD) - 2025/01/18 1:09:51 WET [2025/01/18 20:09:51 ET]
Table 'Lavonne III' 6-max Seat #1 is the button
Seat 1: xcinaz ($167.64 in chips) 
Seat 2: maver200981 ($71.04 in chips) 
Seat 3: nikalas22 ($100 in chips) 
Seat 4: ReVeu710 ($134.64 in chips) 
Seat 5: rrrro ($100 in chips) 
Seat 6: XneferX ($142.61 in chips) 
maver200981: posts small blind $0.50
nikalas22: posts big blind $1
*** HOLE CARDS ***
ReVeu710: folds 
rrrro: raises $1 to $2
XneferX: folds 
xcinaz: folds 
maver200981: folds 
nikalas22: calls $1
*** FLOP *** [Qs Kc Jc]
nikalas22: checks 
rrrro: bets $1.07
nikalas22: calls $1.07
*** TURN *** [Qs Kc Jc] [4h]
nikalas22: checks 
rrrro: bets $6.31
nikalas22: calls $6.31
*** RIVER *** [Qs Kc Jc 4h] [4s]
nikalas22: checks 
rrrro: bets $18.30
nikalas22: folds 
Uncalled bet ($18.30) returned to rrrro
rrrro collected $18.30 from pot
rrrro: doesn't show hand 
*** SUMMARY ***
Total pot $19.26 | Rake $0.96 
Board [Qs Kc Jc 4h 4s]
Seat 1: xcinaz (button) folded before Flop (didn't bet)
Seat 2: maver200981 (small blind) folded before Flop
Seat 3: nikalas22 (big blind) folded on the River
Seat 4: ReVeu710 folded before Flop (didn't bet)
Seat 5: rrrro collected ($18.30)
Seat 6: XneferX folded before Flop (didn't bet)



PokerStars Hand #254441318382:  Hold'em No Limit ($0.50/$1.00 USD) - 2025/01/18 1:11:11 WET [2025/01/18 20:11:11 ET]
Table 'Lavonne III' 6-max Seat #2 is the button
Seat 1: xcinaz ($167.64 in chips) 
Seat 2: maver200981 ($70.54 in chips) 
Seat 3: nikalas22 ($100 in chips) 
Seat 4: ReVeu710 ($134.64 in chips) 
Seat 5: rrrro ($108.92 in chips) 
Seat 6: XneferX ($142.61 in chips) 
nikalas22: posts small blind $0.50
ReVeu710: posts big blind $1
*** HOLE CARDS ***
rrrro: folds 
XneferX: folds 
xcinaz: folds 
maver200981: folds 
nikalas22: folds 
Uncalled bet ($0.50) returned to ReVeu710
ReVeu710 collected $1 from pot
ReVeu710: doesn't show hand 
*** SUMMARY ***
Total pot $1 | Rake $0 
Seat 1: xcinaz folded before Flop (didn't bet)
Seat 2: maver200981 (button) folded before Flop (didn't bet)
Seat 3: nikalas22 (small blind) folded before Flop
Seat 4: ReVeu710 (big blind) collected ($1)
Seat 5: rrrro folded before Flop (didn't bet)
Seat 6: XneferX folded before Flop (didn't bet)



PokerStars Hand #254441321793:  Hold'em No Limit ($0.50/$1.00 USD) - 2025/01/18 1:11:29 WET [2025/01/18 20:11:29 ET]
Table 'Lavonne III' 6-max Seat #3 is the button
Seat 1: xcinaz ($167.64 in chips) 
Seat 2: maver200981 ($70.54 in chips) 
Seat 3: nikalas22 ($100 in chips) 
Seat 4: ReVeu710 ($135.14 in chips) 
Seat 5: rrrro ($108.92 in chips) 
Seat 6: XneferX ($142.61 in chips) 
ReVeu710: posts small blind $0.50
rrrro: posts big blind $1
*** HOLE CARDS ***
XneferX: folds 
xcinaz: folds 
maver200981: raises $2 to $3
nikalas22: raises $6 to $9
ReVeu710: folds 
rrrro: folds 
maver200981: calls $6
*** FLOP *** [2h Kd 5h]
maver200981: checks 
nikalas22: bets $5.56
maver200981: calls $5.56
*** TURN *** [2h Kd 5h] [Td]
maver200981: checks 
nikalas22: bets $21.82
maver200981: folds 
Uncalled bet ($21.82) returned to nikalas22
nikalas22 collected $29.09 from pot
nikalas22: doesn't show hand 
*** SUMMARY ***
Total pot $30.62 | Rake $1.53 
Board [2h Kd 5h Td]
Seat 1: xcinaz folded before Flop (didn't bet)
Seat 2: maver200981 folded on the Turn
Seat 3: nikalas22 (button) collected ($29.09)
Seat 4: ReVeu710 (small blind) folded before Flop
Seat 5: rrrro (big blind) folded before Flop
Seat 6: XneferX folded before Flop (didn't bet)



PokerStars Hand #254441333351:  Hold'em No Limit ($0.50/$1.00 USD) - 2025/01/18 1:12:29 WET [2025/01/18 20:12:29 ET]
Table 'Lavonne III' 6-max Seat #4 is the button
Seat 1: xcinaz ($167.64 in chips) 
Seat 2: maver200981 ($55.98 in chips) 
Seat 3: nikalas22 ($114.53 in chips) 
Seat 4: ReVeu710 ($134.64 in chips) 
Seat 5: rrrro ($107.92 in chips) 
Seat 6: XneferX ($142.61 in chips) 
rrrro: posts small blind $0.50
XneferX: posts big blind $1
*** HOLE CARDS ***
xcinaz: folds 
maver200981: folds 
nikalas22: raises $1.50 to $2.50
ReVeu710: folds 
rrrro: folds 
XneferX: calls $1.50
*** FLOP *** [Qh 9d 4h]
XneferX: checks 
nikalas22: checks 
*** TURN *** [Qh 9d 4h] [9h]
XneferX: checks 
nikalas22: checks 
*** RIVER *** [Qh 9d 4h 9h] [Jc]
XneferX: bets $3.50
nikalas22: calls $3.50
*** SHOW DOWN ***
XneferX: shows [8s 7h] (a pair of Nines)
nikalas22: shows [Ac Qs] (two pair, Queens and Nines)
nikalas22 collected $11.88 from pot
*** SUMMARY ***
Total pot $12.50 | Rake $0.62 
Board [Qh 9d 4h 9h Jc]
Seat 1: xcinaz folded before Flop (didn't bet)
Seat 2: maver200981 folded before Flop (didn't bet)
Seat 3: nikalas22 showed [Ac Qs] and won ($11.88) with two pair, Queens and Nines
Seat 4: ReVeu710 (button) folded before Flop (didn't bet)
Seat 5: rrrro (small blind) folded before Flop
Seat 6: XneferX (big blind) showed [8s 7h] and lost with a pair of Nines



PokerStars Hand #254441344273:  Hold'em No Limit ($0.50/$1.00 USD) - 2025/01/18 1:13:27 WET [2025/01/18 20:13:27 ET]
Table 'Lavonne III' 6-max Seat #5 is the button
Seat 1: xcinaz ($167.64 in chips) 
Seat 2: maver200981 ($55.98 in chips) 
Seat 3: nikalas22 ($120.41 in chips) 
Seat 4: ReVeu710 ($134.64 in chips) 
Seat 5: rrrro ($107.42 in chips) 
Seat 6: XneferX ($136.61 in chips) 
XneferX: posts small blind $0.50
xcinaz: posts big blind $1
*** HOLE CARDS ***
maver200981: folds 
nikalas22: folds 
ReVeu710: folds 
rrrro: raises $1.50 to $2.50
XneferX: folds 
xcinaz: folds 
Uncalled bet ($1.50) returned to rrrro
rrrro collected $2.50 from pot
rrrro: doesn't show hand 
*** SUMMARY ***
Total pot $2.50 | Rake $0 
Seat 1: xcinaz (big blind) folded before Flop
Seat 2: maver200981 folded before Flop (didn't bet)
Seat 3: nikalas22 folded before Flop (didn't bet)
Seat 4: ReVeu710 folded before Flop (didn't bet)
Seat 5: rrrro (button) collected ($2.50)
Seat 6: XneferX (small blind) folded before Flop



PokerStars Hand #254441349940:  Hold'em No Limit ($0.50/$1.00 USD) - 2025/01/18 1:13:57 WET [2025/01/18 20:13:57 ET]
Table 'Lavonne III' 6-max Seat #6 is the button
Seat 1: xcinaz ($166.64 in chips) 
Seat 2: maver200981 ($55.98 in chips) 
Seat 3: nikalas22 ($120.41 in chips) 
Seat 4: ReVeu710 ($134.64 in chips) 
Seat 5: rrrro ($108.92 in chips) 
Seat 6: XneferX ($136.11 in chips) 
xcinaz: posts small blind $0.50
maver200981: posts big blind $1
*** HOLE CARDS ***
nikalas22: folds 
ReVeu710: folds 
rrrro: raises $1.30 to $2.30
XneferX: folds 
xcinaz: folds 
maver200981: calls $1.30
*** FLOP *** [7d Kh 3h]
maver200981: checks 
rrrro: bets $1.21
maver200981: calls $1.21
*** TURN *** [7d Kh 3h] [5d]
maver200981: checks 
rrrro: checks 
*** RIVER *** [7d Kh 3h 5d] [3c]
maver200981: bets $3.57
rrrro: raises $9.93 to $13.50
maver200981: folds 
Uncalled bet ($9.93) returned to rrrro
rrrro collected $13.93 from pot
rrrro: doesn't show hand 
*** SUMMARY ***
Total pot $14.66 | Rake $0.73 
Board [7d Kh 3h 5d 3c]
Seat 1: xcinaz (small blind) folded before Flop
Seat 2: maver200981 (big blind) folded on the River
Seat 3: nikalas22 folded before Flop (didn't bet)
Seat 4: ReVeu710 folded before Flop (didn't bet)
Seat 5: rrrro collected ($13.93)
Seat 6: XneferX (button) folded before Flop (didn't bet)



PokerStars Hand #254441361178:  Hold'em No Limit ($0.50/$1.00 USD) - 2025/01/18 1:14:55 WET [2025/01/18 20:14:55 ET]
Table 'Lavonne III' 6-max Seat #1 is the button
Seat 1: xcinaz ($166.14 in chips) 
Seat 2: maver200981 ($48.90 in chips) 
Seat 3: nikalas22 ($120.41 in chips) 
Seat 4: ReVeu710 ($134.64 in chips) 
Seat 5: rrrro ($115.77 in chips) 
Seat 6: XneferX ($136.11 in chips) 
maver200981: posts small blind $0.50
nikalas22: posts big blind $1
*** HOLE CARDS ***
ReVeu710: raises $1 to $2
rrrro: folds 
XneferX: folds 
xcinaz: raises $5 to $7
maver200981: folds 
nikalas22: folds 
ReVeu710: folds 
Uncalled bet ($5) returned to xcinaz
xcinaz collected $5.50 from pot
xcinaz: doesn't show hand 
*** SUMMARY ***
Total pot $5.50 | Rake $0 
Seat 1: xcinaz (button) collected ($5.50)
Seat 2: maver200981 (small blind) folded before Flop
Seat 3: nikalas22 (big blind) folded before Flop
Seat 4: ReVeu710 folded before Flop
Seat 5: rrrro folded before Flop (didn't bet)
Seat 6: XneferX folded before Flop (didn't bet)



PokerStars Hand #254441365970:  Hold'em No Limit ($0.50/$1.00 USD) - 2025/01/18 1:15:21 WET [2025/01/18 20:15:21 ET]
Table 'Lavonne III' 6-max Seat #2 is the button
Seat 1: xcinaz ($169.64 in chips) 
Seat 2: maver200981 ($48.40 in chips) 
Seat 3: nikalas22 ($119.41 in chips) 
Seat 4: ReVeu710 ($132.64 in chips) 
Seat 5: rrrro ($115.77 in chips) 
Seat 6: XneferX ($136.11 in chips) 
nikalas22: posts small blind $0.50
ReVeu710: posts big blind $1
*** HOLE CARDS ***
rrrro: folds 
XneferX: folds 
xcinaz: folds 
maver200981: folds 
nikalas22: folds 
Uncalled bet ($0.50) returned to ReVeu710
ReVeu710 collected $1 from pot
ReVeu710: doesn't show hand 
*** SUMMARY ***
Total pot $1 | Rake $0 
Seat 1: xcinaz folded before Flop (didn't bet)
Seat 2: maver200981 (button) folded before Flop (didn't bet)
Seat 3: nikalas22 (small blind) folded before Flop
Seat 4: ReVeu710 (big blind) collected ($1)
Seat 5: rrrro folded before Flop (didn't bet)
Seat 6: XneferX folded before Flop (didn't bet)



PokerStars Hand #254441369581:  Hold'em No Limit ($0.50/$1.00 USD) - 2025/01/18 1:15:40 WET [2025/01/18 20:15:40 ET]
Table 'Lavonne III' 6-max Seat #3 is the button
Seat 1: xcinaz ($169.64 in chips) 
Seat 2: maver200981 ($48.40 in chips) 
Seat 3: nikalas22 ($118.91 in chips) 
Seat 4: ReVeu710 ($133.14 in chips) 
Seat 5: rrrro ($115.77 in chips) 
Seat 6: XneferX ($136.11 in chips) 
ReVeu710: posts small blind $0.50
rrrro: posts big blind $1
*** HOLE CARDS ***
XneferX: folds 
xcinaz: folds 
maver200981: folds 
nikalas22: folds 
ReVeu710: raises $2 to $3
rrrro: folds 
Uncalled bet ($2) returned to ReVeu710
ReVeu710 collected $2 from pot
ReVeu710: doesn't show hand 
*** SUMMARY ***
Total pot $2 | Rake $0 
Seat 1: xcinaz folded before Flop (didn't bet)
Seat 2: maver200981 folded before Flop (didn't bet)
Seat 3: nikalas22 (button) folded before Flop (didn't bet)
Seat 4: ReVeu710 (small blind) collected ($2)
Seat 5: rrrro (big blind) folded before Flop
Seat 6: XneferX folded before Flop (didn't bet)



PokerStars Hand #254441374976:  Hold'em No Limit ($0.50/$1.00 USD) - 2025/01/18 1:16:08 WET [2025/01/18 20:16:08 ET]
Table 'Lavonne III' 6-max Seat #4 is the button
Seat 1: xcinaz ($169.64 in chips) 
Seat 2: maver200981 ($48.40 in chips) 
Seat 3: nikalas22 ($118.91 in chips) 
Seat 4: ReVeu710 ($134.14 in chips) 
Seat 5: rrrro ($114.77 in chips) 
Seat 6: XneferX ($136.11 in chips) 
rrrro: posts small blind $0.50
XneferX: posts big blind $1
*** HOLE CARDS ***
xcinaz: folds 
maver200981: folds 
nikalas22: folds 
ReVeu710: folds 
rrrro: folds 
Uncalled bet ($0.50) returned to XneferX
XneferX collected $1 from pot
XneferX: doesn't show hand 
*** SUMMARY ***
Total pot $1 | Rake $0 
Seat 1: xcinaz folded before Flop (didn't bet)
Seat 2: maver200981 folded before Flop (didn't bet)
Seat 3: nikalas22 folded before Flop (didn't bet)
Seat 4: ReVeu710 (button) folded before Flop (didn't bet)
Seat 5: rrrro (small blind) folded before Flop
Seat 6: XneferX (big blind) collected ($1)



PokerStars Hand #254441377332:  Hold'em No Limit ($0.50/$1.00 USD) - 2025/01/18 1:16:20 WET [2025/01/18 20:16:20 ET]
Table 'Lavonne III' 6-max Seat #5 is the button
Seat 1: xcinaz ($169.64 in chips) 
Seat 2: maver200981 ($48.40 in chips) 
Seat 3: nikalas22 ($118.91 in chips) 
Seat 4: ReVeu710 ($134.14 in chips) 
Seat 5: rrrro ($114.27 in chips) 
Seat 6: XneferX ($136.61 in chips) 
XneferX: posts small blind $0.50
xcinaz: posts big blind $1
*** HOLE CARDS ***
maver200981: folds 
nikalas22: folds 
ReVeu710: folds 
rrrro: raises $1.50 to $2.50
XneferX: folds 
xcinaz: calls $1.50
*** FLOP *** [2h 8h 5s]
xcinaz: checks 
rrrro: checks 
*** TURN *** [2h 8h 5s] [3c]
xcinaz: bets $7.05
rrrro: folds 
Uncalled bet ($7.05) returned to xcinaz
xcinaz collected $5.22 from pot
xcinaz: doesn't show hand 
*** SUMMARY ***
Total pot $5.50 | Rake $0.28 
Board [2h 8h 5s 3c]
Seat 1: xcinaz (big blind) collected ($5.22)
Seat 2: maver200981 folded before Flop (didn't bet)
Seat 3: nikalas22 folded before Flop (didn't bet)
Seat 4: ReVeu710 folded before Flop (didn't bet)
Seat 5: rrrro (button) folded on the Turn
Seat 6: XneferX (small blind) folded before Flop



PokerStars Hand #254441391423:  Hold'em No Limit ($0.50/$1.00 USD) - 2025/01/18 1:17:34 WET [2025/01/18 20:17:34 ET]
Table 'Lavonne III' 6-max Seat #6 is the button
Seat 1: xcinaz ($172.36 in chips) 
Seat 2: maver200981 ($74.40 in chips) 
Seat 3: nikalas22 ($118.91 in chips) 
Seat 4: ReVeu710 ($134.14 in chips) 
Seat 5: rrrro ($111.77 in chips) 
Seat 6: XneferX ($136.11 in chips) 
xcinaz: posts small blind $0.50
maver200981: posts big blind $1
*** HOLE CARDS ***
nikalas22: raises $1.50 to $2.50
ReVeu710: folds 
rrrro: folds 
XneferX: folds 
xcinaz: folds 
maver200981: calls $1.50
*** FLOP *** [Qs 8h 6h]
maver200981: checks 
nikalas22: checks 
*** TURN *** [Qs 8h 6h] [Ad]
maver200981: checks 
nikalas22: checks 
*** RIVER *** [Qs 8h 6h Ad] [4d]
maver200981: bets $5.22
nikalas22: folds 
Uncalled bet ($5.22) returned to maver200981
maver200981 collected $5.22 from pot
maver200981: doesn't show hand 
*** SUMMARY ***
Total pot $5.50 | Rake $0.28 
Board [Qs 8h 6h Ad 4d]
Seat 1: xcinaz (small blind) folded before Flop
Seat 2: maver200981 (big blind) collected ($5.22)
Seat 3: nikalas22 folded on the River
Seat 4: ReVeu710 folded before Flop (didn't bet)
Seat 5: rrrro folded before Flop (didn't bet)
Seat 6: XneferX (button) folded before Flop (didn't bet)



PokerStars Hand #254441401757:  Hold'em No Limit ($0.50/$1.00 USD) - 2025/01/18 1:18:29 WET [2025/01/18 20:18:29 ET]
Table 'Lavonne III' 6-max Seat #1 is the button
Seat 1: xcinaz ($171.86 in chips) 
Seat 2: maver200981 ($77.12 in chips) 
Seat 3: nikalas22 ($116.41 in chips) 
Seat 4: ReVeu710 ($134.14 in chips) 
Seat 5: rrrro ($111.77 in chips) 
Seat 6: XneferX ($136.11 in chips) 
maver200981: posts small blind $0.50
nikalas22: posts big blind $1
*** HOLE CARDS ***
ReVeu710: raises $1 to $2
rrrro: folds 
XneferX: folds 
xcinaz: folds 
maver200981: folds 
nikalas22: folds 
Uncalled bet ($1) returned to ReVeu710
ReVeu710 collected $2.50 from pot
ReVeu710: doesn't show hand 
*** SUMMARY ***
Total pot $2.50 | Rake $0 
Seat 1: xcinaz (button) folded before Flop (didn't bet)
Seat 2: maver200981 (small blind) folded before Flop
Seat 3: nikalas22 (big blind) folded before Flop
Seat 4: ReVeu710 collected ($2.50)
Seat 5: rrrro folded before Flop (didn't bet)
Seat 6: XneferX folded before Flop (didn't bet)



PokerStars Hand #254441405865:  Hold'em No Limit ($0.50/$1.00 USD) - 2025/01/18 1:18:51 WET [2025/01/18 20:18:51 ET]
Table 'Lavonne III' 6-max Seat #2 is the button
Seat 1: xcinaz ($171.86 in chips) 
Seat 2: maver200981 ($76.62 in chips) 
Seat 3: nikalas22 ($115.41 in chips) 
Seat 4: ReVeu710 ($135.64 in chips) 
Seat 5: rrrro ($111.77 in chips) 
Seat 6: XneferX ($136.11 in chips) 
nikalas22: posts small blind $0.50
ReVeu710: posts big blind $1
*** HOLE CARDS ***
rrrro: folds 
XneferX: folds 
xcinaz: folds 
maver200981: folds 
nikalas22: folds 
Uncalled bet ($0.50) returned to ReVeu710
ReVeu710 collected $1 from pot
ReVeu710: doesn't show hand 
*** SUMMARY ***
Total pot $1 | Rake $0 
Seat 1: xcinaz folded before Flop (didn't bet)
Seat 2: maver200981 (button) folded before Flop (didn't bet)
Seat 3: nikalas22 (small blind) folded before Flop
Seat 4: ReVeu710 (big blind) collected ($1)
Seat 5: rrrro folded before Flop (didn't bet)
Seat 6: XneferX folded before Flop (didn't bet)



PokerStars Hand #254441409371:  Hold'em No Limit ($0.50/$1.00 USD) - 2025/01/18 1:19:09 WET [2025/01/18 20:19:09 ET]
Table 'Lavonne III' 6-max Seat #3 is the button
Seat 1: xcinaz ($171.86 in chips) 
Seat 2: maver200981 ($76.62 in chips) 
Seat 3: nikalas22 ($114.91 in chips) 
Seat 4: ReVeu710 ($136.14 in chips) 
Seat 5: rrrro ($111.77 in chips) 
Seat 6: XneferX ($136.11 in chips) 
ReVeu710: posts small blind $0.50
rrrro: posts big blind $1
*** HOLE CARDS ***
XneferX: folds 
xcinaz: folds 
maver200981: folds 
nikalas22: raises $1.50 to $2.50
ReVeu710: folds 
rrrro: calls $1.50
*** FLOP *** [9c 6d Jc]
rrrro: checks 
nikalas22: checks 
*** TURN *** [9c 6d Jc] [3s]
rrrro: checks 
nikalas22: checks 
*** RIVER *** [9c 6d Jc 3s] [Jh]
rrrro: bets $5.22
nikalas22: calls $5.22
*** SHOW DOWN ***
rrrro: shows [Ks 9h] (two pair, Jacks and Nines)
nikalas22: mucks hand 
rrrro collected $15.14 from pot
*** SUMMARY ***
Total pot $15.94 | Rake $0.80 
Board [9c 6d Jc 3s Jh]
Seat 1: xcinaz folded before Flop (didn't bet)
Seat 2: maver200981 folded before Flop (didn't bet)
Seat 3: nikalas22 (button) mucked
Seat 4: ReVeu710 (small blind) folded before Flop
Seat 5: rrrro (big blind) showed [Ks 9h] and won ($15.14) with two pair, Jacks and Nines
Seat 6: XneferX folded before Flop (didn't bet)



PokerStars Hand #254441422173:  Hold'em No Limit ($0.50/$1.00 USD) - 2025/01/18 1:20:18 WET [2025/01/18 20:20:18 ET]
Table 'Lavonne III' 6-max Seat #4 is the button
Seat 1: xcinaz ($171.86 in chips) 
Seat 2: maver200981 ($76.62 in chips) 
Seat 3: nikalas22 ($107.19 in chips) 
Seat 4: ReVeu710 ($135.64 in chips) 
Seat 5: rrrro ($119.19 in chips) 
Seat 6: XneferX ($136.11 in chips) 
rrrro: posts small blind $0.50
XneferX: posts big blind $1
*** HOLE CARDS ***
xcinaz: folds 
maver200981: folds 
nikalas22: folds 
ReVeu710: raises $1.50 to $2.50
rrrro: raises $9.50 to $12
XneferX: folds 
ReVeu710: calls $9.50
*** FLOP *** [Kh 8c Kc]
rrrro: bets $5.94
ReVeu710: calls $5.94
*** TURN *** [Kh 8c Kc] [4h]
rrrro: checks 
ReVeu710: checks 
*** RIVER *** [Kh 8c Kc 4h] [Tc]
rrrro: checks 
ReVeu710: checks 
*** SHOW DOWN ***
rrrro: shows [Ts As] (two pair, Kings and Tens)
ReVeu710: mucks hand 
rrrro collected $35.04 from pot
*** SUMMARY ***
Total pot $36.88 | Rake $1.84 
Board [Kh 8c Kc 4h Tc]
Seat 1: xcinaz folded before Flop (didn't bet)
Seat 2: maver200981 folded before Flop (didn't bet)
Seat 3: nikalas22 folded before Flop (didn't bet)
Seat 4: ReVeu710 (button) mucked
Seat 5: rrrro (small blind) showed [Ts As] and won ($35.04) with two pair, Kings and Tens
Seat 6: XneferX (big blind) folded before Flop



PokerStars Hand #254441434727:  Hold'em No Limit ($0.50/$1.00 USD) - 2025/01/18 1:21:24 WET [2025/01/18 20:21:24 ET]
Table 'Lavonne III' 6-max Seat #5 is the button
Seat 1: xcinaz ($171.86 in chips) 
Seat 2: maver200981 ($76.62 in chips) 
Seat 3: nikalas22 ($107.19 in chips) 
Seat 4: ReVeu710 ($117.70 in chips) 
Seat 5: rrrro ($136.29 in chips) 
Seat 6: XneferX ($135.11 in chips) 
XneferX: posts small blind $0.50
xcinaz: posts big blind $1
*** HOLE CARDS ***
maver200981: folds 
nikalas22: folds 
ReVeu710: raises $1.30 to $2.30
rrrro: folds 
XneferX: raises $9.70 to $12
xcinaz: folds 
ReVeu710: folds 
Uncalled bet ($9.70) returned to XneferX
XneferX collected $5.60 from pot
XneferX: doesn't show hand 
*** SUMMARY ***
Total pot $5.60 | Rake $0 
Seat 1: xcinaz (big blind) folded before Flop
Seat 2: maver200981 folded before Flop (didn't bet)
Seat 3: nikalas22 folded before Flop (didn't bet)
Seat 4: ReVeu710 folded before Flop
Seat 5: rrrro (button) folded before Flop (didn't bet)
Seat 6: XneferX (small blind) collected ($5.60)



PokerStars Hand #254441439316:  Hold'em No Limit ($0.50/$1.00 USD) - 2025/01/18 1:21:49 WET [2025/01/18 20:21:49 ET]
Table 'Lavonne III' 6-max Seat #6 is the button
Seat 1: xcinaz ($170.86 in chips) 
Seat 2: maver200981 ($76.62 in chips) 
Seat 3: nikalas22 ($107.19 in chips) 
Seat 4: ReVeu710 ($115.40 in chips) 
Seat 5: rrrro ($136.29 in chips) 
Seat 6: XneferX ($138.41 in chips) 
xcinaz: posts small blind $0.50
maver200981: posts big blind $1
*** HOLE CARDS ***
nikalas22: folds 
ReVeu710: folds 
rrrro: folds 
XneferX: folds 
xcinaz: raises $2 to $3
ReVeu710 leaves the table
maver200981: folds 
Uncalled bet ($2) returned to xcinaz
xcinaz collected $2 from pot
xcinaz: doesn't show hand 
*** SUMMARY ***
Total pot $2 | Rake $0 
Seat 1: xcinaz (small blind) collected ($2)
Seat 2: maver200981 (big blind) folded before Flop
Seat 3: nikalas22 folded before Flop (didn't bet)
Seat 4: ReVeu710 folded before Flop (didn't bet)
Seat 5: rrrro folded before Flop (didn't bet)
Seat 6: XneferX (button) folded before Flop (didn't bet)



PokerStars Hand #254441443501:  Hold'em No Limit ($0.50/$1.00 USD) - 2025/01/18 1:22:11 WET [2025/01/18 20:22:11 ET]
Table 'Lavonne III' 6-max Seat #1 is the button
Seat 1: xcinaz ($171.86 in chips) 
Seat 2: maver200981 ($75.62 in chips) 
Seat 3: nikalas22 ($107.19 in chips) 
Seat 5: rrrro ($136.29 in chips) 
Seat 6: XneferX ($138.41 in chips) 
maver200981: posts small blind $0.50
nikalas22: posts big blind $1
*** HOLE CARDS ***
rrrro: folds 
XneferX: raises $1.30 to $2.30
rostickkin joins the table at seat #4 
xcinaz: folds 
maver200981: folds 
nikalas22: calls $1.30
*** FLOP *** [Ac 5s 5c]
nikalas22: checks 
XneferX: bets $1.26
nikalas22: calls $1.26
*** TURN *** [Ac 5s 5c] [7d]
nikalas22: checks 
XneferX: bets $5.57
nikalas22: raises $13.79 to $19.36
XneferX: calls $13.79
*** RIVER *** [Ac 5s 5c 7d] [3c]
nikalas22: bets $33.02
XneferX: folds 
Uncalled bet ($33.02) returned to nikalas22
nikalas22 collected $44.02 from pot
nikalas22: doesn't show hand 
*** SUMMARY ***
Total pot $46.34 | Rake $2.32 
Board [Ac 5s 5c 7d 3c]
Seat 1: xcinaz (button) folded before Flop (didn't bet)
Seat 2: maver200981 (small blind) folded before Flop
Seat 3: nikalas22 (big blind) collected ($44.02)
Seat 5: rrrro folded before Flop (didn't bet)
Seat 6: XneferX folded on the River



PokerStars Hand #254441463402:  Hold'em No Limit ($0.50/$1.00 USD) - 2025/01/18 1:23:58 WET [2025/01/18 20:23:58 ET]
Table 'Lavonne III' 6-max Seat #2 is the button
Seat 1: xcinaz ($171.86 in chips) 
Seat 2: maver200981 ($75.12 in chips) 
Seat 3: nikalas22 ($128.29 in chips) 
Seat 4: rostickkin ($100 in chips) 
Seat 5: rrrro ($136.29 in chips) 
Seat 6: XneferX ($115.49 in chips) 
nikalas22: posts small blind $0.50
rostickkin: posts big blind $1
*** HOLE CARDS ***
rrrro: folds 
XneferX: folds 
xcinaz: folds 
maver200981: raises $1 to $2
nikalas22: folds 
rostickkin: folds 
Uncalled bet ($1) returned to maver200981
maver200981 collected $2.50 from pot
maver200981: doesn't show hand 
*** SUMMARY ***
Total pot $2.50 | Rake $0 
Seat 1: xcinaz folded before Flop (didn't bet)
Seat 2: maver200981 (button) collected ($2.50)
Seat 3: nikalas22 (small blind) folded before Flop
Seat 4: rostickkin (big blind) folded before Flop
Seat 5: rrrro folded before Flop (didn't bet)
Seat 6: XneferX folded before Flop (didn't bet)



PokerStars Hand #254441466209:  Hold'em No Limit ($0.50/$1.00 USD) - 2025/01/18 1:24:13 WET [2025/01/18 20:24:13 ET]
Table 'Lavonne III' 6-max Seat #3 is the button
Seat 1: xcinaz ($171.86 in chips) 
Seat 2: maver200981 ($76.62 in chips) 
Seat 3: nikalas22 ($127.79 in chips) 
Seat 4: rostickkin ($100 in chips) 
Seat 5: rrrro ($136.29 in chips) 
Seat 6: XneferX ($115.49 in chips) 
rostickkin: posts small blind $0.50
rrrro: posts big blind $1
*** HOLE CARDS ***
XneferX: raises $1.10 to $2.10
xcinaz: raises $5.90 to $8
maver200981: folds 
nikalas22: folds 
rostickkin: folds 
rrrro: folds 
XneferX: raises $16 to $24
xcinaz: raises $147.86 to $171.86 and is all-in
XneferX: folds 
Uncalled bet ($147.86) returned to xcinaz
xcinaz collected $49.50 from pot
xcinaz: doesn't show hand 
*** SUMMARY ***
Total pot $49.50 | Rake $0 
Seat 1: xcinaz collected ($49.50)
Seat 2: maver200981 folded before Flop (didn't bet)
Seat 3: nikalas22 (button) folded before Flop (didn't bet)
Seat 4: rostickkin (small blind) folded before Flop
Seat 5: rrrro (big blind) folded before Flop
Seat 6: XneferX folded before Flop



PokerStars Hand #254441477093:  Hold'em No Limit ($0.50/$1.00 USD) - 2025/01/18 1:25:11 WET [2025/01/18 20:25:11 ET]
Table 'Lavonne III' 6-max Seat #4 is the button
Seat 1: xcinaz ($197.36 in chips) 
Seat 2: maver200981 ($76.62 in chips) 
Seat 3: nikalas22 ($127.79 in chips) 
Seat 4: rostickkin ($100 in chips) 
Seat 5: rrrro ($135.29 in chips) 
Seat 6: XneferX ($100 in chips) 
rrrro: posts small blind $0.50
XneferX: posts big blind $1
*** HOLE CARDS ***
xcinaz: folds 
maver200981: folds 
nikalas22: folds 
rostickkin: raises $1.50 to $2.50
rrrro: folds 
XneferX: folds 
Uncalled bet ($1.50) returned to rostickkin
rostickkin collected $2.50 from pot
rostickkin: doesn't show hand 
*** SUMMARY ***
Total pot $2.50 | Rake $0 
Seat 1: xcinaz folded before Flop (didn't bet)
Seat 2: maver200981 folded before Flop (didn't bet)
Seat 3: nikalas22 folded before Flop (didn't bet)
Seat 4: rostickkin (button) collected ($2.50)
Seat 5: rrrro (small blind) folded before Flop
Seat 6: XneferX (big blind) folded before Flop



PokerStars Hand #254441479715:  Hold'em No Limit ($0.50/$1.00 USD) - 2025/01/18 1:25:25 WET [2025/01/18 20:25:25 ET]
Table 'Lavonne III' 6-max Seat #5 is the button
Seat 1: xcinaz ($197.36 in chips) 
Seat 2: maver200981 ($76.62 in chips) 
Seat 3: nikalas22 ($127.79 in chips) 
Seat 4: rostickkin ($101.50 in chips) 
Seat 5: rrrro ($134.79 in chips) 
Seat 6: XneferX ($100 in chips) 
XneferX: posts small blind $0.50
xcinaz: posts big blind $1
*** HOLE CARDS ***
maver200981: folds 
nikalas22: folds 
rostickkin: folds 
rrrro: folds 
XneferX: folds 
Uncalled bet ($0.50) returned to xcinaz
xcinaz collected $1 from pot
xcinaz: doesn't show hand 
*** SUMMARY ***
Total pot $1 | Rake $0 
Seat 1: xcinaz (big blind) collected ($1)
Seat 2: maver200981 folded before Flop (didn't bet)
Seat 3: nikalas22 folded before Flop (didn't bet)
Seat 4: rostickkin folded before Flop (didn't bet)
Seat 5: rrrro (button) folded before Flop (didn't bet)
Seat 6: XneferX (small blind) folded before Flop



PokerStars Hand #254441484105:  Hold'em No Limit ($0.50/$1.00 USD) - 2025/01/18 1:25:48 WET [2025/01/18 20:25:48 ET]
Table 'Lavonne III' 6-max Seat #6 is the button
Seat 1: xcinaz ($197.86 in chips) 
Seat 2: maver200981 ($76.62 in chips) 
Seat 3: nikalas22 ($127.79 in chips) 
Seat 4: rostickkin ($101.50 in chips) 
Seat 5: rrrro ($134.79 in chips) 
Seat 6: XneferX ($100 in chips) 
xcinaz: posts small blind $0.50
maver200981: posts big blind $1
*** HOLE CARDS ***
nikalas22: folds 
rostickkin: folds 
rrrro: folds 
XneferX: raises $1.77 to $2.77
xcinaz: folds 
maver200981: calls $1.77
*** FLOP *** [Th Ad Kc]
maver200981: checks 
XneferX: bets $1.20
maver200981: calls $1.20
*** TURN *** [Th Ad Kc] [4c]
maver200981: checks 
XneferX: bets $8
maver200981: calls $8
*** RIVER *** [Th Ad Kc 4c] [9s]
maver200981: checks 
XneferX: bets $16
maver200981: calls $16
*** SHOW DOWN ***
XneferX: shows [8h 8d] (a pair of Eights)
maver200981: shows [Ah Qh] (a pair of Aces)
maver200981 collected $53.94 from pot
*** SUMMARY ***
Total pot $56.44 | Rake $2.50 
Board [Th Ad Kc 4c 9s]
Seat 1: xcinaz (small blind) folded before Flop
Seat 2: maver200981 (big blind) showed [Ah Qh] and won ($53.94) with a pair of Aces
Seat 3: nikalas22 folded before Flop (didn't bet)
Seat 4: rostickkin folded before Flop (didn't bet)
Seat 5: rrrro folded before Flop (didn't bet)
Seat 6: XneferX (button) showed [8h 8d] and lost with a pair of Eights



PokerStars Hand #254441497843:  Hold'em No Limit ($0.50/$1.00 USD) - 2025/01/18 1:27:01 WET [2025/01/18 20:27:01 ET]
Table 'Lavonne III' 6-max Seat #1 is the button
Seat 1: xcinaz ($197.36 in chips) 
Seat 2: maver200981 ($102.59 in chips) 
Seat 3: nikalas22 ($127.79 in chips) 
Seat 4: rostickkin ($101.50 in chips) 
Seat 5: rrrro ($134.79 in chips) 
Seat 6: XneferX ($100 in chips) 
maver200981: posts small blind $0.50
nikalas22: posts big blind $1
*** HOLE CARDS ***
rostickkin: folds 
rrrro: folds 
XneferX: folds 
xcinaz: folds 
maver200981: folds 
Uncalled bet ($0.50) returned to nikalas22
nikalas22 collected $1 from pot
nikalas22: doesn't show hand 
*** SUMMARY ***
Total pot $1 | Rake $0 
Seat 1: xcinaz (button) folded before Flop (didn't bet)
Seat 2: maver200981 (small blind) folded before Flop
Seat 3: nikalas22 (big blind) collected ($1)
Seat 4: rostickkin folded before Flop (didn't bet)
Seat 5: rrrro folded before Flop (didn't bet)
Seat 6: XneferX folded before Flop (didn't bet)



PokerStars Hand #254441502729:  Hold'em No Limit ($0.50/$1.00 USD) - 2025/01/18 1:27:27 WET [2025/01/18 20:27:27 ET]
Table 'Lavonne III' 6-max Seat #2 is the button
Seat 1: xcinaz ($197.36 in chips) 
Seat 2: maver200981 ($102.09 in chips) 
Seat 3: nikalas22 ($128.29 in chips) 
Seat 4: rostickkin ($101.50 in chips) 
Seat 5: rrrro ($134.79 in chips) 
Seat 6: XneferX ($100 in chips) 
nikalas22: posts small blind $0.50
rostickkin: posts big blind $1
*** HOLE CARDS ***
rrrro: folds 
XneferX: raises $1.10 to $2.10
xcinaz: folds 
maver200981: calls $2.10
nikalas22: folds 
rostickkin: raises $10.40 to $12.50
XneferX: calls $10.40
maver200981: calls $10.40
*** FLOP *** [2s Qc 7c]
rostickkin: checks 
XneferX: checks 
maver200981: bets $16
rostickkin: folds 
XneferX: folds 
Uncalled bet ($16) returned to maver200981
maver200981 collected $36.10 from pot
maver200981: doesn't show hand 
*** SUMMARY ***
Total pot $38 | Rake $1.90 
Board [2s Qc 7c]
Seat 1: xcinaz folded before Flop (didn't bet)
Seat 2: maver200981 (button) collected ($36.10)
Seat 3: nikalas22 (small blind) folded before Flop
Seat 4: rostickkin (big blind) folded on the Flop
Seat 5: rrrro folded before Flop (didn't bet)
Seat 6: XneferX folded on the Flop



PokerStars Hand #254441525879:  Hold'em No Limit ($0.50/$1.00 USD) - 2025/01/18 1:29:30 WET [2025/01/18 20:29:30 ET]
Table 'Lavonne III' 6-max Seat #3 is the button
Seat 1: xcinaz ($197.36 in chips) 
Seat 2: maver200981 ($125.69 in chips) 
Seat 3: nikalas22 ($127.79 in chips) 
Seat 4: rostickkin ($100 in chips) 
Seat 5: rrrro ($134.79 in chips) 
Seat 6: XneferX ($100 in chips) 
rostickkin: posts small blind $0.50
rrrro: posts big blind $1
*** HOLE CARDS ***
XneferX: folds 
xcinaz: folds 
maver200981: raises $1 to $2
nikalas22: folds 
rostickkin: folds 
rrrro: calls $1
*** FLOP *** [Kd As 4s]
rrrro: checks 
maver200981: bets $3
rrrro: folds 
Uncalled bet ($3) returned to maver200981
maver200981 collected $4.28 from pot
maver200981: doesn't show hand 
*** SUMMARY ***
Total pot $4.50 | Rake $0.22 
Board [Kd As 4s]
Seat 1: xcinaz folded before Flop (didn't bet)
Seat 2: maver200981 collected ($4.28)
Seat 3: nikalas22 (button) folded before Flop (didn't bet)
Seat 4: rostickkin (small blind) folded before Flop
Seat 5: rrrro (big blind) folded on the Flop
Seat 6: XneferX folded before Flop (didn't bet)



PokerStars Hand #254441532723:  Hold'em No Limit ($0.50/$1.00 USD) - 2025/01/18 1:30:07 WET [2025/01/18 20:30:07 ET]
Table 'Lavonne III' 6-max Seat #4 is the button
Seat 1: xcinaz ($197.36 in chips) 
Seat 2: maver200981 ($127.97 in chips) 
Seat 3: nikalas22 ($127.79 in chips) 
Seat 4: rostickkin ($100 in chips) 
Seat 5: rrrro ($132.79 in chips) 
Seat 6: XneferX ($100 in chips) 
rrrro: posts small blind $0.50
XneferX: posts big blind $1
*** HOLE CARDS ***
xcinaz: folds 
maver200981: folds 
nikalas22: folds 
rostickkin: raises $1.50 to $2.50
rrrro: folds 
XneferX: folds 
Uncalled bet ($1.50) returned to rostickkin
rostickkin collected $2.50 from pot
rostickkin: doesn't show hand 
*** SUMMARY ***
Total pot $2.50 | Rake $0 
Seat 1: xcinaz folded before Flop (didn't bet)
Seat 2: maver200981 folded before Flop (didn't bet)
Seat 3: nikalas22 folded before Flop (didn't bet)
Seat 4: rostickkin (button) collected ($2.50)
Seat 5: rrrro (small blind) folded before Flop
Seat 6: XneferX (big blind) folded before Flop



PokerStars Hand #254441539900:  Hold'em No Limit ($0.50/$1.00 USD) - 2025/01/18 1:30:46 WET [2025/01/18 20:30:46 ET]
Table 'Lavonne III' 6-max Seat #5 is the button
Seat 1: xcinaz ($197.36 in chips) 
Seat 2: maver200981 ($127.97 in chips) 
Seat 3: nikalas22 ($127.79 in chips) 
Seat 4: rostickkin ($101.50 in chips) 
Seat 5: rrrro ($132.29 in chips) 
Seat 6: XneferX ($100 in chips) 
XneferX: posts small blind $0.50
xcinaz: posts big blind $1
*** HOLE CARDS ***
maver200981: folds 
nikalas22: folds 
rostickkin: folds 
rrrro: raises $1.50 to $2.50
XneferX: folds 
xcinaz: calls $1.50
*** FLOP *** [3s Jc 2h]
xcinaz: checks 
rrrro: bets $1.30
xcinaz: folds 
Uncalled bet ($1.30) returned to rrrro
rrrro collected $5.22 from pot
rrrro: doesn't show hand 
*** SUMMARY ***
Total pot $5.50 | Rake $0.28 
Board [3s Jc 2h]
Seat 1: xcinaz (big blind) folded on the Flop
Seat 2: maver200981 folded before Flop (didn't bet)
Seat 3: nikalas22 folded before Flop (didn't bet)
Seat 4: rostickkin folded before Flop (didn't bet)
Seat 5: rrrro (button) collected ($5.22)
Seat 6: XneferX (small blind) folded before Flop



PokerStars Hand #254441549427:  Hold'em No Limit ($0.50/$1.00 USD) - 2025/01/18 1:31:36 WET [2025/01/18 20:31:36 ET]
Table 'Lavonne III' 6-max Seat #6 is the button
Seat 1: xcinaz ($194.86 in chips) 
Seat 2: maver200981 ($127.97 in chips) 
Seat 3: nikalas22 ($127.79 in chips) 
Seat 4: rostickkin ($101.50 in chips) 
Seat 5: rrrro ($135.01 in chips) 
Seat 6: XneferX ($100 in chips) 
xcinaz: posts small blind $0.50
maver200981: posts big blind $1
*** HOLE CARDS ***
nikalas22: folds 
rostickkin: folds 
rrrro: raises $1.30 to $2.30
XneferX: calls $2.30
xcinaz: folds 
maver200981: calls $1.30
*** FLOP *** [4s Kd Qh]
maver200981: checks 
rrrro: checks 
XneferX: checks 
*** TURN *** [4s Kd Qh] [9s]
maver200981: checks 
rrrro: checks 
XneferX: bets $3.59
maver200981: folds 
rrrro: calls $3.59
*** RIVER *** [4s Kd Qh 9s] [Ks]
rrrro: checks 
XneferX: bets $7.06
rrrro has timed out
rrrro: folds 
Uncalled bet ($7.06) returned to XneferX
XneferX collected $13.85 from pot
XneferX: doesn't show hand 
*** SUMMARY ***
Total pot $14.58 | Rake $0.73 
Board [4s Kd Qh 9s Ks]
Seat 1: xcinaz (small blind) folded before Flop
Seat 2: maver200981 (big blind) folded on the Turn
Seat 3: nikalas22 folded before Flop (didn't bet)
Seat 4: rostickkin folded before Flop (didn't bet)
Seat 5: rrrro folded on the River
Seat 6: XneferX (button) collected ($13.85)



PokerStars Hand #254441570618:  Hold'em No Limit ($0.50/$1.00 USD) - 2025/01/18 1:33:29 WET [2025/01/18 20:33:29 ET]
Table 'Lavonne III' 6-max Seat #1 is the button
Seat 1: xcinaz ($194.36 in chips) 
Seat 2: maver200981 ($125.67 in chips) 
Seat 3: nikalas22 ($127.79 in chips) 
Seat 4: rostickkin ($101.50 in chips) 
Seat 5: rrrro ($129.12 in chips) 
Seat 6: XneferX ($107.96 in chips) 
maver200981: posts small blind $0.50
nikalas22: posts big blind $1
*** HOLE CARDS ***
rostickkin: folds 
rrrro: folds 
XneferX: folds 
xcinaz: raises $1.50 to $2.50
maver200981: folds 
nikalas22: raises $9.50 to $12
xcinaz: folds 
Uncalled bet ($9.50) returned to nikalas22
nikalas22 collected $5.50 from pot
nikalas22: doesn't show hand 
*** SUMMARY ***
Total pot $5.50 | Rake $0 
Seat 1: xcinaz (button) folded before Flop
Seat 2: maver200981 (small blind) folded before Flop
Seat 3: nikalas22 (big blind) collected ($5.50)
Seat 4: rostickkin folded before Flop (didn't bet)
Seat 5: rrrro folded before Flop (didn't bet)
Seat 6: XneferX folded before Flop (didn't bet)



PokerStars Hand #254441575655:  Hold'em No Limit ($0.50/$1.00 USD) - 2025/01/18 1:33:56 WET [2025/01/18 20:33:56 ET]
Table 'Lavonne III' 6-max Seat #2 is the button
Seat 1: xcinaz ($191.86 in chips) 
Seat 2: maver200981 ($125.17 in chips) 
Seat 3: nikalas22 ($130.79 in chips) 
Seat 4: rostickkin ($101.50 in chips) 
Seat 5: rrrro ($129.12 in chips) 
Seat 6: XneferX ($107.96 in chips) 
nikalas22: posts small blind $0.50
rostickkin: posts big blind $1
*** HOLE CARDS ***
rrrro: folds 
XneferX: folds 
xcinaz: folds 
maver200981: folds 
nikalas22: raises $2 to $3
rostickkin: folds 
Uncalled bet ($2) returned to nikalas22
nikalas22 collected $2 from pot
nikalas22: doesn't show hand 
*** SUMMARY ***
Total pot $2 | Rake $0 
Seat 1: xcinaz folded before Flop (didn't bet)
Seat 2: maver200981 (button) folded before Flop (didn't bet)
Seat 3: nikalas22 (small blind) collected ($2)
Seat 4: rostickkin (big blind) folded before Flop
Seat 5: rrrro folded before Flop (didn't bet)
Seat 6: XneferX folded before Flop (didn't bet)



PokerStars Hand #254441582017:  Hold'em No Limit ($0.50/$1.00 USD) - 2025/01/18 1:34:31 WET [2025/01/18 20:34:31 ET]
Table 'Lavonne III' 6-max Seat #3 is the button
Seat 1: xcinaz ($191.86 in chips) 
Seat 2: maver200981 ($125.17 in chips) 
Seat 3: nikalas22 ($131.79 in chips) 
Seat 4: rostickkin ($100.50 in chips) 
Seat 5: rrrro ($129.12 in chips) 
Seat 6: XneferX ($107.96 in chips) 
rostickkin: posts small blind $0.50
rrrro: posts big blind $1
*** HOLE CARDS ***
XneferX: folds 
xcinaz: folds 
maver200981: folds 
nikalas22: raises $1.50 to $2.50
rostickkin: folds 
rrrro: folds 
Uncalled bet ($1.50) returned to nikalas22
nikalas22 collected $2.50 from pot
nikalas22: doesn't show hand 
*** SUMMARY ***
Total pot $2.50 | Rake $0 
Seat 1: xcinaz folded before Flop (didn't bet)
Seat 2: maver200981 folded before Flop (didn't bet)
Seat 3: nikalas22 (button) collected ($2.50)
Seat 4: rostickkin (small blind) folded before Flop
Seat 5: rrrro (big blind) folded before Flop
Seat 6: XneferX folded before Flop (didn't bet)



PokerStars Hand #254441587265:  Hold'em No Limit ($0.50/$1.00 USD) - 2025/01/18 1:34:59 WET [2025/01/18 20:34:59 ET]
Table 'Lavonne III' 6-max Seat #4 is the button
Seat 1: xcinaz ($191.86 in chips) 
Seat 2: maver200981 ($125.17 in chips) 
Seat 3: nikalas22 ($133.29 in chips) 
Seat 4: rostickkin ($100 in chips) 
Seat 5: rrrro ($128.12 in chips) 
Seat 6: XneferX ($107.96 in chips) 
rrrro: posts small blind $0.50
XneferX: posts big blind $1
*** HOLE CARDS ***
xcinaz: folds 
maver200981: folds 
nikalas22: folds 
rostickkin: folds 
rrrro: folds 
Uncalled bet ($0.50) returned to XneferX
XneferX collected $1 from pot
XneferX: doesn't show hand 
*** SUMMARY ***
Total pot $1 | Rake $0 
Seat 1: xcinaz folded before Flop (didn't bet)
Seat 2: maver200981 folded before Flop (didn't bet)
Seat 3: nikalas22 folded before Flop (didn't bet)
Seat 4: rostickkin (button) folded before Flop (didn't bet)
Seat 5: rrrro (small blind) folded before Flop
Seat 6: XneferX (big blind) collected ($1)



PokerStars Hand #254441590335:  Hold'em No Limit ($0.50/$1.00 USD) - 2025/01/18 1:35:16 WET [2025/01/18 20:35:16 ET]
Table 'Lavonne III' 6-max Seat #5 is the button
Seat 1: xcinaz ($191.86 in chips) 
Seat 2: maver200981 ($125.17 in chips) 
Seat 3: nikalas22 ($133.29 in chips) 
Seat 4: rostickkin ($100 in chips) 
Seat 5: rrrro ($127.62 in chips) 
Seat 6: XneferX ($108.46 in chips) 
XneferX: posts small blind $0.50
xcinaz: posts big blind $1
*** HOLE CARDS ***
maver200981: folds 
nikalas22: folds 
rostickkin: raises $1.50 to $2.50
rrrro: folds 
XneferX: folds 
xcinaz: folds 
Uncalled bet ($1.50) returned to rostickkin
rostickkin collected $2.50 from pot
rostickkin: doesn't show hand 
*** SUMMARY ***
Total pot $2.50 | Rake $0 
Seat 1: xcinaz (big blind) folded before Flop
Seat 2: maver200981 folded before Flop (didn't bet)
Seat 3: nikalas22 folded before Flop (didn't bet)
Seat 4: rostickkin collected ($2.50)
Seat 5: rrrro (button) folded before Flop (didn't bet)
Seat 6: XneferX (small blind) folded before Flop



PokerStars Hand #254441595181:  Hold'em No Limit ($0.50/$1.00 USD) - 2025/01/18 1:35:42 WET [2025/01/18 20:35:42 ET]
Table 'Lavonne III' 6-max Seat #6 is the button
Seat 1: xcinaz ($190.86 in chips) 
Seat 2: maver200981 ($125.17 in chips) 
Seat 3: nikalas22 ($133.29 in chips) 
Seat 4: rostickkin ($101.50 in chips) 
Seat 5: rrrro ($127.62 in chips) 
Seat 6: XneferX ($107.96 in chips) 
xcinaz: posts small blind $0.50
maver200981: posts big blind $1
*** HOLE CARDS ***
nikalas22: folds 
rostickkin: folds 
rrrro: folds 
XneferX: raises $1.77 to $2.77
xcinaz: folds 
maver200981: folds 
Uncalled bet ($1.77) returned to XneferX
XneferX collected $2.50 from pot
XneferX: doesn't show hand 
*** SUMMARY ***
Total pot $2.50 | Rake $0 
Seat 1: xcinaz (small blind) folded before Flop
Seat 2: maver200981 (big blind) folded before Flop
Seat 3: nikalas22 folded before Flop (didn't bet)
Seat 4: rostickkin folded before Flop (didn't bet)
Seat 5: rrrro folded before Flop (didn't bet)
Seat 6: XneferX (button) collected ($2.50)



PokerStars Hand #254441599515:  Hold'em No Limit ($0.50/$1.00 USD) - 2025/01/18 1:36:06 WET [2025/01/18 20:36:06 ET]
Table 'Lavonne III' 6-max Seat #1 is the button
Seat 1: xcinaz ($190.36 in chips) 
Seat 2: maver200981 ($124.17 in chips) 
Seat 3: nikalas22 ($133.29 in chips) 
Seat 4: rostickkin ($101.50 in chips) 
Seat 5: rrrro ($127.62 in chips) 
Seat 6: XneferX ($109.46 in chips) 
maver200981: posts small blind $0.50
nikalas22: posts big blind $1
*** HOLE CARDS ***
rostickkin: folds 
rrrro: raises $1 to $2
XneferX: folds 
xcinaz: folds 
maver200981: folds 
nikalas22: calls $1
*** FLOP *** [Tc Ac Td]
nikalas22: checks 
rrrro: bets $1.07
nikalas22: folds 
Uncalled bet ($1.07) returned to rrrro
rrrro collected $4.28 from pot
rrrro: doesn't show hand 
*** SUMMARY ***
Total pot $4.50 | Rake $0.22 
Board [Tc Ac Td]
Seat 1: xcinaz (button) folded before Flop (didn't bet)
Seat 2: maver200981 (small blind) folded before Flop
Seat 3: nikalas22 (big blind) folded on the Flop
Seat 4: rostickkin folded before Flop (didn't bet)
Seat 5: rrrro collected ($4.28)
Seat 6: XneferX folded before Flop (didn't bet)



PokerStars Hand #254441604500:  Hold'em No Limit ($0.50/$1.00 USD) - 2025/01/18 1:36:34 WET [2025/01/18 20:36:34 ET]
Table 'Lavonne III' 6-max Seat #2 is the button
Seat 1: xcinaz ($190.36 in chips) 
Seat 2: maver200981 ($123.67 in chips) 
Seat 3: nikalas22 ($131.29 in chips) 
Seat 4: rostickkin ($101.50 in chips) 
Seat 5: rrrro ($129.90 in chips) 
Seat 6: XneferX ($109.46 in chips) 
nikalas22: posts small blind $0.50
rostickkin: posts big blind $1
*** HOLE CARDS ***
rrrro: folds 
XneferX: folds 
xcinaz: folds 
maver200981: raises $2 to $3
nikalas22: folds 
rostickkin: calls $2
*** FLOP *** [Qc 2s 3d]
rostickkin: checks 
maver200981: bets $3.09
rostickkin: folds 
Uncalled bet ($3.09) returned to maver200981
maver200981 collected $6.18 from pot
maver200981: doesn't show hand 
*** SUMMARY ***
Total pot $6.50 | Rake $0.32 
Board [Qc 2s 3d]
Seat 1: xcinaz folded before Flop (didn't bet)
Seat 2: maver200981 (button) collected ($6.18)
Seat 3: nikalas22 (small blind) folded before Flop
Seat 4: rostickkin (big blind) folded on the Flop
Seat 5: rrrro folded before Flop (didn't bet)
Seat 6: XneferX folded before Flop (didn't bet)



PokerStars Hand #254441613772:  Hold'em No Limit ($0.50/$1.00 USD) - 2025/01/18 1:37:24 WET [2025/01/18 20:37:24 ET]
Table 'Lavonne III' 6-max Seat #3 is the button
Seat 1: xcinaz ($190.36 in chips) 
Seat 2: maver200981 ($126.85 in chips) 
Seat 3: nikalas22 ($130.79 in chips) 
Seat 4: rostickkin ($100 in chips) 
Seat 5: rrrro ($129.90 in chips) 
Seat 6: XneferX ($109.46 in chips) 
rostickkin: posts small blind $0.50
rrrro: posts big blind $1
*** HOLE CARDS ***
XneferX: folds 
xcinaz: folds 
maver200981: folds 
nikalas22: folds 
rostickkin: raises $2 to $3
rrrro: calls $2
*** FLOP *** [8c 7d 6c]
rostickkin: checks 
rrrro: checks 
*** TURN *** [8c 7d 6c] [5d]
rostickkin: checks 
rrrro: checks 
*** RIVER *** [8c 7d 6c 5d] [Qh]
rostickkin: bets $1.94
rrrro: calls $1.94
*** SHOW DOWN ***
rostickkin: shows [Kd Js] (high card King)
rrrro: shows [3s 6s] (a pair of Sixes)
rrrro collected $9.39 from pot
*** SUMMARY ***
Total pot $9.88 | Rake $0.49 
Board [8c 7d 6c 5d Qh]
Seat 1: xcinaz folded before Flop (didn't bet)
Seat 2: maver200981 folded before Flop (didn't bet)
Seat 3: nikalas22 (button) folded before Flop (didn't bet)
Seat 4: rostickkin (small blind) showed [Kd Js] and lost with high card King
Seat 5: rrrro (big blind) showed [3s 6s] and won ($9.39) with a pair of Sixes
Seat 6: XneferX folded before Flop (didn't bet)



PokerStars Hand #254441631946:  Hold'em No Limit ($0.50/$1.00 USD) - 2025/01/18 1:39:02 WET [2025/01/18 20:39:02 ET]
Table 'Lavonne III' 6-max Seat #4 is the button
Seat 1: xcinaz ($190.36 in chips) 
Seat 2: maver200981 ($126.85 in chips) 
Seat 3: nikalas22 ($130.79 in chips) 
Seat 4: rostickkin ($100 in chips) 
Seat 5: rrrro ($134.35 in chips) 
Seat 6: XneferX ($109.46 in chips) 
rrrro: posts small blind $0.50
XneferX: posts big blind $1
*** HOLE CARDS ***
xcinaz: folds 
maver200981: folds 
nikalas22: folds 
rostickkin: folds 
rrrro: raises $2 to $3
XneferX: folds 
Uncalled bet ($2) returned to rrrro
rrrro collected $2 from pot
rrrro: doesn't show hand 
*** SUMMARY ***
Total pot $2 | Rake $0 
Seat 1: xcinaz folded before Flop (didn't bet)
Seat 2: maver200981 folded before Flop (didn't bet)
Seat 3: nikalas22 folded before Flop (didn't bet)
Seat 4: rostickkin (button) folded before Flop (didn't bet)
Seat 5: rrrro (small blind) collected ($2)
Seat 6: XneferX (big blind) folded before Flop



PokerStars Hand #254441635004:  Hold'em No Limit ($0.50/$1.00 USD) - 2025/01/18 1:39:18 WET [2025/01/18 20:39:18 ET]
Table 'Lavonne III' 6-max Seat #5 is the button
Seat 1: xcinaz ($190.36 in chips) 
Seat 2: maver200981 ($126.85 in chips) 
Seat 3: nikalas22 ($130.79 in chips) 
Seat 4: rostickkin ($100 in chips) 
Seat 5: rrrro ($135.35 in chips) 
Seat 6: XneferX ($108.46 in chips) 
XneferX: posts small blind $0.50
xcinaz: posts big blind $1
*** HOLE CARDS ***
maver200981: folds 
nikalas22: folds 
rostickkin: folds 
rrrro: raises $1.50 to $2.50
XneferX: folds 
xcinaz: folds 
Uncalled bet ($1.50) returned to rrrro
rrrro collected $2.50 from pot
rrrro: doesn't show hand 
*** SUMMARY ***
Total pot $2.50 | Rake $0 
Seat 1: xcinaz (big blind) folded before Flop
Seat 2: maver200981 folded before Flop (didn't bet)
Seat 3: nikalas22 folded before Flop (didn't bet)
Seat 4: rostickkin folded before Flop (didn't bet)
Seat 5: rrrro (button) collected ($2.50)
Seat 6: XneferX (small blind) folded before Flop



PokerStars Hand #254441638432:  Hold'em No Limit ($0.50/$1.00 USD) - 2025/01/18 1:39:36 WET [2025/01/18 20:39:36 ET]
Table 'Lavonne III' 6-max Seat #6 is the button
Seat 1: xcinaz ($189.36 in chips) 
Seat 2: maver200981 ($126.85 in chips) 
Seat 3: nikalas22 ($130.79 in chips) 
Seat 4: rostickkin ($100 in chips) 
Seat 5: rrrro ($136.85 in chips) 
Seat 6: XneferX ($107.96 in chips) 
xcinaz: posts small blind $0.50
maver200981: posts big blind $1
*** HOLE CARDS ***
nikalas22: folds 
rostickkin: folds 
rrrro: folds 
XneferX: folds 
xcinaz: folds 
Uncalled bet ($0.50) returned to maver200981
maver200981 collected $1 from pot
maver200981: doesn't show hand 
*** SUMMARY ***
Total pot $1 | Rake $0 
Seat 1: xcinaz (small blind) folded before Flop
Seat 2: maver200981 (big blind) collected ($1)
Seat 3: nikalas22 folded before Flop (didn't bet)
Seat 4: rostickkin folded before Flop (didn't bet)
Seat 5: rrrro folded before Flop (didn't bet)
Seat 6: XneferX (button) folded before Flop (didn't bet)



PokerStars Hand #254441642698:  Hold'em No Limit ($0.50/$1.00 USD) - 2025/01/18 1:40:00 WET [2025/01/18 20:40:00 ET]
Table 'Lavonne III' 6-max Seat #1 is the button
Seat 1: xcinaz ($188.86 in chips) 
Seat 2: maver200981 ($127.35 in chips) 
Seat 3: nikalas22 ($130.79 in chips) 
Seat 4: rostickkin ($100 in chips) 
Seat 5: rrrro ($136.85 in chips) 
Seat 6: XneferX ($107.96 in chips) 
maver200981: posts small blind $0.50
nikalas22: posts big blind $1
*** HOLE CARDS ***
rostickkin: folds 
rrrro: raises $1 to $2
XneferX: folds 
xcinaz: folds 
maver200981: folds 
nikalas22: calls $1
*** FLOP *** [9s As 5s]
nikalas22: checks 
rrrro: checks 
*** TURN *** [9s As 5s] [5c]
nikalas22: checks 
rrrro: bets $1.41
nikalas22: folds 
Uncalled bet ($1.41) returned to rrrro
rrrro collected $4.28 from pot
rrrro: doesn't show hand 
*** SUMMARY ***
Total pot $4.50 | Rake $0.22 
Board [9s As 5s 5c]
Seat 1: xcinaz (button) folded before Flop (didn't bet)
Seat 2: maver200981 (small blind) folded before Flop
Seat 3: nikalas22 (big blind) folded on the Turn
Seat 4: rostickkin folded before Flop (didn't bet)
Seat 5: rrrro collected ($4.28)
Seat 6: XneferX folded before Flop (didn't bet)



PokerStars Hand #254441650441:  Hold'em No Limit ($0.50/$1.00 USD) - 2025/01/18 1:40:42 WET [2025/01/18 20:40:42 ET]
Table 'Lavonne III' 6-max Seat #2 is the button
Seat 1: xcinaz ($188.86 in chips) 
Seat 2: maver200981 ($126.85 in chips) 
Seat 3: nikalas22 ($128.79 in chips) 
Seat 4: rostickkin ($100 in chips) 
Seat 5: rrrro ($139.13 in chips) 
Seat 6: XneferX ($107.96 in chips) 
nikalas22: posts small blind $0.50
rostickkin: posts big blind $1
*** HOLE CARDS ***
rrrro: raises $1 to $2
XneferX: folds 
xcinaz: folds 
maver200981: calls $2
nikalas22: raises $11 to $13
rostickkin: folds 
rrrro: folds 
maver200981: folds 
Uncalled bet ($11) returned to nikalas22
nikalas22 collected $7 from pot
nikalas22: doesn't show hand 
*** SUMMARY ***
Total pot $7 | Rake $0 
Seat 1: xcinaz folded before Flop (didn't bet)
Seat 2: maver200981 (button) folded before Flop
Seat 3: nikalas22 (small blind) collected ($7)
Seat 4: rostickkin (big blind) folded before Flop
Seat 5: rrrro folded before Flop
Seat 6: XneferX folded before Flop (didn't bet)



PokerStars Hand #254441654731:  Hold'em No Limit ($0.50/$1.00 USD) - 2025/01/18 1:41:05 WET [2025/01/18 20:41:05 ET]
Table 'Lavonne III' 6-max Seat #3 is the button
Seat 1: xcinaz ($188.86 in chips) 
Seat 2: maver200981 ($124.85 in chips) 
Seat 3: nikalas22 ($133.79 in chips) 
Seat 4: rostickkin ($100 in chips) 
Seat 5: rrrro ($137.13 in chips) 
Seat 6: XneferX ($107.96 in chips) 
rostickkin: posts small blind $0.50
rrrro: posts big blind $1
*** HOLE CARDS ***
XneferX: folds 
xcinaz: folds 
maver200981: raises $2 to $3
nikalas22: folds 
rostickkin: calls $2.50
rrrro: folds 
*** FLOP *** [Qc 8d Tc]
rostickkin: checks 
maver200981: bets $3.33
rostickkin: calls $3.33
*** TURN *** [Qc 8d Tc] [Td]
rostickkin: bets $9.86
maver200981: raises $12.86 to $22.72
rostickkin: folds 
Uncalled bet ($12.86) returned to maver200981
maver200981 collected $31.71 from pot
maver200981: doesn't show hand 
*** SUMMARY ***
Total pot $33.38 | Rake $1.67 
Board [Qc 8d Tc Td]
Seat 1: xcinaz folded before Flop (didn't bet)
Seat 2: maver200981 collected ($31.71)
Seat 3: nikalas22 (button) folded before Flop (didn't bet)
Seat 4: rostickkin (small blind) folded on the Turn
Seat 5: rrrro (big blind) folded before Flop
Seat 6: XneferX folded before Flop (didn't bet)



PokerStars Hand #254441666178:  Hold'em No Limit ($0.50/$1.00 USD) - 2025/01/18 1:42:08 WET [2025/01/18 20:42:08 ET]
Table 'Lavonne III' 6-max Seat #4 is the button
Seat 1: xcinaz ($188.86 in chips) 
Seat 2: maver200981 ($140.37 in chips) 
Seat 3: nikalas22 ($133.79 in chips) 
Seat 4: rostickkin ($100 in chips) 
Seat 5: rrrro ($136.13 in chips) 
Seat 6: XneferX ($107.96 in chips) 
rrrro: posts small blind $0.50
XneferX: posts big blind $1
*** HOLE CARDS ***
xcinaz: folds 
maver200981: folds 
nikalas22: folds 
rostickkin: folds 
rrrro: folds 
Uncalled bet ($0.50) returned to XneferX
XneferX collected $1 from pot
XneferX: doesn't show hand 
*** SUMMARY ***
Total pot $1 | Rake $0 
Seat 1: xcinaz folded before Flop (didn't bet)
Seat 2: maver200981 folded before Flop (didn't bet)
Seat 3: nikalas22 folded before Flop (didn't bet)
Seat 4: rostickkin (button) folded before Flop (didn't bet)
Seat 5: rrrro (small blind) folded before Flop
Seat 6: XneferX (big blind) collected ($1)



PokerStars Hand #254441669763:  Hold'em No Limit ($0.50/$1.00 USD) - 2025/01/18 1:42:28 WET [2025/01/18 20:42:28 ET]
Table 'Lavonne III' 6-max Seat #5 is the button
Seat 1: xcinaz ($188.86 in chips) 
Seat 2: maver200981 ($140.37 in chips) 
Seat 3: nikalas22 ($133.79 in chips) 
Seat 4: rostickkin ($100 in chips) 
Seat 5: rrrro ($135.63 in chips) 
Seat 6: XneferX ($108.46 in chips) 
XneferX: posts small blind $0.50
xcinaz: posts big blind $1
*** HOLE CARDS ***
maver200981: raises $1 to $2
nikalas22: folds 
rostickkin: folds 
rrrro: folds 
XneferX: folds 
xcinaz: folds 
Uncalled bet ($1) returned to maver200981
maver200981 collected $2.50 from pot
maver200981: doesn't show hand 
*** SUMMARY ***
Total pot $2.50 | Rake $0 
Seat 1: xcinaz (big blind) folded before Flop
Seat 2: maver200981 collected ($2.50)
Seat 3: nikalas22 folded before Flop (didn't bet)
Seat 4: rostickkin folded before Flop (didn't bet)
Seat 5: rrrro (button) folded before Flop (didn't bet)
Seat 6: XneferX (small blind) folded before Flop



PokerStars Hand #254441672439:  Hold'em No Limit ($0.50/$1.00 USD) - 2025/01/18 1:42:42 WET [2025/01/18 20:42:42 ET]
Table 'Lavonne III' 6-max Seat #6 is the button
Seat 1: xcinaz ($187.86 in chips) 
Seat 2: maver200981 ($141.87 in chips) 
Seat 3: nikalas22 ($133.79 in chips) 
Seat 4: rostickkin ($100 in chips) 
Seat 5: rrrro ($135.63 in chips) 
Seat 6: XneferX ($107.96 in chips) 
xcinaz: posts small blind $0.50
maver200981: posts big blind $1
*** HOLE CARDS ***
nikalas22: folds 
rostickkin: folds 
rrrro: folds 
XneferX: folds 
xcinaz: raises $2 to $3
maver200981: calls $2
*** FLOP *** [Tc Kc 8h]
xcinaz: bets $1.88
maver200981: calls $1.88
*** TURN *** [Tc Kc 8h] [9h]
xcinaz: bets $3.06
maver200981: calls $3.06
*** RIVER *** [Tc Kc 8h 9h] [Ts]
xcinaz: bets $4.98
maver200981: calls $4.98
*** SHOW DOWN ***
xcinaz: shows [Ac Ad] (two pair, Aces and Tens)
maver200981: mucks hand 
xcinaz collected $24.55 from pot
*** SUMMARY ***
Total pot $25.84 | Rake $1.29 
Board [Tc Kc 8h 9h Ts]
Seat 1: xcinaz (small blind) showed [Ac Ad] and won ($24.55) with two pair, Aces and Tens
Seat 2: maver200981 (big blind) mucked
Seat 3: nikalas22 folded before Flop (didn't bet)
Seat 4: rostickkin folded before Flop (didn't bet)
Seat 5: rrrro folded before Flop (didn't bet)
Seat 6: XneferX (button) folded before Flop (didn't bet)



PokerStars Hand #254441685344:  Hold'em No Limit ($0.50/$1.00 USD) - 2025/01/18 1:43:54 WET [2025/01/18 20:43:54 ET]
Table 'Lavonne III' 6-max Seat #1 is the button
Seat 1: xcinaz ($199.49 in chips) 
Seat 2: maver200981 ($128.95 in chips) 
Seat 3: nikalas22 ($133.79 in chips) 
Seat 4: rostickkin ($100 in chips) 
Seat 5: rrrro ($135.63 in chips) 
Seat 6: XneferX ($107.96 in chips) 
maver200981: posts small blind $0.50
nikalas22: posts big blind $1
*** HOLE CARDS ***
rostickkin: folds 
rrrro: folds 
XneferX: folds 
xcinaz: folds 
maver200981: folds 
Uncalled bet ($0.50) returned to nikalas22
nikalas22 collected $1 from pot
nikalas22: doesn't show hand 
*** SUMMARY ***
Total pot $1 | Rake $0 
Seat 1: xcinaz (button) folded before Flop (didn't bet)
Seat 2: maver200981 (small blind) folded before Flop
Seat 3: nikalas22 (big blind) collected ($1)
Seat 4: rostickkin folded before Flop (didn't bet)
Seat 5: rrrro folded before Flop (didn't bet)
Seat 6: XneferX folded before Flop (didn't bet)



PokerStars Hand #254441688933:  Hold'em No Limit ($0.50/$1.00 USD) - 2025/01/18 1:44:14 WET [2025/01/18 20:44:14 ET]
Table 'Lavonne III' 6-max Seat #2 is the button
Seat 1: xcinaz ($199.49 in chips) 
Seat 2: maver200981 ($128.45 in chips) 
Seat 3: nikalas22 ($134.29 in chips) 
Seat 4: rostickkin ($100 in chips) 
Seat 5: rrrro ($135.63 in chips) 
Seat 6: XneferX ($107.96 in chips) 
nikalas22: posts small blind $0.50
rostickkin: posts big blind $1
*** HOLE CARDS ***
rrrro: raises $1 to $2
XneferX: folds 
xcinaz: folds 
maver200981: folds 
nikalas22: folds 
rostickkin: calls $1
*** FLOP *** [Ac 6h Kd]
rostickkin: checks 
rrrro: bets $2.14
rostickkin: folds 
Uncalled bet ($2.14) returned to rrrro
rrrro collected $4.28 from pot
rrrro: doesn't show hand 
*** SUMMARY ***
Total pot $4.50 | Rake $0.22 
Board [Ac 6h Kd]
Seat 1: xcinaz folded before Flop (didn't bet)
Seat 2: maver200981 (button) folded before Flop (didn't bet)
Seat 3: nikalas22 (small blind) folded before Flop
Seat 4: rostickkin (big blind) folded on the Flop
Seat 5: rrrro collected ($4.28)
Seat 6: XneferX folded before Flop (didn't bet)



PokerStars Hand #254441694604:  Hold'em No Limit ($0.50/$1.00 USD) - 2025/01/18 1:44:45 WET [2025/01/18 20:44:45 ET]
Table 'Lavonne III' 6-max Seat #3 is the button
Seat 1: xcinaz ($199.49 in chips) 
Seat 2: maver200981 ($128.45 in chips) 
Seat 3: nikalas22 ($133.79 in chips) 
Seat 4: rostickkin ($100 in chips) 
Seat 5: rrrro ($137.91 in chips) 
Seat 6: XneferX ($107.96 in chips) 
rostickkin: posts small blind $0.50
rrrro: posts big blind $1
*** HOLE CARDS ***
XneferX: folds 
xcinaz: folds 
maver200981: raises $2 to $3
nikalas22: raises $7 to $10
rostickkin: folds 
rrrro: folds 
maver200981: calls $7
*** FLOP *** [7h 3d Jc]
maver200981: checks 
nikalas22: bets $6.13
maver200981: raises $16.34 to $22.47
nikalas22: folds 
Uncalled bet ($16.34) returned to maver200981
maver200981 collected $32.07 from pot
maver200981: doesn't show hand 
*** SUMMARY ***
Total pot $33.76 | Rake $1.69 
Board [7h 3d Jc]
Seat 1: xcinaz folded before Flop (didn't bet)
Seat 2: maver200981 collected ($32.07)
Seat 3: nikalas22 (button) folded on the Flop
Seat 4: rostickkin (small blind) folded before Flop
Seat 5: rrrro (big blind) folded before Flop
Seat 6: XneferX folded before Flop (didn't bet)



PokerStars Hand #254441707397:  Hold'em No Limit ($0.50/$1.00 USD) - 2025/01/18 1:45:55 WET [2025/01/18 20:45:55 ET]
Table 'Lavonne III' 6-max Seat #4 is the button
Seat 1: xcinaz ($199.49 in chips) 
Seat 2: maver200981 ($144.39 in chips) 
Seat 3: nikalas22 ($117.66 in chips) 
Seat 4: rostickkin ($100 in chips) 
Seat 5: rrrro ($136.91 in chips) 
Seat 6: XneferX ($107.96 in chips) 
rrrro: posts small blind $0.50
XneferX: posts big blind $1
*** HOLE CARDS ***
xcinaz: folds 
maver200981: raises $1 to $2
nikalas22: folds 
rostickkin: folds 
rrrro: folds 
XneferX: calls $1
*** FLOP *** [Ad 2d 6c]
XneferX: checks 
maver200981: bets $3.14
XneferX: calls $3.14
*** TURN *** [Ad 2d 6c] [4s]
XneferX: checks 
maver200981: checks 
*** RIVER *** [Ad 2d 6c 4s] [9d]
XneferX: bets $3.48
maver200981: folds 
Uncalled bet ($3.48) returned to XneferX
XneferX collected $10.24 from pot
XneferX: doesn't show hand 
*** SUMMARY ***
Total pot $10.78 | Rake $0.54 
Board [Ad 2d 6c 4s 9d]
Seat 1: xcinaz folded before Flop (didn't bet)
Seat 2: maver200981 folded on the River
Seat 3: nikalas22 folded before Flop (didn't bet)
Seat 4: rostickkin (button) folded before Flop (didn't bet)
Seat 5: rrrro (small blind) folded before Flop
Seat 6: XneferX (big blind) collected ($10.24)



PokerStars Hand #254441723042:  Hold'em No Limit ($0.50/$1.00 USD) - 2025/01/18 1:47:21 WET [2025/01/18 20:47:21 ET]
Table 'Lavonne III' 6-max Seat #5 is the button
Seat 1: xcinaz ($199.49 in chips) is sitting out
Seat 2: maver200981 ($139.25 in chips) 
Seat 3: nikalas22 ($117.66 in chips) 
Seat 4: rostickkin ($100 in chips) 
Seat 5: rrrro ($136.41 in chips) 
Seat 6: XneferX ($113.06 in chips) 
XneferX: posts small blind $0.50
xcinaz: is sitting out 
maver200981: posts big blind $1
*** HOLE CARDS ***
xcinaz leaves the table
nikalas22: folds 
rostickkin: raises $1.50 to $2.50
rrrro: folds 
XneferX: folds 
maver200981: folds 
Uncalled bet ($1.50) returned to rostickkin
rostickkin collected $2.50 from pot
rostickkin: doesn't show hand 
*** SUMMARY ***
Total pot $2.50 | Rake $0 
Seat 1: xcinaz
Seat 2: maver200981 (big blind) folded before Flop
Seat 3: nikalas22 folded before Flop (didn't bet)
Seat 4: rostickkin collected ($2.50)
Seat 5: rrrro (button) folded before Flop (didn't bet)
Seat 6: XneferX (small blind) folded before Flop



PokerStars Hand #254441726096:  Hold'em No Limit ($0.50/$1.00 USD) - 2025/01/18 1:47:39 WET [2025/01/18 20:47:39 ET]
Table 'Lavonne III' 6-max Seat #6 is the button
Seat 2: maver200981 ($138.25 in chips) 
Seat 3: nikalas22 ($117.66 in chips) 
Seat 4: rostickkin ($101.50 in chips) 
Seat 5: rrrro ($136.41 in chips) 
Seat 6: XneferX ($112.56 in chips) 
maver200981: posts small blind $0.50
nikalas22: posts big blind $1
*** HOLE CARDS ***
NISIY joins the table at seat #1 
rostickkin: raises $1.20 to $2.20
rrrro: folds 
XneferX: folds 
maver200981: calls $1.70
nikalas22: calls $1.20
*** FLOP *** [8d Qs 5c]
maver200981: checks 
nikalas22: checks 
rostickkin: bets $2.13
maver200981: calls $2.13
nikalas22: folds 
*** TURN *** [8d Qs 5c] [Ts]
nikalas22 leaves the table
maver200981: checks 
rostickkin: bets $7.84
ru_ruu_ru joins the table at seat #3 
maver200981: calls $7.84
*** RIVER *** [8d Qs 5c Ts] [Jd]
maver200981: bets $15.61
rostickkin: folds 
Uncalled bet ($15.61) returned to maver200981
maver200981 collected $25.21 from pot
maver200981: doesn't show hand 
*** SUMMARY ***
Total pot $26.54 | Rake $1.33 
Board [8d Qs 5c Ts Jd]
Seat 2: maver200981 (small blind) collected ($25.21)
Seat 3: nikalas22 (big blind) folded on the Flop
Seat 4: rostickkin folded on the River
Seat 5: rrrro folded before Flop (didn't bet)
Seat 6: XneferX (button) folded before Flop (didn't bet)



PokerStars Hand #254441747346:  Hold'em No Limit ($0.50/$1.00 USD) - 2025/01/18 1:49:39 WET [2025/01/18 20:49:39 ET]
Table 'Lavonne III' 6-max Seat #2 is the button
Seat 1: NISIY ($100 in chips) is sitting out
Seat 3: ru_ruu_ru ($100 in chips) is sitting out
Seat 2: maver200981 ($151.29 in chips) 
Seat 4: rostickkin ($100 in chips) 
Seat 5: rrrro ($136.41 in chips) 
Seat 6: XneferX ($112.56 in chips) 
rostickkin: posts small blind $0.50
rrrro: posts big blind $1
NISIY: sits out 
*** HOLE CARDS ***
XneferX: folds 
XneferX leaves the table
maver200981: folds 
rostickkin: raises $2 to $3
rrrro: raises $6 to $9
rostickkin: folds 
Uncalled bet ($6) returned to rrrro
rrrro collected $6 from pot
rrrro: doesn't show hand 
*** SUMMARY ***
Total pot $6 | Rake $0 
Seat 1: NISIY
Seat 3: ru_ruu_ru
Seat 2: maver200981 (button) folded before Flop (didn't bet)
Seat 4: rostickkin (small blind) folded before Flop
Seat 5: rrrro (big blind) collected ($6)
Seat 6: XneferX folded before Flop (didn't bet)



PokerStars Hand #254441751303:  Hold'em No Limit ($0.50/$1.00 USD) - 2025/01/18 1:50:02 WET [2025/01/18 20:50:02 ET]
Table 'Lavonne III' 6-max Seat #4 is the button
Seat 3: ru_ruu_ru ($100 in chips) is sitting out
Seat 1: NISIY ($100 in chips) 
Seat 2: maver200981 ($151.29 in chips) 
Seat 4: rostickkin ($100 in chips) 
Seat 5: rrrro ($139.41 in chips) 
rrrro: posts small blind $0.50
NISIY: posts big blind $1
ru_ruu_ru: sits out 
*** HOLE CARDS ***
maver200981: folds 
rostickkin: raises $1.50 to $2.50
rrrro: folds 
NISIY: folds 
Uncalled bet ($1.50) returned to rostickkin
rostickkin collected $2.50 from pot
rostickkin: doesn't show hand 
*** SUMMARY ***
Total pot $2.50 | Rake $0 
Seat 3: ru_ruu_ru
Seat 1: NISIY (big blind) folded before Flop
Seat 2: maver200981 folded before Flop (didn't bet)
Seat 4: rostickkin (button) collected ($2.50)
Seat 5: rrrro (small blind) folded before Flop



PokerStars Hand #254441753523:  Hold'em No Limit ($0.50/$1.00 USD) - 2025/01/18 1:50:14 WET [2025/01/18 20:50:14 ET]
Table 'Lavonne III' 6-max Seat #5 is the button
Seat 3: ru_ruu_ru ($100 in chips) is sitting out
Seat 1: NISIY ($100 in chips) 
Seat 2: maver200981 ($151.29 in chips) 
Seat 4: rostickkin ($101.50 in chips) 
Seat 5: rrrro ($138.91 in chips) 
NISIY: posts small blind $0.50
maver200981: posts big blind $1
ru_ruu_ru: sits out 
*** HOLE CARDS ***
rostickkin: raises $1.50 to $2.50
rrrro: folds 
NISIY: folds 
maver200981: folds 
Uncalled bet ($1.50) returned to rostickkin
rostickkin collected $2.50 from pot
rostickkin: doesn't show hand 
*** SUMMARY ***
Total pot $2.50 | Rake $0 
Seat 3: ru_ruu_ru
Seat 1: NISIY (small blind) folded before Flop
Seat 2: maver200981 (big blind) folded before Flop
Seat 4: rostickkin collected ($2.50)
Seat 5: rrrro (button) folded before Flop (didn't bet)



PokerStars Hand #254441755410:  Hold'em No Limit ($0.50/$1.00 USD) - 2025/01/18 1:50:25 WET [2025/01/18 20:50:25 ET]
Table 'Lavonne III' 6-max Seat #1 is the button
Seat 1: NISIY ($100 in chips) 
Seat 2: maver200981 ($150.29 in chips) 
Seat 3: ru_ruu_ru ($100 in chips) 
Seat 4: rostickkin ($103 in chips) 
Seat 5: rrrro ($138.91 in chips) 
maver200981: posts small blind $0.50
ru_ruu_ru: posts big blind $1
*** HOLE CARDS ***
rostickkin: folds 
rrrro: raises $1.30 to $2.30
NISIY: folds 
maver200981: folds 
ru_ruu_ru: folds 
Uncalled bet ($1.30) returned to rrrro
rrrro collected $2.50 from pot
rrrro: doesn't show hand 
*** SUMMARY ***
Total pot $2.50 | Rake $0 
Seat 1: NISIY (button) folded before Flop (didn't bet)
Seat 2: maver200981 (small blind) folded before Flop
Seat 3: ru_ruu_ru (big blind) folded before Flop
Seat 4: rostickkin folded before Flop (didn't bet)
Seat 5: rrrro collected ($2.50)



PokerStars Hand #254441758762:  Hold'em No Limit ($0.50/$1.00 USD) - 2025/01/18 1:50:44 WET [2025/01/18 20:50:44 ET]
Table 'Lavonne III' 6-max Seat #2 is the button
Seat 1: NISIY ($100 in chips) 
Seat 2: maver200981 ($149.79 in chips) 
Seat 3: ru_ruu_ru ($100 in chips) 
Seat 4: rostickkin ($103 in chips) 
Seat 5: rrrro ($140.41 in chips) 
ru_ruu_ru: posts small blind $0.50
rostickkin: posts big blind $1
*** HOLE CARDS ***
rrrro: folds 
NISIY: folds 
maver200981: raises $2 to $3
ru_ruu_ru: folds 
rostickkin: folds 
Uncalled bet ($2) returned to maver200981
maver200981 collected $2.50 from pot
maver200981: doesn't show hand 
*** SUMMARY ***
Total pot $2.50 | Rake $0 
Seat 1: NISIY folded before Flop (didn't bet)
Seat 2: maver200981 (button) collected ($2.50)
Seat 3: ru_ruu_ru (small blind) folded before Flop
Seat 4: rostickkin (big blind) folded before Flop
Seat 5: rrrro folded before Flop (didn't bet)



PokerStars Hand #254441763938:  Hold'em No Limit ($0.50/$1.00 USD) - 2025/01/18 1:51:13 WET [2025/01/18 20:51:13 ET]
Table 'Lavonne III' 6-max Seat #3 is the button
Seat 1: NISIY ($100 in chips) 
Seat 2: maver200981 ($151.29 in chips) 
Seat 3: ru_ruu_ru ($100 in chips) 
Seat 4: rostickkin ($102 in chips) 
Seat 5: rrrro ($140.41 in chips) 
rostickkin: posts small blind $0.50
rrrro: posts big blind $1
*** HOLE CARDS ***
NISIY: raises $1.50 to $2.50
maver200981: folds 
ru_ruu_ru: folds 
rostickkin: folds 
rrrro: calls $1.50
*** FLOP *** [7h 7c 8s]
rrrro: checks 
NISIY: bets $1.72
Timonessb joins the table at seat #6 
rrrro: raises $4.33 to $6.05
NISIY: calls $4.33
*** TURN *** [7h 7c 8s] [Kc]
rrrro: checks 
NISIY: bets $5.52
rrrro: calls $5.52
*** RIVER *** [7h 7c 8s Kc] [4h]
rrrro: checks 
NISIY: bets $20.41
rrrro: folds 
Uncalled bet ($20.41) returned to NISIY
NISIY collected $27.21 from pot
NISIY: doesn't show hand 
*** SUMMARY ***
Total pot $28.64 | Rake $1.43 
Board [7h 7c 8s Kc 4h]
Seat 1: NISIY collected ($27.21)
Seat 2: maver200981 folded before Flop (didn't bet)
Seat 3: ru_ruu_ru (button) folded before Flop (didn't bet)
Seat 4: rostickkin (small blind) folded before Flop
Seat 5: rrrro (big blind) folded on the River



PokerStars Hand #254441781453:  Hold'em No Limit ($0.50/$1.00 USD) - 2025/01/18 1:52:52 WET [2025/01/18 20:52:52 ET]
Table 'Lavonne III' 6-max Seat #4 is the button
Seat 1: NISIY ($113.14 in chips) 
Seat 2: maver200981 ($151.29 in chips) 
Seat 3: ru_ruu_ru ($100 in chips) 
Seat 4: rostickkin ($101.50 in chips) 
Seat 5: rrrro ($126.34 in chips) 
Seat 6: Timonessb ($100 in chips) 
rrrro: posts small blind $0.50
Timonessb: posts big blind $1
*** HOLE CARDS ***
NISIY: folds 
maver200981: raises $1 to $2
ru_ruu_ru: folds 
rostickkin: folds 
rrrro: folds 
Timonessb: folds 
Uncalled bet ($1) returned to maver200981
maver200981 collected $2.50 from pot
maver200981: doesn't show hand 
*** SUMMARY ***
Total pot $2.50 | Rake $0 
Seat 1: NISIY folded before Flop (didn't bet)
Seat 2: maver200981 collected ($2.50)
Seat 3: ru_ruu_ru folded before Flop (didn't bet)
Seat 4: rostickkin (button) folded before Flop (didn't bet)
Seat 5: rrrro (small blind) folded before Flop
Seat 6: Timonessb (big blind) folded before Flop



PokerStars Hand #254441786492:  Hold'em No Limit ($0.50/$1.00 USD) - 2025/01/18 1:53:21 WET [2025/01/18 20:53:21 ET]
Table 'Lavonne III' 6-max Seat #5 is the button
Seat 1: NISIY ($113.14 in chips) 
Seat 2: maver200981 ($152.79 in chips) 
Seat 3: ru_ruu_ru ($100 in chips) 
Seat 4: rostickkin ($101.50 in chips) 
Seat 5: rrrro ($125.84 in chips) 
Seat 6: Timonessb ($100 in chips) 
Timonessb: posts small blind $0.50
NISIY: posts big blind $1
*** HOLE CARDS ***
maver200981: folds 
ru_ruu_ru: folds 
rostickkin: folds 
rrrro: raises $1.50 to $2.50
Timonessb: folds 
NISIY: raises $9.50 to $12
rrrro: folds 
Uncalled bet ($9.50) returned to NISIY
rrrro leaves the table
NISIY collected $5.50 from pot
NISIY: doesn't show hand 
*** SUMMARY ***
Total pot $5.50 | Rake $0 
Seat 1: NISIY (big blind) collected ($5.50)
Seat 2: maver200981 folded before Flop (didn't bet)
Seat 3: ru_ruu_ru folded before Flop (didn't bet)
Seat 4: rostickkin folded before Flop (didn't bet)
Seat 5: rrrro (button) folded before Flop
Seat 6: Timonessb (small blind) folded before Flop



PokerStars Hand #254441794747:  Hold'em No Limit ($0.50/$1.00 USD) - 2025/01/18 1:54:08 WET [2025/01/18 20:54:08 ET]
Table 'Lavonne III' 6-max Seat #6 is the button
Seat 1: NISIY ($116.14 in chips) 
Seat 2: maver200981 ($152.79 in chips) 
Seat 3: ru_ruu_ru ($100 in chips) 
Seat 4: rostickkin ($101.50 in chips) 
Seat 6: Timonessb ($100 in chips) 
NISIY: posts small blind $0.50
maver200981: posts big blind $1
*** HOLE CARDS ***
ru_ruu_ru: raises $1.20 to $2.20
rostickkin: folds 
Timonessb: folds 
NISIY: folds 
maver200981: calls $1.20
*** FLOP *** [7s 5s 2s]
XneferX joins the table at seat #5 
maver200981: checks 
ru_ruu_ru: bets $2.33
maver200981: folds 
Uncalled bet ($2.33) returned to ru_ruu_ru
ru_ruu_ru collected $4.66 from pot
ru_ruu_ru: doesn't show hand 
*** SUMMARY ***
Total pot $4.90 | Rake $0.24 
Board [7s 5s 2s]
Seat 1: NISIY (small blind) folded before Flop
Seat 2: maver200981 (big blind) folded on the Flop
Seat 3: ru_ruu_ru collected ($4.66)
Seat 4: rostickkin folded before Flop (didn't bet)
Seat 6: Timonessb (button) folded before Flop (didn't bet)



PokerStars Hand #254441800772:  Hold'em No Limit ($0.50/$1.00 USD) - 2025/01/18 1:54:42 WET [2025/01/18 20:54:42 ET]
Table 'Lavonne III' 6-max Seat #1 is the button
Seat 5: XneferX ($112.56 in chips) is sitting out
Seat 1: NISIY ($115.64 in chips) 
Seat 2: maver200981 ($150.59 in chips) 
Seat 3: ru_ruu_ru ($102.46 in chips) 
Seat 4: rostickkin ($101.50 in chips) 
Seat 6: Timonessb ($100 in chips) 
maver200981: posts small blind $0.50
ru_ruu_ru: posts big blind $1
XneferX: sits out 
*** HOLE CARDS ***
rostickkin: folds 
Timonessb: folds 
NISIY: folds 
maver200981: folds 
Uncalled bet ($0.50) returned to ru_ruu_ru
ru_ruu_ru collected $1 from pot
ru_ruu_ru: doesn't show hand 
*** SUMMARY ***
Total pot $1 | Rake $0 
Seat 5: XneferX
Seat 1: NISIY (button) folded before Flop (didn't bet)
Seat 2: maver200981 (small blind) folded before Flop
Seat 3: ru_ruu_ru (big blind) collected ($1)
Seat 4: rostickkin folded before Flop (didn't bet)
Seat 6: Timonessb folded before Flop (didn't bet)



PokerStars Hand #254441804557:  Hold'em No Limit ($0.50/$1.00 USD) - 2025/01/18 1:55:04 WET [2025/01/18 20:55:04 ET]
Table 'Lavonne III' 6-max Seat #2 is the button
Seat 5: XneferX ($112.56 in chips) is sitting out
Seat 1: NISIY ($115.64 in chips) 
Seat 2: maver200981 ($150.09 in chips) 
Seat 3: ru_ruu_ru ($102.96 in chips) 
Seat 4: rostickkin ($101.50 in chips) 
Seat 6: Timonessb ($100 in chips) 
ru_ruu_ru: posts small blind $0.50
rostickkin: posts big blind $1
XneferX: sits out 
*** HOLE CARDS ***
Timonessb: folds 
NISIY: folds 
maver200981: folds 
ru_ruu_ru: raises $2 to $3
rostickkin: folds 
Uncalled bet ($2) returned to ru_ruu_ru
ru_ruu_ru collected $2 from pot
ru_ruu_ru: doesn't show hand 
*** SUMMARY ***
Total pot $2 | Rake $0 
Seat 5: XneferX
Seat 1: NISIY folded before Flop (didn't bet)
Seat 2: maver200981 (button) folded before Flop (didn't bet)
Seat 3: ru_ruu_ru (small blind) collected ($2)
Seat 4: rostickkin (big blind) folded before Flop
Seat 6: Timonessb folded before Flop (didn't bet)



PokerStars Hand #254441806444:  Hold'em No Limit ($0.50/$1.00 USD) - 2025/01/18 1:55:18 WET [2025/01/18 20:55:18 ET]
Table 'Lavonne III' 6-max Seat #3 is the button
Seat 1: NISIY ($115.64 in chips) 
Seat 2: maver200981 ($150.09 in chips) 
Seat 3: ru_ruu_ru ($103.96 in chips) 
Seat 4: rostickkin ($100.50 in chips) 
Seat 5: XneferX ($112.56 in chips) 
Seat 6: Timonessb ($100 in chips) 
rostickkin: posts small blind $0.50
XneferX: posts big blind $1
*** HOLE CARDS ***
Timonessb: folds 
NISIY: raises $1.50 to $2.50
maver200981: calls $2.50
ru_ruu_ru: folds 
rostickkin: folds 
XneferX: folds 
*** FLOP *** [4s Kc 2s]
NISIY: bets $1.55
maver200981: folds 
Uncalled bet ($1.55) returned to NISIY
NISIY collected $6.18 from pot
NISIY: doesn't show hand 
*** SUMMARY ***
Total pot $6.50 | Rake $0.32 
Board [4s Kc 2s]
Seat 1: NISIY collected ($6.18)
Seat 2: maver200981 folded on the Flop
Seat 3: ru_ruu_ru (button) folded before Flop (didn't bet)
Seat 4: rostickkin (small blind) folded before Flop
Seat 5: XneferX (big blind) folded before Flop
Seat 6: Timonessb folded before Flop (didn't bet)



PokerStars Hand #254441813343:  Hold'em No Limit ($0.50/$1.00 USD) - 2025/01/18 1:56:09 WET [2025/01/18 20:56:09 ET]
Table 'Lavonne III' 6-max Seat #4 is the button
Seat 1: NISIY ($119.32 in chips) 
Seat 2: maver200981 ($147.59 in chips) 
Seat 3: ru_ruu_ru ($103.96 in chips) 
Seat 4: rostickkin ($100 in chips) 
Seat 5: XneferX ($111.56 in chips) 
Seat 6: Timonessb ($100 in chips) 
XneferX: posts small blind $0.50
Timonessb: posts big blind $1
*** HOLE CARDS ***
NISIY: raises $1.50 to $2.50
maver200981: folds 
ru_ruu_ru: folds 
rostickkin: folds 
XneferX: folds 
Timonessb: folds 
Uncalled bet ($1.50) returned to NISIY
NISIY collected $2.50 from pot
NISIY: doesn't show hand 
*** SUMMARY ***
Total pot $2.50 | Rake $0 
Seat 1: NISIY collected ($2.50)
Seat 2: maver200981 folded before Flop (didn't bet)
Seat 3: ru_ruu_ru folded before Flop (didn't bet)
Seat 4: rostickkin (button) folded before Flop (didn't bet)
Seat 5: XneferX (small blind) folded before Flop
Seat 6: Timonessb (big blind) folded before Flop



PokerStars Hand #254441814744:  Hold'em No Limit ($0.50/$1.00 USD) - 2025/01/18 1:56:19 WET [2025/01/18 20:56:19 ET]
Table 'Lavonne III' 6-max Seat #5 is the button
Seat 1: NISIY ($120.82 in chips) 
Seat 2: maver200981 ($147.59 in chips) 
Seat 3: ru_ruu_ru ($103.96 in chips) 
Seat 4: rostickkin ($100 in chips) 
Seat 5: XneferX ($111.06 in chips) 
Seat 6: Timonessb ($100 in chips) 
Timonessb: posts small blind $0.50
NISIY: posts big blind $1
*** HOLE CARDS ***
maver200981: folds 
ru_ruu_ru: raises $1.20 to $2.20
rostickkin: folds 
XneferX: folds 
Timonessb: folds 
NISIY: folds 
Uncalled bet ($1.20) returned to ru_ruu_ru
ru_ruu_ru collected $2.50 from pot
ru_ruu_ru: doesn't show hand 
*** SUMMARY ***
Total pot $2.50 | Rake $0 
Seat 1: NISIY (big blind) folded before Flop
Seat 2: maver200981 folded before Flop (didn't bet)
Seat 3: ru_ruu_ru collected ($2.50)
Seat 4: rostickkin folded before Flop (didn't bet)
Seat 5: XneferX (button) folded before Flop (didn't bet)
Seat 6: Timonessb (small blind) folded before Flop



PokerStars Hand #254441816902:  Hold'em No Limit ($0.50/$1.00 USD) - 2025/01/18 1:56:35 WET [2025/01/18 20:56:35 ET]
Table 'Lavonne III' 6-max Seat #6 is the button
Seat 1: NISIY ($119.82 in chips) 
Seat 2: maver200981 ($147.59 in chips) 
Seat 3: ru_ruu_ru ($105.46 in chips) 
Seat 4: rostickkin ($100 in chips) 
Seat 5: XneferX ($111.06 in chips) 
Seat 6: Timonessb ($100 in chips) 
NISIY: posts small blind $0.50
maver200981: posts big blind $1
*** HOLE CARDS ***
ru_ruu_ru: folds 
rostickkin: raises $1.20 to $2.20
XneferX: folds 
Timonessb: folds 
NISIY: folds 
maver200981: calls $1.20
*** FLOP *** [7c Qh 4d]
maver200981: checks 
rostickkin: checks 
*** TURN *** [7c Qh 4d] [8h]
maver200981: checks 
rostickkin: checks 
*** RIVER *** [7c Qh 4d 8h] [Qs]
maver200981: bets $4.66
rostickkin: folds 
Uncalled bet ($4.66) returned to maver200981
maver200981 collected $4.66 from pot
maver200981: doesn't show hand 
*** SUMMARY ***
Total pot $4.90 | Rake $0.24 
Board [7c Qh 4d 8h Qs]
Seat 1: NISIY (small blind) folded before Flop
Seat 2: maver200981 (big blind) collected ($4.66)
Seat 3: ru_ruu_ru folded before Flop (didn't bet)
Seat 4: rostickkin folded on the River
Seat 5: XneferX folded before Flop (didn't bet)
Seat 6: Timonessb (button) folded before Flop (didn't bet)



PokerStars Hand #254441826968:  Hold'em No Limit ($0.50/$1.00 USD) - 2025/01/18 1:57:50 WET [2025/01/18 20:57:50 ET]
Table 'Lavonne III' 6-max Seat #1 is the button
Seat 1: NISIY ($119.32 in chips) 
Seat 2: maver200981 ($150.05 in chips) 
Seat 3: ru_ruu_ru ($105.46 in chips) 
Seat 4: rostickkin ($100 in chips) 
Seat 5: XneferX ($111.06 in chips) 
Seat 6: Timonessb ($100 in chips) 
maver200981: posts small blind $0.50
ru_ruu_ru: posts big blind $1
*** HOLE CARDS ***
rostickkin: folds 
XneferX: folds 
Timonessb: folds 
NISIY: raises $1.50 to $2.50
maver200981: folds 
ru_ruu_ru: folds 
Uncalled bet ($1.50) returned to NISIY
NISIY collected $2.50 from pot
NISIY: doesn't show hand 
*** SUMMARY ***
Total pot $2.50 | Rake $0 
Seat 1: NISIY (button) collected ($2.50)
Seat 2: maver200981 (small blind) folded before Flop
Seat 3: ru_ruu_ru (big blind) folded before Flop
Seat 4: rostickkin folded before Flop (didn't bet)
Seat 5: XneferX folded before Flop (didn't bet)
Seat 6: Timonessb folded before Flop (didn't bet)



PokerStars Hand #254441829796:  Hold'em No Limit ($0.50/$1.00 USD) - 2025/01/18 1:58:11 WET [2025/01/18 20:58:11 ET]
Table 'Lavonne III' 6-max Seat #2 is the button
Seat 1: NISIY ($120.82 in chips) 
Seat 2: maver200981 ($149.55 in chips) 
Seat 3: ru_ruu_ru ($104.46 in chips) 
Seat 4: rostickkin ($100 in chips) 
Seat 5: XneferX ($111.06 in chips) 
Seat 6: Timonessb ($100 in chips) 
ru_ruu_ru: posts small blind $0.50
rostickkin: posts big blind $1
*** HOLE CARDS ***
XneferX: folds 
Timonessb: folds 
NISIY: folds 
maver200981: folds 
ru_ruu_ru: folds 
Uncalled bet ($0.50) returned to rostickkin
rostickkin collected $1 from pot
rostickkin: doesn't show hand 
*** SUMMARY ***
Total pot $1 | Rake $0 
Seat 1: NISIY folded before Flop (didn't bet)
Seat 2: maver200981 (button) folded before Flop (didn't bet)
Seat 3: ru_ruu_ru (small blind) folded before Flop
Seat 4: rostickkin (big blind) collected ($1)
Seat 5: XneferX folded before Flop (didn't bet)
Seat 6: Timonessb folded before Flop (didn't bet)



PokerStars Hand #254441833945:  Hold'em No Limit ($0.50/$1.00 USD) - 2025/01/18 1:58:42 WET [2025/01/18 20:58:42 ET]
Table 'Lavonne III' 6-max Seat #3 is the button
Seat 1: NISIY ($120.82 in chips) 
Seat 2: maver200981 ($149.55 in chips) 
Seat 3: ru_ruu_ru ($103.96 in chips) 
Seat 4: rostickkin ($100.50 in chips) 
Seat 5: XneferX ($111.06 in chips) 
Seat 6: Timonessb ($100 in chips) 
rostickkin: posts small blind $0.50
XneferX: posts big blind $1
*** HOLE CARDS ***
Timonessb: folds 
NISIY: folds 
maver200981: raises $1 to $2
ru_ruu_ru: folds 
rostickkin: folds 
XneferX: folds 
Uncalled bet ($1) returned to maver200981
maver200981 collected $2.50 from pot
maver200981: doesn't show hand 
*** SUMMARY ***
Total pot $2.50 | Rake $0 
Seat 1: NISIY folded before Flop (didn't bet)
Seat 2: maver200981 collected ($2.50)
Seat 3: ru_ruu_ru (button) folded before Flop (didn't bet)
Seat 4: rostickkin (small blind) folded before Flop
Seat 5: XneferX (big blind) folded before Flop
Seat 6: Timonessb folded before Flop (didn't bet)



PokerStars Hand #254441836429:  Hold'em No Limit ($0.50/$1.00 USD) - 2025/01/18 1:58:59 WET [2025/01/18 20:58:59 ET]
Table 'Lavonne III' 6-max Seat #4 is the button
Seat 1: NISIY ($120.82 in chips) 
Seat 2: maver200981 ($151.05 in chips) 
Seat 3: ru_ruu_ru ($103.96 in chips) 
Seat 4: rostickkin ($100 in chips) 
Seat 5: XneferX ($110.06 in chips) 
Seat 6: Timonessb ($100 in chips) 
XneferX: posts small blind $0.50
Timonessb: posts big blind $1
*** HOLE CARDS ***
NISIY: raises $1.50 to $2.50
maver200981: folds 
ru_ruu_ru: folds 
rostickkin: raises $5 to $7.50
XneferX: folds 
Timonessb: raises $15 to $22.50
NISIY: folds 
rostickkin: raises $77.50 to $100 and is all-in
Timonessb: calls $77.50 and is all-in
*** FIRST FLOP *** [2d Qd Kc]
*** FIRST TURN *** [2d Qd Kc] [5s]
*** FIRST RIVER *** [2d Qd Kc 5s] [7s]
*** SECOND FLOP *** [9h Qs Jh]
*** SECOND TURN *** [9h Qs Jh] [Jc]
*** SECOND RIVER *** [9h Qs Jh Jc] [As]
*** FIRST SHOW DOWN ***
Timonessb: shows [Ad Kh] (a pair of Kings)
rostickkin: shows [Kd Ks] (three of a kind, Kings)
rostickkin collected $100.25 from pot
*** SECOND SHOW DOWN ***
Timonessb: shows [Ad Kh] (two pair, Aces and Jacks)
rostickkin: shows [Kd Ks] (two pair, Kings and Jacks)
Timonessb collected $100.25 from pot
*** SUMMARY ***
Total pot $203 | Rake $2.50 
Hand was run twice
FIRST Board [2d Qd Kc 5s 7s]
SECOND Board [9h Qs Jh Jc As]
Seat 1: NISIY folded before Flop
Seat 2: maver200981 folded before Flop (didn't bet)
Seat 3: ru_ruu_ru folded before Flop (didn't bet)
Seat 4: rostickkin (button) showed [Kd Ks] and won ($100.25) with three of a kind, Kings, and lost with two pair, Kings and Jacks
Seat 5: XneferX (small blind) folded before Flop
Seat 6: Timonessb (big blind) showed [Ad Kh] and lost with a pair of Kings, and won ($100.25) with two pair, Aces and Jacks



PokerStars Hand #254441842644:  Hold'em No Limit ($0.50/$1.00 USD) - 2025/01/18 1:59:44 WET [2025/01/18 20:59:44 ET]
Table 'Lavonne III' 6-max Seat #5 is the button
Seat 1: NISIY ($118.32 in chips) 
Seat 2: maver200981 ($151.05 in chips) 
Seat 3: ru_ruu_ru ($103.96 in chips) 
Seat 4: rostickkin ($100.25 in chips) 
Seat 5: XneferX ($109.56 in chips) 
Seat 6: Timonessb ($100.25 in chips) 
Timonessb: posts small blind $0.50
NISIY: posts big blind $1
*** HOLE CARDS ***
maver200981: folds 
ru_ruu_ru: folds 
rostickkin: raises $1.50 to $2.50
XneferX: folds 
Timonessb: folds 
NISIY: folds 
Uncalled bet ($1.50) returned to rostickkin
rostickkin collected $2.50 from pot
rostickkin: doesn't show hand 
*** SUMMARY ***
Total pot $2.50 | Rake $0 
Seat 1: NISIY (big blind) folded before Flop
Seat 2: maver200981 folded before Flop (didn't bet)
Seat 3: ru_ruu_ru folded before Flop (didn't bet)
Seat 4: rostickkin collected ($2.50)
Seat 5: XneferX (button) folded before Flop (didn't bet)
Seat 6: Timonessb (small blind) folded before Flop



PokerStars Hand #254441845275:  Hold'em No Limit ($0.50/$1.00 USD) - 2025/01/18 2:00:03 WET [2025/01/18 21:00:03 ET]
Table 'Lavonne III' 6-max Seat #6 is the button
Seat 1: NISIY ($117.32 in chips) 
Seat 2: maver200981 ($151.05 in chips) 
Seat 3: ru_ruu_ru ($103.96 in chips) 
Seat 4: rostickkin ($101.75 in chips) 
Seat 5: XneferX ($109.56 in chips) 
Seat 6: Timonessb ($100 in chips) 
NISIY: posts small blind $0.50
maver200981: posts big blind $1
*** HOLE CARDS ***
ru_ruu_ru: raises $1.20 to $2.20
rostickkin: folds 
XneferX: folds 
Timonessb: folds 
NISIY: folds 
maver200981: calls $1.20
*** FLOP *** [6c 3s Ks]
maver200981: checks 
ru_ruu_ru: checks 
*** TURN *** [6c 3s Ks] [8c]
maver200981: checks 
ru_ruu_ru: checks 
*** RIVER *** [6c 3s Ks 8c] [6d]
maver200981: checks 
ru_ruu_ru: checks 
*** SHOW DOWN ***
maver200981: shows [Jh 9s] (a pair of Sixes)
ru_ruu_ru: shows [9d Ad] (a pair of Sixes - Ace kicker)
ru_ruu_ru collected $4.66 from pot
*** SUMMARY ***
Total pot $4.90 | Rake $0.24 
Board [6c 3s Ks 8c 6d]
Seat 1: NISIY (small blind) folded before Flop
Seat 2: maver200981 (big blind) showed [Jh 9s] and lost with a pair of Sixes
Seat 3: ru_ruu_ru showed [9d Ad] and won ($4.66) with a pair of Sixes
Seat 4: rostickkin folded before Flop (didn't bet)
Seat 5: XneferX folded before Flop (didn't bet)
Seat 6: Timonessb (button) folded before Flop (didn't bet)



PokerStars Hand #254441859368:  Hold'em No Limit ($0.50/$1.00 USD) - 2025/01/18 2:01:34 WET [2025/01/18 21:01:34 ET]
Table 'Lavonne III' 6-max Seat #1 is the button
Seat 1: NISIY ($116.82 in chips) 
Seat 2: maver200981 ($148.85 in chips) 
Seat 3: ru_ruu_ru ($106.42 in chips) 
Seat 4: rostickkin ($101.75 in chips) 
Seat 5: XneferX ($109.56 in chips) 
Seat 6: Timonessb ($100 in chips) 
maver200981: posts small blind $0.50
ru_ruu_ru: posts big blind $1
*** HOLE CARDS ***
rostickkin: folds 
XneferX: folds 
Timonessb: folds 
NISIY: raises $1.50 to $2.50
maver200981: folds 
ru_ruu_ru: folds 
Uncalled bet ($1.50) returned to NISIY
NISIY collected $2.50 from pot
NISIY: doesn't show hand 
*** SUMMARY ***
Total pot $2.50 | Rake $0 
Seat 1: NISIY (button) collected ($2.50)
Seat 2: maver200981 (small blind) folded before Flop
Seat 3: ru_ruu_ru (big blind) folded before Flop
Seat 4: rostickkin folded before Flop (didn't bet)
Seat 5: XneferX folded before Flop (didn't bet)
Seat 6: Timonessb folded before Flop (didn't bet)



PokerStars Hand #254441863338:  Hold'em No Limit ($0.50/$1.00 USD) - 2025/01/18 2:01:57 WET [2025/01/18 21:01:57 ET]
Table 'Lavonne III' 6-max Seat #2 is the button
Seat 1: NISIY ($118.32 in chips) 
Seat 2: maver200981 ($148.35 in chips) 
Seat 3: ru_ruu_ru ($105.42 in chips) 
Seat 4: rostickkin ($101.75 in chips) 
Seat 5: XneferX ($109.56 in chips) 
Seat 6: Timonessb ($100 in chips) 
ru_ruu_ru: posts small blind $0.50
rostickkin: posts big blind $1
*** HOLE CARDS ***
XneferX: folds 
Timonessb: raises $1.30 to $2.30
NISIY: folds 
maver200981: folds 
ru_ruu_ru: folds 
rostickkin: folds 
Uncalled bet ($1.30) returned to Timonessb
Timonessb collected $2.50 from pot
Timonessb: doesn't show hand 
*** SUMMARY ***
Total pot $2.50 | Rake $0 
Seat 1: NISIY folded before Flop (didn't bet)
Seat 2: maver200981 (button) folded before Flop (didn't bet)
Seat 3: ru_ruu_ru (small blind) folded before Flop
Seat 4: rostickkin (big blind) folded before Flop
Seat 5: XneferX folded before Flop (didn't bet)
Seat 6: Timonessb collected ($2.50)



PokerStars Hand #254441866443:  Hold'em No Limit ($0.50/$1.00 USD) - 2025/01/18 2:02:16 WET [2025/01/18 21:02:16 ET]
Table 'Lavonne III' 6-max Seat #3 is the button
Seat 1: NISIY ($118.32 in chips) 
Seat 2: maver200981 ($148.35 in chips) 
Seat 3: ru_ruu_ru ($104.92 in chips) 
Seat 4: rostickkin ($100.75 in chips) 
Seat 5: XneferX ($109.56 in chips) 
Seat 6: Timonessb ($101.50 in chips) 
rostickkin: posts small blind $0.50
XneferX: posts big blind $1
*** HOLE CARDS ***
Timonessb: folds 
NISIY: folds 
maver200981: folds 
ru_ruu_ru: raises $1.50 to $2.50
rostickkin: folds 
XneferX: folds 
Uncalled bet ($1.50) returned to ru_ruu_ru
ru_ruu_ru collected $2.50 from pot
ru_ruu_ru: doesn't show hand 
*** SUMMARY ***
Total pot $2.50 | Rake $0 
Seat 1: NISIY folded before Flop (didn't bet)
Seat 2: maver200981 folded before Flop (didn't bet)
Seat 3: ru_ruu_ru (button) collected ($2.50)
Seat 4: rostickkin (small blind) folded before Flop
Seat 5: XneferX (big blind) folded before Flop
Seat 6: Timonessb folded before Flop (didn't bet)



PokerStars Hand #254441868759:  Hold'em No Limit ($0.50/$1.00 USD) - 2025/01/18 2:02:29 WET [2025/01/18 21:02:29 ET]
Table 'Lavonne III' 6-max Seat #4 is the button
Seat 1: NISIY ($118.32 in chips) 
Seat 2: maver200981 ($148.35 in chips) 
Seat 3: ru_ruu_ru ($106.42 in chips) 
Seat 4: rostickkin ($100.25 in chips) 
Seat 5: XneferX ($108.56 in chips) 
Seat 6: Timonessb ($101.50 in chips) 
XneferX: posts small blind $0.50
Timonessb: posts big blind $1
*** HOLE CARDS ***
NISIY: folds 
maver200981: raises $1 to $2
ru_ruu_ru: folds 
rostickkin: folds 
XneferX: folds 
Timonessb: calls $1
*** FLOP *** [Ah Jc Qd]
Timonessb: checks 
maver200981: bets $2.28
Timonessb: folds 
Uncalled bet ($2.28) returned to maver200981
maver200981 collected $4.28 from pot
maver200981: doesn't show hand 
*** SUMMARY ***
Total pot $4.50 | Rake $0.22 
Board [Ah Jc Qd]
Seat 1: NISIY folded before Flop (didn't bet)
Seat 2: maver200981 collected ($4.28)
Seat 3: ru_ruu_ru folded before Flop (didn't bet)
Seat 4: rostickkin (button) folded before Flop (didn't bet)
Seat 5: XneferX (small blind) folded before Flop
Seat 6: Timonessb (big blind) folded on the Flop



PokerStars Hand #254441874128:  Hold'em No Limit ($0.50/$1.00 USD) - 2025/01/18 2:03:00 WET [2025/01/18 21:03:00 ET]
Table 'Lavonne III' 6-max Seat #5 is the button
Seat 1: NISIY ($118.32 in chips) is sitting out
Seat 2: maver200981 ($150.63 in chips) 
Seat 3: ru_ruu_ru ($106.42 in chips) 
Seat 4: rostickkin ($100.25 in chips) 
Seat 5: XneferX ($108.06 in chips) 
Seat 6: Timonessb ($100 in chips) 
Timonessb: posts small blind $0.50
NISIY: is sitting out 
maver200981: posts big blind $1
*** HOLE CARDS ***
ru_ruu_ru: folds 
rostickkin: folds 
XneferX: raises $1.77 to $2.77
Timonessb: folds 
maver200981: folds 
Uncalled bet ($1.77) returned to XneferX
XneferX collected $2.50 from pot
XneferX: doesn't show hand 
*** SUMMARY ***
Total pot $2.50 | Rake $0 
Seat 1: NISIY
Seat 2: maver200981 (big blind) folded before Flop
Seat 3: ru_ruu_ru folded before Flop (didn't bet)
Seat 4: rostickkin folded before Flop (didn't bet)
Seat 5: XneferX (button) collected ($2.50)
Seat 6: Timonessb (small blind) folded before Flop



PokerStars Hand #254441876787:  Hold'em No Limit ($0.50/$1.00 USD) - 2025/01/18 2:03:16 WET [2025/01/18 21:03:16 ET]
Table 'Lavonne III' 6-max Seat #6 is the button
Seat 1: NISIY ($118.32 in chips) is sitting out
Seat 2: maver200981 ($149.63 in chips) 
Seat 3: ru_ruu_ru ($106.42 in chips) 
Seat 4: rostickkin ($100.25 in chips) 
Seat 5: XneferX ($109.56 in chips) 
Seat 6: Timonessb ($100 in chips) 
maver200981: posts small blind $0.50
ru_ruu_ru: posts big blind $1
*** HOLE CARDS ***
rostickkin: raises $1.20 to $2.20
XneferX: folds 
Timonessb: calls $2.20
maver200981: calls $1.70
ru_ruu_ru: calls $1.20
*** FLOP *** [7d 7c 6h]
maver200981: checks 
ru_ruu_ru: bets $2.76
rostickkin: folds 
Timonessb: calls $2.76
maver200981: calls $2.76
*** TURN *** [7d 7c 6h] [2s]
maver200981: checks 
ru_ruu_ru: bets $13.80
Timonessb: folds 
maver200981: folds 
Uncalled bet ($13.80) returned to ru_ruu_ru
ru_ruu_ru collected $16.23 from pot
ru_ruu_ru: doesn't show hand 
*** SUMMARY ***
Total pot $17.08 | Rake $0.85 
Board [7d 7c 6h 2s]
Seat 1: NISIY
Seat 2: maver200981 (small blind) folded on the Turn
Seat 3: ru_ruu_ru (big blind) collected ($16.23)
Seat 4: rostickkin folded on the Flop
Seat 5: XneferX folded before Flop (didn't bet)
Seat 6: Timonessb (button) folded on the Turn



PokerStars Hand #254441892755:  Hold'em No Limit ($0.50/$1.00 USD) - 2025/01/18 2:04:48 WET [2025/01/18 21:04:48 ET]
Table 'Lavonne III' 6-max Seat #2 is the button
Seat 1: NISIY ($118.32 in chips) is sitting out
Seat 2: maver200981 ($144.67 in chips) 
Seat 3: ru_ruu_ru ($117.69 in chips) 
Seat 4: rostickkin ($100 in chips) 
Seat 5: XneferX ($109.56 in chips) 
Seat 6: Timonessb ($100 in chips) 
ru_ruu_ru: posts small blind $0.50
rostickkin: posts big blind $1
*** HOLE CARDS ***
XneferX: folds 
Timonessb: folds 
maver200981: folds 
ru_ruu_ru: folds 
Uncalled bet ($0.50) returned to rostickkin
rostickkin collected $1 from pot
rostickkin: doesn't show hand 
*** SUMMARY ***
Total pot $1 | Rake $0 
Seat 1: NISIY
Seat 2: maver200981 (button) folded before Flop (didn't bet)
Seat 3: ru_ruu_ru (small blind) folded before Flop
Seat 4: rostickkin (big blind) collected ($1)
Seat 5: XneferX folded before Flop (didn't bet)
Seat 6: Timonessb folded before Flop (didn't bet)



PokerStars Hand #254441895996:  Hold'em No Limit ($0.50/$1.00 USD) - 2025/01/18 2:05:07 WET [2025/01/18 21:05:07 ET]
Table 'Lavonne III' 6-max Seat #3 is the button
Seat 1: NISIY ($118.32 in chips) is sitting out
Seat 2: maver200981 ($144.67 in chips) 
Seat 3: ru_ruu_ru ($117.19 in chips) 
Seat 4: rostickkin ($100.50 in chips) 
Seat 5: XneferX ($109.56 in chips) 
Seat 6: Timonessb ($100 in chips) 
rostickkin: posts small blind $0.50
XneferX: posts big blind $1
*** HOLE CARDS ***
Timonessb: folds 
maver200981: raises $1 to $2
ru_ruu_ru: folds 
rostickkin: folds 
XneferX: calls $1
*** FLOP *** [9d 4c Ad]
XneferX: checks 
maver200981: checks 
*** TURN *** [9d 4c Ad] [Kd]
XneferX: bets $2.18
maver200981: calls $2.18
*** RIVER *** [9d 4c Ad Kd] [Js]
XneferX: bets $4.29
maver200981: calls $4.29
*** SHOW DOWN ***
XneferX: shows [As 3s] (a pair of Aces)
maver200981: shows [Ah 8c] (a pair of Aces)
XneferX collected $8.29 from pot
maver200981 collected $8.28 from pot
*** SUMMARY ***
Total pot $17.44 | Rake $0.87 
Board [9d 4c Ad Kd Js]
Seat 1: NISIY
Seat 2: maver200981 showed [Ah 8c] and won ($8.28) with a pair of Aces
Seat 3: ru_ruu_ru (button) folded before Flop (didn't bet)
Seat 4: rostickkin (small blind) folded before Flop
Seat 5: XneferX (big blind) showed [As 3s] and won ($8.29) with a pair of Aces
Seat 6: Timonessb folded before Flop (didn't bet)



PokerStars Hand #254441906239:  Hold'em No Limit ($0.50/$1.00 USD) - 2025/01/18 2:06:07 WET [2025/01/18 21:06:07 ET]
Table 'Lavonne III' 6-max Seat #4 is the button
Seat 1: NISIY ($118.32 in chips) is sitting out
Seat 2: maver200981 ($144.48 in chips) 
Seat 3: ru_ruu_ru ($117.19 in chips) 
Seat 4: rostickkin ($100 in chips) 
Seat 5: XneferX ($109.38 in chips) 
Seat 6: Timonessb ($100 in chips) 
XneferX: posts small blind $0.50
Timonessb: posts big blind $1
*** HOLE CARDS ***
maver200981: folds 
ru_ruu_ru: folds 
rostickkin: folds 
XneferX: folds 
Uncalled bet ($0.50) returned to Timonessb
Timonessb collected $1 from pot
Timonessb: doesn't show hand 
*** SUMMARY ***
Total pot $1 | Rake $0 
Seat 1: NISIY
Seat 2: maver200981 folded before Flop (didn't bet)
Seat 3: ru_ruu_ru folded before Flop (didn't bet)
Seat 4: rostickkin (button) folded before Flop (didn't bet)
Seat 5: XneferX (small blind) folded before Flop
Seat 6: Timonessb (big blind) collected ($1)



PokerStars Hand #254441909747:  Hold'em No Limit ($0.50/$1.00 USD) - 2025/01/18 2:06:27 WET [2025/01/18 21:06:27 ET]
Table 'Lavonne III' 6-max Seat #5 is the button
Seat 1: NISIY ($118.32 in chips) is sitting out
Seat 2: maver200981 ($144.48 in chips) 
Seat 3: ru_ruu_ru ($117.19 in chips) 
Seat 4: rostickkin ($100 in chips) 
Seat 5: XneferX ($108.88 in chips) 
Seat 6: Timonessb ($100.50 in chips) 
Timonessb: posts small blind $0.50
maver200981: posts big blind $1
*** HOLE CARDS ***
ru_ruu_ru: folds 
rostickkin: folds 
XneferX: folds 
Timonessb: folds 
Uncalled bet ($0.50) returned to maver200981
maver200981 collected $1 from pot
maver200981: doesn't show hand 
*** SUMMARY ***
Total pot $1 | Rake $0 
Seat 1: NISIY
Seat 2: maver200981 (big blind) collected ($1)
Seat 3: ru_ruu_ru folded before Flop (didn't bet)
Seat 4: rostickkin folded before Flop (didn't bet)
Seat 5: XneferX (button) folded before Flop (didn't bet)
Seat 6: Timonessb (small blind) folded before Flop



PokerStars Hand #254441912833:  Hold'em No Limit ($0.50/$1.00 USD) - 2025/01/18 2:06:45 WET [2025/01/18 21:06:45 ET]
Table 'Lavonne III' 6-max Seat #6 is the button
Seat 1: NISIY ($118.32 in chips) is sitting out
Seat 2: maver200981 ($144.98 in chips) 
Seat 3: ru_ruu_ru ($117.19 in chips) 
Seat 4: rostickkin ($100 in chips) 
Seat 5: XneferX ($108.88 in chips) 
Seat 6: Timonessb ($100 in chips) 
maver200981: posts small blind $0.50
ru_ruu_ru: posts big blind $1
*** HOLE CARDS ***
rostickkin: folds 
XneferX: folds 
Timonessb: folds 
maver200981: folds 
Uncalled bet ($0.50) returned to ru_ruu_ru
ru_ruu_ru collected $1 from pot
ru_ruu_ru: doesn't show hand 
*** SUMMARY ***
Total pot $1 | Rake $0 
Seat 1: NISIY
Seat 2: maver200981 (small blind) folded before Flop
Seat 3: ru_ruu_ru (big blind) collected ($1)
Seat 4: rostickkin folded before Flop (didn't bet)
Seat 5: XneferX folded before Flop (didn't bet)
Seat 6: Timonessb (button) folded before Flop (didn't bet)



PokerStars Hand #254441915413:  Hold'em No Limit ($0.50/$1.00 USD) - 2025/01/18 2:07:00 WET [2025/01/18 21:07:00 ET]
Table 'Lavonne III' 6-max Seat #2 is the button
Seat 1: NISIY ($118.32 in chips) is sitting out
Seat 2: maver200981 ($144.48 in chips) 
Seat 3: ru_ruu_ru ($117.69 in chips) 
Seat 4: rostickkin ($100 in chips) 
Seat 5: XneferX ($108.88 in chips) 
Seat 6: Timonessb ($100 in chips) 
ru_ruu_ru: posts small blind $0.50
rostickkin: posts big blind $1
*** HOLE CARDS ***
XneferX: folds 
Timonessb: raises $1.30 to $2.30
maver200981: folds 
ru_ruu_ru: folds 
rostickkin: folds 
Uncalled bet ($1.30) returned to Timonessb
Timonessb collected $2.50 from pot
Timonessb: doesn't show hand 
*** SUMMARY ***
Total pot $2.50 | Rake $0 
Seat 1: NISIY
Seat 2: maver200981 (button) folded before Flop (didn't bet)
Seat 3: ru_ruu_ru (small blind) folded before Flop
Seat 4: rostickkin (big blind) folded before Flop
Seat 5: XneferX folded before Flop (didn't bet)
Seat 6: Timonessb collected ($2.50)



PokerStars Hand #254441924962:  Hold'em No Limit ($0.50/$1.00 USD) - 2025/01/18 2:07:56 WET [2025/01/18 21:07:56 ET]
Table 'Lavonne III' 6-max Seat #3 is the button
Seat 1: NISIY ($118.32 in chips) is sitting out
Seat 2: maver200981 ($144.48 in chips) 
Seat 3: ru_ruu_ru ($117.19 in chips) 
Seat 4: rostickkin ($100 in chips) 
Seat 5: XneferX ($108.88 in chips) 
Seat 6: Timonessb ($101.50 in chips) 
rostickkin: posts small blind $0.50
XneferX: posts big blind $1
*** HOLE CARDS ***
Timonessb: raises $1.30 to $2.30
maver200981: folds 
ru_ruu_ru: folds 
rostickkin: folds 
XneferX: calls $1.30
*** FLOP *** [4d Ah 7d]
XneferX: checks 
Timonessb: bets $2.47
XneferX: folds 
Uncalled bet ($2.47) returned to Timonessb
Timonessb collected $4.84 from pot
Timonessb: doesn't show hand 
*** SUMMARY ***
Total pot $5.10 | Rake $0.26 
Board [4d Ah 7d]
Seat 1: NISIY
Seat 2: maver200981 folded before Flop (didn't bet)
Seat 3: ru_ruu_ru (button) folded before Flop (didn't bet)
Seat 4: rostickkin (small blind) folded before Flop
Seat 5: XneferX (big blind) folded on the Flop
Seat 6: Timonessb collected ($4.84)



PokerStars Hand #254441930105:  Hold'em No Limit ($0.50/$1.00 USD) - 2025/01/18 2:08:26 WET [2025/01/18 21:08:26 ET]
Table 'Lavonne III' 6-max Seat #4 is the button
Seat 1: NISIY ($118.32 in chips) is sitting out
Seat 2: maver200981 ($144.48 in chips) 
Seat 3: ru_ruu_ru ($117.19 in chips) 
Seat 4: rostickkin ($100 in chips) 
Seat 5: XneferX ($106.58 in chips) 
Seat 6: Timonessb ($104.04 in chips) 
XneferX: posts small blind $0.50
Timonessb: posts big blind $1
*** HOLE CARDS ***
maver200981: folds 
ru_ruu_ru: folds 
rostickkin: raises $1.50 to $2.50
XneferX: folds 
Timonessb: folds 
Uncalled bet ($1.50) returned to rostickkin
rostickkin collected $2.50 from pot
rostickkin: doesn't show hand 
*** SUMMARY ***
Total pot $2.50 | Rake $0 
Seat 1: NISIY
Seat 2: maver200981 folded before Flop (didn't bet)
Seat 3: ru_ruu_ru folded before Flop (didn't bet)
Seat 4: rostickkin (button) collected ($2.50)
Seat 5: XneferX (small blind) folded before Flop
Seat 6: Timonessb (big blind) folded before Flop



PokerStars Hand #254441932349:  Hold'em No Limit ($0.50/$1.00 USD) - 2025/01/18 2:08:39 WET [2025/01/18 21:08:39 ET]
Table 'Lavonne III' 6-max Seat #5 is the button
Seat 1: NISIY ($118.32 in chips) is sitting out
Seat 2: maver200981 ($144.48 in chips) 
Seat 3: ru_ruu_ru ($117.19 in chips) 
Seat 4: rostickkin ($101.50 in chips) 
Seat 5: XneferX ($106.08 in chips) 
Seat 6: Timonessb ($103.04 in chips) 
Timonessb: posts small blind $0.50
maver200981: posts big blind $1
*** HOLE CARDS ***
ru_ruu_ru: folds 
rostickkin: folds 
XneferX: folds 
Timonessb: raises $2 to $3
maver200981: folds 
Uncalled bet ($2) returned to Timonessb
Timonessb collected $2 from pot
Timonessb: doesn't show hand 
*** SUMMARY ***
Total pot $2 | Rake $0 
Seat 1: NISIY
Seat 2: maver200981 (big blind) folded before Flop
Seat 3: ru_ruu_ru folded before Flop (didn't bet)
Seat 4: rostickkin folded before Flop (didn't bet)
Seat 5: XneferX (button) folded before Flop (didn't bet)
Seat 6: Timonessb (small blind) collected ($2)



PokerStars Hand #254441935632:  Hold'em No Limit ($0.50/$1.00 USD) - 2025/01/18 2:08:58 WET [2025/01/18 21:08:58 ET]
Table 'Lavonne III' 6-max Seat #6 is the button
Seat 1: NISIY ($118.32 in chips) is sitting out
Seat 2: maver200981 ($143.48 in chips) 
Seat 3: ru_ruu_ru ($117.19 in chips) 
Seat 4: rostickkin ($101.50 in chips) 
Seat 5: XneferX ($106.08 in chips) 
Seat 6: Timonessb ($104.04 in chips) 
maver200981: posts small blind $0.50
ru_ruu_ru: posts big blind $1
*** HOLE CARDS ***
rostickkin: folds 
XneferX: folds 
Timonessb: raises $1.50 to $2.50
maver200981: folds 
ru_ruu_ru: calls $1.50
*** FLOP *** [Th 7h 3s]
ru_ruu_ru: checks 
Timonessb: checks 
*** TURN *** [Th 7h 3s] [2c]
ru_ruu_ru: bets $7.83
Timonessb: calls $7.83
*** RIVER *** [Th 7h 3s 2c] [Jc]
ru_ruu_ru: bets $20.10
Timonessb: raises $73.61 to $93.71 and is all-in
ru_ruu_ru: folds 
Uncalled bet ($73.61) returned to Timonessb
Timonessb collected $58.86 from pot
Timonessb: doesn't show hand 
*** SUMMARY ***
Total pot $61.36 | Rake $2.50 
Board [Th 7h 3s 2c Jc]
Seat 1: NISIY
Seat 2: maver200981 (small blind) folded before Flop
Seat 3: ru_ruu_ru (big blind) folded on the River
Seat 4: rostickkin folded before Flop (didn't bet)
Seat 5: XneferX folded before Flop (didn't bet)
Seat 6: Timonessb (button) collected ($58.86)



PokerStars Hand #254441949234:  Hold'em No Limit ($0.50/$1.00 USD) - 2025/01/18 2:10:21 WET [2025/01/18 21:10:21 ET]
Table 'Lavonne III' 6-max Seat #2 is the button
Seat 1: NISIY ($118.32 in chips) is sitting out
Seat 2: maver200981 ($142.98 in chips) 
Seat 3: ru_ruu_ru ($100 in chips) 
Seat 4: rostickkin ($101.50 in chips) 
Seat 5: XneferX ($106.08 in chips) 
Seat 6: Timonessb ($132.47 in chips) 
ru_ruu_ru: posts small blind $0.50
rostickkin: posts big blind $1
*** HOLE CARDS ***
XneferX: folds 
Timonessb: folds 
maver200981: raises $1 to $2
ru_ruu_ru: folds 
rostickkin: calls $1
*** FLOP *** [Qd Qs 2h]
rostickkin: checks 
maver200981: checks 
*** TURN *** [Qd Qs 2h] [7d]
rostickkin: checks 
maver200981: bets $2.14
rostickkin: folds 
Uncalled bet ($2.14) returned to maver200981
maver200981 collected $4.28 from pot
maver200981: doesn't show hand 
*** SUMMARY ***
Total pot $4.50 | Rake $0.22 
Board [Qd Qs 2h 7d]
Seat 1: NISIY
Seat 2: maver200981 (button) collected ($4.28)
Seat 3: ru_ruu_ru (small blind) folded before Flop
Seat 4: rostickkin (big blind) folded on the Turn
Seat 5: XneferX folded before Flop (didn't bet)
Seat 6: Timonessb folded before Flop (didn't bet)



PokerStars Hand #254441955959:  Hold'em No Limit ($0.50/$1.00 USD) - 2025/01/18 2:11:02 WET [2025/01/18 21:11:02 ET]
Table 'Lavonne III' 6-max Seat #3 is the button
Seat 1: NISIY ($118.32 in chips) is sitting out
Seat 2: maver200981 ($145.26 in chips) 
Seat 3: ru_ruu_ru ($100 in chips) 
Seat 4: rostickkin ($100 in chips) 
Seat 5: XneferX ($106.08 in chips) 
Seat 6: Timonessb ($132.47 in chips) 
rostickkin: posts small blind $0.50
XneferX: posts big blind $1
NISIY: sits out 
*** HOLE CARDS ***
Timonessb: raises $1.30 to $2.30
maver200981: folds 
ru_ruu_ru: folds 
rostickkin: folds 
XneferX: folds 
Uncalled bet ($1.30) returned to Timonessb
Timonessb collected $2.50 from pot
Timonessb: doesn't show hand 
*** SUMMARY ***
Total pot $2.50 | Rake $0 
Seat 1: NISIY
Seat 2: maver200981 folded before Flop (didn't bet)
Seat 3: ru_ruu_ru (button) folded before Flop (didn't bet)
Seat 4: rostickkin (small blind) folded before Flop
Seat 5: XneferX (big blind) folded before Flop
Seat 6: Timonessb collected ($2.50)



PokerStars Hand #254441960407:  Hold'em No Limit ($0.50/$1.00 USD) - 2025/01/18 2:11:29 WET [2025/01/18 21:11:29 ET]
Table 'Lavonne III' 6-max Seat #4 is the button
Seat 1: NISIY ($118.32 in chips) is sitting out
Seat 2: maver200981 ($145.26 in chips) 
Seat 3: ru_ruu_ru ($100 in chips) 
Seat 4: rostickkin ($100 in chips) 
Seat 5: XneferX ($105.08 in chips) 
Seat 6: Timonessb ($133.97 in chips) 
XneferX: posts small blind $0.50
Timonessb: posts big blind $1
NISIY: sits out 
*** HOLE CARDS ***
maver200981: folds 
ru_ruu_ru: folds 
rostickkin: folds 
XneferX: folds 
Uncalled bet ($0.50) returned to Timonessb
Timonessb collected $1 from pot
Timonessb: doesn't show hand 
*** SUMMARY ***
Total pot $1 | Rake $0 
Seat 1: NISIY
Seat 2: maver200981 folded before Flop (didn't bet)
Seat 3: ru_ruu_ru folded before Flop (didn't bet)
Seat 4: rostickkin (button) folded before Flop (didn't bet)
Seat 5: XneferX (small blind) folded before Flop
Seat 6: Timonessb (big blind) collected ($1)



PokerStars Hand #254441962290:  Hold'em No Limit ($0.50/$1.00 USD) - 2025/01/18 2:11:40 WET [2025/01/18 21:11:40 ET]
Table 'Lavonne III' 6-max Seat #5 is the button
Seat 1: NISIY ($118.32 in chips) 
Seat 2: maver200981 ($145.26 in chips) 
Seat 3: ru_ruu_ru ($100 in chips) 
Seat 4: rostickkin ($100 in chips) 
Seat 5: XneferX ($104.58 in chips) 
Seat 6: Timonessb ($134.47 in chips) 
Timonessb: posts small blind $0.50
NISIY: posts big blind $1
*** HOLE CARDS ***
maver200981: folds 
ru_ruu_ru: folds 
rostickkin: folds 
XneferX: folds 
Timonessb: folds 
Uncalled bet ($0.50) returned to NISIY
NISIY collected $1 from pot
NISIY: doesn't show hand 
*** SUMMARY ***
Total pot $1 | Rake $0 
Seat 1: NISIY (big blind) collected ($1)
Seat 2: maver200981 folded before Flop (didn't bet)
Seat 3: ru_ruu_ru folded before Flop (didn't bet)
Seat 4: rostickkin folded before Flop (didn't bet)
Seat 5: XneferX (button) folded before Flop (didn't bet)
Seat 6: Timonessb (small blind) folded before Flop



PokerStars Hand #254441965533:  Hold'em No Limit ($0.50/$1.00 USD) - 2025/01/18 2:12:00 WET [2025/01/18 21:12:00 ET]
Table 'Lavonne III' 6-max Seat #6 is the button
Seat 1: NISIY ($118.82 in chips) 
Seat 2: maver200981 ($145.26 in chips) 
Seat 3: ru_ruu_ru ($100 in chips) 
Seat 4: rostickkin ($100 in chips) 
Seat 5: XneferX ($104.58 in chips) 
Seat 6: Timonessb ($133.97 in chips) 
NISIY: posts small blind $0.50
maver200981: posts big blind $1
*** HOLE CARDS ***
ru_ruu_ru: folds 
rostickkin: raises $1.20 to $2.20
XneferX: folds 
Timonessb: calls $2.20
NISIY: folds 
maver200981: calls $1.20
*** FLOP *** [7c 2h Ts]
maver200981: checks 
rostickkin: bets $2.29
Timonessb: calls $2.29
maver200981: folds 
*** TURN *** [7c 2h Ts] [Qs]
rostickkin: checks 
Timonessb: bets $17.50
rostickkin: calls $17.50
*** RIVER *** [7c 2h Ts Qs] [4s]
rostickkin: checks 
Timonessb: bets $111.98 and is all-in
rostickkin: calls $78.01 and is all-in
Uncalled bet ($33.97) returned to Timonessb
*** SHOW DOWN ***
Timonessb: shows [Tc Qc] (two pair, Queens and Tens)
rostickkin: shows [Kd Ks] (a pair of Kings)
Timonessb collected $200.20 from pot
*** SUMMARY ***
Total pot $202.70 | Rake $2.50 
Board [7c 2h Ts Qs 4s]
Seat 1: NISIY (small blind) folded before Flop
Seat 2: maver200981 (big blind) folded on the Flop
Seat 3: ru_ruu_ru folded before Flop (didn't bet)
Seat 4: rostickkin showed [Kd Ks] and lost with a pair of Kings
Seat 5: XneferX folded before Flop (didn't bet)
Seat 6: Timonessb (button) showed [Tc Qc] and won ($200.20) with two pair, Queens and Tens



PokerStars Hand #254441982936:  Hold'em No Limit ($0.50/$1.00 USD) - 2025/01/18 2:13:45 WET [2025/01/18 21:13:45 ET]
Table 'Lavonne III' 6-max Seat #1 is the button
Seat 1: NISIY ($118.32 in chips) 
Seat 2: maver200981 ($143.06 in chips) 
Seat 3: ru_ruu_ru ($100 in chips) 
Seat 4: rostickkin ($100 in chips) 
Seat 5: XneferX ($104.58 in chips) 
Seat 6: Timonessb ($234.17 in chips) 
maver200981: posts small blind $0.50
ru_ruu_ru: posts big blind $1
*** HOLE CARDS ***
rostickkin: folds 
XneferX: folds 
Timonessb: folds 
NISIY: raises $1.50 to $2.50
maver200981: calls $2
ru_ruu_ru: raises $12.50 to $15
NISIY: folds 
maver200981: folds 
Uncalled bet ($12.50) returned to ru_ruu_ru
ru_ruu_ru collected $7.50 from pot
ru_ruu_ru: doesn't show hand 
*** SUMMARY ***
Total pot $7.50 | Rake $0 
Seat 1: NISIY (button) folded before Flop
Seat 2: maver200981 (small blind) folded before Flop
Seat 3: ru_ruu_ru (big blind) collected ($7.50)
Seat 4: rostickkin folded before Flop (didn't bet)
Seat 5: XneferX folded before Flop (didn't bet)
Seat 6: Timonessb folded before Flop (didn't bet)



PokerStars Hand #254441989666:  Hold'em No Limit ($0.50/$1.00 USD) - 2025/01/18 2:14:27 WET [2025/01/18 21:14:27 ET]
Table 'Lavonne III' 6-max Seat #2 is the button
Seat 1: NISIY ($115.82 in chips) 
Seat 2: maver200981 ($140.56 in chips) 
Seat 3: ru_ruu_ru ($105 in chips) 
Seat 4: rostickkin ($100 in chips) 
Seat 5: XneferX ($104.58 in chips) 
Seat 6: Timonessb ($234.17 in chips) 
ru_ruu_ru: posts small blind $0.50
rostickkin: posts big blind $1
*** HOLE CARDS ***
XneferX: folds 
Timonessb: raises $1.30 to $2.30
NISIY: folds 
maver200981: folds 
ru_ruu_ru: folds 
rostickkin: calls $1.30
*** FLOP *** [Js 7s 4c]
rostickkin: checks 
Timonessb: checks 
*** TURN *** [Js 7s 4c] [Ah]
rostickkin: checks 
Timonessb: checks 
*** RIVER *** [Js 7s 4c Ah] [Jh]
rostickkin: bets $3.68
Timonessb: folds 
Uncalled bet ($3.68) returned to rostickkin
rostickkin collected $4.84 from pot
rostickkin: doesn't show hand 
*** SUMMARY ***
Total pot $5.10 | Rake $0.26 
Board [Js 7s 4c Ah Jh]
Seat 1: NISIY folded before Flop (didn't bet)
Seat 2: maver200981 (button) folded before Flop (didn't bet)
Seat 3: ru_ruu_ru (small blind) folded before Flop
Seat 4: rostickkin (big blind) collected ($4.84)
Seat 5: XneferX folded before Flop (didn't bet)
Seat 6: Timonessb folded on the River



PokerStars Hand #254441998459:  Hold'em No Limit ($0.50/$1.00 USD) - 2025/01/18 2:15:20 WET [2025/01/18 21:15:20 ET]
Table 'Lavonne III' 6-max Seat #3 is the button
Seat 1: NISIY ($115.82 in chips) 
Seat 2: maver200981 ($140.56 in chips) 
Seat 3: ru_ruu_ru ($104.50 in chips) 
Seat 4: rostickkin ($102.54 in chips) 
Seat 5: XneferX ($104.58 in chips) 
Seat 6: Timonessb ($231.87 in chips) 
rostickkin: posts small blind $0.50
XneferX: posts big blind $1
*** HOLE CARDS ***
Timonessb: folds 
NISIY: folds 
maver200981: raises $2 to $3
ru_ruu_ru: raises $5 to $8
rostickkin: folds 
XneferX: folds 
maver200981: calls $5
*** FLOP *** [5s 2h Ad]
maver200981: checks 
ru_ruu_ru: bets $5.48
maver200981: calls $5.48
*** TURN *** [5s 2h Ad] [Td]
maver200981: checks 
ru_ruu_ru: bets $20.28
maver200981: folds 
Uncalled bet ($20.28) returned to ru_ruu_ru
ru_ruu_ru collected $27.04 from pot
ru_ruu_ru: doesn't show hand 
*** SUMMARY ***
Total pot $28.46 | Rake $1.42 
Board [5s 2h Ad Td]
Seat 1: NISIY folded before Flop (didn't bet)
Seat 2: maver200981 folded on the Turn
Seat 3: ru_ruu_ru (button) collected ($27.04)
Seat 4: rostickkin (small blind) folded before Flop
Seat 5: XneferX (big blind) folded before Flop
Seat 6: Timonessb folded before Flop (didn't bet)



PokerStars Hand #254442009382:  Hold'em No Limit ($0.50/$1.00 USD) - 2025/01/18 2:16:28 WET [2025/01/18 21:16:28 ET]
Table 'Lavonne III' 6-max Seat #4 is the button
Seat 1: NISIY ($115.82 in chips) 
Seat 2: maver200981 ($127.08 in chips) 
Seat 3: ru_ruu_ru ($118.06 in chips) 
Seat 4: rostickkin ($102.04 in chips) 
Seat 5: XneferX ($103.58 in chips) 
Seat 6: Timonessb ($231.87 in chips) 
XneferX: posts small blind $0.50
Timonessb: posts big blind $1
*** HOLE CARDS ***
NISIY: folds 
maver200981: folds 
ru_ruu_ru: folds 
rostickkin: folds 
XneferX: folds 
Uncalled bet ($0.50) returned to Timonessb
Timonessb collected $1 from pot
Timonessb: doesn't show hand 
*** SUMMARY ***
Total pot $1 | Rake $0 
Seat 1: NISIY folded before Flop (didn't bet)
Seat 2: maver200981 folded before Flop (didn't bet)
Seat 3: ru_ruu_ru folded before Flop (didn't bet)
Seat 4: rostickkin (button) folded before Flop (didn't bet)
Seat 5: XneferX (small blind) folded before Flop
Seat 6: Timonessb (big blind) collected ($1)



PokerStars Hand #254442011542:  Hold'em No Limit ($0.50/$1.00 USD) - 2025/01/18 2:16:41 WET [2025/01/18 21:16:41 ET]
Table 'Lavonne III' 6-max Seat #5 is the button
Seat 1: NISIY ($115.82 in chips) 
Seat 2: maver200981 ($127.08 in chips) 
Seat 3: ru_ruu_ru ($118.06 in chips) 
Seat 4: rostickkin ($102.04 in chips) 
Seat 5: XneferX ($103.08 in chips) 
Seat 6: Timonessb ($232.37 in chips) 
Timonessb: posts small blind $0.50
NISIY: posts big blind $1
*** HOLE CARDS ***
maver200981: folds 
ru_ruu_ru: folds 
rostickkin: folds 
XneferX: folds 
Timonessb: folds 
Uncalled bet ($0.50) returned to NISIY
NISIY collected $1 from pot
NISIY: doesn't show hand 
*** SUMMARY ***
Total pot $1 | Rake $0 
Seat 1: NISIY (big blind) collected ($1)
Seat 2: maver200981 folded before Flop (didn't bet)
Seat 3: ru_ruu_ru folded before Flop (didn't bet)
Seat 4: rostickkin folded before Flop (didn't bet)
Seat 5: XneferX (button) folded before Flop (didn't bet)
Seat 6: Timonessb (small blind) folded before Flop



PokerStars Hand #254442014970:  Hold'em No Limit ($0.50/$1.00 USD) - 2025/01/18 2:17:02 WET [2025/01/18 21:17:02 ET]
Table 'Lavonne III' 6-max Seat #6 is the button
Seat 1: NISIY ($116.32 in chips) 
Seat 2: maver200981 ($127.08 in chips) 
Seat 3: ru_ruu_ru ($118.06 in chips) 
Seat 4: rostickkin ($102.04 in chips) 
Seat 5: XneferX ($103.08 in chips) 
Seat 6: Timonessb ($231.87 in chips) 
NISIY: posts small blind $0.50
maver200981: posts big blind $1
*** HOLE CARDS ***
ru_ruu_ru: folds 
rostickkin: folds 
XneferX: folds 
Timonessb: folds 
NISIY: raises $2 to $3
maver200981: calls $2
*** FLOP *** [Qc 7c 4h]
NISIY: bets $1.43
maver200981: calls $1.43
*** TURN *** [Qc 7c 4h] [2s]
NISIY: bets $2.78
maver200981: folds 
Uncalled bet ($2.78) returned to NISIY
NISIY collected $8.42 from pot
NISIY: doesn't show hand 
*** SUMMARY ***
Total pot $8.86 | Rake $0.44 
Board [Qc 7c 4h 2s]
Seat 1: NISIY (small blind) collected ($8.42)
Seat 2: maver200981 (big blind) folded on the Turn
Seat 3: ru_ruu_ru folded before Flop (didn't bet)
Seat 4: rostickkin folded before Flop (didn't bet)
Seat 5: XneferX folded before Flop (didn't bet)
Seat 6: Timonessb (button) folded before Flop (didn't bet)



PokerStars Hand #254442023024:  Hold'em No Limit ($0.50/$1.00 USD) - 2025/01/18 2:17:52 WET [2025/01/18 21:17:52 ET]
Table 'Lavonne III' 6-max Seat #1 is the button
Seat 1: NISIY ($120.31 in chips) 
Seat 2: maver200981 ($122.65 in chips) 
Seat 3: ru_ruu_ru ($118.06 in chips) 
Seat 4: rostickkin ($102.04 in chips) 
Seat 5: XneferX ($103.08 in chips) 
Seat 6: Timonessb ($231.87 in chips) 
maver200981: posts small blind $0.50
ru_ruu_ru: posts big blind $1
*** HOLE CARDS ***
rostickkin: folds 
XneferX: folds 
Timonessb: folds 
NISIY: folds 
maver200981: raises $1 to $2
ru_ruu_ru: calls $1
*** FLOP *** [Qs Ks 8c]
maver200981: bets $3.80
ru_ruu_ru: folds 
Uncalled bet ($3.80) returned to maver200981
maver200981 collected $3.80 from pot
maver200981: doesn't show hand 
*** SUMMARY ***
Total pot $4 | Rake $0.20 
Board [Qs Ks 8c]
Seat 1: NISIY (button) folded before Flop (didn't bet)
Seat 2: maver200981 (small blind) collected ($3.80)
Seat 3: ru_ruu_ru (big blind) folded on the Flop
Seat 4: rostickkin folded before Flop (didn't bet)
Seat 5: XneferX folded before Flop (didn't bet)
Seat 6: Timonessb folded before Flop (didn't bet)



PokerStars Hand #254442028970:  Hold'em No Limit ($0.50/$1.00 USD) - 2025/01/18 2:18:29 WET [2025/01/18 21:18:29 ET]
Table 'Lavonne III' 6-max Seat #2 is the button
Seat 1: NISIY ($120.31 in chips) 
Seat 2: maver200981 ($124.45 in chips) 
Seat 3: ru_ruu_ru ($116.06 in chips) 
Seat 4: rostickkin ($102.04 in chips) 
Seat 5: XneferX ($103.08 in chips) 
Seat 6: Timonessb ($231.87 in chips) 
ru_ruu_ru: posts small blind $0.50
rostickkin: posts big blind $1
*** HOLE CARDS ***
XneferX: folds 
Timonessb: raises $1.30 to $2.30
NISIY: folds 
maver200981: folds 
ru_ruu_ru: folds 
rostickkin: calls $1.30
*** FLOP *** [5h 7h Qs]
rostickkin: checks 
Timonessb: bets $1.60
rostickkin: folds 
Uncalled bet ($1.60) returned to Timonessb
Timonessb collected $4.84 from pot
Timonessb: doesn't show hand 
*** SUMMARY ***
Total pot $5.10 | Rake $0.26 
Board [5h 7h Qs]
Seat 1: NISIY folded before Flop (didn't bet)
Seat 2: maver200981 (button) folded before Flop (didn't bet)
Seat 3: ru_ruu_ru (small blind) folded before Flop
Seat 4: rostickkin (big blind) folded on the Flop
Seat 5: XneferX folded before Flop (didn't bet)
Seat 6: Timonessb collected ($4.84)



PokerStars Hand #254442036281:  Hold'em No Limit ($0.50/$1.00 USD) - 2025/01/18 2:19:14 WET [2025/01/18 21:19:14 ET]
Table 'Lavonne III' 6-max Seat #3 is the button
Seat 1: NISIY ($120.31 in chips) 
Seat 2: maver200981 ($124.45 in chips) 
Seat 3: ru_ruu_ru ($115.56 in chips) 
Seat 4: rostickkin ($100 in chips) 
Seat 5: XneferX ($103.08 in chips) 
Seat 6: Timonessb ($234.41 in chips) 
rostickkin: posts small blind $0.50
XneferX: posts big blind $1
*** HOLE CARDS ***
Timonessb: folds 
NISIY: raises $1.50 to $2.50
maver200981: folds 
ru_ruu_ru: folds 
rostickkin: folds 
XneferX: folds 
Uncalled bet ($1.50) returned to NISIY
NISIY collected $2.50 from pot
NISIY: doesn't show hand 
*** SUMMARY ***
Total pot $2.50 | Rake $0 
Seat 1: NISIY collected ($2.50)
Seat 2: maver200981 folded before Flop (didn't bet)
Seat 3: ru_ruu_ru (button) folded before Flop (didn't bet)
Seat 4: rostickkin (small blind) folded before Flop
Seat 5: XneferX (big blind) folded before Flop
Seat 6: Timonessb folded before Flop (didn't bet)



PokerStars Hand #254442040866:  Hold'em No Limit ($0.50/$1.00 USD) - 2025/01/18 2:19:43 WET [2025/01/18 21:19:43 ET]
Table 'Lavonne III' 6-max Seat #4 is the button
Seat 1: NISIY ($121.81 in chips) 
Seat 2: maver200981 ($124.45 in chips) 
Seat 3: ru_ruu_ru ($115.56 in chips) 
Seat 4: rostickkin ($100 in chips) 
Seat 5: XneferX ($102.08 in chips) 
Seat 6: Timonessb ($234.41 in chips) 
XneferX: posts small blind $0.50
Timonessb: posts big blind $1
*** HOLE CARDS ***
NISIY: folds 
maver200981: folds 
ru_ruu_ru: folds 
rostickkin: raises $1.50 to $2.50
XneferX: folds 
Timonessb: calls $1.50
*** FLOP *** [5h Ac 8s]
Timonessb: checks 
rostickkin: checks 
*** TURN *** [5h Ac 8s] [3h]
Timonessb: checks 
rostickkin: bets $3.97
Timonessb: raises $14.55 to $18.52
rostickkin: folds 
Uncalled bet ($14.55) returned to Timonessb
Timonessb collected $12.77 from pot
Timonessb: doesn't show hand 
*** SUMMARY ***
Total pot $13.44 | Rake $0.67 
Board [5h Ac 8s 3h]
Seat 1: NISIY folded before Flop (didn't bet)
Seat 2: maver200981 folded before Flop (didn't bet)
Seat 3: ru_ruu_ru folded before Flop (didn't bet)
Seat 4: rostickkin (button) folded on the Turn
Seat 5: XneferX (small blind) folded before Flop
Seat 6: Timonessb (big blind) collected ($12.77)



PokerStars Hand #254442049103:  Hold'em No Limit ($0.50/$1.00 USD) - 2025/01/18 2:20:34 WET [2025/01/18 21:20:34 ET]
Table 'Lavonne III' 6-max Seat #5 is the button
Seat 1: NISIY ($121.81 in chips) 
Seat 2: maver200981 ($124.45 in chips) 
Seat 3: ru_ruu_ru ($115.56 in chips) 
Seat 4: rostickkin ($100 in chips) 
Seat 5: XneferX ($101.58 in chips) 
Seat 6: Timonessb ($240.71 in chips) 
Timonessb: posts small blind $0.50
NISIY: posts big blind $1
*** HOLE CARDS ***
maver200981: folds 
ru_ruu_ru: folds 
rostickkin: raises $1.50 to $2.50
XneferX: folds 
Timonessb: raises $9.50 to $12
NISIY: folds 
rostickkin: folds 
Uncalled bet ($9.50) returned to Timonessb
Timonessb collected $6 from pot
Timonessb: doesn't show hand 
*** SUMMARY ***
Total pot $6 | Rake $0 
Seat 1: NISIY (big blind) folded before Flop
Seat 2: maver200981 folded before Flop (didn't bet)
Seat 3: ru_ruu_ru folded before Flop (didn't bet)
Seat 4: rostickkin folded before Flop
Seat 5: XneferX (button) folded before Flop (didn't bet)
Seat 6: Timonessb (small blind) collected ($6)



PokerStars Hand #254442054030:  Hold'em No Limit ($0.50/$1.00 USD) - 2025/01/18 2:21:05 WET [2025/01/18 21:21:05 ET]
Table 'Lavonne III' 6-max Seat #6 is the button
Seat 1: NISIY ($120.81 in chips) 
Seat 2: maver200981 ($124.45 in chips) 
Seat 3: ru_ruu_ru ($115.56 in chips) 
Seat 4: rostickkin ($100 in chips) 
Seat 5: XneferX ($101.58 in chips) 
Seat 6: Timonessb ($244.21 in chips) 
NISIY: posts small blind $0.50
maver200981: posts big blind $1
*** HOLE CARDS ***
ru_ruu_ru: folds 
rostickkin: raises $1.20 to $2.20
XneferX: folds 
Timonessb: folds 
NISIY: folds 
maver200981: folds 
Uncalled bet ($1.20) returned to rostickkin
rostickkin collected $2.50 from pot
rostickkin: doesn't show hand 
*** SUMMARY ***
Total pot $2.50 | Rake $0 
Seat 1: NISIY (small blind) folded before Flop
Seat 2: maver200981 (big blind) folded before Flop
Seat 3: ru_ruu_ru folded before Flop (didn't bet)
Seat 4: rostickkin collected ($2.50)
Seat 5: XneferX folded before Flop (didn't bet)
Seat 6: Timonessb (button) folded before Flop (didn't bet)



PokerStars Hand #254442057741:  Hold'em No Limit ($0.50/$1.00 USD) - 2025/01/18 2:21:29 WET [2025/01/18 21:21:29 ET]
Table 'Lavonne III' 6-max Seat #1 is the button
Seat 1: NISIY ($120.31 in chips) 
Seat 2: maver200981 ($123.45 in chips) 
Seat 3: ru_ruu_ru ($115.56 in chips) 
Seat 4: rostickkin ($101.50 in chips) 
Seat 5: XneferX ($101.58 in chips) 
Seat 6: Timonessb ($244.21 in chips) 
maver200981: posts small blind $0.50
ru_ruu_ru: posts big blind $1
*** HOLE CARDS ***
rostickkin: folds 
XneferX: raises $1.10 to $2.10
Timonessb: raises $5.40 to $7.50
NISIY: folds 
maver200981: folds 
ru_ruu_ru: folds 
XneferX: folds 
Uncalled bet ($5.40) returned to Timonessb
Timonessb collected $5.70 from pot
Timonessb: doesn't show hand 
*** SUMMARY ***
Total pot $5.70 | Rake $0 
Seat 1: NISIY (button) folded before Flop (didn't bet)
Seat 2: maver200981 (small blind) folded before Flop
Seat 3: ru_ruu_ru (big blind) folded before Flop
Seat 4: rostickkin folded before Flop (didn't bet)
Seat 5: XneferX folded before Flop
Seat 6: Timonessb collected ($5.70)



PokerStars Hand #254442065847:  Hold'em No Limit ($0.50/$1.00 USD) - 2025/01/18 2:22:21 WET [2025/01/18 21:22:21 ET]
Table 'Lavonne III' 6-max Seat #2 is the button
Seat 1: NISIY ($120.31 in chips) 
Seat 2: maver200981 ($122.95 in chips) 
Seat 3: ru_ruu_ru ($114.56 in chips) 
Seat 4: rostickkin ($101.50 in chips) 
Seat 5: XneferX ($100 in chips) 
Seat 6: Timonessb ($247.81 in chips) 
ru_ruu_ru: posts small blind $0.50
rostickkin: posts big blind $1
*** HOLE CARDS ***
XneferX: raises $1.10 to $2.10
Timonessb: raises $5.40 to $7.50
NISIY: folds 
maver200981: folds 
ru_ruu_ru: folds 
rostickkin: folds 
XneferX: raises $16.50 to $24
Timonessb: folds 
Uncalled bet ($16.50) returned to XneferX
XneferX collected $16.50 from pot
XneferX: doesn't show hand 
*** SUMMARY ***
Total pot $16.50 | Rake $0 
Seat 1: NISIY folded before Flop (didn't bet)
Seat 2: maver200981 (button) folded before Flop (didn't bet)
Seat 3: ru_ruu_ru (small blind) folded before Flop
Seat 4: rostickkin (big blind) folded before Flop
Seat 5: XneferX collected ($16.50)
Seat 6: Timonessb folded before Flop



PokerStars Hand #254442072809:  Hold'em No Limit ($0.50/$1.00 USD) - 2025/01/18 2:23:06 WET [2025/01/18 21:23:06 ET]
Table 'Lavonne III' 6-max Seat #3 is the button
Seat 1: NISIY ($120.31 in chips) 
Seat 2: maver200981 ($122.95 in chips) 
Seat 3: ru_ruu_ru ($114.06 in chips) 
Seat 4: rostickkin ($100.50 in chips) 
Seat 5: XneferX ($109 in chips) 
Seat 6: Timonessb ($240.31 in chips) 
rostickkin: posts small blind $0.50
XneferX: posts big blind $1
*** HOLE CARDS ***
Timonessb: folds 
NISIY: folds 
maver200981: folds 
ru_ruu_ru: folds 
rostickkin: raises $2 to $3
XneferX: folds 
Uncalled bet ($2) returned to rostickkin
rostickkin collected $2 from pot
rostickkin: doesn't show hand 
*** SUMMARY ***
Total pot $2 | Rake $0 
Seat 1: NISIY folded before Flop (didn't bet)
Seat 2: maver200981 folded before Flop (didn't bet)
Seat 3: ru_ruu_ru (button) folded before Flop (didn't bet)
Seat 4: rostickkin (small blind) collected ($2)
Seat 5: XneferX (big blind) folded before Flop
Seat 6: Timonessb folded before Flop (didn't bet)



PokerStars Hand #254442076337:  Hold'em No Limit ($0.50/$1.00 USD) - 2025/01/18 2:23:29 WET [2025/01/18 21:23:29 ET]
Table 'Lavonne III' 6-max Seat #4 is the button
Seat 1: NISIY ($120.31 in chips) 
Seat 2: maver200981 ($122.95 in chips) 
Seat 3: ru_ruu_ru ($114.06 in chips) 
Seat 4: rostickkin ($101.50 in chips) 
Seat 5: XneferX ($108 in chips) 
Seat 6: Timonessb ($240.31 in chips) 
XneferX: posts small blind $0.50
Timonessb: posts big blind $1
*** HOLE CARDS ***
NISIY: folds 
maver200981: raises $2 to $3
ru_ruu_ru: folds 
rostickkin: folds 
XneferX: folds 
Timonessb: calls $2
*** FLOP *** [4h 6s Ad]
Timonessb: checks 
maver200981: bets $3
Timonessb: folds 
Uncalled bet ($3) returned to maver200981
maver200981 collected $6.18 from pot
maver200981: doesn't show hand 
*** SUMMARY ***
Total pot $6.50 | Rake $0.32 
Board [4h 6s Ad]
Seat 1: NISIY folded before Flop (didn't bet)
Seat 2: maver200981 collected ($6.18)
Seat 3: ru_ruu_ru folded before Flop (didn't bet)
Seat 4: rostickkin (button) folded before Flop (didn't bet)
Seat 5: XneferX (small blind) folded before Flop
Seat 6: Timonessb (big blind) folded on the Flop



PokerStars Hand #254442082026:  Hold'em No Limit ($0.50/$1.00 USD) - 2025/01/18 2:24:06 WET [2025/01/18 21:24:06 ET]
Table 'Lavonne III' 6-max Seat #5 is the button
Seat 1: NISIY ($120.31 in chips) 
Seat 2: maver200981 ($126.13 in chips) 
Seat 3: ru_ruu_ru ($114.06 in chips) 
Seat 4: rostickkin ($101.50 in chips) 
Seat 5: XneferX ($107.50 in chips) 
Seat 6: Timonessb ($237.31 in chips) 
Timonessb: posts small blind $0.50
NISIY: posts big blind $1
*** HOLE CARDS ***
maver200981: raises $3 to $4
ru_ruu_ru: raises $8 to $12
rostickkin: folds 
XneferX: folds 
Timonessb: folds 
NISIY: folds 
maver200981: calls $8
*** FLOP *** [7s 8c 9d]
maver200981: checks 
ru_ruu_ru: checks 
*** TURN *** [7s 8c 9d] [Qc]
maver200981: bets $12.11
ru_ruu_ru: raises $26.22 to $38.33
maver200981: folds 
Uncalled bet ($26.22) returned to ru_ruu_ru
ru_ruu_ru collected $47.23 from pot
ru_ruu_ru: doesn't show hand 
*** SUMMARY ***
Total pot $49.72 | Rake $2.49 
Board [7s 8c 9d Qc]
Seat 1: NISIY (big blind) folded before Flop
Seat 2: maver200981 folded on the Turn
Seat 3: ru_ruu_ru collected ($47.23)
Seat 4: rostickkin folded before Flop (didn't bet)
Seat 5: XneferX (button) folded before Flop (didn't bet)
Seat 6: Timonessb (small blind) folded before Flop



PokerStars Hand #254442099943:  Hold'em No Limit ($0.50/$1.00 USD) - 2025/01/18 2:26:01 WET [2025/01/18 21:26:01 ET]
Table 'Lavonne III' 6-max Seat #6 is the button
Seat 2: maver200981 ($102.02 in chips) is sitting out
Seat 1: NISIY ($119.31 in chips) 
Seat 3: ru_ruu_ru ($137.18 in chips) 
Seat 4: rostickkin ($101.50 in chips) 
Seat 5: XneferX ($107.50 in chips) 
Seat 6: Timonessb ($236.81 in chips) 
NISIY: posts small blind $0.50
ru_ruu_ru: posts big blind $1
*** HOLE CARDS ***
rostickkin: folds 
XneferX: folds 
Timonessb: folds 
NISIY: raises $2 to $3
ru_ruu_ru: folds 
Uncalled bet ($2) returned to NISIY
NISIY collected $2 from pot
NISIY: doesn't show hand 
*** SUMMARY ***
Total pot $2 | Rake $0 
Seat 2: maver200981
Seat 1: NISIY (small blind) collected ($2)
Seat 3: ru_ruu_ru (big blind) folded before Flop
Seat 4: rostickkin folded before Flop (didn't bet)
Seat 5: XneferX folded before Flop (didn't bet)
Seat 6: Timonessb (button) folded before Flop (didn't bet)



PokerStars Hand #254442103441:  Hold'em No Limit ($0.50/$1.00 USD) - 2025/01/18 2:26:23 WET [2025/01/18 21:26:23 ET]
Table 'Lavonne III' 6-max Seat #1 is the button
Seat 2: maver200981 ($102.02 in chips) is sitting out
Seat 1: NISIY ($120.31 in chips) 
Seat 3: ru_ruu_ru ($136.18 in chips) 
Seat 4: rostickkin ($101.50 in chips) 
Seat 5: XneferX ($107.50 in chips) 
Seat 6: Timonessb ($236.81 in chips) 
ru_ruu_ru: posts small blind $0.50
rostickkin: posts big blind $1
*** HOLE CARDS ***
XneferX: folds 
Timonessb: folds 
NISIY: folds 
maver200981 leaves the table
ru_ruu_ru: raises $2 to $3
XneferX leaves the table
Shorshus joins the table at seat #5 
rostickkin: folds 
Uncalled bet ($2) returned to ru_ruu_ru
ru_ruu_ru collected $2 from pot
ru_ruu_ru: doesn't show hand 
*** SUMMARY ***
Total pot $2 | Rake $0 
Seat 2: maver200981
Seat 1: NISIY (button) folded before Flop (didn't bet)
Seat 3: ru_ruu_ru (small blind) collected ($2)
Seat 4: rostickkin (big blind) folded before Flop
Seat 5: XneferX folded before Flop (didn't bet)
Seat 6: Timonessb folded before Flop (didn't bet)



PokerStars Hand #254442107278:  Hold'em No Limit ($0.50/$1.00 USD) - 2025/01/18 2:26:49 WET [2025/01/18 21:26:49 ET]
Table 'Lavonne III' 6-max Seat #3 is the button
Seat 1: NISIY ($120.31 in chips) 
Seat 3: ru_ruu_ru ($137.18 in chips) 
Seat 4: rostickkin ($100.50 in chips) 
Seat 5: Shorshus ($80 in chips) 
Seat 6: Timonessb ($236.81 in chips) 
rostickkin: posts small blind $0.50
Shorshus: posts big blind $1
*** HOLE CARDS ***
Timonessb: folds 
NISIY: folds 
ru_ruu_ru: raises $1.50 to $2.50
rostickkin: folds 
Shorshus: folds 
Uncalled bet ($1.50) returned to ru_ruu_ru
Rysiff joins the table at seat #2 
ru_ruu_ru collected $2.50 from pot
ru_ruu_ru: doesn't show hand 
*** SUMMARY ***
Total pot $2.50 | Rake $0 
Seat 1: NISIY folded before Flop (didn't bet)
Seat 3: ru_ruu_ru (button) collected ($2.50)
Seat 4: rostickkin (small blind) folded before Flop
Seat 5: Shorshus (big blind) folded before Flop
Seat 6: Timonessb folded before Flop (didn't bet)



PokerStars Hand #254442109345:  Hold'em No Limit ($0.50/$1.00 USD) - 2025/01/18 2:27:02 WET [2025/01/18 21:27:02 ET]
Table 'Lavonne III' 6-max Seat #4 is the button
Seat 2: Rysiff ($100 in chips) is sitting out
Seat 1: NISIY ($120.31 in chips) 
Seat 3: ru_ruu_ru ($138.68 in chips) 
Seat 4: rostickkin ($100 in chips) 
Seat 5: Shorshus ($99 in chips) 
Seat 6: Timonessb ($236.81 in chips) 
Shorshus: posts small blind $0.50
Timonessb: posts big blind $1
Rysiff: sits out 
*** HOLE CARDS ***
NISIY: folds 
ru_ruu_ru: raises $1.50 to $2.50
rostickkin: folds 
Shorshus: raises $5.50 to $8
Timonessb: folds 
ru_ruu_ru: calls $5.50
*** FLOP *** [3s 3d Kd]
Shorshus: checks 
ru_ruu_ru: checks 
*** TURN *** [3s 3d Kd] [Ts]
Shorshus: bets $7
ru_ruu_ru: folds 
Uncalled bet ($7) returned to Shorshus
Shorshus collected $16.15 from pot
Shorshus: doesn't show hand 
*** SUMMARY ***
Total pot $17 | Rake $0.85 
Board [3s 3d Kd Ts]
Seat 2: Rysiff
Seat 1: NISIY folded before Flop (didn't bet)
Seat 3: ru_ruu_ru folded on the Turn
Seat 4: rostickkin (button) folded before Flop (didn't bet)
Seat 5: Shorshus (small blind) collected ($16.15)
Seat 6: Timonessb (big blind) folded before Flop



PokerStars Hand #254442115567:  Hold'em No Limit ($0.50/$1.00 USD) - 2025/01/18 2:27:43 WET [2025/01/18 21:27:43 ET]
Table 'Lavonne III' 6-max Seat #5 is the button
Seat 2: Rysiff ($100 in chips) is sitting out
Seat 1: NISIY ($120.31 in chips) 
Seat 3: ru_ruu_ru ($130.68 in chips) 
Seat 4: rostickkin ($100 in chips) 
Seat 5: Shorshus ($107.15 in chips) 
Seat 6: Timonessb ($235.81 in chips) 
Timonessb: posts small blind $0.50
NISIY: posts big blind $1
Rysiff: sits out 
*** HOLE CARDS ***
ru_ruu_ru: folds 
rostickkin: folds 
Shorshus: folds 
Timonessb: raises $2 to $3
NISIY: folds 
Uncalled bet ($2) returned to Timonessb
Timonessb collected $2 from pot
Timonessb: doesn't show hand 
*** SUMMARY ***
Total pot $2 | Rake $0 
Seat 2: Rysiff
Seat 1: NISIY (big blind) folded before Flop
Seat 3: ru_ruu_ru folded before Flop (didn't bet)
Seat 4: rostickkin folded before Flop (didn't bet)
Seat 5: Shorshus (button) folded before Flop (didn't bet)
Seat 6: Timonessb (small blind) collected ($2)



PokerStars Hand #254442118475:  Hold'em No Limit ($0.50/$1.00 USD) - 2025/01/18 2:28:03 WET [2025/01/18 21:28:03 ET]
Table 'Lavonne III' 6-max Seat #6 is the button
Seat 1: NISIY ($119.31 in chips) 
Seat 2: Rysiff ($100 in chips) 
Seat 3: ru_ruu_ru ($130.68 in chips) 
Seat 4: rostickkin ($100 in chips) 
Seat 5: Shorshus ($107.15 in chips) 
Seat 6: Timonessb ($236.81 in chips) 
NISIY: posts small blind $0.50
Rysiff: posts big blind $1
*** HOLE CARDS ***
ru_ruu_ru: folds 
rostickkin: folds 
Shorshus: folds 
Timonessb: folds 
NISIY: folds 
Uncalled bet ($0.50) returned to Rysiff
Rysiff collected $1 from pot
Rysiff: doesn't show hand 
*** SUMMARY ***
Total pot $1 | Rake $0 
Seat 1: NISIY (small blind) folded before Flop
Seat 2: Rysiff (big blind) collected ($1)
Seat 3: ru_ruu_ru folded before Flop (didn't bet)
Seat 4: rostickkin folded before Flop (didn't bet)
Seat 5: Shorshus folded before Flop (didn't bet)
Seat 6: Timonessb (button) folded before Flop (didn't bet)



PokerStars Hand #254442120231:  Hold'em No Limit ($0.50/$1.00 USD) - 2025/01/18 2:28:15 WET [2025/01/18 21:28:15 ET]
Table 'Lavonne III' 6-max Seat #1 is the button
Seat 1: NISIY ($118.81 in chips) 
Seat 2: Rysiff ($100.50 in chips) 
Seat 3: ru_ruu_ru ($130.68 in chips) 
Seat 4: rostickkin ($100 in chips) 
Seat 5: Shorshus ($107.15 in chips) 
Seat 6: Timonessb ($236.81 in chips) 
Rysiff: posts small blind $0.50
ru_ruu_ru: posts big blind $1
*** HOLE CARDS ***
rostickkin: folds 
Shorshus: folds 
Timonessb: folds 
NISIY: raises $1.50 to $2.50
Rysiff: folds 
ru_ruu_ru: folds 
Uncalled bet ($1.50) returned to NISIY
NISIY collected $2.50 from pot
NISIY: doesn't show hand 
*** SUMMARY ***
Total pot $2.50 | Rake $0 
Seat 1: NISIY (button) collected ($2.50)
Seat 2: Rysiff (small blind) folded before Flop
Seat 3: ru_ruu_ru (big blind) folded before Flop
Seat 4: rostickkin folded before Flop (didn't bet)
Seat 5: Shorshus folded before Flop (didn't bet)
Seat 6: Timonessb folded before Flop (didn't bet)



