PokerStars Hand #254437197443:  Hold'em No Limit ($0.50/$1.00 USD) - 2025/01/18 20:45:23 WET [2025/01/18 15:45:23 ET]
Table 'Shedir IV' 6-max Seat #5 is the button
Seat 4: raketkasix ($100 in chips) is sitting out
Seat 1: EvilReality ($104.62 in chips) 
Seat 2: easy_sarcasm ($100 in chips) 
Seat 3: v1lo4ka ($100 in chips) 
Seat 5: CGL7811 ($43.84 in chips) 
Seat 6: Gfoer ($100 in chips) 
Gfoer: posts small blind $0.50
EvilReality: posts big blind $1
raketkasix: sits out 
*** HOLE CARDS ***
easy_sarcasm: folds 
v1lo4ka: folds 
CGL7811: raises $1 to $2
Gfoer: folds 
EvilReality: folds 
Uncalled bet ($1) returned to CGL7811
CGL7811 collected $2.50 from pot
*** SUMMARY ***
Total pot $2.50 | Rake $0 
Seat 4: raketkasix
Seat 1: EvilReality (big blind) folded before Flop
Seat 2: easy_sarcasm folded before Flop (didn't bet)
Seat 3: v1lo4ka folded before Flop (didn't bet)
Seat 5: CGL7811 (button) collected ($2.50)
Seat 6: Gfoer (small blind) folded before Flop



PokerStars Hand #254437201532:  Hold'em No Limit ($0.50/$1.00 USD) - 2025/01/18 20:45:37 WET [2025/01/18 15:45:37 ET]
Table 'Shedir IV' 6-max Seat #6 is the button
Seat 4: raketkasix ($100 in chips) is sitting out
Seat 1: EvilReality ($103.62 in chips) 
Seat 2: easy_sarcasm ($100 in chips) 
Seat 3: v1lo4ka ($100 in chips) 
Seat 5: CGL7811 ($45.34 in chips) 
Seat 6: Gfoer ($100 in chips) 
EvilReality: posts small blind $0.50
easy_sarcasm: posts big blind $1
raketkasix: sits out 
*** HOLE CARDS ***
v1lo4ka: folds 
CGL7811: raises $1 to $2
Gfoer: folds 
EvilReality: folds 
easy_sarcasm: calls $1
*** FLOP *** [5s 6d 4s]
easy_sarcasm: checks 
CGL7811: checks 
*** TURN *** [5s 6d 4s] [7s]
easy_sarcasm: checks 
CGL7811: bets $1
easy_sarcasm: folds 
Uncalled bet ($1) returned to CGL7811
CGL7811 collected $4.28 from pot
*** SUMMARY ***
Total pot $4.50 | Rake $0.22 
Board [5s 6d 4s 7s]
Seat 4: raketkasix
Seat 1: EvilReality (small blind) folded before Flop
Seat 2: easy_sarcasm (big blind) folded on the Turn
Seat 3: v1lo4ka folded before Flop (didn't bet)
Seat 5: CGL7811 collected ($4.28)
Seat 6: Gfoer (button) folded before Flop (didn't bet)



PokerStars Hand #254437211105:  Hold'em No Limit ($0.50/$1.00 USD) - 2025/01/18 20:46:08 WET [2025/01/18 15:46:08 ET]
Table 'Shedir IV' 6-max Seat #1 is the button
Seat 4: raketkasix ($100 in chips) is sitting out
Seat 1: EvilReality ($103.12 in chips) 
Seat 2: easy_sarcasm ($100 in chips) 
Seat 3: v1lo4ka ($100 in chips) 
Seat 5: CGL7811 ($47.62 in chips) 
Seat 6: Gfoer ($100 in chips) 
easy_sarcasm: posts small blind $0.50
v1lo4ka: posts big blind $1
raketkasix: sits out 
*** HOLE CARDS ***
CGL7811: folds 
Gfoer: folds 
EvilReality: raises $1.50 to $2.50
easy_sarcasm: raises $8.50 to $11
v1lo4ka: folds 
EvilReality: calls $8.50
*** FLOP *** [Td 3h Jc]
easy_sarcasm: checks 
EvilReality: checks 
*** TURN *** [Td 3h Jc] [6h]
easy_sarcasm: bets $11.50
EvilReality: folds 
Uncalled bet ($11.50) returned to easy_sarcasm
easy_sarcasm collected $21.85 from pot
*** SUMMARY ***
Total pot $23 | Rake $1.15 
Board [Td 3h Jc 6h]
Seat 4: raketkasix
Seat 1: EvilReality (button) folded on the Turn
Seat 2: easy_sarcasm (small blind) collected ($21.85)
Seat 3: v1lo4ka (big blind) folded before Flop
Seat 5: CGL7811 folded before Flop (didn't bet)
Seat 6: Gfoer folded before Flop (didn't bet)



PokerStars Hand #254437226734:  Hold'em No Limit ($0.50/$1.00 USD) - 2025/01/18 20:47:00 WET [2025/01/18 15:47:00 ET]
Table 'Shedir IV' 6-max Seat #2 is the button
Seat 1: EvilReality ($100 in chips) 
Seat 2: easy_sarcasm ($110.85 in chips) 
Seat 3: v1lo4ka ($100 in chips) 
Seat 4: raketkasix ($100 in chips) 
Seat 5: CGL7811 ($47.62 in chips) 
Seat 6: Gfoer ($100 in chips) 
v1lo4ka: posts small blind $0.50
raketkasix: posts big blind $1
*** HOLE CARDS ***
CGL7811: raises $1 to $2
Gfoer: folds 
EvilReality: folds 
easy_sarcasm: raises $5 to $7
v1lo4ka: folds 
raketkasix: folds 
CGL7811: calls $5
*** FLOP *** [Ac Qc 6d]
CGL7811: bets $14.72
easy_sarcasm: folds 
Uncalled bet ($14.72) returned to CGL7811
CGL7811 collected $14.72 from pot
*** SUMMARY ***
Total pot $15.50 | Rake $0.78 
Board [Ac Qc 6d]
Seat 1: EvilReality folded before Flop (didn't bet)
Seat 2: easy_sarcasm (button) folded on the Flop
Seat 3: v1lo4ka (small blind) folded before Flop
Seat 4: raketkasix (big blind) folded before Flop
Seat 5: CGL7811 collected ($14.72)
Seat 6: Gfoer folded before Flop (didn't bet)



PokerStars Hand #254437237234:  Hold'em No Limit ($0.50/$1.00 USD) - 2025/01/18 20:47:34 WET [2025/01/18 15:47:34 ET]
Table 'Shedir IV' 6-max Seat #3 is the button
Seat 1: EvilReality ($100 in chips) 
Seat 2: easy_sarcasm ($103.85 in chips) 
Seat 3: v1lo4ka ($100 in chips) 
Seat 4: raketkasix ($100 in chips) 
Seat 5: CGL7811 ($55.34 in chips) 
Seat 6: Gfoer ($100 in chips) 
raketkasix: posts small blind $0.50
CGL7811: posts big blind $1
*** HOLE CARDS ***
Gfoer: folds 
EvilReality: folds 
easy_sarcasm: folds 
v1lo4ka: raises $1.20 to $2.20
raketkasix: folds 
CGL7811: calls $1.20
*** FLOP *** [Kd Kc Tc]
CGL7811: checks 
v1lo4ka: bets $1.54
CGL7811: folds 
Uncalled bet ($1.54) returned to v1lo4ka
v1lo4ka collected $4.66 from pot
v1lo4ka: doesn't show hand 
*** SUMMARY ***
Total pot $4.90 | Rake $0.24 
Board [Kd Kc Tc]
Seat 1: EvilReality folded before Flop (didn't bet)
Seat 2: easy_sarcasm folded before Flop (didn't bet)
Seat 3: v1lo4ka (button) collected ($4.66)
Seat 4: raketkasix (small blind) folded before Flop
Seat 5: CGL7811 (big blind) folded on the Flop
Seat 6: Gfoer folded before Flop (didn't bet)



PokerStars Hand #254437246864:  Hold'em No Limit ($0.50/$1.00 USD) - 2025/01/18 20:48:06 WET [2025/01/18 15:48:06 ET]
Table 'Shedir IV' 6-max Seat #4 is the button
Seat 1: EvilReality ($100 in chips) 
Seat 2: easy_sarcasm ($103.85 in chips) 
Seat 3: v1lo4ka ($102.46 in chips) 
Seat 4: raketkasix ($100 in chips) 
Seat 5: CGL7811 ($53.14 in chips) 
Seat 6: Gfoer ($100 in chips) 
CGL7811: posts small blind $0.50
Gfoer: posts big blind $1
*** HOLE CARDS ***
EvilReality: folds 
easy_sarcasm: folds 
v1lo4ka: raises $1.50 to $2.50
raketkasix: folds 
CGL7811: folds 
Gfoer: folds 
Uncalled bet ($1.50) returned to v1lo4ka
v1lo4ka collected $2.50 from pot
v1lo4ka: doesn't show hand 
*** SUMMARY ***
Total pot $2.50 | Rake $0 
Seat 1: EvilReality folded before Flop (didn't bet)
Seat 2: easy_sarcasm folded before Flop (didn't bet)
Seat 3: v1lo4ka collected ($2.50)
Seat 4: raketkasix (button) folded before Flop (didn't bet)
Seat 5: CGL7811 (small blind) folded before Flop
Seat 6: Gfoer (big blind) folded before Flop



PokerStars Hand #254437253108:  Hold'em No Limit ($0.50/$1.00 USD) - 2025/01/18 20:48:27 WET [2025/01/18 15:48:27 ET]
Table 'Shedir IV' 6-max Seat #5 is the button
Seat 1: EvilReality ($100 in chips) is sitting out
Seat 2: easy_sarcasm ($103.85 in chips) 
Seat 3: v1lo4ka ($103.96 in chips) 
Seat 4: raketkasix ($100 in chips) 
Seat 5: CGL7811 ($52.64 in chips) 
Seat 6: Gfoer ($100 in chips) 
Gfoer: posts small blind $0.50
EvilReality: is sitting out 
easy_sarcasm: posts big blind $1
*** HOLE CARDS ***
EvilReality leaves the table
v1lo4ka: folds 
raketkasix: raises $1.50 to $2.50
CGL7811: calls $2.50
Gfoer: folds 
easy_sarcasm: folds 
*** FLOP *** [Ts Qs Jh]
raketkasix: bets $2.04
CGL7811: calls $2.04
*** TURN *** [Ts Qs Jh] [Ad]
YeeesMan joins the table at seat #1 
raketkasix: bets $8
CGL7811: folds 
Uncalled bet ($8) returned to raketkasix
raketkasix collected $10.05 from pot
raketkasix: doesn't show hand 
*** SUMMARY ***
Total pot $10.58 | Rake $0.53 
Board [Ts Qs Jh Ad]
Seat 1: EvilReality
Seat 2: easy_sarcasm (big blind) folded before Flop
Seat 3: v1lo4ka folded before Flop (didn't bet)
Seat 4: raketkasix collected ($10.05)
Seat 5: CGL7811 (button) folded on the Turn
Seat 6: Gfoer (small blind) folded before Flop



PokerStars Hand #254437272753:  Hold'em No Limit ($0.50/$1.00 USD) - 2025/01/18 20:49:30 WET [2025/01/18 15:49:30 ET]
Table 'Shedir IV' 6-max Seat #6 is the button
Seat 1: YeeesMan ($100 in chips) is sitting out
Seat 2: easy_sarcasm ($102.85 in chips) 
Seat 3: v1lo4ka ($103.96 in chips) 
Seat 4: raketkasix ($105.51 in chips) 
Seat 5: CGL7811 ($48.10 in chips) 
Seat 6: Gfoer ($100 in chips) 
easy_sarcasm: posts small blind $0.50
v1lo4ka: posts big blind $1
*** HOLE CARDS ***
raketkasix: folds 
CGL7811: calls $1
Gfoer: folds 
easy_sarcasm: folds 
v1lo4ka: checks 
*** FLOP *** [Js Ks 3h]
v1lo4ka: checks 
CGL7811: checks 
*** TURN *** [Js Ks 3h] [6h]
v1lo4ka: checks 
CGL7811: checks 
*** RIVER *** [Js Ks 3h 6h] [4d]
v1lo4ka: checks 
CGL7811: checks 
*** SHOW DOWN ***
v1lo4ka: shows [9s 2d] (high card King)
CGL7811: shows [6c Tc] (a pair of Sixes)
CGL7811 collected $2.38 from pot
*** SUMMARY ***
Total pot $2.50 | Rake $0.12 
Board [Js Ks 3h 6h 4d]
Seat 1: YeeesMan
Seat 2: easy_sarcasm (small blind) folded before Flop
Seat 3: v1lo4ka (big blind) showed [9s 2d] and lost with high card King
Seat 4: raketkasix folded before Flop (didn't bet)
Seat 5: CGL7811 showed [6c Tc] and won ($2.38) with a pair of Sixes
Seat 6: Gfoer (button) folded before Flop (didn't bet)



PokerStars Hand #254437281148:  Hold'em No Limit ($0.50/$1.00 USD) - 2025/01/18 20:49:58 WET [2025/01/18 15:49:58 ET]
Table 'Shedir IV' 6-max Seat #2 is the button
Seat 1: YeeesMan ($100 in chips) is sitting out
Seat 2: easy_sarcasm ($102.35 in chips) 
Seat 3: v1lo4ka ($102.96 in chips) 
Seat 4: raketkasix ($105.51 in chips) 
Seat 5: CGL7811 ($49.48 in chips) 
Seat 6: Gfoer ($100 in chips) 
v1lo4ka: posts small blind $0.50
raketkasix: posts big blind $1
YeeesMan: sits out 
*** HOLE CARDS ***
CGL7811: folds 
Gfoer: folds 
easy_sarcasm: folds 
v1lo4ka: folds 
Uncalled bet ($0.50) returned to raketkasix
raketkasix collected $1 from pot
raketkasix: doesn't show hand 
*** SUMMARY ***
Total pot $1 | Rake $0 
Seat 1: YeeesMan
Seat 2: easy_sarcasm (button) folded before Flop (didn't bet)
Seat 3: v1lo4ka (small blind) folded before Flop
Seat 4: raketkasix (big blind) collected ($1)
Seat 5: CGL7811 folded before Flop (didn't bet)
Seat 6: Gfoer folded before Flop (didn't bet)



PokerStars Hand #254437285043:  Hold'em No Limit ($0.50/$1.00 USD) - 2025/01/18 20:50:11 WET [2025/01/18 15:50:11 ET]
Table 'Shedir IV' 6-max Seat #4 is the button
Seat 1: YeeesMan ($100 in chips) is sitting out
Seat 3: v1lo4ka ($102.46 in chips) is sitting out
Seat 2: easy_sarcasm ($102.35 in chips) 
Seat 4: raketkasix ($106.01 in chips) 
Seat 5: CGL7811 ($49.48 in chips) 
Seat 6: Gfoer ($100 in chips) 
CGL7811: posts small blind $0.50
Gfoer: posts big blind $1
YeeesMan: sits out 
*** HOLE CARDS ***
easy_sarcasm: raises $2 to $3
raketkasix: folds 
CGL7811: calls $2.50
Gfoer: folds 
*** FLOP *** [7s Ks 4d]
CGL7811: checks 
easy_sarcasm: bets $3.33
CGL7811: folds 
Uncalled bet ($3.33) returned to easy_sarcasm
easy_sarcasm collected $6.65 from pot
*** SUMMARY ***
Total pot $7 | Rake $0.35 
Board [7s Ks 4d]
Seat 1: YeeesMan
Seat 3: v1lo4ka
Seat 2: easy_sarcasm collected ($6.65)
Seat 4: raketkasix (button) folded before Flop (didn't bet)
Seat 5: CGL7811 (small blind) folded on the Flop
Seat 6: Gfoer (big blind) folded before Flop



PokerStars Hand #254437293785:  Hold'em No Limit ($0.50/$1.00 USD) - 2025/01/18 20:50:39 WET [2025/01/18 15:50:39 ET]
Table 'Shedir IV' 6-max Seat #5 is the button
Seat 3: v1lo4ka ($102.46 in chips) is sitting out
Seat 1: YeeesMan ($100 in chips) 
Seat 2: easy_sarcasm ($106 in chips) 
Seat 4: raketkasix ($106.01 in chips) 
Seat 5: CGL7811 ($46.48 in chips) 
Seat 6: Gfoer ($100 in chips) 
Gfoer: posts small blind $0.50
YeeesMan: posts big blind $1
*** HOLE CARDS ***
easy_sarcasm: raises $2 to $3
raketkasix: folds 
CGL7811: calls $3
Gfoer: folds 
YeeesMan: raises $12 to $15
easy_sarcasm: calls $12
CGL7811: folds 
*** FLOP *** [8s Jd Qs]
YeeesMan: bets $15.91
easy_sarcasm: folds 
Uncalled bet ($15.91) returned to YeeesMan
YeeesMan collected $31.82 from pot
YeeesMan: doesn't show hand 
*** SUMMARY ***
Total pot $33.50 | Rake $1.68 
Board [8s Jd Qs]
Seat 3: v1lo4ka
Seat 1: YeeesMan (big blind) collected ($31.82)
Seat 2: easy_sarcasm folded on the Flop
Seat 4: raketkasix folded before Flop (didn't bet)
Seat 5: CGL7811 (button) folded before Flop
Seat 6: Gfoer (small blind) folded before Flop



PokerStars Hand #254437309648:  Hold'em No Limit ($0.50/$1.00 USD) - 2025/01/18 20:51:31 WET [2025/01/18 15:51:31 ET]
Table 'Shedir IV' 6-max Seat #6 is the button
Seat 1: YeeesMan ($116.82 in chips) 
Seat 2: easy_sarcasm ($100 in chips) 
Seat 3: v1lo4ka ($102.46 in chips) 
Seat 4: raketkasix ($106.01 in chips) 
Seat 5: CGL7811 ($43.48 in chips) 
Seat 6: Gfoer ($100 in chips) 
YeeesMan: posts small blind $0.50
easy_sarcasm: posts big blind $1
*** HOLE CARDS ***
v1lo4ka: folds 
raketkasix: raises $1.50 to $2.50
CGL7811: calls $2.50
Gfoer: folds 
YeeesMan: folds 
easy_sarcasm: calls $1.50
*** FLOP *** [Ac 8d Tc]
easy_sarcasm: checks 
raketkasix: checks 
CGL7811: checks 
*** TURN *** [Ac 8d Tc] [8c]
easy_sarcasm: checks 
raketkasix: bets $7
CGL7811: folds 
easy_sarcasm: folds 
Uncalled bet ($7) returned to raketkasix
raketkasix collected $7.60 from pot
raketkasix: doesn't show hand 
*** SUMMARY ***
Total pot $8 | Rake $0.40 
Board [Ac 8d Tc 8c]
Seat 1: YeeesMan (small blind) folded before Flop
Seat 2: easy_sarcasm (big blind) folded on the Turn
Seat 3: v1lo4ka folded before Flop (didn't bet)
Seat 4: raketkasix collected ($7.60)
Seat 5: CGL7811 folded on the Turn
Seat 6: Gfoer (button) folded before Flop (didn't bet)



PokerStars Hand #254437323693:  Hold'em No Limit ($0.50/$1.00 USD) - 2025/01/18 20:52:17 WET [2025/01/18 15:52:17 ET]
Table 'Shedir IV' 6-max Seat #1 is the button
Seat 1: YeeesMan ($116.32 in chips) 
Seat 2: easy_sarcasm ($100 in chips) 
Seat 3: v1lo4ka ($102.46 in chips) 
Seat 4: raketkasix ($111.11 in chips) 
Seat 5: CGL7811 ($40.98 in chips) 
Seat 6: Gfoer ($100 in chips) 
easy_sarcasm: posts small blind $0.50
v1lo4ka: posts big blind $1
*** HOLE CARDS ***
raketkasix: folds 
CGL7811: raises $1 to $2
Gfoer: folds 
YeeesMan: folds 
easy_sarcasm: folds 
v1lo4ka: calls $1
*** FLOP *** [4c Ac Jd]
v1lo4ka: checks 
CGL7811: bets $1
v1lo4ka: raises $7.50 to $8.50
CGL7811: calls $7.50
*** TURN *** [4c Ac Jd] [6h]
v1lo4ka: bets $70
CGL7811: calls $30.48 and is all-in
Uncalled bet ($39.52) returned to v1lo4ka
*** RIVER *** [4c Ac Jd 6h] [Th]
*** SHOW DOWN ***
v1lo4ka: shows [4h Ah] (two pair, Aces and Fours)
CGL7811: shows [8s 8h] (a pair of Eights)
v1lo4ka collected $79.96 from pot
*** SUMMARY ***
Total pot $82.46 | Rake $2.50 
Board [4c Ac Jd 6h Th]
Seat 1: YeeesMan (button) folded before Flop (didn't bet)
Seat 2: easy_sarcasm (small blind) folded before Flop
Seat 3: v1lo4ka (big blind) showed [4h Ah] and won ($79.96) with two pair, Aces and Fours
Seat 4: raketkasix folded before Flop (didn't bet)
Seat 5: CGL7811 showed [8s 8h] and lost with a pair of Eights
Seat 6: Gfoer folded before Flop (didn't bet)



PokerStars Hand #254437341967:  Hold'em No Limit ($0.50/$1.00 USD) - 2025/01/18 20:53:18 WET [2025/01/18 15:53:18 ET]
Table 'Shedir IV' 6-max Seat #2 is the button
Seat 5: CGL7811 ($0 in chips) is sitting out
Seat 1: YeeesMan ($116.32 in chips) 
Seat 2: easy_sarcasm ($100 in chips) 
Seat 3: v1lo4ka ($141.44 in chips) 
Seat 4: raketkasix ($111.11 in chips) 
Seat 6: Gfoer ($100 in chips) 
v1lo4ka: posts small blind $0.50
raketkasix: posts big blind $1
*** HOLE CARDS ***
Gfoer: raises $1.20 to $2.20
YeeesMan: folds 
easy_sarcasm: folds 
v1lo4ka: folds 
raketkasix: calls $1.20
*** FLOP *** [2s 3h 4h]
raketkasix: checks 
Gfoer: checks 
*** TURN *** [2s 3h 4h] [3s]
raketkasix: bets $6.29
Gfoer: folds 
Uncalled bet ($6.29) returned to raketkasix
raketkasix collected $4.66 from pot
raketkasix: doesn't show hand 
*** SUMMARY ***
Total pot $4.90 | Rake $0.24 
Board [2s 3h 4h 3s]
Seat 5: CGL7811
Seat 1: YeeesMan folded before Flop (didn't bet)
Seat 2: easy_sarcasm (button) folded before Flop (didn't bet)
Seat 3: v1lo4ka (small blind) folded before Flop
Seat 4: raketkasix (big blind) collected ($4.66)
Seat 6: Gfoer folded on the Turn



PokerStars Hand #254437371861:  Hold'em No Limit ($0.50/$1.00 USD) - 2025/01/18 20:54:57 WET [2025/01/18 15:54:57 ET]
Table 'Shedir IV' 6-max Seat #3 is the button
Seat 1: YeeesMan ($116.32 in chips) 
Seat 2: easy_sarcasm ($100 in chips) 
Seat 3: v1lo4ka ($140.94 in chips) 
Seat 4: raketkasix ($113.57 in chips) 
Seat 5: CGL7811 ($100 in chips) 
Seat 6: Gfoer ($100 in chips) 
raketkasix: posts small blind $0.50
CGL7811: posts big blind $1
*** HOLE CARDS ***
Gfoer: folds 
YeeesMan: folds 
easy_sarcasm: folds 
v1lo4ka: folds 
raketkasix: raises $2 to $3
CGL7811: folds 
Uncalled bet ($2) returned to raketkasix
raketkasix collected $2 from pot
raketkasix: doesn't show hand 
CGL7811 is disconnected 
*** SUMMARY ***
Total pot $2 | Rake $0 
Seat 1: YeeesMan folded before Flop (didn't bet)
Seat 2: easy_sarcasm folded before Flop (didn't bet)
Seat 3: v1lo4ka (button) folded before Flop (didn't bet)
Seat 4: raketkasix (small blind) collected ($2)
Seat 5: CGL7811 (big blind) folded before Flop
Seat 6: Gfoer folded before Flop (didn't bet)



PokerStars Hand #254437379023:  Hold'em No Limit ($0.50/$1.00 USD) - 2025/01/18 20:55:28 WET [2025/01/18 15:55:28 ET]
Table 'Shedir IV' 6-max Seat #4 is the button
Seat 5: CGL7811 ($99 in chips) is sitting out
Seat 1: YeeesMan ($116.32 in chips) 
Seat 2: easy_sarcasm ($100 in chips) 
Seat 3: v1lo4ka ($140.94 in chips) 
Seat 4: raketkasix ($114.57 in chips) 
Seat 6: Gfoer ($100 in chips) 
CGL7811 has timed out while disconnected
CGL7811: is sitting out 
Gfoer: posts small blind $0.50
YeeesMan: posts big blind $1
*** HOLE CARDS ***
easy_sarcasm: folds 
v1lo4ka: folds 
raketkasix: raises $1.50 to $2.50
Gfoer: folds 
YeeesMan: folds 
Uncalled bet ($1.50) returned to raketkasix
raketkasix collected $2.50 from pot
raketkasix: doesn't show hand 
*** SUMMARY ***
Total pot $2.50 | Rake $0 
Seat 5: CGL7811
Seat 1: YeeesMan (big blind) folded before Flop
Seat 2: easy_sarcasm folded before Flop (didn't bet)
Seat 3: v1lo4ka folded before Flop (didn't bet)
Seat 4: raketkasix (button) collected ($2.50)
Seat 6: Gfoer (small blind) folded before Flop



PokerStars Hand #254437385592:  Hold'em No Limit ($0.50/$1.00 USD) - 2025/01/18 20:56:00 WET [2025/01/18 15:56:00 ET]
Table 'Shedir IV' 6-max Seat #6 is the button
Seat 5: CGL7811 ($99 in chips) is sitting out
Seat 1: YeeesMan ($115.32 in chips) 
Seat 2: easy_sarcasm ($100 in chips) 
Seat 3: v1lo4ka ($140.94 in chips) 
Seat 4: raketkasix ($116.07 in chips) 
Seat 6: Gfoer ($100 in chips) 
YeeesMan: posts small blind $0.50
easy_sarcasm: posts big blind $1
*** HOLE CARDS ***
v1lo4ka: raises $1.50 to $2.50
raketkasix: folds 
Gfoer: folds 
YeeesMan: folds 
easy_sarcasm: folds 
Uncalled bet ($1.50) returned to v1lo4ka
v1lo4ka collected $2.50 from pot
v1lo4ka: doesn't show hand 
*** SUMMARY ***
Total pot $2.50 | Rake $0 
Seat 5: CGL7811
Seat 1: YeeesMan (small blind) folded before Flop
Seat 2: easy_sarcasm (big blind) folded before Flop
Seat 3: v1lo4ka collected ($2.50)
Seat 4: raketkasix folded before Flop (didn't bet)
Seat 6: Gfoer (button) folded before Flop (didn't bet)



PokerStars Hand #254437388954:  Hold'em No Limit ($0.50/$1.00 USD) - 2025/01/18 20:56:16 WET [2025/01/18 15:56:16 ET]
Table 'Shedir IV' 6-max Seat #1 is the button
Seat 5: CGL7811 ($99 in chips) is sitting out
Seat 1: YeeesMan ($114.82 in chips) 
Seat 2: easy_sarcasm ($100 in chips) 
Seat 3: v1lo4ka ($142.44 in chips) 
Seat 4: raketkasix ($116.07 in chips) 
Seat 6: Gfoer ($100 in chips) 
easy_sarcasm: posts small blind $0.50
v1lo4ka: posts big blind $1
*** HOLE CARDS ***
raketkasix: folds 
Gfoer: raises $1.20 to $2.20
YeeesMan: folds 
easy_sarcasm: folds 
v1lo4ka: folds 
Uncalled bet ($1.20) returned to Gfoer
Gfoer collected $2.50 from pot
Gfoer: doesn't show hand 
*** SUMMARY ***
Total pot $2.50 | Rake $0 
Seat 5: CGL7811
Seat 1: YeeesMan (button) folded before Flop (didn't bet)
Seat 2: easy_sarcasm (small blind) folded before Flop
Seat 3: v1lo4ka (big blind) folded before Flop
Seat 4: raketkasix folded before Flop (didn't bet)
Seat 6: Gfoer collected ($2.50)



PokerStars Hand #254437394671:  Hold'em No Limit ($0.50/$1.00 USD) - 2025/01/18 20:56:43 WET [2025/01/18 15:56:43 ET]
Table 'Shedir IV' 6-max Seat #2 is the button
Seat 1: YeeesMan ($114.82 in chips) 
Seat 2: easy_sarcasm ($100 in chips) 
Seat 3: v1lo4ka ($141.44 in chips) 
Seat 4: raketkasix ($116.07 in chips) 
Seat 5: CGL7811 ($99 in chips) 
Seat 6: Gfoer ($101.50 in chips) 
v1lo4ka: posts small blind $0.50
raketkasix: posts big blind $1
CGL7811: posts small blind $0.50
*** HOLE CARDS ***
CGL7811: raises $1 to $2
Gfoer: folds 
YeeesMan: folds 
easy_sarcasm: folds 
v1lo4ka: folds 
raketkasix: calls $1
*** FLOP *** [5h 7d 3h]
raketkasix: checks 
CGL7811: checks 
*** TURN *** [5h 7d 3h] [Jh]
raketkasix: checks 
CGL7811: bets $2.38
raketkasix: calls $2.38
*** RIVER *** [5h 7d 3h Jh] [4s]
raketkasix: checks 
CGL7811: bets $9.27
raketkasix: folds 
Uncalled bet ($9.27) returned to CGL7811
CGL7811 collected $9.27 from pot
*** SUMMARY ***
Total pot $9.76 | Rake $0.49 
Board [5h 7d 3h Jh 4s]
Seat 1: YeeesMan folded before Flop (didn't bet)
Seat 2: easy_sarcasm (button) folded before Flop (didn't bet)
Seat 3: v1lo4ka (small blind) folded before Flop
Seat 4: raketkasix (big blind) folded on the River
Seat 5: CGL7811 collected ($9.27)
Seat 6: Gfoer folded before Flop (didn't bet)



PokerStars Hand #254437413973:  Hold'em No Limit ($0.50/$1.00 USD) - 2025/01/18 20:58:14 WET [2025/01/18 15:58:14 ET]
Table 'Shedir IV' 6-max Seat #3 is the button
Seat 1: YeeesMan ($114.82 in chips) 
Seat 2: easy_sarcasm ($100 in chips) 
Seat 3: v1lo4ka ($140.94 in chips) 
Seat 4: raketkasix ($111.69 in chips) 
Seat 5: CGL7811 ($103.39 in chips) 
Seat 6: Gfoer ($101.50 in chips) 
raketkasix: posts small blind $0.50
CGL7811: posts big blind $1
*** HOLE CARDS ***
Gfoer: folds 
YeeesMan: folds 
easy_sarcasm: raises $2 to $3
v1lo4ka: folds 
raketkasix: folds 
CGL7811: folds 
Uncalled bet ($2) returned to easy_sarcasm
easy_sarcasm collected $2.50 from pot
*** SUMMARY ***
Total pot $2.50 | Rake $0 
Seat 1: YeeesMan folded before Flop (didn't bet)
Seat 2: easy_sarcasm collected ($2.50)
Seat 3: v1lo4ka (button) folded before Flop (didn't bet)
Seat 4: raketkasix (small blind) folded before Flop
Seat 5: CGL7811 (big blind) folded before Flop
Seat 6: Gfoer folded before Flop (didn't bet)



PokerStars Hand #254437419381:  Hold'em No Limit ($0.50/$1.00 USD) - 2025/01/18 20:58:39 WET [2025/01/18 15:58:39 ET]
Table 'Shedir IV' 6-max Seat #4 is the button
Seat 1: YeeesMan ($114.82 in chips) 
Seat 2: easy_sarcasm ($101.50 in chips) 
Seat 3: v1lo4ka ($140.94 in chips) 
Seat 4: raketkasix ($111.19 in chips) 
Seat 5: CGL7811 ($102.39 in chips) 
Seat 6: Gfoer ($101.50 in chips) 
CGL7811: posts small blind $0.50
Gfoer: posts big blind $1
*** HOLE CARDS ***
YeeesMan: folds 
easy_sarcasm: folds 
v1lo4ka: raises $1.50 to $2.50
raketkasix: folds 
CGL7811: calls $2
Gfoer: calls $1.50
*** FLOP *** [5d 2c 9d]
CGL7811: checks 
Gfoer: checks 
v1lo4ka: bets $4.49
CGL7811: folds 
Gfoer: calls $4.49
*** TURN *** [5d 2c 9d] [8c]
Gfoer: checks 
v1lo4ka: bets $11.90
Gfoer: calls $11.90
*** RIVER *** [5d 2c 9d 8c] [Jh]
Gfoer: checks 
v1lo4ka: checks 
*** SHOW DOWN ***
Gfoer: shows [Ac 9c] (a pair of Nines)
v1lo4ka: shows [Ks Kh] (a pair of Kings)
v1lo4ka collected $38.27 from pot
*** SUMMARY ***
Total pot $40.28 | Rake $2.01 
Board [5d 2c 9d 8c Jh]
Seat 1: YeeesMan folded before Flop (didn't bet)
Seat 2: easy_sarcasm folded before Flop (didn't bet)
Seat 3: v1lo4ka showed [Ks Kh] and won ($38.27) with a pair of Kings
Seat 4: raketkasix (button) folded before Flop (didn't bet)
Seat 5: CGL7811 (small blind) folded on the Flop
Seat 6: Gfoer (big blind) showed [Ac 9c] and lost with a pair of Nines



PokerStars Hand #254437439406:  Hold'em No Limit ($0.50/$1.00 USD) - 2025/01/18 21:00:14 WET [2025/01/18 16:00:14 ET]
Table 'Shedir IV' 6-max Seat #5 is the button
Seat 1: YeeesMan ($114.82 in chips) 
Seat 2: easy_sarcasm ($101.50 in chips) 
Seat 3: v1lo4ka ($160.32 in chips) 
Seat 4: raketkasix ($111.19 in chips) 
Seat 5: CGL7811 ($99.89 in chips) 
Seat 6: Gfoer ($100 in chips) 
Gfoer: posts small blind $0.50
YeeesMan: posts big blind $1
*** HOLE CARDS ***
easy_sarcasm: folds 
v1lo4ka: folds 
raketkasix has timed out
raketkasix: folds 
CGL7811: folds 
Gfoer: folds 
Uncalled bet ($0.50) returned to YeeesMan
YeeesMan collected $1 from pot
YeeesMan: doesn't show hand 
*** SUMMARY ***
Total pot $1 | Rake $0 
Seat 1: YeeesMan (big blind) collected ($1)
Seat 2: easy_sarcasm folded before Flop (didn't bet)
Seat 3: v1lo4ka folded before Flop (didn't bet)
Seat 4: raketkasix folded before Flop (didn't bet)
Seat 5: CGL7811 (button) folded before Flop (didn't bet)
Seat 6: Gfoer (small blind) folded before Flop



PokerStars Hand #254437443575:  Hold'em No Limit ($0.50/$1.00 USD) - 2025/01/18 21:00:32 WET [2025/01/18 16:00:32 ET]
Table 'Shedir IV' 6-max Seat #6 is the button
Seat 1: YeeesMan ($115.32 in chips) 
Seat 2: easy_sarcasm ($101.50 in chips) 
Seat 3: v1lo4ka ($160.32 in chips) 
Seat 4: raketkasix ($111.19 in chips) 
Seat 5: CGL7811 ($99.89 in chips) 
Seat 6: Gfoer ($100 in chips) 
YeeesMan: posts small blind $0.50
easy_sarcasm: posts big blind $1
*** HOLE CARDS ***
v1lo4ka: folds 
raketkasix: folds 
CGL7811: calls $1
Gfoer: folds 
YeeesMan: folds 
easy_sarcasm: raises $4.50 to $5.50
CGL7811: calls $4.50
*** FLOP *** [4s 6h Ts]
easy_sarcasm: bets $4.50
CGL7811: calls $4.50
*** TURN *** [4s 6h Ts] [Ac]
easy_sarcasm: checks 
CGL7811: bets $9.74
easy_sarcasm: folds 
Uncalled bet ($9.74) returned to CGL7811
CGL7811 collected $19.48 from pot
*** SUMMARY ***
Total pot $20.50 | Rake $1.02 
Board [4s 6h Ts Ac]
Seat 1: YeeesMan (small blind) folded before Flop
Seat 2: easy_sarcasm (big blind) folded on the Turn
Seat 3: v1lo4ka folded before Flop (didn't bet)
Seat 4: raketkasix folded before Flop (didn't bet)
Seat 5: CGL7811 collected ($19.48)
Seat 6: Gfoer (button) folded before Flop (didn't bet)



PokerStars Hand #254437455974:  Hold'em No Limit ($0.50/$1.00 USD) - 2025/01/18 21:01:22 WET [2025/01/18 16:01:22 ET]
Table 'Shedir IV' 6-max Seat #1 is the button
Seat 1: YeeesMan ($114.82 in chips) 
Seat 2: easy_sarcasm ($100 in chips) 
Seat 3: v1lo4ka ($160.32 in chips) 
Seat 4: raketkasix ($111.19 in chips) 
Seat 5: CGL7811 ($109.37 in chips) 
Seat 6: Gfoer ($100 in chips) 
easy_sarcasm: posts small blind $0.50
v1lo4ka: posts big blind $1
*** HOLE CARDS ***
raketkasix: folds 
CGL7811: calls $1
Gfoer: folds 
YeeesMan: folds 
easy_sarcasm: calls $0.50
v1lo4ka: checks 
*** FLOP *** [6d Tc 5s]
easy_sarcasm: checks 
v1lo4ka: bets $1
CGL7811: raises $1 to $2
easy_sarcasm: folds 
v1lo4ka: calls $1
*** TURN *** [6d Tc 5s] [9c]
v1lo4ka: checks 
CGL7811: bets $1
v1lo4ka: calls $1
*** RIVER *** [6d Tc 5s 9c] [Kd]
v1lo4ka: checks 
CGL7811: bets $8.55
v1lo4ka: folds 
Uncalled bet ($8.55) returned to CGL7811
CGL7811 collected $8.55 from pot
*** SUMMARY ***
Total pot $9 | Rake $0.45 
Board [6d Tc 5s 9c Kd]
Seat 1: YeeesMan (button) folded before Flop (didn't bet)
Seat 2: easy_sarcasm (small blind) folded on the Flop
Seat 3: v1lo4ka (big blind) folded on the River
Seat 4: raketkasix folded before Flop (didn't bet)
Seat 5: CGL7811 collected ($8.55)
Seat 6: Gfoer folded before Flop (didn't bet)



PokerStars Hand #254437470711:  Hold'em No Limit ($0.50/$1.00 USD) - 2025/01/18 21:02:14 WET [2025/01/18 16:02:14 ET]
Table 'Shedir IV' 6-max Seat #2 is the button
Seat 1: YeeesMan ($114.82 in chips) 
Seat 2: easy_sarcasm ($100 in chips) 
Seat 3: v1lo4ka ($156.32 in chips) 
Seat 4: raketkasix ($111.19 in chips) 
Seat 5: CGL7811 ($113.92 in chips) 
Seat 6: Gfoer ($100 in chips) 
v1lo4ka: posts small blind $0.50
raketkasix: posts big blind $1
*** HOLE CARDS ***
CGL7811: calls $1
Gfoer: folds 
YeeesMan: folds 
easy_sarcasm: folds 
v1lo4ka: raises $4 to $5
raketkasix: folds 
CGL7811: calls $4
*** FLOP *** [Kc Jd Jh]
v1lo4ka: checks 
CGL7811: bets $3
v1lo4ka: folds 
Uncalled bet ($3) returned to CGL7811
CGL7811 collected $10.45 from pot
*** SUMMARY ***
Total pot $11 | Rake $0.55 
Board [Kc Jd Jh]
Seat 1: YeeesMan folded before Flop (didn't bet)
Seat 2: easy_sarcasm (button) folded before Flop (didn't bet)
Seat 3: v1lo4ka (small blind) folded on the Flop
Seat 4: raketkasix (big blind) folded before Flop
Seat 5: CGL7811 collected ($10.45)
Seat 6: Gfoer folded before Flop (didn't bet)



PokerStars Hand #254437489006:  Hold'em No Limit ($0.50/$1.00 USD) - 2025/01/18 21:03:16 WET [2025/01/18 16:03:16 ET]
Table 'Shedir IV' 6-max Seat #3 is the button
Seat 1: YeeesMan ($114.82 in chips) 
Seat 2: easy_sarcasm ($100 in chips) 
Seat 3: v1lo4ka ($151.32 in chips) 
Seat 4: raketkasix ($110.19 in chips) 
Seat 5: CGL7811 ($119.37 in chips) 
Seat 6: Gfoer ($100 in chips) 
raketkasix: posts small blind $0.50
CGL7811: posts big blind $1
*** HOLE CARDS ***
Gfoer: folds 
YeeesMan: folds 
easy_sarcasm: folds 
v1lo4ka: folds 
raketkasix: raises $2 to $3
CGL7811: raises $2 to $5
raketkasix: raises $10 to $15
CGL7811: raises $10 to $25
raketkasix: raises $85.19 to $110.19 and is all-in
CGL7811: calls $85.19
*** FLOP *** [8d 2h 6d]
*** TURN *** [8d 2h 6d] [4d]
*** RIVER *** [8d 2h 6d 4d] [Kd]
*** SHOW DOWN ***
raketkasix: shows [Qd Qc] (a flush, King high)
CGL7811: shows [Ac As] (a pair of Aces)
raketkasix collected $217.88 from pot
*** SUMMARY ***
Total pot $220.38 | Rake $2.50 
Board [8d 2h 6d 4d Kd]
Seat 1: YeeesMan folded before Flop (didn't bet)
Seat 2: easy_sarcasm folded before Flop (didn't bet)
Seat 3: v1lo4ka (button) folded before Flop (didn't bet)
Seat 4: raketkasix (small blind) showed [Qd Qc] and won ($217.88) with a flush, King high
Seat 5: CGL7811 (big blind) showed [Ac As] and lost with a pair of Aces
Seat 6: Gfoer folded before Flop (didn't bet)



PokerStars Hand #254437511803:  Hold'em No Limit ($0.50/$1.00 USD) - 2025/01/18 21:04:30 WET [2025/01/18 16:04:30 ET]
Table 'Shedir IV' 6-max Seat #4 is the button
Seat 1: YeeesMan ($114.82 in chips) 
Seat 2: easy_sarcasm ($100 in chips) 
Seat 3: v1lo4ka ($151.32 in chips) 
Seat 4: raketkasix ($217.88 in chips) 
Seat 5: CGL7811 ($9.18 in chips) 
Seat 6: Gfoer ($100 in chips) 
CGL7811: posts small blind $0.50
Gfoer: posts big blind $1
*** HOLE CARDS ***
YeeesMan: folds 
easy_sarcasm: folds 
v1lo4ka: folds 
raketkasix: raises $1.50 to $2.50
CGL7811: calls $2
Gfoer: folds 
*** FLOP *** [Th 7h 8c]
CGL7811: checks 
raketkasix: bets $7.70
CGL7811: calls $6.68 and is all-in
Uncalled bet ($1.02) returned to raketkasix
*** TURN *** [Th 7h 8c] [4h]
*** RIVER *** [Th 7h 8c 4h] [8s]
*** SHOW DOWN ***
CGL7811: shows [Kh 7d] (two pair, Eights and Sevens)
raketkasix: shows [As Jh] (a pair of Eights)
CGL7811 collected $18.39 from pot
*** SUMMARY ***
Total pot $19.36 | Rake $0.97 
Board [Th 7h 8c 4h 8s]
Seat 1: YeeesMan folded before Flop (didn't bet)
Seat 2: easy_sarcasm folded before Flop (didn't bet)
Seat 3: v1lo4ka folded before Flop (didn't bet)
Seat 4: raketkasix (button) showed [As Jh] and lost with a pair of Eights
Seat 5: CGL7811 (small blind) showed [Kh 7d] and won ($18.39) with two pair, Eights and Sevens
Seat 6: Gfoer (big blind) folded before Flop



PokerStars Hand #254437523066:  Hold'em No Limit ($0.50/$1.00 USD) - 2025/01/18 21:05:06 WET [2025/01/18 16:05:06 ET]
Table 'Shedir IV' 6-max Seat #5 is the button
Seat 1: YeeesMan ($114.82 in chips) 
Seat 2: easy_sarcasm ($100 in chips) 
Seat 3: v1lo4ka ($151.32 in chips) 
Seat 4: raketkasix ($208.70 in chips) 
Seat 5: CGL7811 ($18.39 in chips) 
Seat 6: Gfoer ($100 in chips) 
Gfoer: posts small blind $0.50
YeeesMan: posts big blind $1
*** HOLE CARDS ***
easy_sarcasm: folds 
v1lo4ka: raises $1.50 to $2.50
raketkasix: folds 
CGL7811: calls $2.50
Gfoer: folds 
YeeesMan: folds 
*** FLOP *** [Ad Ks Kd]
v1lo4ka: checks 
CGL7811: checks 
*** TURN *** [Ad Ks Kd] [Qc]
v1lo4ka: bets $3.15
CGL7811: calls $3.15
*** RIVER *** [Ad Ks Kd Qc] [7s]
v1lo4ka: bets $6.20
CGL7811: calls $6.20
*** SHOW DOWN ***
v1lo4ka: shows [Jc Ah] (two pair, Aces and Kings)
CGL7811: mucks hand 
v1lo4ka collected $23.94 from pot
*** SUMMARY ***
Total pot $25.20 | Rake $1.26 
Board [Ad Ks Kd Qc 7s]
Seat 1: YeeesMan (big blind) folded before Flop
Seat 2: easy_sarcasm folded before Flop (didn't bet)
Seat 3: v1lo4ka showed [Jc Ah] and won ($23.94) with two pair, Aces and Kings
Seat 4: raketkasix folded before Flop (didn't bet)
Seat 5: CGL7811 (button) mucked
Seat 6: Gfoer (small blind) folded before Flop



PokerStars Hand #254437531867:  Hold'em No Limit ($0.50/$1.00 USD) - 2025/01/18 21:05:35 WET [2025/01/18 16:05:35 ET]
Table 'Shedir IV' 6-max Seat #6 is the button
Seat 1: YeeesMan ($113.82 in chips) 
Seat 2: easy_sarcasm ($100 in chips) 
Seat 3: v1lo4ka ($163.41 in chips) 
Seat 4: raketkasix ($208.70 in chips) 
Seat 5: CGL7811 ($6.54 in chips) 
Seat 6: Gfoer ($100 in chips) 
YeeesMan: posts small blind $0.50
easy_sarcasm: posts big blind $1
*** HOLE CARDS ***
v1lo4ka: folds 
raketkasix: raises $1.50 to $2.50
CGL7811: calls $2.50
Gfoer: folds 
YeeesMan: raises $10.50 to $13
easy_sarcasm: folds 
raketkasix: folds 
CGL7811: calls $4.04 and is all-in
Uncalled bet ($6.46) returned to YeeesMan
*** FLOP *** [5d Kh Qs]
*** TURN *** [5d Kh Qs] [Qh]
*** RIVER *** [5d Kh Qs Qh] [8c]
*** SHOW DOWN ***
YeeesMan: shows [Kc Tc] (two pair, Kings and Queens)
CGL7811: shows [Ac Ts] (a pair of Queens)
YeeesMan collected $15.75 from pot
*** SUMMARY ***
Total pot $16.58 | Rake $0.83 
Board [5d Kh Qs Qh 8c]
Seat 1: YeeesMan (small blind) showed [Kc Tc] and won ($15.75) with two pair, Kings and Queens
Seat 2: easy_sarcasm (big blind) folded before Flop
Seat 3: v1lo4ka folded before Flop (didn't bet)
Seat 4: raketkasix folded before Flop
Seat 5: CGL7811 showed [Ac Ts] and lost with a pair of Queens
Seat 6: Gfoer (button) folded before Flop (didn't bet)



PokerStars Hand #254437546843:  Hold'em No Limit ($0.50/$1.00 USD) - 2025/01/18 21:06:24 WET [2025/01/18 16:06:24 ET]
Table 'Shedir IV' 6-max Seat #1 is the button
Seat 5: CGL7811 ($0 in chips) is sitting out
Seat 1: YeeesMan ($123.03 in chips) 
Seat 2: easy_sarcasm ($100 in chips) 
Seat 3: v1lo4ka ($163.41 in chips) 
Seat 4: raketkasix ($206.20 in chips) 
Seat 6: Gfoer ($100 in chips) 
easy_sarcasm: posts small blind $0.50
v1lo4ka: posts big blind $1
*** HOLE CARDS ***
raketkasix has timed out
raketkasix: folds 
Gfoer: folds 
CGL7811 is disconnected 
YeeesMan: raises $1.50 to $2.50
easy_sarcasm: folds 
v1lo4ka: calls $1.50
*** FLOP *** [9s 6d 4d]
v1lo4ka: checks 
YeeesMan: bets $3.92
v1lo4ka: folds 
Uncalled bet ($3.92) returned to YeeesMan
YeeesMan collected $5.22 from pot
YeeesMan: doesn't show hand 
*** SUMMARY ***
Total pot $5.50 | Rake $0.28 
Board [9s 6d 4d]
Seat 5: CGL7811
Seat 1: YeeesMan (button) collected ($5.22)
Seat 2: easy_sarcasm (small blind) folded before Flop
Seat 3: v1lo4ka (big blind) folded on the Flop
Seat 4: raketkasix folded before Flop (didn't bet)
Seat 6: Gfoer folded before Flop (didn't bet)



PokerStars Hand #254437561189:  Hold'em No Limit ($0.50/$1.00 USD) - 2025/01/18 21:07:11 WET [2025/01/18 16:07:11 ET]
Table 'Shedir IV' 6-max Seat #2 is the button
Seat 4: raketkasix ($206.20 in chips) is sitting out
Seat 5: CGL7811 ($0 in chips) is sitting out
Seat 6: Gfoer ($100 in chips) is sitting out
Seat 1: YeeesMan ($125.75 in chips) 
Seat 2: easy_sarcasm ($100 in chips) 
Seat 3: v1lo4ka ($160.91 in chips) 
v1lo4ka: posts small blind $0.50
raketkasix: is sitting out 
Gfoer: is sitting out 
YeeesMan: posts big blind $1
*** HOLE CARDS ***
easy_sarcasm: folds 
v1lo4ka: folds 
Uncalled bet ($0.50) returned to YeeesMan
YeeesMan collected $1 from pot
YeeesMan: doesn't show hand 
raketkasix leaves the table
*** SUMMARY ***
Total pot $1 | Rake $0 
Seat 4: raketkasix
Seat 5: CGL7811
Seat 6: Gfoer
Seat 1: YeeesMan (big blind) collected ($1)
Seat 2: easy_sarcasm (button) folded before Flop (didn't bet)
Seat 3: v1lo4ka (small blind) folded before Flop



PokerStars Hand #254437563353:  Hold'em No Limit ($0.50/$1.00 USD) - 2025/01/18 21:07:18 WET [2025/01/18 16:07:18 ET]
Table 'Shedir IV' 6-max Seat #3 is the button
Seat 5: CGL7811 ($0 in chips) is sitting out
Seat 6: Gfoer ($100 in chips) is sitting out
Seat 1: YeeesMan ($126.25 in chips) 
Seat 2: easy_sarcasm ($100 in chips) 
Seat 3: v1lo4ka ($160.41 in chips) 
YeeesMan: posts small blind $0.50
easy_sarcasm: posts big blind $1
*** HOLE CARDS ***
v1lo4ka: folds 
YeeesMan: folds 
Uncalled bet ($0.50) returned to easy_sarcasm
Gfoer leaves the table
easy_sarcasm collected $1 from pot
*** SUMMARY ***
Total pot $1 | Rake $0 
Seat 5: CGL7811
Seat 6: Gfoer
Seat 1: YeeesMan (small blind) folded before Flop
Seat 2: easy_sarcasm (big blind) collected ($1)
Seat 3: v1lo4ka (button) folded before Flop (didn't bet)



PokerStars Hand #254437625060:  Hold'em No Limit ($0.50/$1.00 USD) - 2025/01/18 21:10:39 WET [2025/01/18 16:10:39 ET]
Table 'Shedir IV' 6-max Seat #5 is the button
Seat 1: blackclan7 ($100 in chips) 
Seat 2: AlexPinsk1 ($100 in chips) 
Seat 5: CGL7811 ($18.06 in chips) 
Seat 6: pr0tecto ($100 in chips) 
pr0tecto: posts small blind $0.50
blackclan7: posts big blind $1
*** HOLE CARDS ***
AlexPinsk1: folds 
CGL7811: calls $1
pr0tecto: folds 
blackclan7: checks 
*** FLOP *** [Jh Th 4s]
blackclan7: checks 
CGL7811: checks 
*** TURN *** [Jh Th 4s] [8c]
blackclan7: checks 
CGL7811: checks 
*** RIVER *** [Jh Th 4s 8c] [9s]
blackclan7: checks 
CGL7811: bets $2.38
XneferX joins the table at seat #3 
blackclan7: folds 
Uncalled bet ($2.38) returned to CGL7811
CGL7811 collected $2.38 from pot
*** SUMMARY ***
Total pot $2.50 | Rake $0.12 
Board [Jh Th 4s 8c 9s]
Seat 1: blackclan7 (big blind) folded on the River
Seat 2: AlexPinsk1 folded before Flop (didn't bet)
Seat 5: CGL7811 (button) collected ($2.38)
Seat 6: pr0tecto (small blind) folded before Flop



PokerStars Hand #254437640365:  Hold'em No Limit ($0.50/$1.00 USD) - 2025/01/18 21:11:28 WET [2025/01/18 16:11:28 ET]
Table 'Shedir IV' 6-max Seat #6 is the button
Seat 3: XneferX ($100 in chips) is sitting out
Seat 1: blackclan7 ($100 in chips) 
Seat 2: AlexPinsk1 ($100 in chips) 
Seat 5: CGL7811 ($19.44 in chips) 
Seat 6: pr0tecto ($99.50 in chips) 
blackclan7: posts small blind $0.50
AlexPinsk1: posts big blind $1
XneferX: sits out 
*** HOLE CARDS ***
CGL7811: folds 
pr0tecto: raises $2 to $3
blackclan7: folds 
AlexPinsk1: raises $9.50 to $12.50
pr0tecto: folds 
Uncalled bet ($9.50) returned to AlexPinsk1
AlexPinsk1 collected $6.50 from pot
AlexPinsk1: doesn't show hand 
*** SUMMARY ***
Total pot $6.50 | Rake $0 
Seat 3: XneferX
Seat 1: blackclan7 (small blind) folded before Flop
Seat 2: AlexPinsk1 (big blind) collected ($6.50)
Seat 5: CGL7811 folded before Flop (didn't bet)
Seat 6: pr0tecto (button) folded before Flop



PokerStars Hand #254437647495:  Hold'em No Limit ($0.50/$1.00 USD) - 2025/01/18 21:11:51 WET [2025/01/18 16:11:51 ET]
Table 'Shedir IV' 6-max Seat #1 is the button
Seat 1: blackclan7 ($100 in chips) 
Seat 2: AlexPinsk1 ($103.50 in chips) 
Seat 3: XneferX ($100 in chips) 
Seat 5: CGL7811 ($19.44 in chips) 
Seat 6: pr0tecto ($100 in chips) 
AlexPinsk1: posts small blind $0.50
XneferX: posts big blind $1
*** HOLE CARDS ***
CGL7811: calls $1
pr0tecto: folds 
blackclan7: folds 
AlexPinsk1: calls $0.50
XneferX: checks 
*** FLOP *** [Jh 3d 5h]
AlexPinsk1: checks 
XneferX: checks 
CGL7811: bets $1
AlexPinsk1: folds 
XneferX: calls $1
*** TURN *** [Jh 3d 5h] [Tc]
XneferX: checks 
CGL7811: bets $1
XneferX: calls $1
*** RIVER *** [Jh 3d 5h Tc] [4h]
XneferX: checks 
CGL7811: bets $1
XneferX: calls $1
*** SHOW DOWN ***
CGL7811: shows [Kd Kc] (a pair of Kings)
XneferX: mucks hand 
CGL7811 collected $8.55 from pot
*** SUMMARY ***
Total pot $9 | Rake $0.45 
Board [Jh 3d 5h Tc 4h]
Seat 1: blackclan7 (button) folded before Flop (didn't bet)
Seat 2: AlexPinsk1 (small blind) folded on the Flop
Seat 3: XneferX (big blind) mucked
Seat 5: CGL7811 showed [Kd Kc] and won ($8.55) with a pair of Kings
Seat 6: pr0tecto folded before Flop (didn't bet)



PokerStars Hand #254437827002:  Hold'em No Limit ($0.50/$1.00 USD) - 2025/01/18 21:21:20 WET [2025/01/18 16:21:20 ET]
Table 'Shedir IV' 6-max Seat #3 is the button
Seat 1: blackclan7 ($108.18 in chips) 
Seat 2: AlexPinsk1 ($100 in chips) 
Seat 3: XneferX ($108.98 in chips) 
Seat 4: BGS013 ($100 in chips) 
Seat 5: CGL7811 ($10.05 in chips) 
Seat 6: pr0tecto ($113.90 in chips) 
BGS013: posts small blind $0.50
CGL7811: posts big blind $1
*** HOLE CARDS ***
pr0tecto: folds 
blackclan7: folds 
AlexPinsk1: folds 
XneferX: raises $1.77 to $2.77
BGS013: folds 
CGL7811: calls $1.77
*** FLOP *** [3d 9c 7c]
CGL7811: checks 
XneferX: checks 
*** TURN *** [3d 9c 7c] [Qc]
CGL7811: bets $2.87
XneferX: raises $5.65 to $8.52
CGL7811: calls $4.41 and is all-in
Uncalled bet ($1.24) returned to XneferX
*** RIVER *** [3d 9c 7c Qc] [5h]
*** SHOW DOWN ***
CGL7811: shows [7h Kh] (a pair of Sevens)
XneferX: shows [Js Qs] (a pair of Queens)
XneferX cashed out the hand for $16.99 | Cash Out Fee $0.35
*** SUMMARY ***
Total pot $20.60 | Rake $1.03 
Board [3d 9c 7c Qc 5h]
Seat 1: blackclan7 folded before Flop (didn't bet)
Seat 2: AlexPinsk1 folded before Flop (didn't bet)
Seat 3: XneferX (button) showed [Js Qs] and won ($19.57) with a pair of Queens (pot not awarded as player cashed out)
Seat 4: BGS013 (small blind) folded before Flop
Seat 5: CGL7811 (big blind) showed [7h Kh] and lost with a pair of Sevens
Seat 6: pr0tecto folded before Flop (didn't bet)



PokerStars Hand #254437845877:  Hold'em No Limit ($0.50/$1.00 USD) - 2025/01/18 21:22:21 WET [2025/01/18 16:22:21 ET]
Table 'Shedir IV' 6-max Seat #4 is the button
Seat 5: CGL7811 ($0 in chips) is sitting out
Seat 1: blackclan7 ($108.18 in chips) 
Seat 2: AlexPinsk1 ($100 in chips) 
Seat 3: XneferX ($115.92 in chips) 
Seat 4: BGS013 ($100 in chips) 
Seat 6: pr0tecto ($113.90 in chips) 
pr0tecto: posts small blind $0.50
blackclan7: posts big blind $1
*** HOLE CARDS ***
AlexPinsk1: folds 
CGL7811 is disconnected 
XneferX: raises $1.30 to $2.30
BGS013: folds 
pr0tecto: folds 
blackclan7: calls $1.30
*** FLOP *** [Ts 7d 5s]
blackclan7: checks 
XneferX: checks 
*** TURN *** [Ts 7d 5s] [7s]
blackclan7: checks 
XneferX: checks 
*** RIVER *** [Ts 7d 5s 7s] [8h]
blackclan7: bets $3.63
XneferX: calls $3.63
*** SHOW DOWN ***
blackclan7: shows [9h Th] (two pair, Tens and Sevens)
XneferX: mucks hand 
blackclan7 collected $11.74 from pot
*** SUMMARY ***
Total pot $12.36 | Rake $0.62 
Board [Ts 7d 5s 7s 8h]
Seat 5: CGL7811
Seat 1: blackclan7 (big blind) showed [9h Th] and won ($11.74) with two pair, Tens and Sevens
Seat 2: AlexPinsk1 folded before Flop (didn't bet)
Seat 3: XneferX mucked
Seat 4: BGS013 (button) folded before Flop (didn't bet)
Seat 6: pr0tecto (small blind) folded before Flop



PokerStars Hand #254437877476:  Hold'em No Limit ($0.50/$1.00 USD) - 2025/01/18 21:24:01 WET [2025/01/18 16:24:01 ET]
Table 'Shedir IV' 6-max Seat #6 is the button
Seat 5: CGL7811 ($0 in chips) is sitting out
Seat 1: blackclan7 ($113.99 in chips) 
Seat 2: AlexPinsk1 ($100 in chips) 
Seat 3: XneferX ($109.99 in chips) 
Seat 4: BGS013 ($100 in chips) 
Seat 6: pr0tecto ($113.40 in chips) 
blackclan7: posts small blind $0.50
AlexPinsk1: posts big blind $1
*** HOLE CARDS ***
XneferX: folds 
BGS013: folds 
pr0tecto: folds 
blackclan7: raises $2 to $3
AlexPinsk1: folds 
Uncalled bet ($2) returned to blackclan7
blackclan7 collected $2 from pot
blackclan7: doesn't show hand 
*** SUMMARY ***
Total pot $2 | Rake $0 
Seat 5: CGL7811
Seat 1: blackclan7 (small blind) collected ($2)
Seat 2: AlexPinsk1 (big blind) folded before Flop
Seat 3: XneferX folded before Flop (didn't bet)
Seat 4: BGS013 folded before Flop (didn't bet)
Seat 6: pr0tecto (button) folded before Flop (didn't bet)



PokerStars Hand #254437882254:  Hold'em No Limit ($0.50/$1.00 USD) - 2025/01/18 21:24:16 WET [2025/01/18 16:24:16 ET]
Table 'Shedir IV' 6-max Seat #1 is the button
Seat 5: CGL7811 ($0 in chips) is sitting out
Seat 1: blackclan7 ($114.99 in chips) 
Seat 2: AlexPinsk1 ($100 in chips) 
Seat 3: XneferX ($109.99 in chips) 
Seat 4: BGS013 ($100 in chips) 
Seat 6: pr0tecto ($113.40 in chips) 
AlexPinsk1: posts small blind $0.50
XneferX: posts big blind $1
*** HOLE CARDS ***
BGS013: folds 
pr0tecto: raises $1.20 to $2.20
blackclan7: folds 
AlexPinsk1: folds 
XneferX: folds 
Uncalled bet ($1.20) returned to pr0tecto
pr0tecto collected $2.50 from pot
pr0tecto: doesn't show hand 
*** SUMMARY ***
Total pot $2.50 | Rake $0 
Seat 5: CGL7811
Seat 1: blackclan7 (button) folded before Flop (didn't bet)
Seat 2: AlexPinsk1 (small blind) folded before Flop
Seat 3: XneferX (big blind) folded before Flop
Seat 4: BGS013 folded before Flop (didn't bet)
Seat 6: pr0tecto collected ($2.50)



PokerStars Hand #254437894094:  Hold'em No Limit ($0.50/$1.00 USD) - 2025/01/18 21:24:54 WET [2025/01/18 16:24:54 ET]
Table 'Shedir IV' 6-max Seat #2 is the button
Seat 5: CGL7811 ($0 in chips) is sitting out
Seat 1: blackclan7 ($114.99 in chips) 
Seat 2: AlexPinsk1 ($100 in chips) 
Seat 3: XneferX ($108.99 in chips) 
Seat 4: BGS013 ($100 in chips) 
Seat 6: pr0tecto ($114.90 in chips) 
XneferX: posts small blind $0.50
BGS013: posts big blind $1
*** HOLE CARDS ***
pr0tecto: raises $1.10 to $2.10
blackclan7: folds 
AlexPinsk1: folds 
XneferX: folds 
BGS013: folds 
Uncalled bet ($1.10) returned to pr0tecto
pr0tecto collected $2.50 from pot
pr0tecto: doesn't show hand 
*** SUMMARY ***
Total pot $2.50 | Rake $0 
Seat 5: CGL7811
Seat 1: blackclan7 folded before Flop (didn't bet)
Seat 2: AlexPinsk1 (button) folded before Flop (didn't bet)
Seat 3: XneferX (small blind) folded before Flop
Seat 4: BGS013 (big blind) folded before Flop
Seat 6: pr0tecto collected ($2.50)



PokerStars Hand #254437898392:  Hold'em No Limit ($0.50/$1.00 USD) - 2025/01/18 21:25:08 WET [2025/01/18 16:25:08 ET]
Table 'Shedir IV' 6-max Seat #3 is the button
Seat 5: CGL7811 ($0 in chips) is sitting out
Seat 1: blackclan7 ($114.99 in chips) 
Seat 2: AlexPinsk1 ($100 in chips) 
Seat 3: XneferX ($108.49 in chips) 
Seat 4: BGS013 ($100 in chips) 
Seat 6: pr0tecto ($116.40 in chips) 
BGS013: posts small blind $0.50
pr0tecto: posts big blind $1
*** HOLE CARDS ***
blackclan7: folds 
AlexPinsk1: folds 
blackclan7 leaves the table
XneferX: raises $1.77 to $2.77
BGS013: folds 
pr0tecto: folds 
Uncalled bet ($1.77) returned to XneferX
XneferX collected $2.50 from pot
XneferX: doesn't show hand 
*** SUMMARY ***
Total pot $2.50 | Rake $0 
Seat 5: CGL7811
Seat 1: blackclan7 folded before Flop (didn't bet)
Seat 2: AlexPinsk1 folded before Flop (didn't bet)
Seat 3: XneferX (button) collected ($2.50)
Seat 4: BGS013 (small blind) folded before Flop
Seat 6: pr0tecto (big blind) folded before Flop



PokerStars Hand #254437903653:  Hold'em No Limit ($0.50/$1.00 USD) - 2025/01/18 21:25:25 WET [2025/01/18 16:25:25 ET]
Table 'Shedir IV' 6-max Seat #4 is the button
Seat 5: CGL7811 ($0 in chips) is sitting out
Seat 2: AlexPinsk1 ($100 in chips) 
Seat 3: XneferX ($109.99 in chips) 
Seat 4: BGS013 ($100 in chips) 
Seat 6: pr0tecto ($115.40 in chips) 
pr0tecto: posts small blind $0.50
AlexPinsk1: posts big blind $1
*** HOLE CARDS ***
XneferX: folds 
BGS013: folds 
pr0tecto: raises $1.24 to $2.24
AlexPinsk1: folds 
Uncalled bet ($1.24) returned to pr0tecto
pr0tecto collected $2 from pot
pr0tecto: doesn't show hand 
*** SUMMARY ***
Total pot $2 | Rake $0 
Seat 5: CGL7811
Seat 2: AlexPinsk1 (big blind) folded before Flop
Seat 3: XneferX folded before Flop (didn't bet)
Seat 4: BGS013 (button) folded before Flop (didn't bet)
Seat 6: pr0tecto (small blind) collected ($2)



PokerStars Hand #254437910743:  Hold'em No Limit ($0.50/$1.00 USD) - 2025/01/18 21:25:48 WET [2025/01/18 16:25:48 ET]
Table 'Shedir IV' 6-max Seat #2 is the button
Seat 3: XneferX ($109.99 in chips) is sitting out
Seat 4: BGS013 ($100 in chips) is sitting out
Seat 5: CGL7811 ($0 in chips) is sitting out
Seat 2: AlexPinsk1 ($100 in chips) 
Seat 6: pr0tecto ($116.40 in chips) 
AlexPinsk1: posts small blind $0.50
BGS013: is sitting out 
pr0tecto: posts big blind $1
*** HOLE CARDS ***
AlexPinsk1: folds 
Uncalled bet ($0.50) returned to pr0tecto
pr0tecto collected $1 from pot
pr0tecto: doesn't show hand 
BGS013 leaves the table
*** SUMMARY ***
Total pot $1 | Rake $0 
Seat 3: XneferX
Seat 4: BGS013
Seat 5: CGL7811
Seat 2: AlexPinsk1 (button) (small blind) folded before Flop
Seat 6: pr0tecto (big blind) collected ($1)



PokerStars Hand #254437912889:  Hold'em No Limit ($0.50/$1.00 USD) - 2025/01/18 21:25:55 WET [2025/01/18 16:25:55 ET]
Table 'Shedir IV' 6-max Seat #6 is the button
Seat 5: CGL7811 ($0 in chips) is sitting out
Seat 2: AlexPinsk1 ($100 in chips) 
Seat 6: pr0tecto ($116.90 in chips) 
pr0tecto: posts small blind $0.50
AlexPinsk1: posts big blind $1
*** HOLE CARDS ***
pr0tecto: raises $1.24 to $2.24
AlexPinsk1: raises $7.76 to $10
pr0tecto: folds 
Uncalled bet ($7.76) returned to AlexPinsk1
AlexPinsk1 collected $4.48 from pot
AlexPinsk1: doesn't show hand 
*** SUMMARY ***
Total pot $4.48 | Rake $0 
Seat 5: CGL7811
Seat 2: AlexPinsk1 (big blind) collected ($4.48)
Seat 6: pr0tecto (button) (small blind) folded before Flop



PokerStars Hand #254437918714:  Hold'em No Limit ($0.50/$1.00 USD) - 2025/01/18 21:26:14 WET [2025/01/18 16:26:14 ET]
Table 'Shedir IV' 6-max Seat #2 is the button
Seat 5: CGL7811 ($0 in chips) is sitting out
Seat 2: AlexPinsk1 ($102.24 in chips) 
Seat 6: pr0tecto ($114.66 in chips) 
AlexPinsk1: posts small blind $0.50
pr0tecto: posts big blind $1
*** HOLE CARDS ***
AlexPinsk1: folds 
Uncalled bet ($0.50) returned to pr0tecto
pr0tecto collected $1 from pot
CGL7811 leaves the table
pr0tecto: doesn't show hand 
*** SUMMARY ***
Total pot $1 | Rake $0 
Seat 5: CGL7811
Seat 2: AlexPinsk1 (button) (small blind) folded before Flop
Seat 6: pr0tecto (big blind) collected ($1)



PokerStars Hand #254438230573:  Hold'em No Limit ($0.50/$1.00 USD) - 2025/01/18 21:43:32 WET [2025/01/18 16:43:32 ET]
Table 'Shedir IV' 6-max Seat #3 is the button
Seat 2: AlexPinsk1 ($101.74 in chips) 
Seat 3: Joker007r ($100 in chips) 
Seat 4: XneferX ($109.99 in chips) 
Seat 5: Poker9803 ($100 in chips) 
Seat 6: pr0tecto ($115.16 in chips) 
XneferX: posts small blind $0.50
Poker9803: posts big blind $1
*** HOLE CARDS ***
pr0tecto: folds 
Kristo 914 joins the table at seat #1 
AlexPinsk1: raises $1.50 to $2.50
Joker007r: raises $5 to $7.50
XneferX: folds 
Poker9803: folds 
AlexPinsk1: folds 
Uncalled bet ($5) returned to Joker007r
Joker007r collected $6.50 from pot
Joker007r: doesn't show hand 
*** SUMMARY ***
Total pot $6.50 | Rake $0 
Seat 2: AlexPinsk1 folded before Flop
Seat 3: Joker007r (button) collected ($6.50)
Seat 4: XneferX (small blind) folded before Flop
Seat 5: Poker9803 (big blind) folded before Flop
Seat 6: pr0tecto folded before Flop (didn't bet)



PokerStars Hand #254438236163:  Hold'em No Limit ($0.50/$1.00 USD) - 2025/01/18 21:43:51 WET [2025/01/18 16:43:51 ET]
Table 'Shedir IV' 6-max Seat #4 is the button
Seat 1: Kristo 914 ($10 in chips) is sitting out
Seat 2: AlexPinsk1 ($100 in chips) 
Seat 3: Joker007r ($104 in chips) 
Seat 4: XneferX ($109.49 in chips) 
Seat 5: Poker9803 ($100 in chips) 
Seat 6: pr0tecto ($115.16 in chips) 
Poker9803: posts small blind $0.50
pr0tecto: posts big blind $1
Kristo 914: sits out 
*** HOLE CARDS ***
AlexPinsk1: raises $1.50 to $2.50
Joker007r: folds 
XneferX: folds 
Poker9803: folds 
pr0tecto: folds 
Uncalled bet ($1.50) returned to AlexPinsk1
AlexPinsk1 collected $2.50 from pot
AlexPinsk1: doesn't show hand 
*** SUMMARY ***
Total pot $2.50 | Rake $0 
Seat 1: Kristo 914
Seat 2: AlexPinsk1 collected ($2.50)
Seat 3: Joker007r folded before Flop (didn't bet)
Seat 4: XneferX (button) folded before Flop (didn't bet)
Seat 5: Poker9803 (small blind) folded before Flop
Seat 6: pr0tecto (big blind) folded before Flop



PokerStars Hand #254438240910:  Hold'em No Limit ($0.50/$1.00 USD) - 2025/01/18 21:44:07 WET [2025/01/18 16:44:07 ET]
Table 'Shedir IV' 6-max Seat #5 is the button
Seat 1: Kristo 914 ($10 in chips) 
Seat 2: AlexPinsk1 ($101.50 in chips) 
Seat 3: Joker007r ($104 in chips) 
Seat 4: XneferX ($109.49 in chips) 
Seat 5: Poker9803 ($100 in chips) 
Seat 6: pr0tecto ($114.16 in chips) 
pr0tecto: posts small blind $0.50
Kristo 914: posts big blind $1
*** HOLE CARDS ***
AlexPinsk1: folds 
Joker007r: raises $1 to $2
XneferX: folds 
Poker9803: folds 
pr0tecto: calls $1.50
Kristo 914: calls $1
*** FLOP *** [Ts 7c 8s]
pr0tecto: bets $1.88
Kristo 914: folds 
Joker007r: calls $1.88
*** TURN *** [Ts 7c 8s] [Ac]
pr0tecto: checks 
Joker007r: checks 
*** RIVER *** [Ts 7c 8s Ac] [8h]
pr0tecto: bets $6.95
Joker007r: calls $6.95
*** SHOW DOWN ***
pr0tecto: shows [8c 9c] (three of a kind, Eights)
Joker007r: mucks hand 
pr0tecto collected $22.48 from pot
*** SUMMARY ***
Total pot $23.66 | Rake $1.18 
Board [Ts 7c 8s Ac 8h]
Seat 1: Kristo 914 (big blind) folded on the Flop
Seat 2: AlexPinsk1 folded before Flop (didn't bet)
Seat 3: Joker007r mucked
Seat 4: XneferX folded before Flop (didn't bet)
Seat 5: Poker9803 (button) folded before Flop (didn't bet)
Seat 6: pr0tecto (small blind) showed [8c 9c] and won ($22.48) with three of a kind, Eights



PokerStars Hand #254438265666:  Hold'em No Limit ($0.50/$1.00 USD) - 2025/01/18 21:45:31 WET [2025/01/18 16:45:31 ET]
Table 'Shedir IV' 6-max Seat #6 is the button
Seat 2: AlexPinsk1 ($101.50 in chips) is sitting out
Seat 3: Joker007r ($100 in chips) is sitting out
Seat 1: Kristo 914 ($100 in chips) 
Seat 4: XneferX ($109.49 in chips) 
Seat 5: Poker9803 ($100 in chips) 
Seat 6: pr0tecto ($125.81 in chips) 
Kristo 914: posts small blind $0.50
AlexPinsk1: is sitting out 
Joker007r: is sitting out 
XneferX: posts big blind $1
*** HOLE CARDS ***
Poker9803: folds 
pr0tecto: folds 
Joker007r leaves the table
Kristo 914: folds 
Uncalled bet ($0.50) returned to XneferX
XneferX collected $1 from pot
XneferX: doesn't show hand 
*** SUMMARY ***
Total pot $1 | Rake $0 
Seat 2: AlexPinsk1
Seat 3: Joker007r
Seat 1: Kristo 914 (small blind) folded before Flop
Seat 4: XneferX (big blind) collected ($1)
Seat 5: Poker9803 folded before Flop (didn't bet)
Seat 6: pr0tecto (button) folded before Flop (didn't bet)



PokerStars Hand #254438269421:  Hold'em No Limit ($0.50/$1.00 USD) - 2025/01/18 21:45:44 WET [2025/01/18 16:45:44 ET]
Table 'Shedir IV' 6-max Seat #5 is the button
Seat 2: AlexPinsk1 ($101.50 in chips) is sitting out
Seat 4: XneferX ($109.99 in chips) is sitting out
Seat 6: pr0tecto ($125.81 in chips) is sitting out
Seat 1: Kristo 914 ($99.50 in chips) 
Seat 5: Poker9803 ($100 in chips) 
Poker9803: posts small blind $0.50
pr0tecto: is sitting out 
Kristo 914: posts big blind $1
*** HOLE CARDS ***
XneferX leaves the table
pr0tecto leaves the table
AlexPinsk1 leaves the table
Poker9803: raises $2.50 to $3.50
IgStudio joins the table at seat #2 
YeeesMan joins the table at seat #3 
AlexPinsk1 joins the table at seat #4 
Kristo 914: folds 
Uncalled bet ($2.50) returned to Poker9803
Poker9803 collected $2 from pot
Poker9803: doesn't show hand 
z00mba joins the table at seat #6 
*** SUMMARY ***
Total pot $2 | Rake $0 
Seat 2: AlexPinsk1
Seat 4: XneferX
Seat 6: pr0tecto
Seat 1: Kristo 914 (big blind) folded before Flop
Seat 5: Poker9803 (button) (small blind) collected ($2)



PokerStars Hand #254438274119:  Hold'em No Limit ($0.50/$1.00 USD) - 2025/01/18 21:46:00 WET [2025/01/18 16:46:00 ET]
Table 'Shedir IV' 6-max Seat #5 is the button
Seat 3: YeeesMan ($125.75 in chips) is sitting out
Seat 4: AlexPinsk1 ($101.50 in chips) is sitting out
Seat 6: z00mba ($100 in chips) is sitting out
Seat 1: Kristo 914 ($98.50 in chips) 
Seat 2: IgStudio ($100 in chips) 
Seat 5: Poker9803 ($101 in chips) 
Kristo 914: posts small blind $0.50
IgStudio: posts big blind $1
YeeesMan: sits out 
AlexPinsk1: sits out 
*** HOLE CARDS ***
Poker9803: folds 
Kristo 914: folds 
Uncalled bet ($0.50) returned to IgStudio
IgStudio collected $1 from pot
IgStudio: doesn't show hand 
*** SUMMARY ***
Total pot $1 | Rake $0 
Seat 3: YeeesMan
Seat 4: AlexPinsk1
Seat 6: z00mba
Seat 1: Kristo 914 (small blind) folded before Flop
Seat 2: IgStudio (big blind) collected ($1)
Seat 5: Poker9803 (button) folded before Flop (didn't bet)



PokerStars Hand #254438276450:  Hold'em No Limit ($0.50/$1.00 USD) - 2025/01/18 21:46:08 WET [2025/01/18 16:46:08 ET]
Table 'Shedir IV' 6-max Seat #1 is the button
Seat 4: AlexPinsk1 ($101.50 in chips) is sitting out
Seat 6: z00mba ($100 in chips) is sitting out
Seat 1: Kristo 914 ($98 in chips) 
Seat 2: IgStudio ($100.50 in chips) 
Seat 3: YeeesMan ($125.75 in chips) 
Seat 5: Poker9803 ($101 in chips) 
IgStudio: posts small blind $0.50
YeeesMan: posts big blind $1
AlexPinsk1: sits out 
z00mba: sits out 
*** HOLE CARDS ***
Poker9803: folds 
Kristo 914: folds 
IgStudio: folds 
Uncalled bet ($0.50) returned to YeeesMan
YeeesMan collected $1 from pot
YeeesMan: doesn't show hand 
*** SUMMARY ***
Total pot $1 | Rake $0 
Seat 4: AlexPinsk1
Seat 6: z00mba
Seat 1: Kristo 914 (button) folded before Flop (didn't bet)
Seat 2: IgStudio (small blind) folded before Flop
Seat 3: YeeesMan (big blind) collected ($1)
Seat 5: Poker9803 folded before Flop (didn't bet)



PokerStars Hand #254438279627:  Hold'em No Limit ($0.50/$1.00 USD) - 2025/01/18 21:46:19 WET [2025/01/18 16:46:19 ET]
Table 'Shedir IV' 6-max Seat #2 is the button
Seat 6: z00mba ($100 in chips) is sitting out
Seat 1: Kristo 914 ($98 in chips) 
Seat 2: IgStudio ($100 in chips) 
Seat 3: YeeesMan ($126.25 in chips) 
Seat 4: AlexPinsk1 ($101.50 in chips) 
Seat 5: Poker9803 ($101 in chips) 
YeeesMan: posts small blind $0.50
AlexPinsk1: posts big blind $1
z00mba: sits out 
*** HOLE CARDS ***
Poker9803: folds 
Kristo 914: folds 
IgStudio: folds 
YeeesMan: raises $2 to $3
AlexPinsk1: calls $2
*** FLOP *** [Qh 4h Qc]
YeeesMan: bets $1.88
AlexPinsk1: folds 
Uncalled bet ($1.88) returned to YeeesMan
YeeesMan collected $5.70 from pot
YeeesMan: doesn't show hand 
*** SUMMARY ***
Total pot $6 | Rake $0.30 
Board [Qh 4h Qc]
Seat 6: z00mba
Seat 1: Kristo 914 folded before Flop (didn't bet)
Seat 2: IgStudio (button) folded before Flop (didn't bet)
Seat 3: YeeesMan (small blind) collected ($5.70)
Seat 4: AlexPinsk1 (big blind) folded on the Flop
Seat 5: Poker9803 folded before Flop (didn't bet)



PokerStars Hand #254438295573:  Hold'em No Limit ($0.50/$1.00 USD) - 2025/01/18 21:47:13 WET [2025/01/18 16:47:13 ET]
Table 'Shedir IV' 6-max Seat #3 is the button
Seat 6: z00mba ($100 in chips) is sitting out
Seat 1: Kristo 914 ($98 in chips) 
Seat 2: IgStudio ($100 in chips) 
Seat 3: YeeesMan ($128.95 in chips) 
Seat 4: AlexPinsk1 ($100 in chips) 
Seat 5: Poker9803 ($101 in chips) 
AlexPinsk1: posts small blind $0.50
Poker9803: posts big blind $1
z00mba: sits out 
*** HOLE CARDS ***
Kristo 914: folds 
IgStudio: folds 
YeeesMan: folds 
AlexPinsk1: raises $2 to $3
Poker9803: calls $2
*** FLOP *** [Ad 9d Tc]
AlexPinsk1: checks 
Poker9803: bets $1.88
AlexPinsk1: calls $1.88
*** TURN *** [Ad 9d Tc] [6s]
AlexPinsk1: checks 
Poker9803: checks 
*** RIVER *** [Ad 9d Tc 6s] [Kh]
AlexPinsk1: bets $3.06
Poker9803: folds 
Uncalled bet ($3.06) returned to AlexPinsk1
AlexPinsk1 collected $9.27 from pot
AlexPinsk1: doesn't show hand 
*** SUMMARY ***
Total pot $9.76 | Rake $0.49 
Board [Ad 9d Tc 6s Kh]
Seat 6: z00mba
Seat 1: Kristo 914 folded before Flop (didn't bet)
Seat 2: IgStudio folded before Flop (didn't bet)
Seat 3: YeeesMan (button) folded before Flop (didn't bet)
Seat 4: AlexPinsk1 (small blind) collected ($9.27)
Seat 5: Poker9803 (big blind) folded on the River



PokerStars Hand #254438316060:  Hold'em No Limit ($0.50/$1.00 USD) - 2025/01/18 21:48:23 WET [2025/01/18 16:48:23 ET]
Table 'Shedir IV' 6-max Seat #4 is the button
Seat 1: Kristo 914 ($98 in chips) 
Seat 2: IgStudio ($100 in chips) 
Seat 3: YeeesMan ($128.95 in chips) 
Seat 4: AlexPinsk1 ($104.39 in chips) 
Seat 5: Poker9803 ($100 in chips) 
Seat 6: z00mba ($100 in chips) 
Poker9803: posts small blind $0.50
z00mba: posts big blind $1
*** HOLE CARDS ***
Kristo 914: folds 
IgStudio: folds 
YeeesMan: raises $1.50 to $2.50
AlexPinsk1: folds 
Poker9803: folds 
z00mba: folds 
Uncalled bet ($1.50) returned to YeeesMan
YeeesMan collected $2.50 from pot
YeeesMan: doesn't show hand 
*** SUMMARY ***
Total pot $2.50 | Rake $0 
Seat 1: Kristo 914 folded before Flop (didn't bet)
Seat 2: IgStudio folded before Flop (didn't bet)
Seat 3: YeeesMan collected ($2.50)
Seat 4: AlexPinsk1 (button) folded before Flop (didn't bet)
Seat 5: Poker9803 (small blind) folded before Flop
Seat 6: z00mba (big blind) folded before Flop



PokerStars Hand #254438322992:  Hold'em No Limit ($0.50/$1.00 USD) - 2025/01/18 21:48:47 WET [2025/01/18 16:48:47 ET]
Table 'Shedir IV' 6-max Seat #5 is the button
Seat 1: Kristo 914 ($98 in chips) 
Seat 2: IgStudio ($100 in chips) 
Seat 3: YeeesMan ($130.45 in chips) 
Seat 4: AlexPinsk1 ($104.39 in chips) 
Seat 5: Poker9803 ($100 in chips) 
Seat 6: z00mba ($100 in chips) 
z00mba: posts small blind $0.50
Kristo 914: posts big blind $1
*** HOLE CARDS ***
IgStudio: raises $1.50 to $2.50
YeeesMan: folds 
AlexPinsk1: folds 
Poker9803: raises $4.50 to $7
z00mba: folds 
Kristo 914: folds 
IgStudio: calls $4.50
*** FLOP *** [Kc Qc 4d]
IgStudio: checks 
Poker9803: bets $4.86
IgStudio: folds 
Uncalled bet ($4.86) returned to Poker9803
Poker9803 collected $14.72 from pot
Poker9803: doesn't show hand 
*** SUMMARY ***
Total pot $15.50 | Rake $0.78 
Board [Kc Qc 4d]
Seat 1: Kristo 914 (big blind) folded before Flop
Seat 2: IgStudio folded on the Flop
Seat 3: YeeesMan folded before Flop (didn't bet)
Seat 4: AlexPinsk1 folded before Flop (didn't bet)
Seat 5: Poker9803 (button) collected ($14.72)
Seat 6: z00mba (small blind) folded before Flop



PokerStars Hand #254438336042:  Hold'em No Limit ($0.50/$1.00 USD) - 2025/01/18 21:49:32 WET [2025/01/18 16:49:32 ET]
Table 'Shedir IV' 6-max Seat #6 is the button
Seat 1: Kristo 914 ($97 in chips) 
Seat 2: IgStudio ($93 in chips) 
Seat 3: YeeesMan ($130.45 in chips) 
Seat 4: AlexPinsk1 ($104.39 in chips) 
Seat 5: Poker9803 ($107.72 in chips) 
Seat 6: z00mba ($100 in chips) 
Kristo 914: posts small blind $0.50
IgStudio: posts big blind $1
*** HOLE CARDS ***
YeeesMan: folds 
AlexPinsk1: raises $1.50 to $2.50
Poker9803: folds 
z00mba: folds 
Kristo 914: folds 
IgStudio: calls $1.50
*** FLOP *** [2s 4d 4s]
IgStudio: checks 
AlexPinsk1: checks 
*** TURN *** [2s 4d 4s] [Td]
IgStudio: checks 
AlexPinsk1: bets $1
IgStudio: raises $2 to $3
AlexPinsk1: raises $6 to $9
IgStudio: calls $6
*** RIVER *** [2s 4d 4s Td] [Kd]
IgStudio: bets $11.16
AlexPinsk1: calls $11.16
*** SHOW DOWN ***
IgStudio: shows [3c Tc] (two pair, Tens and Fours)
AlexPinsk1: shows [Th Qh] (two pair, Tens and Fours)
IgStudio collected $21.77 from pot
AlexPinsk1 collected $21.76 from pot
*** SUMMARY ***
Total pot $45.82 | Rake $2.29 
Board [2s 4d 4s Td Kd]
Seat 1: Kristo 914 (small blind) folded before Flop
Seat 2: IgStudio (big blind) showed [3c Tc] and won ($21.77) with two pair, Tens and Fours
Seat 3: YeeesMan folded before Flop (didn't bet)
Seat 4: AlexPinsk1 showed [Th Qh] and won ($21.76) with two pair, Tens and Fours
Seat 5: Poker9803 folded before Flop (didn't bet)
Seat 6: z00mba (button) folded before Flop (didn't bet)



PokerStars Hand #254438359451:  Hold'em No Limit ($0.50/$1.00 USD) - 2025/01/18 21:50:52 WET [2025/01/18 16:50:52 ET]
Table 'Shedir IV' 6-max Seat #1 is the button
Seat 1: Kristo 914 ($96.50 in chips) 
Seat 2: IgStudio ($92.11 in chips) 
Seat 3: YeeesMan ($130.45 in chips) 
Seat 4: AlexPinsk1 ($103.49 in chips) 
Seat 5: Poker9803 ($107.72 in chips) 
Seat 6: z00mba ($100 in chips) 
IgStudio: posts small blind $0.50
YeeesMan: posts big blind $1
*** HOLE CARDS ***
AlexPinsk1: folds 
Poker9803: raises $1.50 to $2.50
z00mba: folds 
Kristo 914: raises $5.50 to $8
IgStudio: folds 
YeeesMan: folds 
Poker9803: folds 
Uncalled bet ($5.50) returned to Kristo 914
Kristo 914 collected $6.50 from pot
Kristo 914: doesn't show hand 
*** SUMMARY ***
Total pot $6.50 | Rake $0 
Seat 1: Kristo 914 (button) collected ($6.50)
Seat 2: IgStudio (small blind) folded before Flop
Seat 3: YeeesMan (big blind) folded before Flop
Seat 4: AlexPinsk1 folded before Flop (didn't bet)
Seat 5: Poker9803 folded before Flop
Seat 6: z00mba folded before Flop (didn't bet)



PokerStars Hand #254438374874:  Hold'em No Limit ($0.50/$1.00 USD) - 2025/01/18 21:51:45 WET [2025/01/18 16:51:45 ET]
Table 'Shedir IV' 6-max Seat #2 is the button
Seat 1: Kristo 914 ($100.50 in chips) 
Seat 2: IgStudio ($91.61 in chips) 
Seat 3: YeeesMan ($129.45 in chips) 
Seat 4: AlexPinsk1 ($103.49 in chips) 
Seat 5: Poker9803 ($105.22 in chips) 
Seat 6: z00mba ($100 in chips) 
YeeesMan: posts small blind $0.50
AlexPinsk1: posts big blind $1
*** HOLE CARDS ***
Poker9803: folds 
z00mba: folds 
Kristo 914: folds 
IgStudio: folds 
YeeesMan: raises $2 to $3
AlexPinsk1: folds 
Uncalled bet ($2) returned to YeeesMan
YeeesMan collected $2 from pot
YeeesMan: doesn't show hand 
*** SUMMARY ***
Total pot $2 | Rake $0 
Seat 1: Kristo 914 folded before Flop (didn't bet)
Seat 2: IgStudio (button) folded before Flop (didn't bet)
Seat 3: YeeesMan (small blind) collected ($2)
Seat 4: AlexPinsk1 (big blind) folded before Flop
Seat 5: Poker9803 folded before Flop (didn't bet)
Seat 6: z00mba folded before Flop (didn't bet)



PokerStars Hand #254438383159:  Hold'em No Limit ($0.50/$1.00 USD) - 2025/01/18 21:52:13 WET [2025/01/18 16:52:13 ET]
Table 'Shedir IV' 6-max Seat #3 is the button
Seat 1: Kristo 914 ($100.50 in chips) 
Seat 2: IgStudio ($91.61 in chips) 
Seat 3: YeeesMan ($130.45 in chips) 
Seat 4: AlexPinsk1 ($102.49 in chips) 
Seat 5: Poker9803 ($105.22 in chips) 
Seat 6: z00mba ($100 in chips) 
AlexPinsk1: posts small blind $0.50
Poker9803: posts big blind $1
*** HOLE CARDS ***
z00mba: folds 
Kristo 914: folds 
IgStudio: raises $2 to $3
YeeesMan: calls $3
AlexPinsk1: folds 
Poker9803: folds 
*** FLOP *** [8d 5d As]
IgStudio: bets $3
YeeesMan: folds 
Uncalled bet ($3) returned to IgStudio
IgStudio collected $7.12 from pot
IgStudio: doesn't show hand 
*** SUMMARY ***
Total pot $7.50 | Rake $0.38 
Board [8d 5d As]
Seat 1: Kristo 914 folded before Flop (didn't bet)
Seat 2: IgStudio collected ($7.12)
Seat 3: YeeesMan (button) folded on the Flop
Seat 4: AlexPinsk1 (small blind) folded before Flop
Seat 5: Poker9803 (big blind) folded before Flop
Seat 6: z00mba folded before Flop (didn't bet)



PokerStars Hand #254438392143:  Hold'em No Limit ($0.50/$1.00 USD) - 2025/01/18 21:52:44 WET [2025/01/18 16:52:44 ET]
Table 'Shedir IV' 6-max Seat #4 is the button
Seat 1: Kristo 914 ($100.50 in chips) 
Seat 2: IgStudio ($95.73 in chips) 
Seat 3: YeeesMan ($127.45 in chips) 
Seat 4: AlexPinsk1 ($101.99 in chips) 
Seat 5: Poker9803 ($104.22 in chips) 
Seat 6: z00mba ($100 in chips) 
Poker9803: posts small blind $0.50
z00mba: posts big blind $1
*** HOLE CARDS ***
Kristo 914: raises $1.40 to $2.40
IgStudio: folds 
YeeesMan: folds 
AlexPinsk1: folds 
Poker9803: folds 
z00mba: folds 
Uncalled bet ($1.40) returned to Kristo 914
Kristo 914 collected $2.50 from pot
Kristo 914: doesn't show hand 
*** SUMMARY ***
Total pot $2.50 | Rake $0 
Seat 1: Kristo 914 collected ($2.50)
Seat 2: IgStudio folded before Flop (didn't bet)
Seat 3: YeeesMan folded before Flop (didn't bet)
Seat 4: AlexPinsk1 (button) folded before Flop (didn't bet)
Seat 5: Poker9803 (small blind) folded before Flop
Seat 6: z00mba (big blind) folded before Flop



PokerStars Hand #254438400110:  Hold'em No Limit ($0.50/$1.00 USD) - 2025/01/18 21:53:12 WET [2025/01/18 16:53:12 ET]
Table 'Shedir IV' 6-max Seat #5 is the button
Seat 1: Kristo 914 ($102 in chips) 
Seat 2: IgStudio ($95.73 in chips) 
Seat 3: YeeesMan ($127.45 in chips) 
Seat 4: AlexPinsk1 ($101.99 in chips) 
Seat 5: Poker9803 ($103.72 in chips) 
Seat 6: z00mba ($100 in chips) 
z00mba: posts small blind $0.50
Kristo 914: posts big blind $1
*** HOLE CARDS ***
IgStudio: folds 
YeeesMan: raises $1.50 to $2.50
AlexPinsk1: folds 
Poker9803: raises $5.50 to $8
z00mba: folds 
Kristo 914: folds 
YeeesMan: folds 
Uncalled bet ($5.50) returned to Poker9803
Poker9803 collected $6.50 from pot
Poker9803: doesn't show hand 
*** SUMMARY ***
Total pot $6.50 | Rake $0 
Seat 1: Kristo 914 (big blind) folded before Flop
Seat 2: IgStudio folded before Flop (didn't bet)
Seat 3: YeeesMan folded before Flop
Seat 4: AlexPinsk1 folded before Flop (didn't bet)
Seat 5: Poker9803 (button) collected ($6.50)
Seat 6: z00mba (small blind) folded before Flop



PokerStars Hand #254438408525:  Hold'em No Limit ($0.50/$1.00 USD) - 2025/01/18 21:53:41 WET [2025/01/18 16:53:41 ET]
Table 'Shedir IV' 6-max Seat #6 is the button
Seat 1: Kristo 914 ($101 in chips) 
Seat 2: IgStudio ($95.73 in chips) 
Seat 3: YeeesMan ($124.95 in chips) 
Seat 4: AlexPinsk1 ($101.99 in chips) 
Seat 5: Poker9803 ($107.72 in chips) 
Seat 6: z00mba ($100 in chips) 
Kristo 914: posts small blind $0.50
IgStudio: posts big blind $1
*** HOLE CARDS ***
YeeesMan: folds 
AlexPinsk1: folds 
Poker9803: folds 
z00mba: raises $1.50 to $2.50
Kristo 914: raises $8.50 to $11
IgStudio: raises $13 to $24
z00mba: folds 
Kristo 914: folds 
Uncalled bet ($13) returned to IgStudio
IgStudio collected $24.50 from pot
IgStudio: doesn't show hand 
*** SUMMARY ***
Total pot $24.50 | Rake $0 
Seat 1: Kristo 914 (small blind) folded before Flop
Seat 2: IgStudio (big blind) collected ($24.50)
Seat 3: YeeesMan folded before Flop (didn't bet)
Seat 4: AlexPinsk1 folded before Flop (didn't bet)
Seat 5: Poker9803 folded before Flop (didn't bet)
Seat 6: z00mba (button) folded before Flop



PokerStars Hand #254438419350:  Hold'em No Limit ($0.50/$1.00 USD) - 2025/01/18 21:54:18 WET [2025/01/18 16:54:18 ET]
Table 'Shedir IV' 6-max Seat #1 is the button
Seat 1: Kristo 914 ($90 in chips) 
Seat 2: IgStudio ($109.23 in chips) 
Seat 3: YeeesMan ($124.95 in chips) 
Seat 4: AlexPinsk1 ($101.99 in chips) 
Seat 5: Poker9803 ($107.72 in chips) 
Seat 6: z00mba ($100 in chips) 
IgStudio: posts small blind $0.50
YeeesMan: posts big blind $1
*** HOLE CARDS ***
AlexPinsk1: folds 
Poker9803: raises $1.50 to $2.50
z00mba: folds 
Kristo 914: folds 
IgStudio: calls $2
YeeesMan: calls $1.50
*** FLOP *** [Kc Kh Qd]
IgStudio: checks 
YeeesMan: checks 
Poker9803: bets $1.78
IgStudio: calls $1.78
YeeesMan: calls $1.78
*** TURN *** [Kc Kh Qd] [Td]
IgStudio: checks 
YeeesMan: checks 
Poker9803: bets $9.15
IgStudio: folds 
YeeesMan: calls $9.15
*** RIVER *** [Kc Kh Qd Td] [Ks]
YeeesMan: checks 
Poker9803: checks 
*** SHOW DOWN ***
YeeesMan: shows [5d Kd] (four of a kind, Kings)
Poker9803: mucks hand 
YeeesMan collected $29.58 from pot
*** SUMMARY ***
Total pot $31.14 | Rake $1.56 
Board [Kc Kh Qd Td Ks]
Seat 1: Kristo 914 (button) folded before Flop (didn't bet)
Seat 2: IgStudio (small blind) folded on the Turn
Seat 3: YeeesMan (big blind) showed [5d Kd] and won ($29.58) with four of a kind, Kings
Seat 4: AlexPinsk1 folded before Flop (didn't bet)
Seat 5: Poker9803 mucked
Seat 6: z00mba folded before Flop (didn't bet)



PokerStars Hand #254438439833:  Hold'em No Limit ($0.50/$1.00 USD) - 2025/01/18 21:55:39 WET [2025/01/18 16:55:39 ET]
Table 'Shedir IV' 6-max Seat #2 is the button
Seat 1: Kristo 914 ($90 in chips) 
Seat 2: IgStudio ($104.95 in chips) 
Seat 3: YeeesMan ($141.10 in chips) 
Seat 4: AlexPinsk1 ($101.99 in chips) 
Seat 5: Poker9803 ($100 in chips) 
Seat 6: z00mba ($100 in chips) 
YeeesMan: posts small blind $0.50
AlexPinsk1: posts big blind $1
*** HOLE CARDS ***
Poker9803: folds 
z00mba: raises $1.50 to $2.50
Kristo 914: folds 
IgStudio: folds 
YeeesMan: folds 
AlexPinsk1: folds 
Uncalled bet ($1.50) returned to z00mba
z00mba collected $2.50 from pot
z00mba: doesn't show hand 
*** SUMMARY ***
Total pot $2.50 | Rake $0 
Seat 1: Kristo 914 folded before Flop (didn't bet)
Seat 2: IgStudio (button) folded before Flop (didn't bet)
Seat 3: YeeesMan (small blind) folded before Flop
Seat 4: AlexPinsk1 (big blind) folded before Flop
Seat 5: Poker9803 folded before Flop (didn't bet)
Seat 6: z00mba collected ($2.50)



PokerStars Hand #254438443162:  Hold'em No Limit ($0.50/$1.00 USD) - 2025/01/18 21:55:55 WET [2025/01/18 16:55:55 ET]
Table 'Shedir IV' 6-max Seat #3 is the button
Seat 1: Kristo 914 ($90 in chips) 
Seat 2: IgStudio ($104.95 in chips) 
Seat 3: YeeesMan ($140.60 in chips) 
Seat 4: AlexPinsk1 ($100.99 in chips) 
Seat 5: Poker9803 ($100 in chips) 
Seat 6: z00mba ($101.50 in chips) 
AlexPinsk1: posts small blind $0.50
Poker9803: posts big blind $1
*** HOLE CARDS ***
z00mba: folds 
Kristo 914: folds 
IgStudio: raises $2 to $3
YeeesMan: folds 
AlexPinsk1: folds 
Poker9803: folds 
Uncalled bet ($2) returned to IgStudio
IgStudio collected $2.50 from pot
IgStudio: doesn't show hand 
*** SUMMARY ***
Total pot $2.50 | Rake $0 
Seat 1: Kristo 914 folded before Flop (didn't bet)
Seat 2: IgStudio collected ($2.50)
Seat 3: YeeesMan (button) folded before Flop (didn't bet)
Seat 4: AlexPinsk1 (small blind) folded before Flop
Seat 5: Poker9803 (big blind) folded before Flop
Seat 6: z00mba folded before Flop (didn't bet)



PokerStars Hand #254438448861:  Hold'em No Limit ($0.50/$1.00 USD) - 2025/01/18 21:56:23 WET [2025/01/18 16:56:23 ET]
Table 'Shedir IV' 6-max Seat #4 is the button
Seat 1: Kristo 914 ($90 in chips) 
Seat 2: IgStudio ($106.45 in chips) 
Seat 3: YeeesMan ($140.60 in chips) 
Seat 4: AlexPinsk1 ($100.49 in chips) 
Seat 5: Poker9803 ($100 in chips) 
Seat 6: z00mba ($101.50 in chips) 
Poker9803: posts small blind $0.50
z00mba: posts big blind $1
*** HOLE CARDS ***
Kristo 914: folds 
IgStudio: folds 
YeeesMan: folds 
AlexPinsk1: folds 
Poker9803: folds 
Uncalled bet ($0.50) returned to z00mba
z00mba collected $1 from pot
z00mba: doesn't show hand 
*** SUMMARY ***
Total pot $1 | Rake $0 
Seat 1: Kristo 914 folded before Flop (didn't bet)
Seat 2: IgStudio folded before Flop (didn't bet)
Seat 3: YeeesMan folded before Flop (didn't bet)
Seat 4: AlexPinsk1 (button) folded before Flop (didn't bet)
Seat 5: Poker9803 (small blind) folded before Flop
Seat 6: z00mba (big blind) collected ($1)



PokerStars Hand #254438452545:  Hold'em No Limit ($0.50/$1.00 USD) - 2025/01/18 21:56:41 WET [2025/01/18 16:56:41 ET]
Table 'Shedir IV' 6-max Seat #5 is the button
Seat 1: Kristo 914 ($90 in chips) 
Seat 2: IgStudio ($106.45 in chips) 
Seat 3: YeeesMan ($140.60 in chips) 
Seat 4: AlexPinsk1 ($100.49 in chips) 
Seat 5: Poker9803 ($100 in chips) 
Seat 6: z00mba ($102 in chips) 
z00mba: posts small blind $0.50
Kristo 914: posts big blind $1
*** HOLE CARDS ***
IgStudio: raises $2 to $3
YeeesMan: folds 
AlexPinsk1: raises $6 to $9
Poker9803: folds 
z00mba: folds 
Kristo 914: folds 
IgStudio: raises $9 to $18
AlexPinsk1: calls $9
*** FLOP *** [4h 2h 8c]
IgStudio: bets $20
AlexPinsk1: folds 
Uncalled bet ($20) returned to IgStudio
IgStudio collected $35.62 from pot
IgStudio: doesn't show hand 
*** SUMMARY ***
Total pot $37.50 | Rake $1.88 
Board [4h 2h 8c]
Seat 1: Kristo 914 (big blind) folded before Flop
Seat 2: IgStudio collected ($35.62)
Seat 3: YeeesMan folded before Flop (didn't bet)
Seat 4: AlexPinsk1 folded on the Flop
Seat 5: Poker9803 (button) folded before Flop (didn't bet)
Seat 6: z00mba (small blind) folded before Flop



PokerStars Hand #254438465540:  Hold'em No Limit ($0.50/$1.00 USD) - 2025/01/18 21:57:44 WET [2025/01/18 16:57:44 ET]
Table 'Shedir IV' 6-max Seat #6 is the button
Seat 1: Kristo 914 ($89 in chips) 
Seat 2: IgStudio ($124.07 in chips) 
Seat 3: YeeesMan ($140.60 in chips) 
Seat 4: AlexPinsk1 ($100 in chips) 
Seat 5: Poker9803 ($100 in chips) 
Seat 6: z00mba ($101.50 in chips) 
Kristo 914: posts small blind $0.50
IgStudio: posts big blind $1
*** HOLE CARDS ***
YeeesMan: raises $1.50 to $2.50
AlexPinsk1: folds 
Poker9803: folds 
z00mba: folds 
Kristo 914: folds 
IgStudio: folds 
Uncalled bet ($1.50) returned to YeeesMan
YeeesMan collected $2.50 from pot
YeeesMan: doesn't show hand 
*** SUMMARY ***
Total pot $2.50 | Rake $0 
Seat 1: Kristo 914 (small blind) folded before Flop
Seat 2: IgStudio (big blind) folded before Flop
Seat 3: YeeesMan collected ($2.50)
Seat 4: AlexPinsk1 folded before Flop (didn't bet)
Seat 5: Poker9803 folded before Flop (didn't bet)
Seat 6: z00mba (button) folded before Flop (didn't bet)



PokerStars Hand #254438469758:  Hold'em No Limit ($0.50/$1.00 USD) - 2025/01/18 21:58:05 WET [2025/01/18 16:58:05 ET]
Table 'Shedir IV' 6-max Seat #1 is the button
Seat 1: Kristo 914 ($88.50 in chips) 
Seat 2: IgStudio ($123.07 in chips) 
Seat 3: YeeesMan ($142.10 in chips) 
Seat 4: AlexPinsk1 ($100 in chips) 
Seat 5: Poker9803 ($100 in chips) 
Seat 6: z00mba ($101.50 in chips) 
IgStudio: posts small blind $0.50
YeeesMan: posts big blind $1
*** HOLE CARDS ***
AlexPinsk1: folds 
Poker9803: folds 
z00mba: raises $1.50 to $2.50
Kristo 914: folds 
IgStudio: calls $2
YeeesMan: folds 
*** FLOP *** [6s Jh Kc]
IgStudio: checks 
z00mba: checks 
*** TURN *** [6s Jh Kc] [4h]
IgStudio: checks 
z00mba: bets $2.91
IgStudio: folds 
Uncalled bet ($2.91) returned to z00mba
z00mba collected $5.70 from pot
z00mba: doesn't show hand 
*** SUMMARY ***
Total pot $6 | Rake $0.30 
Board [6s Jh Kc 4h]
Seat 1: Kristo 914 (button) folded before Flop (didn't bet)
Seat 2: IgStudio (small blind) folded on the Turn
Seat 3: YeeesMan (big blind) folded before Flop
Seat 4: AlexPinsk1 folded before Flop (didn't bet)
Seat 5: Poker9803 folded before Flop (didn't bet)
Seat 6: z00mba collected ($5.70)



PokerStars Hand #254438475399:  Hold'em No Limit ($0.50/$1.00 USD) - 2025/01/18 21:58:32 WET [2025/01/18 16:58:32 ET]
Table 'Shedir IV' 6-max Seat #2 is the button
Seat 1: Kristo 914 ($88.50 in chips) 
Seat 2: IgStudio ($120.57 in chips) 
Seat 3: YeeesMan ($141.10 in chips) 
Seat 4: AlexPinsk1 ($100 in chips) 
Seat 5: Poker9803 ($100 in chips) 
Seat 6: z00mba ($104.70 in chips) 
YeeesMan: posts small blind $0.50
AlexPinsk1: posts big blind $1
*** HOLE CARDS ***
Poker9803: folds 
z00mba: folds 
Kristo 914: folds 
IgStudio: folds 
YeeesMan: folds 
Uncalled bet ($0.50) returned to AlexPinsk1
AlexPinsk1 collected $1 from pot
AlexPinsk1: doesn't show hand 
*** SUMMARY ***
Total pot $1 | Rake $0 
Seat 1: Kristo 914 folded before Flop (didn't bet)
Seat 2: IgStudio (button) folded before Flop (didn't bet)
Seat 3: YeeesMan (small blind) folded before Flop
Seat 4: AlexPinsk1 (big blind) collected ($1)
Seat 5: Poker9803 folded before Flop (didn't bet)
Seat 6: z00mba folded before Flop (didn't bet)



PokerStars Hand #254438479156:  Hold'em No Limit ($0.50/$1.00 USD) - 2025/01/18 21:58:51 WET [2025/01/18 16:58:51 ET]
Table 'Shedir IV' 6-max Seat #3 is the button
Seat 1: Kristo 914 ($100 in chips) 
Seat 2: IgStudio ($120.57 in chips) 
Seat 3: YeeesMan ($140.60 in chips) 
Seat 4: AlexPinsk1 ($100.50 in chips) 
Seat 5: Poker9803 ($100 in chips) 
Seat 6: z00mba ($104.70 in chips) 
AlexPinsk1: posts small blind $0.50
Poker9803: posts big blind $1
*** HOLE CARDS ***
z00mba: folds 
Kristo 914: folds 
IgStudio: raises $1.75 to $2.75
YeeesMan: folds 
AlexPinsk1: folds 
Poker9803: folds 
Uncalled bet ($1.75) returned to IgStudio
IgStudio collected $2.50 from pot
IgStudio: doesn't show hand 
*** SUMMARY ***
Total pot $2.50 | Rake $0 
Seat 1: Kristo 914 folded before Flop (didn't bet)
Seat 2: IgStudio collected ($2.50)
Seat 3: YeeesMan (button) folded before Flop (didn't bet)
Seat 4: AlexPinsk1 (small blind) folded before Flop
Seat 5: Poker9803 (big blind) folded before Flop
Seat 6: z00mba folded before Flop (didn't bet)



PokerStars Hand #254438485196:  Hold'em No Limit ($0.50/$1.00 USD) - 2025/01/18 21:59:20 WET [2025/01/18 16:59:20 ET]
Table 'Shedir IV' 6-max Seat #4 is the button
Seat 1: Kristo 914 ($100 in chips) 
Seat 2: IgStudio ($122.07 in chips) 
Seat 3: YeeesMan ($140.60 in chips) 
Seat 4: AlexPinsk1 ($100 in chips) 
Seat 5: Poker9803 ($100 in chips) 
Seat 6: z00mba ($104.70 in chips) 
Poker9803: posts small blind $0.50
z00mba: posts big blind $1
*** HOLE CARDS ***
Kristo 914: raises $1.40 to $2.40
IgStudio: calls $2.40
YeeesMan: folds 
AlexPinsk1: folds 
Poker9803: folds 
z00mba: calls $1.40
*** FLOP *** [Kh Js 3c]
z00mba: checks 
Kristo 914: bets $3
IgStudio: calls $3
z00mba: calls $3
*** TURN *** [Kh Js 3c] [5h]
z00mba: checks 
Kristo 914: bets $8.09
IgStudio: calls $8.09
z00mba: calls $8.09
*** RIVER *** [Kh Js 3c 5h] [3d]
z00mba: checks 
Kristo 914: bets $19.85
IgStudio: folds 
z00mba: raises $71.36 to $91.21 and is all-in
Kristo 914: folds 
Uncalled bet ($71.36) returned to z00mba
z00mba collected $78.17 from pot
z00mba: doesn't show hand 
*** SUMMARY ***
Total pot $80.67 | Rake $2.50 
Board [Kh Js 3c 5h 3d]
Seat 1: Kristo 914 folded on the River
Seat 2: IgStudio folded on the River
Seat 3: YeeesMan folded before Flop (didn't bet)
Seat 4: AlexPinsk1 (button) folded before Flop (didn't bet)
Seat 5: Poker9803 (small blind) folded before Flop
Seat 6: z00mba (big blind) collected ($78.17)



PokerStars Hand #254438507567:  Hold'em No Limit ($0.50/$1.00 USD) - 2025/01/18 22:01:02 WET [2025/01/18 17:01:02 ET]
Table 'Shedir IV' 6-max Seat #5 is the button
Seat 1: Kristo 914 ($66.66 in chips) 
Seat 2: IgStudio ($108.58 in chips) 
Seat 3: YeeesMan ($140.60 in chips) 
Seat 4: AlexPinsk1 ($100 in chips) 
Seat 5: Poker9803 ($100 in chips) 
Seat 6: z00mba ($149.53 in chips) 
z00mba: posts small blind $0.50
Kristo 914: posts big blind $1
*** HOLE CARDS ***
IgStudio: raises $1 to $2
YeeesMan: folds 
AlexPinsk1: folds 
Poker9803: folds 
z00mba: folds 
Kristo 914: folds 
Uncalled bet ($1) returned to IgStudio
IgStudio collected $2.50 from pot
IgStudio: doesn't show hand 
*** SUMMARY ***
Total pot $2.50 | Rake $0 
Seat 1: Kristo 914 (big blind) folded before Flop
Seat 2: IgStudio collected ($2.50)
Seat 3: YeeesMan folded before Flop (didn't bet)
Seat 4: AlexPinsk1 folded before Flop (didn't bet)
Seat 5: Poker9803 (button) folded before Flop (didn't bet)
Seat 6: z00mba (small blind) folded before Flop



PokerStars Hand #254438515625:  Hold'em No Limit ($0.50/$1.00 USD) - 2025/01/18 22:01:33 WET [2025/01/18 17:01:33 ET]
Table 'Shedir IV' 6-max Seat #6 is the button
Seat 1: Kristo 914 ($65.66 in chips) 
Seat 2: IgStudio ($110.08 in chips) 
Seat 3: YeeesMan ($140.60 in chips) 
Seat 4: AlexPinsk1 ($100 in chips) 
Seat 5: Poker9803 ($100 in chips) 
Seat 6: z00mba ($149.03 in chips) 
Kristo 914: posts small blind $0.50
IgStudio: posts big blind $1
*** HOLE CARDS ***
YeeesMan: folds 
AlexPinsk1: folds 
Poker9803: folds 
z00mba: folds 
Kristo 914: folds 
Uncalled bet ($0.50) returned to IgStudio
IgStudio collected $1 from pot
IgStudio: doesn't show hand 
*** SUMMARY ***
Total pot $1 | Rake $0 
Seat 1: Kristo 914 (small blind) folded before Flop
Seat 2: IgStudio (big blind) collected ($1)
Seat 3: YeeesMan folded before Flop (didn't bet)
Seat 4: AlexPinsk1 folded before Flop (didn't bet)
Seat 5: Poker9803 folded before Flop (didn't bet)
Seat 6: z00mba (button) folded before Flop (didn't bet)



PokerStars Hand #254438521228:  Hold'em No Limit ($0.50/$1.00 USD) - 2025/01/18 22:01:54 WET [2025/01/18 17:01:54 ET]
Table 'Shedir IV' 6-max Seat #1 is the button
Seat 1: Kristo 914 ($100 in chips) 
Seat 2: IgStudio ($110.58 in chips) 
Seat 3: YeeesMan ($140.60 in chips) 
Seat 4: AlexPinsk1 ($100 in chips) 
Seat 5: Poker9803 ($100 in chips) 
Seat 6: z00mba ($149.03 in chips) 
IgStudio: posts small blind $0.50
YeeesMan: posts big blind $1
*** HOLE CARDS ***
AlexPinsk1: folds 
Poker9803: raises $1.50 to $2.50
z00mba: calls $2.50
Kristo 914: folds 
IgStudio: folds 
YeeesMan: calls $1.50
*** FLOP *** [8s 4d Qd]
YeeesMan: checks 
Poker9803: bets $2.51
z00mba: calls $2.51
YeeesMan: folds 
*** TURN *** [8s 4d Qd] [3h]
Poker9803: checks 
z00mba: checks 
*** RIVER *** [8s 4d Qd 3h] [8c]
Poker9803: checks 
z00mba: checks 
*** SHOW DOWN ***
Poker9803: shows [Kd Js] (a pair of Eights)
z00mba: shows [9d 9h] (two pair, Nines and Eights)
z00mba collected $12.37 from pot
*** SUMMARY ***
Total pot $13.02 | Rake $0.65 
Board [8s 4d Qd 3h 8c]
Seat 1: Kristo 914 (button) folded before Flop (didn't bet)
Seat 2: IgStudio (small blind) folded before Flop
Seat 3: YeeesMan (big blind) folded on the Flop
Seat 4: AlexPinsk1 folded before Flop (didn't bet)
Seat 5: Poker9803 showed [Kd Js] and lost with a pair of Eights
Seat 6: z00mba showed [9d 9h] and won ($12.37) with two pair, Nines and Eights



PokerStars Hand #254438539806:  Hold'em No Limit ($0.50/$1.00 USD) - 2025/01/18 22:02:58 WET [2025/01/18 17:02:58 ET]
Table 'Shedir IV' 6-max Seat #2 is the button
Seat 1: Kristo 914 ($100 in chips) 
Seat 2: IgStudio ($110.08 in chips) 
Seat 3: YeeesMan ($138.10 in chips) 
Seat 4: AlexPinsk1 ($100 in chips) 
Seat 5: Poker9803 ($100 in chips) 
Seat 6: z00mba ($156.39 in chips) 
YeeesMan: posts small blind $0.50
AlexPinsk1: posts big blind $1
*** HOLE CARDS ***
Poker9803: raises $1.50 to $2.50
z00mba: folds 
Kristo 914: folds 
IgStudio: raises $3.50 to $6
YeeesMan: folds 
AlexPinsk1: folds 
Poker9803: calls $3.50
*** FLOP *** [6h Qh 8d]
Poker9803: checks 
IgStudio: bets $4.50
Poker9803: folds 
Uncalled bet ($4.50) returned to IgStudio
IgStudio collected $12.82 from pot
IgStudio: doesn't show hand 
*** SUMMARY ***
Total pot $13.50 | Rake $0.68 
Board [6h Qh 8d]
Seat 1: Kristo 914 folded before Flop (didn't bet)
Seat 2: IgStudio (button) collected ($12.82)
Seat 3: YeeesMan (small blind) folded before Flop
Seat 4: AlexPinsk1 (big blind) folded before Flop
Seat 5: Poker9803 folded on the Flop
Seat 6: z00mba folded before Flop (didn't bet)



PokerStars Hand #254438551455:  Hold'em No Limit ($0.50/$1.00 USD) - 2025/01/18 22:03:37 WET [2025/01/18 17:03:37 ET]
Table 'Shedir IV' 6-max Seat #3 is the button
Seat 1: Kristo 914 ($100 in chips) 
Seat 2: IgStudio ($116.90 in chips) 
Seat 3: YeeesMan ($137.60 in chips) 
Seat 4: AlexPinsk1 ($100 in chips) 
Seat 5: Poker9803 ($100 in chips) 
Seat 6: z00mba ($156.39 in chips) 
AlexPinsk1: posts small blind $0.50
Poker9803: posts big blind $1
*** HOLE CARDS ***
z00mba: folds 
Kristo 914: folds 
IgStudio: folds 
IgStudio leaves the table
YeeesMan: raises $1.50 to $2.50
AlexPinsk1: raises $7.50 to $10
Poker9803: folds 
YeeesMan: folds 
Uncalled bet ($7.50) returned to AlexPinsk1
AlexPinsk1 collected $6 from pot
AlexPinsk1: doesn't show hand 
*** SUMMARY ***
Total pot $6 | Rake $0 
Seat 1: Kristo 914 folded before Flop (didn't bet)
Seat 2: IgStudio folded before Flop (didn't bet)
Seat 3: YeeesMan (button) folded before Flop
Seat 4: AlexPinsk1 (small blind) collected ($6)
Seat 5: Poker9803 (big blind) folded before Flop
Seat 6: z00mba folded before Flop (didn't bet)



PokerStars Hand #254438561955:  Hold'em No Limit ($0.50/$1.00 USD) - 2025/01/18 22:04:12 WET [2025/01/18 17:04:12 ET]
Table 'Shedir IV' 6-max Seat #4 is the button
Seat 6: z00mba ($156.39 in chips) is sitting out
Seat 1: Kristo 914 ($100 in chips) 
Seat 3: YeeesMan ($135.10 in chips) 
Seat 4: AlexPinsk1 ($103.50 in chips) 
Seat 5: Poker9803 ($100 in chips) 
Poker9803: posts small blind $0.50
z00mba: is sitting out 
Kristo 914: posts big blind $1
*** HOLE CARDS ***
YeeesMan: folds 
AlexPinsk1: folds 
Poker9803: folds 
Uncalled bet ($0.50) returned to Kristo 914
Kristo 914 collected $1 from pot
Kristo 914: doesn't show hand 
*** SUMMARY ***
Total pot $1 | Rake $0 
Seat 6: z00mba
Seat 1: Kristo 914 (big blind) collected ($1)
Seat 3: YeeesMan folded before Flop (didn't bet)
Seat 4: AlexPinsk1 (button) folded before Flop (didn't bet)
Seat 5: Poker9803 (small blind) folded before Flop



