PokerStars Hand #254441465442:  Hold'em No Limit ($0.50/$1.00 USD) - 2025/01/18 1:24:09 WET [2025/01/18 20:24:09 ET]
Table 'Elara II' 6-max Seat #5 is the button
Seat 2: ReVeu710 ($100 in chips) is sitting out
Seat 1: VahTang_89 ($100 in chips) 
Seat 3: Angel192690 ($77.29 in chips) 
Seat 4: EasyGamerrr ($100 in chips) 
Seat 5: An1an1 ($103.91 in chips) 
Seat 6: Hollysprit ($69.35 in chips) 
Hollysprit: posts small blind $0.50
VahTang_89: posts big blind $1
ReVeu710: sits out 
*** HOLE CARDS ***
Angel192690: calls $1
EasyGamerrr: raises $2.50 to $3.50
An1an1: folds 
Hollysprit: folds 
VahTang_89: folds 
Angel192690: calls $2.50
*** FLOP *** [3d 3c Jh]
Angel192690: checks 
EasyGamerrr: bets $2.67
Angel192690: calls $2.67
*** TURN *** [3d 3c Jh] [Kd]
Angel192690: checks 
EasyGamerrr: checks 
*** RIVER *** [3d 3c Jh Kd] [8h]
Angel192690: bets $3
EasyGamerrr: calls $3
*** SHOW DOWN ***
Angel192690: shows [Js 9d] (two pair, Jacks and Threes)
EasyGamerrr: mucks hand 
Angel192690 collected $18.85 from pot
*** SUMMARY ***
Total pot $19.84 | Rake $0.99 
Board [3d 3c Jh Kd 8h]
Seat 2: ReVeu710
Seat 1: VahTang_89 (big blind) folded before Flop
Seat 3: Angel192690 showed [Js 9d] and won ($18.85) with two pair, Jacks and Threes
Seat 4: EasyGamerrr mucked
Seat 5: An1an1 (button) folded before Flop (didn't bet)
Seat 6: Hollysprit (small blind) folded before Flop



PokerStars Hand #254441476614:  Hold'em No Limit ($0.50/$1.00 USD) - 2025/01/18 1:25:09 WET [2025/01/18 20:25:09 ET]
Table 'Elara II' 6-max Seat #6 is the button
Seat 1: VahTang_89 ($100 in chips) 
Seat 2: ReVeu710 ($100 in chips) 
Seat 3: Angel192690 ($86.97 in chips) 
Seat 4: EasyGamerrr ($100 in chips) 
Seat 5: An1an1 ($103.91 in chips) 
Seat 6: Hollysprit ($68.85 in chips) 
VahTang_89: posts small blind $0.50
ReVeu710: posts big blind $1
*** HOLE CARDS ***
Angel192690: folds 
EasyGamerrr: folds 
An1an1: folds 
Hollysprit: folds 
VahTang_89: raises $2 to $3
ReVeu710: folds 
Uncalled bet ($2) returned to VahTang_89
VahTang_89 collected $2 from pot
VahTang_89: doesn't show hand 
*** SUMMARY ***
Total pot $2 | Rake $0 
Seat 1: VahTang_89 (small blind) collected ($2)
Seat 2: ReVeu710 (big blind) folded before Flop
Seat 3: Angel192690 folded before Flop (didn't bet)
Seat 4: EasyGamerrr folded before Flop (didn't bet)
Seat 5: An1an1 folded before Flop (didn't bet)
Seat 6: Hollysprit (button) folded before Flop (didn't bet)



PokerStars Hand #254441479595:  Hold'em No Limit ($0.50/$1.00 USD) - 2025/01/18 1:25:24 WET [2025/01/18 20:25:24 ET]
Table 'Elara II' 6-max Seat #1 is the button
Seat 1: VahTang_89 ($101 in chips) 
Seat 2: ReVeu710 ($99 in chips) 
Seat 3: Angel192690 ($86.97 in chips) 
Seat 4: EasyGamerrr ($100 in chips) 
Seat 5: An1an1 ($103.91 in chips) 
Seat 6: Hollysprit ($68.85 in chips) 
ReVeu710: posts small blind $0.50
Angel192690: posts big blind $1
*** HOLE CARDS ***
EasyGamerrr: folds 
An1an1: folds 
Hollysprit: calls $1
VahTang_89: folds 
ReVeu710: folds 
Angel192690: checks 
*** FLOP *** [8d Td 5h]
Angel192690: checks 
Hollysprit: bets $2.38
Angel192690: calls $2.38
*** TURN *** [8d Td 5h] [8h]
Angel192690: checks 
Hollysprit: checks 
*** RIVER *** [8d Td 5h 8h] [Jh]
Angel192690: checks 
Hollysprit: checks 
*** SHOW DOWN ***
Angel192690: shows [9c As] (a pair of Eights)
Hollysprit: shows [9d Th] (two pair, Tens and Eights)
Hollysprit collected $6.90 from pot
*** SUMMARY ***
Total pot $7.26 | Rake $0.36 
Board [8d Td 5h 8h Jh]
Seat 1: VahTang_89 (button) folded before Flop (didn't bet)
Seat 2: ReVeu710 (small blind) folded before Flop
Seat 3: Angel192690 (big blind) showed [9c As] and lost with a pair of Eights
Seat 4: EasyGamerrr folded before Flop (didn't bet)
Seat 5: An1an1 folded before Flop (didn't bet)
Seat 6: Hollysprit showed [9d Th] and won ($6.90) with two pair, Tens and Eights



PokerStars Hand #254441488947:  Hold'em No Limit ($0.50/$1.00 USD) - 2025/01/18 1:26:14 WET [2025/01/18 20:26:14 ET]
Table 'Elara II' 6-max Seat #2 is the button
Seat 1: VahTang_89 ($101 in chips) 
Seat 2: ReVeu710 ($98.50 in chips) 
Seat 3: Angel192690 ($83.59 in chips) 
Seat 4: EasyGamerrr ($100 in chips) 
Seat 5: An1an1 ($103.91 in chips) 
Seat 6: Hollysprit ($72.37 in chips) 
Angel192690: posts small blind $0.50
EasyGamerrr: posts big blind $1
*** HOLE CARDS ***
An1an1: folds 
Hollysprit: calls $1
VahTang_89: folds 
ReVeu710: folds 
Angel192690: calls $0.50
EasyGamerrr: checks 
*** FLOP *** [9h 2c Jd]
Angel192690: checks 
EasyGamerrr: checks 
Hollysprit: checks 
*** TURN *** [9h 2c Jd] [Js]
Angel192690: checks 
EasyGamerrr: checks 
Hollysprit: checks 
*** RIVER *** [9h 2c Jd Js] [6c]
Angel192690: checks 
EasyGamerrr: checks 
Hollysprit: bets $1
Angel192690: calls $1
EasyGamerrr: folds 
*** SHOW DOWN ***
Hollysprit: shows [6d Qd] (two pair, Jacks and Sixes)
Angel192690: shows [9s Kd] (two pair, Jacks and Nines)
Angel192690 collected $4.75 from pot
*** SUMMARY ***
Total pot $5 | Rake $0.25 
Board [9h 2c Jd Js 6c]
Seat 1: VahTang_89 folded before Flop (didn't bet)
Seat 2: ReVeu710 (button) folded before Flop (didn't bet)
Seat 3: Angel192690 (small blind) showed [9s Kd] and won ($4.75) with two pair, Jacks and Nines
Seat 4: EasyGamerrr (big blind) folded on the River
Seat 5: An1an1 folded before Flop (didn't bet)
Seat 6: Hollysprit showed [6d Qd] and lost with two pair, Jacks and Sixes



PokerStars Hand #254441498882:  Hold'em No Limit ($0.50/$1.00 USD) - 2025/01/18 1:27:06 WET [2025/01/18 20:27:06 ET]
Table 'Elara II' 6-max Seat #3 is the button
Seat 1: VahTang_89 ($101 in chips) 
Seat 2: ReVeu710 ($98.50 in chips) 
Seat 3: Angel192690 ($86.34 in chips) 
Seat 4: EasyGamerrr ($100 in chips) 
Seat 5: An1an1 ($103.91 in chips) 
Seat 6: Hollysprit ($70.37 in chips) 
EasyGamerrr: posts small blind $0.50
An1an1: posts big blind $1
*** HOLE CARDS ***
Hollysprit: folds 
VahTang_89: folds 
ReVeu710: folds 
Angel192690: calls $1
EasyGamerrr: folds 
An1an1: checks 
*** FLOP *** [Jd Ts 6d]
An1an1: checks 
Angel192690: checks 
*** TURN *** [Jd Ts 6d] [Td]
An1an1: bets $1.19
Angel192690: calls $1.19
*** RIVER *** [Jd Ts 6d Td] [7h]
An1an1: checks 
Angel192690: checks 
*** SHOW DOWN ***
An1an1: shows [Js 4s] (two pair, Jacks and Tens)
Angel192690: mucks hand 
An1an1 collected $4.64 from pot
*** SUMMARY ***
Total pot $4.88 | Rake $0.24 
Board [Jd Ts 6d Td 7h]
Seat 1: VahTang_89 folded before Flop (didn't bet)
Seat 2: ReVeu710 folded before Flop (didn't bet)
Seat 3: Angel192690 (button) mucked
Seat 4: EasyGamerrr (small blind) folded before Flop
Seat 5: An1an1 (big blind) showed [Js 4s] and won ($4.64) with two pair, Jacks and Tens
Seat 6: Hollysprit folded before Flop (didn't bet)



PokerStars Hand #254441507986:  Hold'em No Limit ($0.50/$1.00 USD) - 2025/01/18 1:27:55 WET [2025/01/18 20:27:55 ET]
Table 'Elara II' 6-max Seat #4 is the button
Seat 1: VahTang_89 ($101 in chips) 
Seat 2: ReVeu710 ($98.50 in chips) 
Seat 3: Angel192690 ($84.15 in chips) 
Seat 4: EasyGamerrr ($100 in chips) 
Seat 5: An1an1 ($106.36 in chips) 
Seat 6: Hollysprit ($70.37 in chips) 
An1an1: posts small blind $0.50
Hollysprit: posts big blind $1
*** HOLE CARDS ***
VahTang_89: folds 
ReVeu710: folds 
Angel192690: folds 
EasyGamerrr: raises $1.50 to $2.50
An1an1: folds 
Hollysprit: folds 
Uncalled bet ($1.50) returned to EasyGamerrr
EasyGamerrr collected $2.50 from pot
EasyGamerrr: doesn't show hand 
*** SUMMARY ***
Total pot $2.50 | Rake $0 
Seat 1: VahTang_89 folded before Flop (didn't bet)
Seat 2: ReVeu710 folded before Flop (didn't bet)
Seat 3: Angel192690 folded before Flop (didn't bet)
Seat 4: EasyGamerrr (button) collected ($2.50)
Seat 5: An1an1 (small blind) folded before Flop
Seat 6: Hollysprit (big blind) folded before Flop



PokerStars Hand #254441511440:  Hold'em No Limit ($0.50/$1.00 USD) - 2025/01/18 1:28:13 WET [2025/01/18 20:28:13 ET]
Table 'Elara II' 6-max Seat #5 is the button
Seat 1: VahTang_89 ($101 in chips) 
Seat 2: ReVeu710 ($98.50 in chips) 
Seat 3: Angel192690 ($84.15 in chips) 
Seat 4: EasyGamerrr ($101.50 in chips) 
Seat 5: An1an1 ($105.86 in chips) 
Seat 6: Hollysprit ($69.37 in chips) 
Hollysprit: posts small blind $0.50
VahTang_89: posts big blind $1
*** HOLE CARDS ***
ReVeu710: folds 
Angel192690: folds 
EasyGamerrr: folds 
An1an1: raises $1.50 to $2.50
Hollysprit: folds 
VahTang_89: folds 
Uncalled bet ($1.50) returned to An1an1
Hollysprit leaves the table
An1an1 collected $2.50 from pot
An1an1: doesn't show hand 
*** SUMMARY ***
Total pot $2.50 | Rake $0 
Seat 1: VahTang_89 (big blind) folded before Flop
Seat 2: ReVeu710 folded before Flop (didn't bet)
Seat 3: Angel192690 folded before Flop (didn't bet)
Seat 4: EasyGamerrr folded before Flop (didn't bet)
Seat 5: An1an1 (button) collected ($2.50)
Seat 6: Hollysprit (small blind) folded before Flop



PokerStars Hand #254441515639:  Hold'em No Limit ($0.50/$1.00 USD) - 2025/01/18 1:28:36 WET [2025/01/18 20:28:36 ET]
Table 'Elara II' 6-max Seat #1 is the button
Seat 1: VahTang_89 ($100 in chips) 
Seat 2: ReVeu710 ($98.50 in chips) 
Seat 3: Angel192690 ($84.15 in chips) 
Seat 4: EasyGamerrr ($101.50 in chips) 
Seat 5: An1an1 ($107.36 in chips) 
ReVeu710: posts small blind $0.50
Angel192690: posts big blind $1
*** HOLE CARDS ***
EasyGamerrr: folds 
An1an1: folds 
VahTang_89: raises $1.20 to $2.20
rrrro joins the table at seat #6 
ReVeu710: folds 
Angel192690: raises $1.20 to $3.40
VahTang_89: calls $1.20
*** FLOP *** [4s 4d Th]
Angel192690: checks 
VahTang_89: checks 
*** TURN *** [4s 4d Th] [5h]
Angel192690: bets $3
VahTang_89: folds 
Uncalled bet ($3) returned to Angel192690
Angel192690 collected $6.94 from pot
*** SUMMARY ***
Total pot $7.30 | Rake $0.36 
Board [4s 4d Th 5h]
Seat 1: VahTang_89 (button) folded on the Turn
Seat 2: ReVeu710 (small blind) folded before Flop
Seat 3: Angel192690 (big blind) collected ($6.94)
Seat 4: EasyGamerrr folded before Flop (didn't bet)
Seat 5: An1an1 folded before Flop (didn't bet)



PokerStars Hand #254441522806:  Hold'em No Limit ($0.50/$1.00 USD) - 2025/01/18 1:29:14 WET [2025/01/18 20:29:14 ET]
Table 'Elara II' 6-max Seat #2 is the button
Seat 6: rrrro ($100 in chips) is sitting out
Seat 1: VahTang_89 ($100 in chips) 
Seat 2: ReVeu710 ($98 in chips) 
Seat 3: Angel192690 ($87.69 in chips) 
Seat 4: EasyGamerrr ($101.50 in chips) 
Seat 5: An1an1 ($107.36 in chips) 
Angel192690: posts small blind $0.50
EasyGamerrr: posts big blind $1
rrrro: sits out 
*** HOLE CARDS ***
An1an1: calls $1
VahTang_89: folds 
ReVeu710: folds 
Angel192690: calls $0.50
EasyGamerrr: checks 
*** FLOP *** [3s 9s Ts]
Angel192690: checks 
EasyGamerrr: checks 
An1an1: bets $1
Angel192690: calls $1
EasyGamerrr: folds 
*** TURN *** [3s 9s Ts] [Qs]
Angel192690: checks 
An1an1: checks 
*** RIVER *** [3s 9s Ts Qs] [Qh]
Angel192690: checks 
An1an1: checks 
*** SHOW DOWN ***
Angel192690: shows [7c Td] (two pair, Queens and Tens)
An1an1: shows [Jd Jc] (two pair, Queens and Jacks)
An1an1 collected $4.75 from pot
*** SUMMARY ***
Total pot $5 | Rake $0.25 
Board [3s 9s Ts Qs Qh]
Seat 6: rrrro
Seat 1: VahTang_89 folded before Flop (didn't bet)
Seat 2: ReVeu710 (button) folded before Flop (didn't bet)
Seat 3: Angel192690 (small blind) showed [7c Td] and lost with two pair, Queens and Tens
Seat 4: EasyGamerrr (big blind) folded on the Flop
Seat 5: An1an1 showed [Jd Jc] and won ($4.75) with two pair, Queens and Jacks



PokerStars Hand #254441532664:  Hold'em No Limit ($0.50/$1.00 USD) - 2025/01/18 1:30:07 WET [2025/01/18 20:30:07 ET]
Table 'Elara II' 6-max Seat #3 is the button
Seat 6: rrrro ($100 in chips) is sitting out
Seat 1: VahTang_89 ($100 in chips) 
Seat 2: ReVeu710 ($98 in chips) 
Seat 3: Angel192690 ($85.69 in chips) 
Seat 4: EasyGamerrr ($100.50 in chips) 
Seat 5: An1an1 ($110.11 in chips) 
EasyGamerrr: posts small blind $0.50
An1an1: posts big blind $1
rrrro: sits out 
*** HOLE CARDS ***
VahTang_89: folds 
ReVeu710: folds 
Angel192690: calls $1
EasyGamerrr: folds 
An1an1: checks 
*** FLOP *** [3s 6d Kh]
An1an1: checks 
Angel192690: checks 
*** TURN *** [3s 6d Kh] [Ts]
An1an1: bets $1.19
Angel192690: calls $1.19
*** RIVER *** [3s 6d Kh Ts] [Kc]
An1an1: checks 
Angel192690: bets $4
An1an1: raises $10.64 to $14.64
Angel192690: folds 
Uncalled bet ($10.64) returned to An1an1
An1an1 collected $12.24 from pot
An1an1: doesn't show hand 
*** SUMMARY ***
Total pot $12.88 | Rake $0.64 
Board [3s 6d Kh Ts Kc]
Seat 6: rrrro
Seat 1: VahTang_89 folded before Flop (didn't bet)
Seat 2: ReVeu710 folded before Flop (didn't bet)
Seat 3: Angel192690 (button) folded on the River
Seat 4: EasyGamerrr (small blind) folded before Flop
Seat 5: An1an1 (big blind) collected ($12.24)



PokerStars Hand #254441539542:  Hold'em No Limit ($0.50/$1.00 USD) - 2025/01/18 1:30:44 WET [2025/01/18 20:30:44 ET]
Table 'Elara II' 6-max Seat #4 is the button
Seat 1: VahTang_89 ($100 in chips) 
Seat 2: ReVeu710 ($98 in chips) 
Seat 3: Angel192690 ($79.50 in chips) 
Seat 4: EasyGamerrr ($100 in chips) 
Seat 5: An1an1 ($116.16 in chips) 
Seat 6: rrrro ($100 in chips) 
An1an1: posts small blind $0.50
rrrro: posts big blind $1
*** HOLE CARDS ***
VahTang_89: folds 
ReVeu710: folds 
Angel192690: calls $1
EasyGamerrr: raises $2.50 to $3.50
An1an1: folds 
rrrro: folds 
Angel192690: calls $2.50
*** FLOP *** [Qs Kh Qh]
Angel192690: checks 
EasyGamerrr: bets $2.67
Angel192690: calls $2.67
*** TURN *** [Qs Kh Qh] [Ks]
Angel192690: checks 
EasyGamerrr: checks 
*** RIVER *** [Qs Kh Qh Ks] [7s]
Angel192690: bets $5
EasyGamerrr: calls $5
*** SHOW DOWN ***
Angel192690: shows [Qc Jc] (a full house, Queens full of Kings)
EasyGamerrr: mucks hand 
Angel192690 collected $22.65 from pot
*** SUMMARY ***
Total pot $23.84 | Rake $1.19 
Board [Qs Kh Qh Ks 7s]
Seat 1: VahTang_89 folded before Flop (didn't bet)
Seat 2: ReVeu710 folded before Flop (didn't bet)
Seat 3: Angel192690 showed [Qc Jc] and won ($22.65) with a full house, Queens full of Kings
Seat 4: EasyGamerrr (button) mucked
Seat 5: An1an1 (small blind) folded before Flop
Seat 6: rrrro (big blind) folded before Flop



PokerStars Hand #254441550690:  Hold'em No Limit ($0.50/$1.00 USD) - 2025/01/18 1:31:43 WET [2025/01/18 20:31:43 ET]
Table 'Elara II' 6-max Seat #5 is the button
Seat 1: VahTang_89 ($100 in chips) 
Seat 2: ReVeu710 ($98 in chips) 
Seat 3: Angel192690 ($90.98 in chips) 
Seat 4: EasyGamerrr ($100 in chips) 
Seat 5: An1an1 ($115.66 in chips) 
Seat 6: rrrro ($100 in chips) 
rrrro: posts small blind $0.50
VahTang_89: posts big blind $1
*** HOLE CARDS ***
ReVeu710: folds 
Angel192690: calls $1
EasyGamerrr: folds 
An1an1: raises $8 to $9
rrrro: folds 
VahTang_89: folds 
Angel192690: calls $8
*** FLOP *** [Qh 7c Jd]
Angel192690: checks 
An1an1: checks 
*** TURN *** [Qh 7c Jd] [Tc]
Angel192690: checks 
An1an1: bets $18.51
Angel192690: calls $18.51
*** RIVER *** [Qh 7c Jd Tc] [2h]
Angel192690: checks 
An1an1: bets $63.46
Angel192690: folds 
Uncalled bet ($63.46) returned to An1an1
An1an1 collected $54.02 from pot
An1an1: doesn't show hand 
*** SUMMARY ***
Total pot $56.52 | Rake $2.50 
Board [Qh 7c Jd Tc 2h]
Seat 1: VahTang_89 (big blind) folded before Flop
Seat 2: ReVeu710 folded before Flop (didn't bet)
Seat 3: Angel192690 folded on the River
Seat 4: EasyGamerrr folded before Flop (didn't bet)
Seat 5: An1an1 (button) collected ($54.02)
Seat 6: rrrro (small blind) folded before Flop



PokerStars Hand #254441570257:  Hold'em No Limit ($0.50/$1.00 USD) - 2025/01/18 1:33:27 WET [2025/01/18 20:33:27 ET]
Table 'Elara II' 6-max Seat #6 is the button
Seat 1: VahTang_89 ($100 in chips) 
Seat 2: ReVeu710 ($98 in chips) 
Seat 3: Angel192690 ($63.47 in chips) 
Seat 4: EasyGamerrr ($100 in chips) 
Seat 5: An1an1 ($142.17 in chips) 
Seat 6: rrrro ($100 in chips) 
VahTang_89: posts small blind $0.50
ReVeu710: posts big blind $1
*** HOLE CARDS ***
Angel192690: calls $1
EasyGamerrr: folds 
An1an1: raises $3 to $4
rrrro: folds 
VahTang_89: folds 
ReVeu710: folds 
Angel192690: calls $3
*** FLOP *** [4h 4s Kd]
Angel192690: checks 
An1an1: bets $2.16
Angel192690: calls $2.16
*** TURN *** [4h 4s Kd] [Tc]
Angel192690: checks 
An1an1: checks 
*** RIVER *** [4h 4s Kd Tc] [Jd]
Angel192690: bets $7
An1an1: calls $7
*** SHOW DOWN ***
Angel192690: shows [5d 4c] (three of a kind, Fours)
An1an1: mucks hand 
Angel192690 collected $26.43 from pot
*** SUMMARY ***
Total pot $27.82 | Rake $1.39 
Board [4h 4s Kd Tc Jd]
Seat 1: VahTang_89 (small blind) folded before Flop
Seat 2: ReVeu710 (big blind) folded before Flop
Seat 3: Angel192690 showed [5d 4c] and won ($26.43) with three of a kind, Fours
Seat 4: EasyGamerrr folded before Flop (didn't bet)
Seat 5: An1an1 mucked
Seat 6: rrrro (button) folded before Flop (didn't bet)



PokerStars Hand #254441581353:  Hold'em No Limit ($0.50/$1.00 USD) - 2025/01/18 1:34:27 WET [2025/01/18 20:34:27 ET]
Table 'Elara II' 6-max Seat #1 is the button
Seat 1: VahTang_89 ($100 in chips) 
Seat 2: ReVeu710 ($97 in chips) 
Seat 3: Angel192690 ($76.74 in chips) 
Seat 4: EasyGamerrr ($100 in chips) 
Seat 5: An1an1 ($129.01 in chips) 
Seat 6: rrrro ($100 in chips) 
ReVeu710: posts small blind $0.50
Angel192690: posts big blind $1
*** HOLE CARDS ***
EasyGamerrr: folds 
An1an1: folds 
rrrro: folds 
VahTang_89: folds 
ReVeu710: raises $2 to $3
Angel192690: folds 
Uncalled bet ($2) returned to ReVeu710
ReVeu710 collected $2 from pot
ReVeu710: doesn't show hand 
*** SUMMARY ***
Total pot $2 | Rake $0 
Seat 1: VahTang_89 (button) folded before Flop (didn't bet)
Seat 2: ReVeu710 (small blind) collected ($2)
Seat 3: Angel192690 (big blind) folded before Flop
Seat 4: EasyGamerrr folded before Flop (didn't bet)
Seat 5: An1an1 folded before Flop (didn't bet)
Seat 6: rrrro folded before Flop (didn't bet)



PokerStars Hand #254441584737:  Hold'em No Limit ($0.50/$1.00 USD) - 2025/01/18 1:34:45 WET [2025/01/18 20:34:45 ET]
Table 'Elara II' 6-max Seat #2 is the button
Seat 1: VahTang_89 ($100 in chips) 
Seat 2: ReVeu710 ($98 in chips) 
Seat 3: Angel192690 ($75.74 in chips) 
Seat 4: EasyGamerrr ($100 in chips) 
Seat 5: An1an1 ($129.01 in chips) 
Seat 6: rrrro ($100 in chips) 
Angel192690: posts small blind $0.50
EasyGamerrr: posts big blind $1
*** HOLE CARDS ***
An1an1: raises $1 to $2
rrrro: folds 
VahTang_89: raises $5 to $7
ReVeu710: folds 
Angel192690: calls $6.50
EasyGamerrr: folds 
An1an1: calls $5
*** FLOP *** [Jd 5s Ac]
Angel192690: checks 
An1an1: checks 
VahTang_89: bets $6.90
Angel192690: calls $6.90
An1an1: folds 
*** TURN *** [Jd 5s Ac] [7h]
Angel192690: checks 
VahTang_89: bets $22.45
Angel192690: calls $22.45
*** RIVER *** [Jd 5s Ac 7h] [8s]
Angel192690: checks 
VahTang_89: bets $58.65
Angel192690: folds 
Uncalled bet ($58.65) returned to VahTang_89
VahTang_89 collected $78.20 from pot
VahTang_89: doesn't show hand 
*** SUMMARY ***
Total pot $80.70 | Rake $2.50 
Board [Jd 5s Ac 7h 8s]
Seat 1: VahTang_89 collected ($78.20)
Seat 2: ReVeu710 (button) folded before Flop (didn't bet)
Seat 3: Angel192690 (small blind) folded on the River
Seat 4: EasyGamerrr (big blind) folded before Flop
Seat 5: An1an1 folded on the Flop
Seat 6: rrrro folded before Flop (didn't bet)



PokerStars Hand #254441595369:  Hold'em No Limit ($0.50/$1.00 USD) - 2025/01/18 1:35:43 WET [2025/01/18 20:35:43 ET]
Table 'Elara II' 6-max Seat #3 is the button
Seat 1: VahTang_89 ($141.85 in chips) 
Seat 2: ReVeu710 ($98 in chips) 
Seat 3: Angel192690 ($39.39 in chips) 
Seat 4: EasyGamerrr ($100 in chips) 
Seat 5: An1an1 ($122.01 in chips) 
Seat 6: rrrro ($100 in chips) 
EasyGamerrr: posts small blind $0.50
An1an1: posts big blind $1
*** HOLE CARDS ***
rrrro: raises $1 to $2
VahTang_89: folds 
ReVeu710: folds 
Angel192690: calls $2
EasyGamerrr: folds 
An1an1: folds 
*** FLOP *** [Jc 8h 3s]
rrrro: checks 
Angel192690: checks 
*** TURN *** [Jc 8h 3s] [Qh]
rrrro: bets $2.61
Angel192690: calls $2.61
*** RIVER *** [Jc 8h 3s Qh] [Jh]
rrrro: bets $3.36
Angel192690: raises $8.45 to $11.81
rrrro: folds 
Uncalled bet ($8.45) returned to Angel192690
Angel192690 collected $16.57 from pot
*** SUMMARY ***
Total pot $17.44 | Rake $0.87 
Board [Jc 8h 3s Qh Jh]
Seat 1: VahTang_89 folded before Flop (didn't bet)
Seat 2: ReVeu710 folded before Flop (didn't bet)
Seat 3: Angel192690 (button) collected ($16.57)
Seat 4: EasyGamerrr (small blind) folded before Flop
Seat 5: An1an1 (big blind) folded before Flop
Seat 6: rrrro folded on the River



PokerStars Hand #254441604339:  Hold'em No Limit ($0.50/$1.00 USD) - 2025/01/18 1:36:33 WET [2025/01/18 20:36:33 ET]
Table 'Elara II' 6-max Seat #4 is the button
Seat 1: VahTang_89 ($141.85 in chips) 
Seat 2: ReVeu710 ($100 in chips) 
Seat 3: Angel192690 ($47.99 in chips) 
Seat 4: EasyGamerrr ($100 in chips) 
Seat 5: An1an1 ($121.01 in chips) 
Seat 6: rrrro ($100 in chips) 
An1an1: posts small blind $0.50
rrrro: posts big blind $1
*** HOLE CARDS ***
VahTang_89: raises $1.20 to $2.20
ReVeu710: folds 
Angel192690: folds 
EasyGamerrr: folds 
An1an1: folds 
rrrro: folds 
Uncalled bet ($1.20) returned to VahTang_89
VahTang_89 collected $2.50 from pot
VahTang_89: doesn't show hand 
*** SUMMARY ***
Total pot $2.50 | Rake $0 
Seat 1: VahTang_89 collected ($2.50)
Seat 2: ReVeu710 folded before Flop (didn't bet)
Seat 3: Angel192690 folded before Flop (didn't bet)
Seat 4: EasyGamerrr (button) folded before Flop (didn't bet)
Seat 5: An1an1 (small blind) folded before Flop
Seat 6: rrrro (big blind) folded before Flop



PokerStars Hand #254441607118:  Hold'em No Limit ($0.50/$1.00 USD) - 2025/01/18 1:36:48 WET [2025/01/18 20:36:48 ET]
Table 'Elara II' 6-max Seat #5 is the button
Seat 1: VahTang_89 ($143.35 in chips) 
Seat 2: ReVeu710 ($100 in chips) 
Seat 3: Angel192690 ($47.99 in chips) 
Seat 4: EasyGamerrr ($100 in chips) 
Seat 5: An1an1 ($120.51 in chips) 
Seat 6: rrrro ($100 in chips) 
rrrro: posts small blind $0.50
VahTang_89: posts big blind $1
*** HOLE CARDS ***
ReVeu710: raises $1 to $2
Angel192690: calls $2
EasyGamerrr: raises $10 to $12
An1an1: folds 
rrrro: folds 
VahTang_89: folds 
ReVeu710: calls $10
Angel192690: folds 
*** FLOP *** [Js 7d Qs]
ReVeu710: checks 
EasyGamerrr: bets $8.62
ReVeu710: calls $8.62
*** TURN *** [Js 7d Qs] [6h]
ReVeu710: checks 
EasyGamerrr: checks 
*** RIVER *** [Js 7d Qs 6h] [Ts]
ReVeu710: checks 
EasyGamerrr: checks 
*** SHOW DOWN ***
ReVeu710: shows [Kh Qh] (a pair of Queens)
EasyGamerrr: mucks hand 
ReVeu710 collected $42.50 from pot
*** SUMMARY ***
Total pot $44.74 | Rake $2.24 
Board [Js 7d Qs 6h Ts]
Seat 1: VahTang_89 (big blind) folded before Flop
Seat 2: ReVeu710 showed [Kh Qh] and won ($42.50) with a pair of Queens
Seat 3: Angel192690 folded before Flop
Seat 4: EasyGamerrr mucked
Seat 5: An1an1 (button) folded before Flop (didn't bet)
Seat 6: rrrro (small blind) folded before Flop



PokerStars Hand #254441618457:  Hold'em No Limit ($0.50/$1.00 USD) - 2025/01/18 1:37:49 WET [2025/01/18 20:37:49 ET]
Table 'Elara II' 6-max Seat #6 is the button
Seat 1: VahTang_89 ($142.35 in chips) 
Seat 2: ReVeu710 ($121.88 in chips) 
Seat 3: Angel192690 ($45.99 in chips) 
Seat 4: EasyGamerrr ($100 in chips) 
Seat 5: An1an1 ($120.51 in chips) 
Seat 6: rrrro ($100 in chips) 
VahTang_89: posts small blind $0.50
ReVeu710: posts big blind $1
*** HOLE CARDS ***
Angel192690: folds 
EasyGamerrr: folds 
An1an1: raises $1 to $2
rrrro: folds 
rrrro leaves the table
VahTang_89: folds 
ReVeu710: calls $1
*** FLOP *** [6d As Jc]
ReVeu710: checks 
An1an1: checks 
*** TURN *** [6d As Jc] [4h]
ReVeu710: checks 
An1an1: checks 
*** RIVER *** [6d As Jc 4h] [Js]
Xenicide joins the table at seat #6 
ReVeu710: bets $3.30
An1an1: calls $3.30
*** SHOW DOWN ***
ReVeu710: shows [Qd 9c] (a pair of Jacks)
An1an1: shows [8h Ac] (two pair, Aces and Jacks)
An1an1 collected $10.54 from pot
*** SUMMARY ***
Total pot $11.10 | Rake $0.56 
Board [6d As Jc 4h Js]
Seat 1: VahTang_89 (small blind) folded before Flop
Seat 2: ReVeu710 (big blind) showed [Qd 9c] and lost with a pair of Jacks
Seat 3: Angel192690 folded before Flop (didn't bet)
Seat 4: EasyGamerrr folded before Flop (didn't bet)
Seat 5: An1an1 showed [8h Ac] and won ($10.54) with two pair, Aces and Jacks
Seat 6: rrrro (button) folded before Flop (didn't bet)



PokerStars Hand #254441631676:  Hold'em No Limit ($0.50/$1.00 USD) - 2025/01/18 1:39:00 WET [2025/01/18 20:39:00 ET]
Table 'Elara II' 6-max Seat #1 is the button
Seat 6: Xenicide ($100 in chips) is sitting out
Seat 1: VahTang_89 ($141.85 in chips) 
Seat 2: ReVeu710 ($116.58 in chips) 
Seat 3: Angel192690 ($45.99 in chips) 
Seat 4: EasyGamerrr ($100 in chips) 
Seat 5: An1an1 ($125.75 in chips) 
ReVeu710: posts small blind $0.50
Angel192690: posts big blind $1
Xenicide: sits out 
*** HOLE CARDS ***
EasyGamerrr: raises $1.50 to $2.50
An1an1: folds 
VahTang_89: folds 
ReVeu710: folds 
Angel192690: calls $1.50
*** FLOP *** [4d 2s 6d]
Angel192690: checks 
EasyGamerrr: checks 
*** TURN *** [4d 2s 6d] [Ad]
Angel192690: checks 
EasyGamerrr: bets $2.51
Angel192690: calls $2.51
*** RIVER *** [4d 2s 6d Ad] [9c]
Angel192690: checks 
EasyGamerrr: bets $9.99
Angel192690: calls $9.99
*** SHOW DOWN ***
EasyGamerrr: shows [7d Kd] (a flush, Ace high)
Angel192690: mucks hand 
EasyGamerrr collected $28.98 from pot
*** SUMMARY ***
Total pot $30.50 | Rake $1.52 
Board [4d 2s 6d Ad 9c]
Seat 6: Xenicide
Seat 1: VahTang_89 (button) folded before Flop (didn't bet)
Seat 2: ReVeu710 (small blind) folded before Flop
Seat 3: Angel192690 (big blind) mucked
Seat 4: EasyGamerrr showed [7d Kd] and won ($28.98) with a flush, Ace high
Seat 5: An1an1 folded before Flop (didn't bet)



PokerStars Hand #254441646293:  Hold'em No Limit ($0.50/$1.00 USD) - 2025/01/18 1:40:19 WET [2025/01/18 20:40:19 ET]
Table 'Elara II' 6-max Seat #2 is the button
Seat 6: Xenicide ($100 in chips) is sitting out
Seat 1: VahTang_89 ($141.85 in chips) 
Seat 2: ReVeu710 ($116.08 in chips) 
Seat 3: Angel192690 ($30.99 in chips) 
Seat 4: EasyGamerrr ($113.98 in chips) 
Seat 5: An1an1 ($125.75 in chips) 
Angel192690: posts small blind $0.50
EasyGamerrr: posts big blind $1
Xenicide: sits out 
*** HOLE CARDS ***
An1an1: folds 
VahTang_89: raises $1.20 to $2.20
ReVeu710: folds 
Angel192690: calls $1.70
EasyGamerrr: folds 
*** FLOP *** [8h 2s As]
Angel192690: checks 
VahTang_89: checks 
*** TURN *** [8h 2s As] [Js]
Angel192690: checks 
VahTang_89: checks 
*** RIVER *** [8h 2s As Js] [4s]
Angel192690: checks 
VahTang_89: checks 
*** SHOW DOWN ***
Angel192690: shows [Qh 9d] (high card Ace)
VahTang_89: shows [4h 4d] (three of a kind, Fours)
VahTang_89 collected $5.13 from pot
*** SUMMARY ***
Total pot $5.40 | Rake $0.27 
Board [8h 2s As Js 4s]
Seat 6: Xenicide
Seat 1: VahTang_89 showed [4h 4d] and won ($5.13) with three of a kind, Fours
Seat 2: ReVeu710 (button) folded before Flop (didn't bet)
Seat 3: Angel192690 (small blind) showed [Qh 9d] and lost with high card Ace
Seat 4: EasyGamerrr (big blind) folded before Flop
Seat 5: An1an1 folded before Flop (didn't bet)



PokerStars Hand #254441652950:  Hold'em No Limit ($0.50/$1.00 USD) - 2025/01/18 1:40:55 WET [2025/01/18 20:40:55 ET]
Table 'Elara II' 6-max Seat #3 is the button
Seat 6: Xenicide ($100 in chips) is sitting out
Seat 1: VahTang_89 ($144.78 in chips) 
Seat 2: ReVeu710 ($116.08 in chips) 
Seat 3: Angel192690 ($28.79 in chips) 
Seat 4: EasyGamerrr ($112.98 in chips) 
Seat 5: An1an1 ($125.75 in chips) 
EasyGamerrr: posts small blind $0.50
An1an1: posts big blind $1
Xenicide: sits out 
*** HOLE CARDS ***
VahTang_89: folds 
ReVeu710: raises $1.30 to $2.30
Angel192690: calls $2.30
EasyGamerrr: folds 
An1an1: raises $11.20 to $13.50
ReVeu710: folds 
Angel192690: folds 
Uncalled bet ($11.20) returned to An1an1
An1an1 collected $7.40 from pot
An1an1: doesn't show hand 
*** SUMMARY ***
Total pot $7.40 | Rake $0 
Seat 6: Xenicide
Seat 1: VahTang_89 folded before Flop (didn't bet)
Seat 2: ReVeu710 folded before Flop
Seat 3: Angel192690 (button) folded before Flop
Seat 4: EasyGamerrr (small blind) folded before Flop
Seat 5: An1an1 (big blind) collected ($7.40)



PokerStars Hand #254441657257:  Hold'em No Limit ($0.50/$1.00 USD) - 2025/01/18 1:41:19 WET [2025/01/18 20:41:19 ET]
Table 'Elara II' 6-max Seat #4 is the button
Seat 1: VahTang_89 ($144.78 in chips) 
Seat 2: ReVeu710 ($113.78 in chips) 
Seat 3: Angel192690 ($26.49 in chips) 
Seat 4: EasyGamerrr ($112.48 in chips) 
Seat 5: An1an1 ($130.85 in chips) 
Seat 6: Xenicide ($100 in chips) 
An1an1: posts small blind $0.50
Xenicide: posts big blind $1
*** HOLE CARDS ***
VahTang_89: folds 
ReVeu710: folds 
Angel192690: folds 
EasyGamerrr: folds 
An1an1: raises $1.50 to $2.50
Xenicide: calls $1.50
*** FLOP *** [Jc 7h 9d]
An1an1: checks 
Xenicide: bets $1.19
An1an1: calls $1.19
*** TURN *** [Jc 7h 9d] [Jh]
An1an1: checks 
Xenicide: bets $5.26
An1an1: folds 
Uncalled bet ($5.26) returned to Xenicide
Xenicide collected $7.01 from pot
*** SUMMARY ***
Total pot $7.38 | Rake $0.37 
Board [Jc 7h 9d Jh]
Seat 1: VahTang_89 folded before Flop (didn't bet)
Seat 2: ReVeu710 folded before Flop (didn't bet)
Seat 3: Angel192690 folded before Flop (didn't bet)
Seat 4: EasyGamerrr (button) folded before Flop (didn't bet)
Seat 5: An1an1 (small blind) folded on the Turn
Seat 6: Xenicide (big blind) collected ($7.01)



PokerStars Hand #254441669895:  Hold'em No Limit ($0.50/$1.00 USD) - 2025/01/18 1:42:29 WET [2025/01/18 20:42:29 ET]
Table 'Elara II' 6-max Seat #5 is the button
Seat 1: VahTang_89 ($144.78 in chips) 
Seat 2: ReVeu710 ($113.78 in chips) 
Seat 3: Angel192690 ($26.49 in chips) 
Seat 4: EasyGamerrr ($112.48 in chips) 
Seat 5: An1an1 ($127.16 in chips) 
Seat 6: Xenicide ($103.32 in chips) 
Xenicide: posts small blind $0.50
VahTang_89: posts big blind $1
*** HOLE CARDS ***
ReVeu710: raises $1 to $2
Angel192690: calls $2
EasyGamerrr: folds 
An1an1: raises $7 to $9
Xenicide: folds 
VahTang_89: folds 
ReVeu710: raises $104.78 to $113.78 and is all-in
Angel192690: folds 
An1an1: folds 
Uncalled bet ($104.78) returned to ReVeu710
ReVeu710 collected $21.50 from pot
ReVeu710: doesn't show hand 
*** SUMMARY ***
Total pot $21.50 | Rake $0 
Seat 1: VahTang_89 (big blind) folded before Flop
Seat 2: ReVeu710 collected ($21.50)
Seat 3: Angel192690 folded before Flop
Seat 4: EasyGamerrr folded before Flop (didn't bet)
Seat 5: An1an1 (button) folded before Flop
Seat 6: Xenicide (small blind) folded before Flop



PokerStars Hand #254441678799:  Hold'em No Limit ($0.50/$1.00 USD) - 2025/01/18 1:43:18 WET [2025/01/18 20:43:18 ET]
Table 'Elara II' 6-max Seat #6 is the button
Seat 1: VahTang_89 ($143.78 in chips) 
Seat 2: ReVeu710 ($126.28 in chips) 
Seat 3: Angel192690 ($24.49 in chips) 
Seat 4: EasyGamerrr ($112.48 in chips) 
Seat 5: An1an1 ($118.16 in chips) 
Seat 6: Xenicide ($102.82 in chips) 
VahTang_89: posts small blind $0.50
ReVeu710: posts big blind $1
*** HOLE CARDS ***
Angel192690: calls $1
EasyGamerrr: raises $2 to $3
An1an1: folds 
Xenicide: folds 
VahTang_89: raises $9.50 to $12.50
ReVeu710: folds 
Angel192690: raises $11.99 to $24.49 and is all-in
EasyGamerrr: folds 
VahTang_89: calls $11.99
*** FLOP *** [Td Js Ts]
*** TURN *** [Td Js Ts] [2h]
*** RIVER *** [Td Js Ts 2h] [4h]
*** SHOW DOWN ***
VahTang_89: shows [As Qd] (a pair of Tens)
Angel192690: shows [Jh Qc] (two pair, Jacks and Tens)
Angel192690 collected $50.48 from pot
*** SUMMARY ***
Total pot $52.98 | Rake $2.50 
Board [Td Js Ts 2h 4h]
Seat 1: VahTang_89 (small blind) showed [As Qd] and lost with a pair of Tens
Seat 2: ReVeu710 (big blind) folded before Flop
Seat 3: Angel192690 showed [Jh Qc] and won ($50.48) with two pair, Jacks and Tens
Seat 4: EasyGamerrr folded before Flop
Seat 5: An1an1 folded before Flop (didn't bet)
Seat 6: Xenicide (button) folded before Flop (didn't bet)



PokerStars Hand #254441684920:  Hold'em No Limit ($0.50/$1.00 USD) - 2025/01/18 1:43:52 WET [2025/01/18 20:43:52 ET]
Table 'Elara II' 6-max Seat #1 is the button
Seat 1: VahTang_89 ($119.29 in chips) 
Seat 2: ReVeu710 ($125.28 in chips) 
Seat 3: Angel192690 ($50.48 in chips) 
Seat 4: EasyGamerrr ($109.48 in chips) 
Seat 5: An1an1 ($118.16 in chips) 
Seat 6: Xenicide ($102.82 in chips) 
ReVeu710: posts small blind $0.50
Angel192690: posts big blind $1
*** HOLE CARDS ***
EasyGamerrr: raises $1.50 to $2.50
An1an1: folds 
Xenicide: raises $4.50 to $7
VahTang_89: folds 
ReVeu710: folds 
Angel192690: folds 
EasyGamerrr: folds 
Uncalled bet ($4.50) returned to Xenicide
Xenicide collected $6.50 from pot
*** SUMMARY ***
Total pot $6.50 | Rake $0 
Seat 1: VahTang_89 (button) folded before Flop (didn't bet)
Seat 2: ReVeu710 (small blind) folded before Flop
Seat 3: Angel192690 (big blind) folded before Flop
Seat 4: EasyGamerrr folded before Flop
Seat 5: An1an1 folded before Flop (didn't bet)
Seat 6: Xenicide collected ($6.50)



PokerStars Hand #254441690010:  Hold'em No Limit ($0.50/$1.00 USD) - 2025/01/18 1:44:20 WET [2025/01/18 20:44:20 ET]
Table 'Elara II' 6-max Seat #2 is the button
Seat 1: VahTang_89 ($119.29 in chips) 
Seat 2: ReVeu710 ($124.78 in chips) 
Seat 3: Angel192690 ($49.48 in chips) 
Seat 4: EasyGamerrr ($106.98 in chips) 
Seat 5: An1an1 ($118.16 in chips) 
Seat 6: Xenicide ($106.82 in chips) 
Angel192690: posts small blind $0.50
EasyGamerrr: posts big blind $1
*** HOLE CARDS ***
An1an1: folds 
Xenicide: folds 
VahTang_89: folds 
ReVeu710: raises $1.50 to $2.50
Angel192690: calls $2
EasyGamerrr: raises $10.50 to $13
ReVeu710: folds 
Angel192690: folds 
Uncalled bet ($10.50) returned to EasyGamerrr
EasyGamerrr collected $7.50 from pot
EasyGamerrr: doesn't show hand 
*** SUMMARY ***
Total pot $7.50 | Rake $0 
Seat 1: VahTang_89 folded before Flop (didn't bet)
Seat 2: ReVeu710 (button) folded before Flop
Seat 3: Angel192690 (small blind) folded before Flop
Seat 4: EasyGamerrr (big blind) collected ($7.50)
Seat 5: An1an1 folded before Flop (didn't bet)
Seat 6: Xenicide folded before Flop (didn't bet)



PokerStars Hand #254441695663:  Hold'em No Limit ($0.50/$1.00 USD) - 2025/01/18 1:44:51 WET [2025/01/18 20:44:51 ET]
Table 'Elara II' 6-max Seat #3 is the button
Seat 1: VahTang_89 ($119.29 in chips) 
Seat 2: ReVeu710 ($122.28 in chips) 
Seat 3: Angel192690 ($46.98 in chips) 
Seat 4: EasyGamerrr ($111.98 in chips) 
Seat 5: An1an1 ($118.16 in chips) 
Seat 6: Xenicide ($106.82 in chips) 
EasyGamerrr: posts small blind $0.50
An1an1: posts big blind $1
*** HOLE CARDS ***
Xenicide: folds 
VahTang_89: folds 
ReVeu710: folds 
Angel192690: folds 
EasyGamerrr: raises $2 to $3
An1an1: calls $2
*** FLOP *** [Jc Qd Ks]
EasyGamerrr: bets $1.88
An1an1: folds 
Uncalled bet ($1.88) returned to EasyGamerrr
EasyGamerrr collected $5.70 from pot
EasyGamerrr: doesn't show hand 
*** SUMMARY ***
Total pot $6 | Rake $0.30 
Board [Jc Qd Ks]
Seat 1: VahTang_89 folded before Flop (didn't bet)
Seat 2: ReVeu710 folded before Flop (didn't bet)
Seat 3: Angel192690 (button) folded before Flop (didn't bet)
Seat 4: EasyGamerrr (small blind) collected ($5.70)
Seat 5: An1an1 (big blind) folded on the Flop
Seat 6: Xenicide folded before Flop (didn't bet)



PokerStars Hand #254441702266:  Hold'em No Limit ($0.50/$1.00 USD) - 2025/01/18 1:45:27 WET [2025/01/18 20:45:27 ET]
Table 'Elara II' 6-max Seat #4 is the button
Seat 1: VahTang_89 ($119.29 in chips) 
Seat 2: ReVeu710 ($122.28 in chips) 
Seat 3: Angel192690 ($46.98 in chips) 
Seat 4: EasyGamerrr ($114.68 in chips) 
Seat 5: An1an1 ($115.16 in chips) 
Seat 6: Xenicide ($106.82 in chips) 
An1an1: posts small blind $0.50
Xenicide: posts big blind $1
*** HOLE CARDS ***
VahTang_89: raises $1.20 to $2.20
ReVeu710: folds 
Angel192690: calls $2.20
EasyGamerrr: folds 
An1an1: folds 
Xenicide: folds 
*** FLOP *** [Ah Js 7h]
VahTang_89: checks 
Angel192690: checks 
*** TURN *** [Ah Js 7h] [Th]
VahTang_89: bets $1.85
Angel192690: calls $1.85
*** RIVER *** [Ah Js 7h Th] [Tc]
VahTang_89: checks 
Angel192690: checks 
*** SHOW DOWN ***
VahTang_89: shows [Qc Jc] (two pair, Jacks and Tens)
Angel192690: mucks hand 
VahTang_89 collected $9.12 from pot
*** SUMMARY ***
Total pot $9.60 | Rake $0.48 
Board [Ah Js 7h Th Tc]
Seat 1: VahTang_89 showed [Qc Jc] and won ($9.12) with two pair, Jacks and Tens
Seat 2: ReVeu710 folded before Flop (didn't bet)
Seat 3: Angel192690 mucked
Seat 4: EasyGamerrr (button) folded before Flop (didn't bet)
Seat 5: An1an1 (small blind) folded before Flop
Seat 6: Xenicide (big blind) folded before Flop



PokerStars Hand #254441708276:  Hold'em No Limit ($0.50/$1.00 USD) - 2025/01/18 1:46:00 WET [2025/01/18 20:46:00 ET]
Table 'Elara II' 6-max Seat #5 is the button
Seat 1: VahTang_89 ($124.36 in chips) 
Seat 2: ReVeu710 ($122.28 in chips) 
Seat 3: Angel192690 ($42.93 in chips) 
Seat 4: EasyGamerrr ($114.68 in chips) 
Seat 5: An1an1 ($114.66 in chips) 
Seat 6: Xenicide ($105.82 in chips) 
Xenicide: posts small blind $0.50
VahTang_89: posts big blind $1
*** HOLE CARDS ***
ReVeu710: folds 
Angel192690: calls $1
EasyGamerrr: folds 
An1an1: raises $8 to $9
Xenicide: folds 
VahTang_89: folds 
Angel192690: folds 
Uncalled bet ($8) returned to An1an1
An1an1 collected $3.50 from pot
An1an1: doesn't show hand 
*** SUMMARY ***
Total pot $3.50 | Rake $0 
Seat 1: VahTang_89 (big blind) folded before Flop
Seat 2: ReVeu710 folded before Flop (didn't bet)
Seat 3: Angel192690 folded before Flop
Seat 4: EasyGamerrr folded before Flop (didn't bet)
Seat 5: An1an1 (button) collected ($3.50)
Seat 6: Xenicide (small blind) folded before Flop



PokerStars Hand #254441713237:  Hold'em No Limit ($0.50/$1.00 USD) - 2025/01/18 1:46:27 WET [2025/01/18 20:46:27 ET]
Table 'Elara II' 6-max Seat #6 is the button
Seat 1: VahTang_89 ($123.36 in chips) 
Seat 2: ReVeu710 ($122.28 in chips) 
Seat 3: Angel192690 ($41.93 in chips) 
Seat 4: EasyGamerrr ($114.68 in chips) 
Seat 5: An1an1 ($117.16 in chips) 
Seat 6: Xenicide ($105.32 in chips) 
VahTang_89: posts small blind $0.50
ReVeu710: posts big blind $1
*** HOLE CARDS ***
Angel192690: calls $1
EasyGamerrr: folds 
An1an1: folds 
Xenicide: raises $3.50 to $4.50
VahTang_89: folds 
ReVeu710: folds 
Angel192690: calls $3.50
*** FLOP *** [Ks 4d 3d]
Angel192690: checks 
Xenicide: bets $3.09
Angel192690: calls $3.09
*** TURN *** [Ks 4d 3d] [2s]
Angel192690: checks 
Xenicide: bets $11.89
Angel192690: folds 
Uncalled bet ($11.89) returned to Xenicide
Xenicide collected $15.85 from pot
*** SUMMARY ***
Total pot $16.68 | Rake $0.83 
Board [Ks 4d 3d 2s]
Seat 1: VahTang_89 (small blind) folded before Flop
Seat 2: ReVeu710 (big blind) folded before Flop
Seat 3: Angel192690 folded on the Turn
Seat 4: EasyGamerrr folded before Flop (didn't bet)
Seat 5: An1an1 folded before Flop (didn't bet)
Seat 6: Xenicide (button) collected ($15.85)



PokerStars Hand #254441726905:  Hold'em No Limit ($0.50/$1.00 USD) - 2025/01/18 1:47:43 WET [2025/01/18 20:47:43 ET]
Table 'Elara II' 6-max Seat #1 is the button
Seat 1: VahTang_89 ($122.86 in chips) 
Seat 2: ReVeu710 ($121.28 in chips) 
Seat 3: Angel192690 ($34.34 in chips) 
Seat 4: EasyGamerrr ($114.68 in chips) 
Seat 5: An1an1 ($117.16 in chips) 
Seat 6: Xenicide ($113.58 in chips) 
ReVeu710: posts small blind $0.50
Angel192690: posts big blind $1
*** HOLE CARDS ***
EasyGamerrr: folds 
An1an1: folds 
Xenicide: raises $1 to $2
VahTang_89: folds 
ReVeu710: folds 
Angel192690: folds 
Uncalled bet ($1) returned to Xenicide
Xenicide collected $2.50 from pot
*** SUMMARY ***
Total pot $2.50 | Rake $0 
Seat 1: VahTang_89 (button) folded before Flop (didn't bet)
Seat 2: ReVeu710 (small blind) folded before Flop
Seat 3: Angel192690 (big blind) folded before Flop
Seat 4: EasyGamerrr folded before Flop (didn't bet)
Seat 5: An1an1 folded before Flop (didn't bet)
Seat 6: Xenicide collected ($2.50)



PokerStars Hand #254441730186:  Hold'em No Limit ($0.50/$1.00 USD) - 2025/01/18 1:48:01 WET [2025/01/18 20:48:01 ET]
Table 'Elara II' 6-max Seat #2 is the button
Seat 1: VahTang_89 ($122.86 in chips) 
Seat 2: ReVeu710 ($120.78 in chips) 
Seat 3: Angel192690 ($33.34 in chips) 
Seat 4: EasyGamerrr ($114.68 in chips) 
Seat 5: An1an1 ($117.16 in chips) 
Seat 6: Xenicide ($115.08 in chips) 
Angel192690: posts small blind $0.50
EasyGamerrr: posts big blind $1
*** HOLE CARDS ***
An1an1: folds 
Xenicide: folds 
VahTang_89: folds 
ReVeu710: raises $1.50 to $2.50
Angel192690: calls $2
EasyGamerrr: folds 
*** FLOP *** [9h 7s 4h]
Angel192690: checks 
ReVeu710: checks 
*** TURN *** [9h 7s 4h] [Js]
Angel192690: checks 
ReVeu710: checks 
*** RIVER *** [9h 7s 4h Js] [6d]
Angel192690: bets $3
ReVeu710: folds 
Uncalled bet ($3) returned to Angel192690
Angel192690 collected $5.70 from pot
*** SUMMARY ***
Total pot $6 | Rake $0.30 
Board [9h 7s 4h Js 6d]
Seat 1: VahTang_89 folded before Flop (didn't bet)
Seat 2: ReVeu710 (button) folded on the River
Seat 3: Angel192690 (small blind) collected ($5.70)
Seat 4: EasyGamerrr (big blind) folded before Flop
Seat 5: An1an1 folded before Flop (didn't bet)
Seat 6: Xenicide folded before Flop (didn't bet)



PokerStars Hand #254441736663:  Hold'em No Limit ($0.50/$1.00 USD) - 2025/01/18 1:48:38 WET [2025/01/18 20:48:38 ET]
Table 'Elara II' 6-max Seat #3 is the button
Seat 1: VahTang_89 ($122.86 in chips) 
Seat 2: ReVeu710 ($118.28 in chips) 
Seat 3: Angel192690 ($36.54 in chips) 
Seat 4: EasyGamerrr ($113.68 in chips) 
Seat 5: An1an1 ($117.16 in chips) 
Seat 6: Xenicide ($115.08 in chips) 
EasyGamerrr: posts small blind $0.50
An1an1: posts big blind $1
*** HOLE CARDS ***
Xenicide: folds 
VahTang_89: folds 
ReVeu710: folds 
Angel192690: calls $1
EasyGamerrr: folds 
An1an1: checks 
*** FLOP *** [4c 4d Qh]
An1an1: checks 
Angel192690: checks 
*** TURN *** [4c 4d Qh] [Qd]
An1an1: checks 
Angel192690: bets $2
An1an1: calls $2
*** RIVER *** [4c 4d Qh Qd] [7s]
An1an1: checks 
Angel192690: bets $5
An1an1: calls $5
*** SHOW DOWN ***
Angel192690: shows [4s Kd] (a full house, Fours full of Queens)
An1an1: mucks hand 
Angel192690 collected $15.68 from pot
*** SUMMARY ***
Total pot $16.50 | Rake $0.82 
Board [4c 4d Qh Qd 7s]
Seat 1: VahTang_89 folded before Flop (didn't bet)
Seat 2: ReVeu710 folded before Flop (didn't bet)
Seat 3: Angel192690 (button) showed [4s Kd] and won ($15.68) with a full house, Fours full of Queens
Seat 4: EasyGamerrr (small blind) folded before Flop
Seat 5: An1an1 (big blind) mucked
Seat 6: Xenicide folded before Flop (didn't bet)



PokerStars Hand #254441747885:  Hold'em No Limit ($0.50/$1.00 USD) - 2025/01/18 1:49:42 WET [2025/01/18 20:49:42 ET]
Table 'Elara II' 6-max Seat #4 is the button
Seat 1: VahTang_89 ($122.86 in chips) 
Seat 2: ReVeu710 ($118.28 in chips) 
Seat 3: Angel192690 ($44.22 in chips) 
Seat 4: EasyGamerrr ($113.18 in chips) 
Seat 5: An1an1 ($109.16 in chips) 
Seat 6: Xenicide ($115.08 in chips) 
An1an1: posts small blind $0.50
Xenicide: posts big blind $1
*** HOLE CARDS ***
VahTang_89: folds 
ReVeu710: folds 
Angel192690: calls $1
EasyGamerrr: folds 
An1an1: folds 
Xenicide: checks 
*** FLOP *** [3h Qd 2c]
Xenicide: checks 
Angel192690: checks 
*** TURN *** [3h Qd 2c] [9s]
Xenicide: checks 
Angel192690: checks 
*** RIVER *** [3h Qd 2c 9s] [Ac]
Xenicide: checks 
Angel192690: bets $3
Xenicide: folds 
Uncalled bet ($3) returned to Angel192690
Angel192690 collected $2.38 from pot
*** SUMMARY ***
Total pot $2.50 | Rake $0.12 
Board [3h Qd 2c 9s Ac]
Seat 1: VahTang_89 folded before Flop (didn't bet)
Seat 2: ReVeu710 folded before Flop (didn't bet)
Seat 3: Angel192690 collected ($2.38)
Seat 4: EasyGamerrr (button) folded before Flop (didn't bet)
Seat 5: An1an1 (small blind) folded before Flop
Seat 6: Xenicide (big blind) folded on the River



PokerStars Hand #254441758673:  Hold'em No Limit ($0.50/$1.00 USD) - 2025/01/18 1:50:44 WET [2025/01/18 20:50:44 ET]
Table 'Elara II' 6-max Seat #5 is the button
Seat 2: ReVeu710 ($118.28 in chips) is sitting out
Seat 1: VahTang_89 ($122.86 in chips) 
Seat 3: Angel192690 ($45.60 in chips) 
Seat 4: EasyGamerrr ($113.18 in chips) 
Seat 5: An1an1 ($108.66 in chips) 
Seat 6: Xenicide ($114.08 in chips) 
Xenicide: posts small blind $0.50
VahTang_89: posts big blind $1
*** HOLE CARDS ***
Angel192690: calls $1
EasyGamerrr: folds 
An1an1: raises $4.50 to $5.50
Xenicide: folds 
VahTang_89: folds 
Angel192690: folds 
Uncalled bet ($4.50) returned to An1an1
An1an1 collected $3.50 from pot
An1an1: doesn't show hand 
*** SUMMARY ***
Total pot $3.50 | Rake $0 
Seat 2: ReVeu710
Seat 1: VahTang_89 (big blind) folded before Flop
Seat 3: Angel192690 folded before Flop
Seat 4: EasyGamerrr folded before Flop (didn't bet)
Seat 5: An1an1 (button) collected ($3.50)
Seat 6: Xenicide (small blind) folded before Flop



PokerStars Hand #254441765775:  Hold'em No Limit ($0.50/$1.00 USD) - 2025/01/18 1:51:23 WET [2025/01/18 20:51:23 ET]
Table 'Elara II' 6-max Seat #6 is the button
Seat 2: ReVeu710 ($118.28 in chips) is sitting out
Seat 1: VahTang_89 ($121.86 in chips) 
Seat 3: Angel192690 ($44.60 in chips) 
Seat 4: EasyGamerrr ($113.18 in chips) 
Seat 5: An1an1 ($111.16 in chips) 
Seat 6: Xenicide ($113.58 in chips) 
VahTang_89: posts small blind $0.50
Angel192690: posts big blind $1
*** HOLE CARDS ***
EasyGamerrr: folds 
An1an1: raises $1 to $2
Xenicide: folds 
VahTang_89: raises $8 to $10
Angel192690: folds 
An1an1: raises $12 to $22
VahTang_89: raises $99.86 to $121.86 and is all-in
An1an1: folds 
Uncalled bet ($99.86) returned to VahTang_89
VahTang_89 collected $45 from pot
VahTang_89: doesn't show hand 
*** SUMMARY ***
Total pot $45 | Rake $0 
Seat 2: ReVeu710
Seat 1: VahTang_89 (small blind) collected ($45)
Seat 3: Angel192690 (big blind) folded before Flop
Seat 4: EasyGamerrr folded before Flop (didn't bet)
Seat 5: An1an1 folded before Flop
Seat 6: Xenicide (button) folded before Flop (didn't bet)



PokerStars Hand #254441773048:  Hold'em No Limit ($0.50/$1.00 USD) - 2025/01/18 1:52:05 WET [2025/01/18 20:52:05 ET]
Table 'Elara II' 6-max Seat #1 is the button
Seat 2: ReVeu710 ($118.28 in chips) is sitting out
Seat 1: VahTang_89 ($144.86 in chips) 
Seat 3: Angel192690 ($43.60 in chips) 
Seat 4: EasyGamerrr ($113.18 in chips) 
Seat 5: An1an1 ($100 in chips) 
Seat 6: Xenicide ($113.58 in chips) 
Angel192690: posts small blind $0.50
EasyGamerrr: posts big blind $1
*** HOLE CARDS ***
An1an1: calls $1
Xenicide: raises $3 to $4
VahTang_89: folds 
Angel192690: calls $3.50
EasyGamerrr: folds 
An1an1: raises $14.50 to $18.50
Xenicide: folds 
Angel192690: folds 
Uncalled bet ($14.50) returned to An1an1
An1an1 collected $13 from pot
An1an1: doesn't show hand 
*** SUMMARY ***
Total pot $13 | Rake $0 
Seat 2: ReVeu710
Seat 1: VahTang_89 (button) folded before Flop (didn't bet)
Seat 3: Angel192690 (small blind) folded before Flop
Seat 4: EasyGamerrr (big blind) folded before Flop
Seat 5: An1an1 collected ($13)
Seat 6: Xenicide folded before Flop



PokerStars Hand #254441783962:  Hold'em No Limit ($0.50/$1.00 USD) - 2025/01/18 1:53:06 WET [2025/01/18 20:53:06 ET]
Table 'Elara II' 6-max Seat #3 is the button
Seat 2: ReVeu710 ($118.28 in chips) is sitting out
Seat 5: An1an1 ($109 in chips) is sitting out
Seat 1: VahTang_89 ($144.86 in chips) 
Seat 3: Angel192690 ($39.60 in chips) 
Seat 4: EasyGamerrr ($112.18 in chips) 
Seat 6: Xenicide ($109.58 in chips) 
EasyGamerrr: posts small blind $0.50
An1an1: is sitting out 
Xenicide: posts big blind $1
*** HOLE CARDS ***
VahTang_89: folds 
Angel192690: folds 
An1an1 leaves the table
EasyGamerrr: folds 
Uncalled bet ($0.50) returned to Xenicide
Xenicide collected $1 from pot
*** SUMMARY ***
Total pot $1 | Rake $0 
Seat 2: ReVeu710
Seat 5: An1an1
Seat 1: VahTang_89 folded before Flop (didn't bet)
Seat 3: Angel192690 (button) folded before Flop (didn't bet)
Seat 4: EasyGamerrr (small blind) folded before Flop
Seat 6: Xenicide (big blind) collected ($1)



PokerStars Hand #254441786864:  Hold'em No Limit ($0.50/$1.00 USD) - 2025/01/18 1:53:23 WET [2025/01/18 20:53:23 ET]
Table 'Elara II' 6-max Seat #4 is the button
Seat 2: ReVeu710 ($118.28 in chips) is sitting out
Seat 1: VahTang_89 ($144.86 in chips) 
Seat 3: Angel192690 ($39.60 in chips) 
Seat 4: EasyGamerrr ($111.68 in chips) 
Seat 6: Xenicide ($110.08 in chips) 
Xenicide: posts small blind $0.50
VahTang_89: posts big blind $1
*** HOLE CARDS ***
Angel192690: folds 
EasyGamerrr: folds 
Xenicide: folds 
Uncalled bet ($0.50) returned to VahTang_89
VahTang_89 collected $1 from pot
VahTang_89: doesn't show hand 
rrrro joins the table at seat #5 
*** SUMMARY ***
Total pot $1 | Rake $0 
Seat 2: ReVeu710
Seat 1: VahTang_89 (big blind) collected ($1)
Seat 3: Angel192690 folded before Flop (didn't bet)
Seat 4: EasyGamerrr (button) folded before Flop (didn't bet)
Seat 6: Xenicide (small blind) folded before Flop



PokerStars Hand #254441791934:  Hold'em No Limit ($0.50/$1.00 USD) - 2025/01/18 1:53:52 WET [2025/01/18 20:53:52 ET]
Table 'Elara II' 6-max Seat #6 is the button
Seat 2: ReVeu710 ($118.28 in chips) is sitting out
Seat 5: rrrro ($100 in chips) is sitting out
Seat 1: VahTang_89 ($145.36 in chips) 
Seat 3: Angel192690 ($39.60 in chips) 
Seat 4: EasyGamerrr ($111.68 in chips) 
Seat 6: Xenicide ($109.58 in chips) 
VahTang_89: posts small blind $0.50
Angel192690: posts big blind $1
rrrro: sits out 
*** HOLE CARDS ***
EasyGamerrr: folds 
Xenicide: raises $1.25 to $2.25
VahTang_89: folds 
Angel192690 is disconnected 
Angel192690 has timed out while disconnected
Angel192690: folds 
Uncalled bet ($1.25) returned to Xenicide
Xenicide collected $2.50 from pot
*** SUMMARY ***
Total pot $2.50 | Rake $0 
Seat 2: ReVeu710
Seat 5: rrrro
Seat 1: VahTang_89 (small blind) folded before Flop
Seat 3: Angel192690 (big blind) folded before Flop
Seat 4: EasyGamerrr folded before Flop (didn't bet)
Seat 6: Xenicide (button) collected ($2.50)



PokerStars Hand #254441801270:  Hold'em No Limit ($0.50/$1.00 USD) - 2025/01/18 1:54:45 WET [2025/01/18 20:54:45 ET]
Table 'Elara II' 6-max Seat #1 is the button
Seat 2: ReVeu710 ($118.28 in chips) is sitting out
Seat 3: Angel192690 ($38.60 in chips) is sitting out
Seat 1: VahTang_89 ($144.86 in chips) 
Seat 4: EasyGamerrr ($111.68 in chips) 
Seat 5: rrrro ($100 in chips) 
Seat 6: Xenicide ($111.08 in chips) 
EasyGamerrr: posts small blind $0.50
rrrro: posts big blind $1
*** HOLE CARDS ***
Xenicide: folds 
VahTang_89: folds 
EasyGamerrr: folds 
Uncalled bet ($0.50) returned to rrrro
rrrro collected $1 from pot
rrrro: doesn't show hand 
*** SUMMARY ***
Total pot $1 | Rake $0 
Seat 2: ReVeu710
Seat 3: Angel192690
Seat 1: VahTang_89 (button) folded before Flop (didn't bet)
Seat 4: EasyGamerrr (small blind) folded before Flop
Seat 5: rrrro (big blind) collected ($1)
Seat 6: Xenicide folded before Flop (didn't bet)



PokerStars Hand #254441803671:  Hold'em No Limit ($0.50/$1.00 USD) - 2025/01/18 1:54:59 WET [2025/01/18 20:54:59 ET]
Table 'Elara II' 6-max Seat #4 is the button
Seat 2: ReVeu710 ($118.28 in chips) is sitting out
Seat 3: Angel192690 ($38.60 in chips) is sitting out
Seat 1: VahTang_89 ($144.86 in chips) 
Seat 4: EasyGamerrr ($111.18 in chips) 
Seat 5: rrrro ($100.50 in chips) 
Seat 6: Xenicide ($111.08 in chips) 
rrrro: posts small blind $0.50
Xenicide: posts big blind $1
ReVeu710: sits out 
*** HOLE CARDS ***
VahTang_89: folds 
EasyGamerrr: raises $1.50 to $2.50
rrrro: raises $9.50 to $12
Xenicide: folds 
EasyGamerrr: folds 
Uncalled bet ($9.50) returned to rrrro
rrrro collected $6 from pot
rrrro: doesn't show hand 
*** SUMMARY ***
Total pot $6 | Rake $0 
Seat 2: ReVeu710
Seat 3: Angel192690
Seat 1: VahTang_89 folded before Flop (didn't bet)
Seat 4: EasyGamerrr (button) folded before Flop
Seat 5: rrrro (small blind) collected ($6)
Seat 6: Xenicide (big blind) folded before Flop



PokerStars Hand #254441807578:  Hold'em No Limit ($0.50/$1.00 USD) - 2025/01/18 1:55:26 WET [2025/01/18 20:55:26 ET]
Table 'Elara II' 6-max Seat #5 is the button
Seat 2: ReVeu710 ($118.28 in chips) is sitting out
Seat 3: Angel192690 ($38.60 in chips) is sitting out
Seat 1: VahTang_89 ($144.86 in chips) 
Seat 4: EasyGamerrr ($108.68 in chips) 
Seat 5: rrrro ($104 in chips) 
Seat 6: Xenicide ($110.08 in chips) 
Xenicide: posts small blind $0.50
VahTang_89: posts big blind $1
ReVeu710: sits out 
*** HOLE CARDS ***
EasyGamerrr: folds 
rrrro: folds 
Xenicide: raises $2.50 to $3.50
VahTang_89: raises $7 to $10.50
Xenicide: raises $10.50 to $21
VahTang_89: raises $123.86 to $144.86 and is all-in
Xenicide: folds 
Uncalled bet ($123.86) returned to VahTang_89
VahTang_89 collected $42 from pot
VahTang_89: doesn't show hand 
*** SUMMARY ***
Total pot $42 | Rake $0 
Seat 2: ReVeu710
Seat 3: Angel192690
Seat 1: VahTang_89 (big blind) collected ($42)
Seat 4: EasyGamerrr folded before Flop (didn't bet)
Seat 5: rrrro (button) folded before Flop (didn't bet)
Seat 6: Xenicide (small blind) folded before Flop



PokerStars Hand #254441814664:  Hold'em No Limit ($0.50/$1.00 USD) - 2025/01/18 1:56:19 WET [2025/01/18 20:56:19 ET]
Table 'Elara II' 6-max Seat #6 is the button
Seat 1: VahTang_89 ($165.86 in chips) 
Seat 2: ReVeu710 ($118.28 in chips) 
Seat 3: Angel192690 ($38.60 in chips) 
Seat 4: EasyGamerrr ($108.68 in chips) 
Seat 5: rrrro ($104 in chips) 
Seat 6: Xenicide ($100 in chips) 
VahTang_89: posts small blind $0.50
ReVeu710: posts big blind $1
Angel192690: posts small blind $0.50
*** HOLE CARDS ***
Angel192690: folds 
EasyGamerrr: folds 
rrrro: folds 
Xenicide: folds 
VahTang_89: folds 
Uncalled bet ($0.50) returned to ReVeu710
ReVeu710 collected $1.50 from pot
ReVeu710: doesn't show hand 
*** SUMMARY ***
Total pot $1.50 | Rake $0 
Seat 1: VahTang_89 (small blind) folded before Flop
Seat 2: ReVeu710 (big blind) collected ($1.50)
Seat 3: Angel192690 folded before Flop (didn't bet)
Seat 4: EasyGamerrr folded before Flop (didn't bet)
Seat 5: rrrro folded before Flop (didn't bet)
Seat 6: Xenicide (button) folded before Flop (didn't bet)



PokerStars Hand #254441817064:  Hold'em No Limit ($0.50/$1.00 USD) - 2025/01/18 1:56:36 WET [2025/01/18 20:56:36 ET]
Table 'Elara II' 6-max Seat #1 is the button
Seat 1: VahTang_89 ($165.36 in chips) 
Seat 2: ReVeu710 ($119.28 in chips) 
Seat 3: Angel192690 ($38.10 in chips) 
Seat 4: EasyGamerrr ($108.68 in chips) 
Seat 5: rrrro ($104 in chips) 
Seat 6: Xenicide ($100 in chips) 
ReVeu710: posts small blind $0.50
Angel192690: posts big blind $1
*** HOLE CARDS ***
EasyGamerrr: folds 
rrrro: folds 
Xenicide: folds 
VahTang_89: folds 
ReVeu710: folds 
Uncalled bet ($0.50) returned to Angel192690
Angel192690 collected $1 from pot
*** SUMMARY ***
Total pot $1 | Rake $0 
Seat 1: VahTang_89 (button) folded before Flop (didn't bet)
Seat 2: ReVeu710 (small blind) folded before Flop
Seat 3: Angel192690 (big blind) collected ($1)
Seat 4: EasyGamerrr folded before Flop (didn't bet)
Seat 5: rrrro folded before Flop (didn't bet)
Seat 6: Xenicide folded before Flop (didn't bet)



PokerStars Hand #254441818381:  Hold'em No Limit ($0.50/$1.00 USD) - 2025/01/18 1:56:46 WET [2025/01/18 20:56:46 ET]
Table 'Elara II' 6-max Seat #2 is the button
Seat 1: VahTang_89 ($165.36 in chips) 
Seat 2: ReVeu710 ($118.78 in chips) 
Seat 3: Angel192690 ($38.60 in chips) 
Seat 4: EasyGamerrr ($108.68 in chips) 
Seat 5: rrrro ($104 in chips) 
Seat 6: Xenicide ($100 in chips) 
Angel192690: posts small blind $0.50
EasyGamerrr: posts big blind $1
*** HOLE CARDS ***
rrrro: raises $1 to $2
Xenicide: folds 
VahTang_89: folds 
ReVeu710: folds 
Angel192690: calls $1.50
EasyGamerrr: calls $1
*** FLOP *** [7c 4c 3h]
Angel192690: checks 
EasyGamerrr: checks 
rrrro: checks 
*** TURN *** [7c 4c 3h] [Ks]
Angel192690: checks 
EasyGamerrr: checks 
rrrro: bets $2.85
Angel192690: folds 
EasyGamerrr: calls $2.85
*** RIVER *** [7c 4c 3h Ks] [Ac]
EasyGamerrr: checks 
rrrro: checks 
*** SHOW DOWN ***
EasyGamerrr: shows [5d 5s] (a pair of Fives)
rrrro: shows [6h Ah] (a pair of Aces)
rrrro collected $11.12 from pot
*** SUMMARY ***
Total pot $11.70 | Rake $0.58 
Board [7c 4c 3h Ks Ac]
Seat 1: VahTang_89 folded before Flop (didn't bet)
Seat 2: ReVeu710 (button) folded before Flop (didn't bet)
Seat 3: Angel192690 (small blind) folded on the Turn
Seat 4: EasyGamerrr (big blind) showed [5d 5s] and lost with a pair of Fives
Seat 5: rrrro showed [6h Ah] and won ($11.12) with a pair of Aces
Seat 6: Xenicide folded before Flop (didn't bet)



PokerStars Hand #254441826981:  Hold'em No Limit ($0.50/$1.00 USD) - 2025/01/18 1:57:50 WET [2025/01/18 20:57:50 ET]
Table 'Elara II' 6-max Seat #3 is the button
Seat 1: VahTang_89 ($165.36 in chips) 
Seat 2: ReVeu710 ($118.78 in chips) 
Seat 3: Angel192690 ($36.60 in chips) 
Seat 4: EasyGamerrr ($103.83 in chips) 
Seat 5: rrrro ($110.27 in chips) 
Seat 6: Xenicide ($100 in chips) 
EasyGamerrr: posts small blind $0.50
rrrro: posts big blind $1
*** HOLE CARDS ***
Xenicide: folds 
VahTang_89: folds 
ReVeu710: raises $1.30 to $2.30
Angel192690: folds 
EasyGamerrr: folds 
rrrro: folds 
Uncalled bet ($1.30) returned to ReVeu710
ReVeu710 collected $2.50 from pot
ReVeu710: doesn't show hand 
*** SUMMARY ***
Total pot $2.50 | Rake $0 
Seat 1: VahTang_89 folded before Flop (didn't bet)
Seat 2: ReVeu710 collected ($2.50)
Seat 3: Angel192690 (button) folded before Flop (didn't bet)
Seat 4: EasyGamerrr (small blind) folded before Flop
Seat 5: rrrro (big blind) folded before Flop
Seat 6: Xenicide folded before Flop (didn't bet)



PokerStars Hand #254441829515:  Hold'em No Limit ($0.50/$1.00 USD) - 2025/01/18 1:58:09 WET [2025/01/18 20:58:09 ET]
Table 'Elara II' 6-max Seat #4 is the button
Seat 1: VahTang_89 ($165.36 in chips) 
Seat 2: ReVeu710 ($120.28 in chips) 
Seat 3: Angel192690 ($36.60 in chips) 
Seat 4: EasyGamerrr ($103.33 in chips) 
Seat 5: rrrro ($109.27 in chips) 
Seat 6: Xenicide ($100 in chips) 
rrrro: posts small blind $0.50
Xenicide: posts big blind $1
*** HOLE CARDS ***
VahTang_89: folds 
ReVeu710: folds 
Angel192690: calls $1
EasyGamerrr: folds 
rrrro: folds 
Xenicide: raises $8 to $9
Angel192690: calls $8
*** FLOP *** [Jd 7h 2h]
Xenicide: bets $91 and is all-in
Angel192690: folds 
Uncalled bet ($91) returned to Xenicide
Xenicide collected $17.58 from pot
Xenicide: doesn't show hand 
*** SUMMARY ***
Total pot $18.50 | Rake $0.92 
Board [Jd 7h 2h]
Seat 1: VahTang_89 folded before Flop (didn't bet)
Seat 2: ReVeu710 folded before Flop (didn't bet)
Seat 3: Angel192690 folded on the Flop
Seat 4: EasyGamerrr (button) folded before Flop (didn't bet)
Seat 5: rrrro (small blind) folded before Flop
Seat 6: Xenicide (big blind) collected ($17.58)



PokerStars Hand #254441835122:  Hold'em No Limit ($0.50/$1.00 USD) - 2025/01/18 1:58:50 WET [2025/01/18 20:58:50 ET]
Table 'Elara II' 6-max Seat #5 is the button
Seat 1: VahTang_89 ($165.36 in chips) 
Seat 2: ReVeu710 ($120.28 in chips) 
Seat 3: Angel192690 ($27.60 in chips) 
Seat 4: EasyGamerrr ($103.33 in chips) 
Seat 5: rrrro ($108.77 in chips) 
Seat 6: Xenicide ($108.58 in chips) 
Xenicide: posts small blind $0.50
VahTang_89: posts big blind $1
*** HOLE CARDS ***
ReVeu710: folds 
Angel192690: folds 
EasyGamerrr: folds 
rrrro: folds 
Xenicide: folds 
Uncalled bet ($0.50) returned to VahTang_89
VahTang_89 collected $1 from pot
VahTang_89: doesn't show hand 
*** SUMMARY ***
Total pot $1 | Rake $0 
Seat 1: VahTang_89 (big blind) collected ($1)
Seat 2: ReVeu710 folded before Flop (didn't bet)
Seat 3: Angel192690 folded before Flop (didn't bet)
Seat 4: EasyGamerrr folded before Flop (didn't bet)
Seat 5: rrrro (button) folded before Flop (didn't bet)
Seat 6: Xenicide (small blind) folded before Flop



PokerStars Hand #254441836411:  Hold'em No Limit ($0.50/$1.00 USD) - 2025/01/18 1:58:59 WET [2025/01/18 20:58:59 ET]
Table 'Elara II' 6-max Seat #6 is the button
Seat 1: VahTang_89 ($165.86 in chips) 
Seat 2: ReVeu710 ($120.28 in chips) 
Seat 3: Angel192690 ($27.60 in chips) 
Seat 4: EasyGamerrr ($103.33 in chips) 
Seat 5: rrrro ($108.77 in chips) 
Seat 6: Xenicide ($108.08 in chips) 
VahTang_89: posts small blind $0.50
ReVeu710: posts big blind $1
*** HOLE CARDS ***
Angel192690: calls $1
EasyGamerrr: folds 
rrrro: raises $3 to $4
Xenicide: folds 
VahTang_89: folds 
ReVeu710: folds 
Angel192690: calls $3
*** FLOP *** [9s 6s Qh]
Angel192690: checks 
rrrro: bets $2.25
Angel192690: folds 
Uncalled bet ($2.25) returned to rrrro
rrrro collected $9.02 from pot
rrrro: doesn't show hand 
*** SUMMARY ***
Total pot $9.50 | Rake $0.48 
Board [9s 6s Qh]
Seat 1: VahTang_89 (small blind) folded before Flop
Seat 2: ReVeu710 (big blind) folded before Flop
Seat 3: Angel192690 folded on the Flop
Seat 4: EasyGamerrr folded before Flop (didn't bet)
Seat 5: rrrro collected ($9.02)
Seat 6: Xenicide (button) folded before Flop (didn't bet)



PokerStars Hand #254441841906:  Hold'em No Limit ($0.50/$1.00 USD) - 2025/01/18 1:59:39 WET [2025/01/18 20:59:39 ET]
Table 'Elara II' 6-max Seat #1 is the button
Seat 1: VahTang_89 ($165.36 in chips) 
Seat 2: ReVeu710 ($119.28 in chips) 
Seat 3: Angel192690 ($23.60 in chips) 
Seat 4: EasyGamerrr ($103.33 in chips) 
Seat 5: rrrro ($113.79 in chips) 
Seat 6: Xenicide ($108.08 in chips) 
ReVeu710: posts small blind $0.50
Angel192690: posts big blind $1
*** HOLE CARDS ***
EasyGamerrr: folds 
rrrro: folds 
Xenicide: raises $1 to $2
VahTang_89: raises $5 to $7
ReVeu710: folds 
Angel192690: folds 
Xenicide: folds 
Uncalled bet ($5) returned to VahTang_89
VahTang_89 collected $5.50 from pot
VahTang_89: doesn't show hand 
*** SUMMARY ***
Total pot $5.50 | Rake $0 
Seat 1: VahTang_89 (button) collected ($5.50)
Seat 2: ReVeu710 (small blind) folded before Flop
Seat 3: Angel192690 (big blind) folded before Flop
Seat 4: EasyGamerrr folded before Flop (didn't bet)
Seat 5: rrrro folded before Flop (didn't bet)
Seat 6: Xenicide folded before Flop



PokerStars Hand #254441845173:  Hold'em No Limit ($0.50/$1.00 USD) - 2025/01/18 2:00:03 WET [2025/01/18 21:00:03 ET]
Table 'Elara II' 6-max Seat #2 is the button
Seat 1: VahTang_89 ($168.86 in chips) 
Seat 2: ReVeu710 ($118.78 in chips) 
Seat 3: Angel192690 ($22.60 in chips) 
Seat 4: EasyGamerrr ($103.33 in chips) 
Seat 5: rrrro ($113.79 in chips) 
Seat 6: Xenicide ($106.08 in chips) 
Angel192690: posts small blind $0.50
EasyGamerrr: posts big blind $1
*** HOLE CARDS ***
rrrro: raises $1 to $2
Xenicide: folds 
VahTang_89: folds 
ReVeu710: folds 
Angel192690: calls $1.50
EasyGamerrr: folds 
*** FLOP *** [Jd Js 9s]
Angel192690: checks 
rrrro: bets $1.19
Angel192690: calls $1.19
*** TURN *** [Jd Js 9s] [7d]
Angel192690: checks 
rrrro: checks 
*** RIVER *** [Jd Js 9s 7d] [Ad]
Angel192690: bets $3
rrrro: calls $3
*** SHOW DOWN ***
Angel192690: shows [Td 6d] (a flush, Ace high)
rrrro: mucks hand 
Angel192690 collected $12.71 from pot
*** SUMMARY ***
Total pot $13.38 | Rake $0.67 
Board [Jd Js 9s 7d Ad]
Seat 1: VahTang_89 folded before Flop (didn't bet)
Seat 2: ReVeu710 (button) folded before Flop (didn't bet)
Seat 3: Angel192690 (small blind) showed [Td 6d] and won ($12.71) with a flush, Ace high
Seat 4: EasyGamerrr (big blind) folded before Flop
Seat 5: rrrro mucked
Seat 6: Xenicide folded before Flop (didn't bet)



PokerStars Hand #254441852617:  Hold'em No Limit ($0.50/$1.00 USD) - 2025/01/18 2:00:53 WET [2025/01/18 21:00:53 ET]
Table 'Elara II' 6-max Seat #3 is the button
Seat 1: VahTang_89 ($168.86 in chips) 
Seat 2: ReVeu710 ($118.78 in chips) 
Seat 3: Angel192690 ($29.12 in chips) 
Seat 4: EasyGamerrr ($102.33 in chips) 
Seat 5: rrrro ($107.60 in chips) 
Seat 6: Xenicide ($106.08 in chips) 
EasyGamerrr: posts small blind $0.50
rrrro: posts big blind $1
*** HOLE CARDS ***
Xenicide: folds 
VahTang_89: folds 
ReVeu710: folds 
Angel192690: calls $1
EasyGamerrr: folds 
rrrro: raises $4 to $5
Angel192690: folds 
Uncalled bet ($4) returned to rrrro
rrrro collected $2.50 from pot
rrrro: doesn't show hand 
*** SUMMARY ***
Total pot $2.50 | Rake $0 
Seat 1: VahTang_89 folded before Flop (didn't bet)
Seat 2: ReVeu710 folded before Flop (didn't bet)
Seat 3: Angel192690 (button) folded before Flop
Seat 4: EasyGamerrr (small blind) folded before Flop
Seat 5: rrrro (big blind) collected ($2.50)
Seat 6: Xenicide folded before Flop (didn't bet)



PokerStars Hand #254441855505:  Hold'em No Limit ($0.50/$1.00 USD) - 2025/01/18 2:01:11 WET [2025/01/18 21:01:11 ET]
Table 'Elara II' 6-max Seat #4 is the button
Seat 1: VahTang_89 ($168.86 in chips) 
Seat 2: ReVeu710 ($118.78 in chips) 
Seat 3: Angel192690 ($28.12 in chips) 
Seat 4: EasyGamerrr ($101.83 in chips) 
Seat 5: rrrro ($109.10 in chips) 
Seat 6: Xenicide ($106.08 in chips) 
rrrro: posts small blind $0.50
Xenicide: posts big blind $1
*** HOLE CARDS ***
VahTang_89: folds 
ReVeu710: folds 
Angel192690: calls $1
EasyGamerrr: raises $2.50 to $3.50
rrrro: folds 
Xenicide: folds 
Angel192690: calls $2.50
*** FLOP *** [8s 3c Jc]
Angel192690: checks 
EasyGamerrr: bets $2.91
Angel192690: folds 
Uncalled bet ($2.91) returned to EasyGamerrr
EasyGamerrr collected $8.08 from pot
EasyGamerrr: doesn't show hand 
*** SUMMARY ***
Total pot $8.50 | Rake $0.42 
Board [8s 3c Jc]
Seat 1: VahTang_89 folded before Flop (didn't bet)
Seat 2: ReVeu710 folded before Flop (didn't bet)
Seat 3: Angel192690 folded on the Flop
Seat 4: EasyGamerrr (button) collected ($8.08)
Seat 5: rrrro (small blind) folded before Flop
Seat 6: Xenicide (big blind) folded before Flop



PokerStars Hand #254441861899:  Hold'em No Limit ($0.50/$1.00 USD) - 2025/01/18 2:01:49 WET [2025/01/18 21:01:49 ET]
Table 'Elara II' 6-max Seat #5 is the button
Seat 1: VahTang_89 ($168.86 in chips) is sitting out
Seat 2: ReVeu710 ($118.78 in chips) 
Seat 3: Angel192690 ($24.62 in chips) 
Seat 4: EasyGamerrr ($106.41 in chips) 
Seat 5: rrrro ($108.60 in chips) 
Seat 6: Xenicide ($105.08 in chips) 
Xenicide: posts small blind $0.50
VahTang_89: is sitting out 
ReVeu710: posts big blind $1
*** HOLE CARDS ***
VahTang_89 leaves the table
Angel192690: calls $1
EasyGamerrr: folds 
rrrro: folds 
nikalas22 joins the table at seat #1 
Xenicide: calls $0.50
ReVeu710: checks 
*** FLOP *** [Tc 6d 8d]
Xenicide: bets $1.57
ReVeu710: calls $1.57
Angel192690: calls $1.57
*** TURN *** [Tc 6d 8d] [Qs]
Xenicide: checks 
ReVeu710: checks 
Angel192690: checks 
*** RIVER *** [Tc 6d 8d Qs] [Ks]
Xenicide: checks 
ReVeu710: checks 
Angel192690: checks 
*** SHOW DOWN ***
Xenicide: shows [Jd Th] (a pair of Tens)
ReVeu710: mucks hand 
Angel192690: shows [As Qd] (a pair of Queens)
Angel192690 collected $7.32 from pot
*** SUMMARY ***
Total pot $7.71 | Rake $0.39 
Board [Tc 6d 8d Qs Ks]
Seat 1: VahTang_89
Seat 2: ReVeu710 (big blind) mucked
Seat 3: Angel192690 showed [As Qd] and won ($7.32) with a pair of Queens
Seat 4: EasyGamerrr folded before Flop (didn't bet)
Seat 5: rrrro (button) folded before Flop (didn't bet)
Seat 6: Xenicide (small blind) showed [Jd Th] and lost with a pair of Tens



PokerStars Hand #254441873271:  Hold'em No Limit ($0.50/$1.00 USD) - 2025/01/18 2:02:56 WET [2025/01/18 21:02:56 ET]
Table 'Elara II' 6-max Seat #6 is the button
Seat 1: nikalas22 ($100 in chips) is sitting out
Seat 2: ReVeu710 ($116.21 in chips) 
Seat 3: Angel192690 ($29.37 in chips) 
Seat 4: EasyGamerrr ($106.41 in chips) 
Seat 5: rrrro ($108.60 in chips) 
Seat 6: Xenicide ($102.51 in chips) 
ReVeu710: posts small blind $0.50
Angel192690: posts big blind $1
*** HOLE CARDS ***
EasyGamerrr: folds 
rrrro: folds 
Xenicide: raises $1.25 to $2.25
ReVeu710: folds 
Angel192690: calls $1.25
*** FLOP *** [Qh Kh Jd]
Angel192690: checks 
Xenicide: bets $1.19
Angel192690: calls $1.19
*** TURN *** [Qh Kh Jd] [6d]
Angel192690: checks 
Xenicide: checks 
*** RIVER *** [Qh Kh Jd 6d] [Qs]
Angel192690: checks 
Xenicide: checks 
*** SHOW DOWN ***
Angel192690: shows [7h 3h] (a pair of Queens)
Xenicide: shows [3c 3s] (two pair, Queens and Threes)
Xenicide collected $7.01 from pot
*** SUMMARY ***
Total pot $7.38 | Rake $0.37 
Board [Qh Kh Jd 6d Qs]
Seat 1: nikalas22
Seat 2: ReVeu710 (small blind) folded before Flop
Seat 3: Angel192690 (big blind) showed [7h 3h] and lost with a pair of Queens
Seat 4: EasyGamerrr folded before Flop (didn't bet)
Seat 5: rrrro folded before Flop (didn't bet)
Seat 6: Xenicide (button) showed [3c 3s] and won ($7.01) with two pair, Queens and Threes



PokerStars Hand #254441885704:  Hold'em No Limit ($0.50/$1.00 USD) - 2025/01/18 2:04:08 WET [2025/01/18 21:04:08 ET]
Table 'Elara II' 6-max Seat #2 is the button
Seat 1: nikalas22 ($100 in chips) is sitting out
Seat 2: ReVeu710 ($115.71 in chips) 
Seat 3: Angel192690 ($25.93 in chips) 
Seat 4: EasyGamerrr ($106.41 in chips) 
Seat 5: rrrro ($108.60 in chips) 
Seat 6: Xenicide ($106.08 in chips) 
Angel192690: posts small blind $0.50
EasyGamerrr: posts big blind $1
nikalas22: sits out 
*** HOLE CARDS ***
rrrro: folds 
Xenicide: raises $1 to $2
ReVeu710: folds 
Angel192690 has timed out
Angel192690: folds 
EasyGamerrr: folds 
Uncalled bet ($1) returned to Xenicide
Xenicide collected $2.50 from pot
*** SUMMARY ***
Total pot $2.50 | Rake $0 
Seat 1: nikalas22
Seat 2: ReVeu710 (button) folded before Flop (didn't bet)
Seat 3: Angel192690 (small blind) folded before Flop
Seat 4: EasyGamerrr (big blind) folded before Flop
Seat 5: rrrro folded before Flop (didn't bet)
Seat 6: Xenicide collected ($2.50)



PokerStars Hand #254441894684:  Hold'em No Limit ($0.50/$1.00 USD) - 2025/01/18 2:04:59 WET [2025/01/18 21:04:59 ET]
Table 'Elara II' 6-max Seat #4 is the button
Seat 1: nikalas22 ($100 in chips) is sitting out
Seat 3: Angel192690 ($25.43 in chips) is sitting out
Seat 2: ReVeu710 ($115.71 in chips) 
Seat 4: EasyGamerrr ($105.41 in chips) 
Seat 5: rrrro ($108.60 in chips) 
Seat 6: Xenicide ($107.58 in chips) 
rrrro: posts small blind $0.50
Xenicide: posts big blind $1
nikalas22: sits out 
*** HOLE CARDS ***
ReVeu710: folds 
EasyGamerrr: folds 
rrrro: raises $2 to $3
Xenicide: folds 
Uncalled bet ($2) returned to rrrro
rrrro collected $2 from pot
rrrro: doesn't show hand 
*** SUMMARY ***
Total pot $2 | Rake $0 
Seat 1: nikalas22
Seat 3: Angel192690
Seat 2: ReVeu710 folded before Flop (didn't bet)
Seat 4: EasyGamerrr (button) folded before Flop (didn't bet)
Seat 5: rrrro (small blind) collected ($2)
Seat 6: Xenicide (big blind) folded before Flop



PokerStars Hand #254441898702:  Hold'em No Limit ($0.50/$1.00 USD) - 2025/01/18 2:05:22 WET [2025/01/18 21:05:22 ET]
Table 'Elara II' 6-max Seat #6 is the button
Seat 1: nikalas22 ($100 in chips) is sitting out
Seat 2: ReVeu710 ($115.71 in chips) 
Seat 3: Angel192690 ($25.43 in chips) 
Seat 4: EasyGamerrr ($105.41 in chips) 
Seat 6: Xenicide ($106.58 in chips) 
ReVeu710: posts small blind $0.50
Angel192690: posts big blind $1
*** HOLE CARDS ***
EasyGamerrr has timed out
EasyGamerrr: folds 
Xenicide: folds 
ReVeu710: folds 
Uncalled bet ($0.50) returned to Angel192690
Sadyhov V.V. joins the table at seat #5 
Angel192690 collected $1 from pot
*** SUMMARY ***
Total pot $1 | Rake $0 
Seat 1: nikalas22
Seat 2: ReVeu710 (small blind) folded before Flop
Seat 3: Angel192690 (big blind) collected ($1)
Seat 4: EasyGamerrr folded before Flop (didn't bet)
Seat 6: Xenicide (button) folded before Flop (didn't bet)



PokerStars Hand #254441902459:  Hold'em No Limit ($0.50/$1.00 USD) - 2025/01/18 2:05:44 WET [2025/01/18 21:05:44 ET]
Table 'Elara II' 6-max Seat #2 is the button
Seat 1: nikalas22 ($100 in chips) is sitting out
Seat 5: Sadyhov V.V. ($100 in chips) is sitting out
Seat 2: ReVeu710 ($115.21 in chips) 
Seat 3: Angel192690 ($25.93 in chips) 
Seat 4: EasyGamerrr ($105.41 in chips) 
Seat 6: Xenicide ($106.58 in chips) 
Angel192690: posts small blind $0.50
EasyGamerrr: posts big blind $1
Sadyhov V.V.: sits out 
nikalas22: sits out 
*** HOLE CARDS ***
Xenicide: folds 
ReVeu710: folds 
Angel192690 has timed out
Angel192690: folds 
Uncalled bet ($0.50) returned to EasyGamerrr
EasyGamerrr collected $1 from pot
EasyGamerrr: doesn't show hand 
*** SUMMARY ***
Total pot $1 | Rake $0 
Seat 1: nikalas22
Seat 5: Sadyhov V.V.
Seat 2: ReVeu710 (button) folded before Flop (didn't bet)
Seat 3: Angel192690 (small blind) folded before Flop
Seat 4: EasyGamerrr (big blind) collected ($1)
Seat 6: Xenicide folded before Flop (didn't bet)



PokerStars Hand #254441905834:  Hold'em No Limit ($0.50/$1.00 USD) - 2025/01/18 2:06:04 WET [2025/01/18 21:06:04 ET]
Table 'Elara II' 6-max Seat #4 is the button
Seat 3: Angel192690 ($25.43 in chips) is sitting out
Seat 5: Sadyhov V.V. ($100 in chips) is sitting out
Seat 1: nikalas22 ($100 in chips) 
Seat 2: ReVeu710 ($115.21 in chips) 
Seat 4: EasyGamerrr ($105.91 in chips) 
Seat 6: Xenicide ($106.58 in chips) 
Xenicide: posts small blind $0.50
nikalas22: posts big blind $1
*** HOLE CARDS ***
ReVeu710: folds 
EasyGamerrr: folds 
Xenicide: raises $2.50 to $3.50
nikalas22: folds 
Uncalled bet ($2.50) returned to Xenicide
Xenicide collected $2 from pot
*** SUMMARY ***
Total pot $2 | Rake $0 
Seat 3: Angel192690
Seat 5: Sadyhov V.V.
Seat 1: nikalas22 (big blind) folded before Flop
Seat 2: ReVeu710 folded before Flop (didn't bet)
Seat 4: EasyGamerrr (button) folded before Flop (didn't bet)
Seat 6: Xenicide (small blind) collected ($2)



PokerStars Hand #254441910364:  Hold'em No Limit ($0.50/$1.00 USD) - 2025/01/18 2:06:31 WET [2025/01/18 21:06:31 ET]
Table 'Elara II' 6-max Seat #6 is the button
Seat 5: Sadyhov V.V. ($100 in chips) is sitting out
Seat 1: nikalas22 ($100 in chips) 
Seat 2: ReVeu710 ($115.21 in chips) 
Seat 3: Angel192690 ($25.43 in chips) 
Seat 4: EasyGamerrr ($105.91 in chips) 
Seat 6: Xenicide ($107.58 in chips) 
nikalas22: posts small blind $0.50
ReVeu710: posts big blind $1
Sadyhov V.V.: sits out 
*** HOLE CARDS ***
Angel192690: calls $1
EasyGamerrr: raises $2 to $3
Xenicide: raises $7 to $10
nikalas22: folds 
ReVeu710: folds 
Angel192690: raises $15.43 to $25.43 and is all-in
EasyGamerrr: folds 
Xenicide: calls $15.43
*** FLOP *** [Js 5s 4s]
*** TURN *** [Js 5s 4s] [Tc]
*** RIVER *** [Js 5s 4s Tc] [Qd]
*** SHOW DOWN ***
Angel192690: shows [Ad Ac] (a pair of Aces)
Xenicide: shows [Qs As] (a flush, Ace high)
Xenicide collected $52.86 from pot
*** SUMMARY ***
Total pot $55.36 | Rake $2.50 
Board [Js 5s 4s Tc Qd]
Seat 5: Sadyhov V.V.
Seat 1: nikalas22 (small blind) folded before Flop
Seat 2: ReVeu710 (big blind) folded before Flop
Seat 3: Angel192690 showed [Ad Ac] and lost with a pair of Aces
Seat 4: EasyGamerrr folded before Flop
Seat 6: Xenicide (button) showed [Qs As] and won ($52.86) with a flush, Ace high



PokerStars Hand #254441919058:  Hold'em No Limit ($0.50/$1.00 USD) - 2025/01/18 2:07:22 WET [2025/01/18 21:07:22 ET]
Table 'Elara II' 6-max Seat #1 is the button
Seat 3: Angel192690 ($0 in chips) is sitting out
Seat 4: EasyGamerrr ($102.91 in chips) is sitting out
Seat 1: nikalas22 ($100 in chips) 
Seat 2: ReVeu710 ($114.21 in chips) 
Seat 5: Sadyhov V.V. ($100 in chips) 
Seat 6: Xenicide ($135.01 in chips) 
ReVeu710: posts small blind $0.50
EasyGamerrr: is sitting out 
Sadyhov V.V.: posts big blind $1
*** HOLE CARDS ***
Xenicide: folds 
EasyGamerrr leaves the table
nikalas22: folds 
ReVeu710: folds 
Uncalled bet ($0.50) returned to Sadyhov V.V.
Sadyhov V.V. collected $1 from pot
Sadyhov V.V.: doesn't show hand 
*** SUMMARY ***
Total pot $1 | Rake $0 
Seat 3: Angel192690
Seat 4: EasyGamerrr
Seat 1: nikalas22 (button) folded before Flop (didn't bet)
Seat 2: ReVeu710 (small blind) folded before Flop
Seat 5: Sadyhov V.V. (big blind) collected ($1)
Seat 6: Xenicide folded before Flop (didn't bet)



PokerStars Hand #254441921163:  Hold'em No Limit ($0.50/$1.00 USD) - 2025/01/18 2:07:34 WET [2025/01/18 21:07:34 ET]
Table 'Elara II' 6-max Seat #2 is the button
Seat 3: Angel192690 ($0 in chips) is sitting out
Seat 1: nikalas22 ($100 in chips) 
Seat 2: ReVeu710 ($113.71 in chips) 
Seat 5: Sadyhov V.V. ($100.50 in chips) 
Seat 6: Xenicide ($135.01 in chips) 
Sadyhov V.V.: posts small blind $0.50
Xenicide: posts big blind $1
*** HOLE CARDS ***
nikalas22: folds 
ReVeu710: raises $1.50 to $2.50
Angel192690 leaves the table
Sadyhov V.V.: folds 
Xenicide: folds 
Uncalled bet ($1.50) returned to ReVeu710
ReVeu710 collected $2.50 from pot
ReVeu710: doesn't show hand 
*** SUMMARY ***
Total pot $2.50 | Rake $0 
Seat 3: Angel192690
Seat 1: nikalas22 folded before Flop (didn't bet)
Seat 2: ReVeu710 (button) collected ($2.50)
Seat 5: Sadyhov V.V. (small blind) folded before Flop
Seat 6: Xenicide (big blind) folded before Flop



PokerStars Hand #254441923324:  Hold'em No Limit ($0.50/$1.00 USD) - 2025/01/18 2:07:47 WET [2025/01/18 21:07:47 ET]
Table 'Elara II' 6-max Seat #5 is the button
Seat 1: nikalas22 ($100 in chips) 
Seat 2: ReVeu710 ($115.21 in chips) 
Seat 5: Sadyhov V.V. ($100 in chips) 
Seat 6: Xenicide ($134.01 in chips) 
Xenicide: posts small blind $0.50
nikalas22: posts big blind $1
*** HOLE CARDS ***
ReVeu710: folds 
Sadyhov V.V.: folds 
ReVeu710 leaves the table
Sadyhov V.V. leaves the table
Xenicide: raises $2.50 to $3.50
nikalas22: calls $2.50
*** FLOP *** [Jc 4c 5s]
Xenicide: checks 
nikalas22: checks 
*** TURN *** [Jc 4c 5s] [2c]
Xenicide: bets $2.33
nikalas22: calls $2.33
*** RIVER *** [Jc 4c 5s 2c] [6s]
Xenicide: bets $3.88
nikalas22: folds 
Uncalled bet ($3.88) returned to Xenicide
Xenicide collected $11.08 from pot
*** SUMMARY ***
Total pot $11.66 | Rake $0.58 
Board [Jc 4c 5s 2c 6s]
Seat 1: nikalas22 (big blind) folded on the River
Seat 2: ReVeu710 folded before Flop (didn't bet)
Seat 5: Sadyhov V.V. (button) folded before Flop (didn't bet)
Seat 6: Xenicide (small blind) collected ($11.08)



