PokerStars Hand #254441958780:  Hold'em No Limit ($0.50/$1.00 USD) - 2025/01/18 2:11:19 WET [2025/01/18 21:11:19 ET]
Table 'Ortutay III' 6-max Seat #6 is the button
Seat 1: NISIY ($100 in chips) 
Seat 3: b2k-Snick ($100 in chips) 
Seat 6: equilibrium_tv ($10 in chips) 
NISIY: posts small blind $0.50
b2k-Snick: posts big blind $1
*** HOLE CARDS ***
equilibrium_tv: folds 
NISIY: folds 
Uncalled bet ($0.50) returned to b2k-Snick
b2k-Snick collected $1 from pot
b2k-Snick: doesn't show hand 
*** SUMMARY ***
Total pot $1 | Rake $0 
Seat 1: NISIY (small blind) folded before Flop
Seat 3: b2k-Snick (big blind) collected ($1)
Seat 6: equilibrium_tv (button) folded before Flop (didn't bet)



PokerStars Hand #254441959861:  Hold'em No Limit ($0.50/$1.00 USD) - 2025/01/18 2:11:26 WET [2025/01/18 21:11:26 ET]
Table 'Ortutay III' 6-max Seat #1 is the button
Seat 1: NISIY ($100 in chips) 
Seat 3: b2k-Snick ($100.50 in chips) 
Seat 6: equilibrium_tv ($10 in chips) 
b2k-Snick: posts small blind $0.50
equilibrium_tv: posts big blind $1
*** HOLE CARDS ***
NISIY: folds 
b2k-Snick: raises $2 to $3
equilibrium_tv: folds 
Uncalled bet ($2) returned to b2k-Snick
b2k-Snick collected $2 from pot
b2k-Snick: doesn't show hand 
*** SUMMARY ***
Total pot $2 | Rake $0 
Seat 1: NISIY (button) folded before Flop (didn't bet)
Seat 3: b2k-Snick (small blind) collected ($2)
Seat 6: equilibrium_tv (big blind) folded before Flop



PokerStars Hand #254441962220:  Hold'em No Limit ($0.50/$1.00 USD) - 2025/01/18 2:11:40 WET [2025/01/18 21:11:40 ET]
Table 'Ortutay III' 6-max Seat #3 is the button
Seat 1: NISIY ($100 in chips) 
Seat 3: b2k-Snick ($101.50 in chips) 
Seat 6: equilibrium_tv ($9 in chips) 
equilibrium_tv: posts small blind $0.50
NISIY: posts big blind $1
*** HOLE CARDS ***
b2k-Snick: folds 
equilibrium_tv: folds 
Uncalled bet ($0.50) returned to NISIY
NISIY collected $1 from pot
NISIY: doesn't show hand 
*** SUMMARY ***
Total pot $1 | Rake $0 
Seat 1: NISIY (big blind) collected ($1)
Seat 3: b2k-Snick (button) folded before Flop (didn't bet)
Seat 6: equilibrium_tv (small blind) folded before Flop



PokerStars Hand #254441964491:  Hold'em No Limit ($0.50/$1.00 USD) - 2025/01/18 2:11:54 WET [2025/01/18 21:11:54 ET]
Table 'Ortutay III' 6-max Seat #6 is the button
Seat 1: NISIY ($100.50 in chips) 
Seat 3: b2k-Snick ($101.50 in chips) 
Seat 6: equilibrium_tv ($8.50 in chips) 
NISIY: posts small blind $0.50
b2k-Snick: posts big blind $1
*** HOLE CARDS ***
equilibrium_tv: folds 
NISIY: folds 
Uncalled bet ($0.50) returned to b2k-Snick
b2k-Snick collected $1 from pot
b2k-Snick: doesn't show hand 
*** SUMMARY ***
Total pot $1 | Rake $0 
Seat 1: NISIY (small blind) folded before Flop
Seat 3: b2k-Snick (big blind) collected ($1)
Seat 6: equilibrium_tv (button) folded before Flop (didn't bet)



PokerStars Hand #254441966042:  Hold'em No Limit ($0.50/$1.00 USD) - 2025/01/18 2:12:03 WET [2025/01/18 21:12:03 ET]
Table 'Ortutay III' 6-max Seat #1 is the button
Seat 1: NISIY ($100 in chips) 
Seat 3: b2k-Snick ($102 in chips) 
Seat 6: equilibrium_tv ($8.50 in chips) 
b2k-Snick: posts small blind $0.50
equilibrium_tv: posts big blind $1
*** HOLE CARDS ***
NISIY: folds 
b2k-Snick: raises $101 to $102 and is all-in
equilibrium_tv: calls $7.50 and is all-in
Uncalled bet ($93.50) returned to b2k-Snick
*** FLOP *** [Ks 3c 2d]
*** TURN *** [Ks 3c 2d] [Tc]
*** RIVER *** [Ks 3c 2d Tc] [Js]
*** SHOW DOWN ***
b2k-Snick: shows [7h Ad] (high card Ace)
equilibrium_tv: shows [Td Ac] (a pair of Tens)
equilibrium_tv collected $16.15 from pot
*** SUMMARY ***
Total pot $17 | Rake $0.85 
Board [Ks 3c 2d Tc Js]
Seat 1: NISIY (button) folded before Flop (didn't bet)
Seat 3: b2k-Snick (small blind) showed [7h Ad] and lost with high card Ace
Seat 6: equilibrium_tv (big blind) showed [Td Ac] and won ($16.15) with a pair of Tens



PokerStars Hand #254441970432:  Hold'em No Limit ($0.50/$1.00 USD) - 2025/01/18 2:12:29 WET [2025/01/18 21:12:29 ET]
Table 'Ortutay III' 6-max Seat #3 is the button
Seat 1: NISIY ($100 in chips) 
Seat 3: b2k-Snick ($100 in chips) 
Seat 6: equilibrium_tv ($16.15 in chips) 
equilibrium_tv: posts small blind $0.50
NISIY: posts big blind $1
*** HOLE CARDS ***
b2k-Snick: raises $1 to $2
equilibrium_tv: folds 
NISIY: calls $1
*** FLOP *** [7c Ks 9d]
NISIY: checks 
b2k-Snick: checks 
*** TURN *** [7c Ks 9d] [8d]
NISIY: checks 
b2k-Snick: checks 
*** RIVER *** [7c Ks 9d 8d] [6s]
NISIY: bets $3.21
b2k-Snick: raises $7.29 to $10.50
NISIY: folds 
Uncalled bet ($7.29) returned to b2k-Snick
b2k-Snick collected $10.37 from pot
b2k-Snick: doesn't show hand 
*** SUMMARY ***
Total pot $10.92 | Rake $0.55 
Board [7c Ks 9d 8d 6s]
Seat 1: NISIY (big blind) folded on the River
Seat 3: b2k-Snick (button) collected ($10.37)
Seat 6: equilibrium_tv (small blind) folded before Flop



PokerStars Hand #254441980665:  Hold'em No Limit ($0.50/$1.00 USD) - 2025/01/18 2:13:32 WET [2025/01/18 21:13:32 ET]
Table 'Ortutay III' 6-max Seat #6 is the button
Seat 1: NISIY ($100 in chips) 
Seat 3: b2k-Snick ($105.16 in chips) 
Seat 6: equilibrium_tv ($15.65 in chips) 
NISIY: posts small blind $0.50
b2k-Snick: posts big blind $1
*** HOLE CARDS ***
equilibrium_tv: folds 
NISIY: folds 
Uncalled bet ($0.50) returned to b2k-Snick
b2k-Snick collected $1 from pot
b2k-Snick: doesn't show hand 
*** SUMMARY ***
Total pot $1 | Rake $0 
Seat 1: NISIY (small blind) folded before Flop
Seat 3: b2k-Snick (big blind) collected ($1)
Seat 6: equilibrium_tv (button) folded before Flop (didn't bet)



PokerStars Hand #254441981613:  Hold'em No Limit ($0.50/$1.00 USD) - 2025/01/18 2:13:37 WET [2025/01/18 21:13:37 ET]
Table 'Ortutay III' 6-max Seat #1 is the button
Seat 1: NISIY ($100 in chips) 
Seat 3: b2k-Snick ($105.66 in chips) 
Seat 6: equilibrium_tv ($15.65 in chips) 
b2k-Snick: posts small blind $0.50
equilibrium_tv: posts big blind $1
*** HOLE CARDS ***
NISIY: folds 
b2k-Snick: folds 
Uncalled bet ($0.50) returned to equilibrium_tv
equilibrium_tv collected $1 from pot
*** SUMMARY ***
Total pot $1 | Rake $0 
Seat 1: NISIY (button) folded before Flop (didn't bet)
Seat 3: b2k-Snick (small blind) folded before Flop
Seat 6: equilibrium_tv (big blind) collected ($1)



PokerStars Hand #254441983483:  Hold'em No Limit ($0.50/$1.00 USD) - 2025/01/18 2:13:49 WET [2025/01/18 21:13:49 ET]
Table 'Ortutay III' 6-max Seat #3 is the button
Seat 1: NISIY ($100 in chips) 
Seat 3: b2k-Snick ($105.16 in chips) 
Seat 6: equilibrium_tv ($16.15 in chips) 
equilibrium_tv: posts small blind $0.50
NISIY: posts big blind $1
*** HOLE CARDS ***
b2k-Snick: raises $1.50 to $2.50
equilibrium_tv: folds 
NISIY: calls $1.50
*** FLOP *** [9s Qh Qs]
NISIY: checks 
b2k-Snick: checks 
*** TURN *** [9s Qh Qs] [9c]
NISIY: bets $1.72
b2k-Snick: calls $1.72
*** RIVER *** [9s Qh Qs 9c] [Qd]
NISIY: bets $95.78 and is all-in
b2k-Snick: folds 
Uncalled bet ($95.78) returned to NISIY
NISIY collected $8.49 from pot
NISIY: doesn't show hand 
*** SUMMARY ***
Total pot $8.94 | Rake $0.45 
Board [9s Qh Qs 9c Qd]
Seat 1: NISIY (big blind) collected ($8.49)
Seat 3: b2k-Snick (button) folded on the River
Seat 6: equilibrium_tv (small blind) folded before Flop



PokerStars Hand #254441993782:  Hold'em No Limit ($0.50/$1.00 USD) - 2025/01/18 2:14:52 WET [2025/01/18 21:14:52 ET]
Table 'Ortutay III' 6-max Seat #6 is the button
Seat 1: NISIY ($104.27 in chips) 
Seat 3: b2k-Snick ($100.94 in chips) 
Seat 6: equilibrium_tv ($15.65 in chips) 
NISIY: posts small blind $0.50
b2k-Snick: posts big blind $1
*** HOLE CARDS ***
equilibrium_tv: raises $14.65 to $15.65 and is all-in
NISIY: raises $88.62 to $104.27 and is all-in
b2k-Snick: folds 
Uncalled bet ($88.62) returned to NISIY
*** FIRST FLOP *** [3c Td Qh]
*** FIRST TURN *** [3c Td Qh] [Jh]
*** FIRST RIVER *** [3c Td Qh Jh] [Kd]
*** SECOND FLOP *** [4c Ac 4s]
*** SECOND TURN *** [4c Ac 4s] [Kh]
*** SECOND RIVER *** [4c Ac 4s Kh] [9h]
*** FIRST SHOW DOWN ***
NISIY: shows [As Kc] (a straight, Ten to Ace)
equilibrium_tv: shows [4h Ah] (a straight, Ten to Ace)
NISIY collected $7.83 from pot
equilibrium_tv collected $7.82 from pot
*** SECOND SHOW DOWN ***
NISIY: shows [As Kc] (two pair, Aces and Kings)
equilibrium_tv: shows [4h Ah] (a full house, Fours full of Aces)
equilibrium_tv collected $15.65 from pot
*** SUMMARY ***
Total pot $32.30 | Rake $1 
Hand was run twice
FIRST Board [3c Td Qh Jh Kd]
SECOND Board [4c Ac 4s Kh 9h]
Seat 1: NISIY (small blind) showed [As Kc] and won ($7.83) with a straight, Ten to Ace, and lost with two pair, Aces and Kings
Seat 3: b2k-Snick (big blind) folded before Flop
Seat 6: equilibrium_tv (button) showed [4h Ah] and won ($7.82) with a straight, Ten to Ace, and won ($15.65) with a full house, Fours full of Aces



PokerStars Hand #254441998280:  Hold'em No Limit ($0.50/$1.00 USD) - 2025/01/18 2:15:19 WET [2025/01/18 21:15:19 ET]
Table 'Ortutay III' 6-max Seat #3 is the button
Seat 6: equilibrium_tv ($23.47 in chips) is sitting out
Seat 1: NISIY ($100 in chips) 
Seat 3: b2k-Snick ($100 in chips) 
b2k-Snick: posts small blind $0.50
equilibrium_tv: is sitting out 
NISIY: posts big blind $1
*** HOLE CARDS ***
equilibrium_tv leaves the table
b2k-Snick: raises $1.50 to $2.50
NISIY: calls $1.50
*** FLOP *** [9s Ad Ac]
NISIY: checks 
b2k-Snick: bets $1.57
NISIY: calls $1.57
*** TURN *** [9s Ad Ac] [3c]
NISIY: checks 
b2k-Snick: bets $5.50
NISIY: calls $5.50
*** RIVER *** [9s Ad Ac 3c] [3d]
NISIY: checks 
b2k-Snick: checks 
*** SHOW DOWN ***
NISIY: shows [Ah 4c] (a full house, Aces full of Threes)
b2k-Snick: mucks hand 
NISIY collected $18.18 from pot
*** SUMMARY ***
Total pot $19.14 | Rake $0.96 
Board [9s Ad Ac 3c 3d]
Seat 6: equilibrium_tv
Seat 1: NISIY (big blind) showed [Ah 4c] and won ($18.18) with a full house, Aces full of Threes
Seat 3: b2k-Snick (button) (small blind) mucked



PokerStars Hand #254442011364:  Hold'em No Limit ($0.50/$1.00 USD) - 2025/01/18 2:16:40 WET [2025/01/18 21:16:40 ET]
Table 'Ortutay III' 6-max Seat #1 is the button
Seat 1: NISIY ($108.61 in chips) 
Seat 3: b2k-Snick ($100 in chips) 
NISIY: posts small blind $0.50
b2k-Snick: posts big blind $1
*** HOLE CARDS ***
NISIY: folds 
Uncalled bet ($0.50) returned to b2k-Snick
b2k-Snick collected $1 from pot
b2k-Snick: doesn't show hand 
*** SUMMARY ***
Total pot $1 | Rake $0 
Seat 1: NISIY (button) (small blind) folded before Flop
Seat 3: b2k-Snick (big blind) collected ($1)



PokerStars Hand #254442012710:  Hold'em No Limit ($0.50/$1.00 USD) - 2025/01/18 2:16:48 WET [2025/01/18 21:16:48 ET]
Table 'Ortutay III' 6-max Seat #3 is the button
Seat 1: NISIY ($108.11 in chips) 
Seat 3: b2k-Snick ($100.50 in chips) 
b2k-Snick: posts small blind $0.50
NISIY: posts big blind $1
*** HOLE CARDS ***
b2k-Snick: folds 
Uncalled bet ($0.50) returned to NISIY
NISIY collected $1 from pot
NISIY: doesn't show hand 
*** SUMMARY ***
Total pot $1 | Rake $0 
Seat 1: NISIY (big blind) collected ($1)
Seat 3: b2k-Snick (button) (small blind) folded before Flop



PokerStars Hand #254442013939:  Hold'em No Limit ($0.50/$1.00 USD) - 2025/01/18 2:16:56 WET [2025/01/18 21:16:56 ET]
Table 'Ortutay III' 6-max Seat #1 is the button
Seat 1: NISIY ($108.61 in chips) 
Seat 3: b2k-Snick ($100 in chips) 
NISIY: posts small blind $0.50
b2k-Snick: posts big blind $1
*** HOLE CARDS ***
NISIY: raises $1.50 to $2.50
b2k-Snick: folds 
Uncalled bet ($1.50) returned to NISIY
NISIY collected $2 from pot
NISIY: doesn't show hand 
*** SUMMARY ***
Total pot $2 | Rake $0 
Seat 1: NISIY (button) (small blind) collected ($2)
Seat 3: b2k-Snick (big blind) folded before Flop



PokerStars Hand #254442015150:  Hold'em No Limit ($0.50/$1.00 USD) - 2025/01/18 2:17:03 WET [2025/01/18 21:17:03 ET]
Table 'Ortutay III' 6-max Seat #3 is the button
Seat 1: NISIY ($109.61 in chips) 
Seat 3: b2k-Snick ($100 in chips) 
b2k-Snick: posts small blind $0.50
NISIY: posts big blind $1
*** HOLE CARDS ***
b2k-Snick: raises $1.50 to $2.50
NISIY: calls $1.50
*** FLOP *** [4c Th Td]
NISIY: checks 
b2k-Snick: bets $1.57
NISIY: folds 
Uncalled bet ($1.57) returned to b2k-Snick
b2k-Snick collected $4.75 from pot
b2k-Snick: doesn't show hand 
*** SUMMARY ***
Total pot $5 | Rake $0.25 
Board [4c Th Td]
Seat 1: NISIY (big blind) folded on the Flop
Seat 3: b2k-Snick (button) (small blind) collected ($4.75)



PokerStars Hand #254442018095:  Hold'em No Limit ($0.50/$1.00 USD) - 2025/01/18 2:17:21 WET [2025/01/18 21:17:21 ET]
Table 'Ortutay III' 6-max Seat #1 is the button
Seat 1: NISIY ($107.11 in chips) 
Seat 3: b2k-Snick ($102.25 in chips) 
NISIY: posts small blind $0.50
b2k-Snick: posts big blind $1
*** HOLE CARDS ***
NISIY: folds 
Uncalled bet ($0.50) returned to b2k-Snick
b2k-Snick collected $1 from pot
b2k-Snick: doesn't show hand 
*** SUMMARY ***
Total pot $1 | Rake $0 
Seat 1: NISIY (button) (small blind) folded before Flop
Seat 3: b2k-Snick (big blind) collected ($1)



PokerStars Hand #254442019341:  Hold'em No Limit ($0.50/$1.00 USD) - 2025/01/18 2:17:29 WET [2025/01/18 21:17:29 ET]
Table 'Ortutay III' 6-max Seat #3 is the button
Seat 1: NISIY ($106.61 in chips) 
Seat 3: b2k-Snick ($102.75 in chips) 
b2k-Snick: posts small blind $0.50
NISIY: posts big blind $1
*** HOLE CARDS ***
b2k-Snick: raises $1.50 to $2.50
NISIY: calls $1.50
*** FLOP *** [Kd 9d 6c]
NISIY: checks 
b2k-Snick: bets $3
NISIY: folds 
Uncalled bet ($3) returned to b2k-Snick
b2k-Snick collected $4.75 from pot
b2k-Snick: doesn't show hand 
*** SUMMARY ***
Total pot $5 | Rake $0.25 
Board [Kd 9d 6c]
Seat 1: NISIY (big blind) folded on the Flop
Seat 3: b2k-Snick (button) (small blind) collected ($4.75)



PokerStars Hand #254442025159:  Hold'em No Limit ($0.50/$1.00 USD) - 2025/01/18 2:18:05 WET [2025/01/18 21:18:05 ET]
Table 'Ortutay III' 6-max Seat #1 is the button
Seat 1: NISIY ($104.11 in chips) 
Seat 3: b2k-Snick ($105 in chips) 
NISIY: posts small blind $0.50
b2k-Snick: posts big blind $1
*** HOLE CARDS ***
NISIY: folds 
Uncalled bet ($0.50) returned to b2k-Snick
b2k-Snick collected $1 from pot
b2k-Snick: doesn't show hand 
*** SUMMARY ***
Total pot $1 | Rake $0 
Seat 1: NISIY (button) (small blind) folded before Flop
Seat 3: b2k-Snick (big blind) collected ($1)



PokerStars Hand #254442026026:  Hold'em No Limit ($0.50/$1.00 USD) - 2025/01/18 2:18:11 WET [2025/01/18 21:18:11 ET]
Table 'Ortutay III' 6-max Seat #3 is the button
Seat 1: NISIY ($103.61 in chips) 
Seat 3: b2k-Snick ($105.50 in chips) 
b2k-Snick: posts small blind $0.50
NISIY: posts big blind $1
*** HOLE CARDS ***
b2k-Snick: raises $1.50 to $2.50
NISIY: calls $1.50
*** FLOP *** [Js 8c 9h]
NISIY: checks 
b2k-Snick: bets $2.61
NISIY: calls $2.61
*** TURN *** [Js 8c 9h] [5s]
NISIY: checks 
ptolejmus joins the table at seat #5 
b2k-Snick: bets $7.50
NISIY: calls $7.50
*** RIVER *** [Js 8c 9h 5s] [Jc]
NISIY: checks 
b2k-Snick: bets $20
NISIY: folds 
Uncalled bet ($20) returned to b2k-Snick
b2k-Snick collected $24.22 from pot
b2k-Snick: doesn't show hand 
*** SUMMARY ***
Total pot $25.22 | Rake $1 
Board [Js 8c 9h 5s Jc]
Seat 1: NISIY (big blind) folded on the River
Seat 3: b2k-Snick (button) (small blind) collected ($24.22)



PokerStars Hand #254442039587:  Hold'em No Limit ($0.50/$1.00 USD) - 2025/01/18 2:19:35 WET [2025/01/18 21:19:35 ET]
Table 'Ortutay III' 6-max Seat #1 is the button
Seat 1: NISIY ($100 in chips) 
Seat 3: b2k-Snick ($117.11 in chips) 
Seat 5: ptolejmus ($10 in chips) 
b2k-Snick: posts small blind $0.50
ptolejmus: posts big blind $1
*** HOLE CARDS ***
NISIY: folds 
b2k-Snick: raises $116.11 to $117.11 and is all-in
ptolejmus: calls $9 and is all-in
Uncalled bet ($107.11) returned to b2k-Snick
*** FLOP *** [Kd 5d 7s]
*** TURN *** [Kd 5d 7s] [Ts]
*** RIVER *** [Kd 5d 7s Ts] [5c]
*** SHOW DOWN ***
b2k-Snick: shows [Kc 8d] (two pair, Kings and Fives)
ptolejmus: shows [3d Ac] (a pair of Fives)
b2k-Snick collected $19 from pot
*** SUMMARY ***
Total pot $20 | Rake $1 
Board [Kd 5d 7s Ts 5c]
Seat 1: NISIY (button) folded before Flop (didn't bet)
Seat 3: b2k-Snick (small blind) showed [Kc 8d] and won ($19) with two pair, Kings and Fives
Seat 5: ptolejmus (big blind) showed [3d Ac] and lost with a pair of Fives



PokerStars Hand #254442042961:  Hold'em No Limit ($0.50/$1.00 USD) - 2025/01/18 2:19:56 WET [2025/01/18 21:19:56 ET]
Table 'Ortutay III' 6-max Seat #3 is the button
Seat 1: NISIY ($100 in chips) 
Seat 3: b2k-Snick ($126.11 in chips) 
Seat 5: ptolejmus ($10 in chips) 
ptolejmus: posts small blind $0.50
NISIY: posts big blind $1
*** HOLE CARDS ***
b2k-Snick: raises $1.50 to $2.50
ptolejmus: folds 
NISIY: folds 
Uncalled bet ($1.50) returned to b2k-Snick
b2k-Snick collected $2.50 from pot
b2k-Snick: doesn't show hand 
*** SUMMARY ***
Total pot $2.50 | Rake $0 
Seat 1: NISIY (big blind) folded before Flop
Seat 3: b2k-Snick (button) collected ($2.50)
Seat 5: ptolejmus (small blind) folded before Flop



PokerStars Hand #254442045869:  Hold'em No Limit ($0.50/$1.00 USD) - 2025/01/18 2:20:14 WET [2025/01/18 21:20:14 ET]
Table 'Ortutay III' 6-max Seat #5 is the button
Seat 1: NISIY ($100 in chips) 
Seat 3: b2k-Snick ($127.61 in chips) 
Seat 5: ptolejmus ($10 in chips) 
NISIY: posts small blind $0.50
b2k-Snick: posts big blind $1
*** HOLE CARDS ***
ptolejmus: folds 
NISIY: raises $2 to $3
b2k-Snick: calls $2
*** FLOP *** [7s 4s Jc]
NISIY: checks 
b2k-Snick: bets $2.51
NISIY: calls $2.51
*** TURN *** [7s 4s Jc] [Qh]
NISIY: checks 
b2k-Snick: checks 
*** RIVER *** [7s 4s Jc Qh] [Qd]
NISIY: checks 
b2k-Snick: bets $7.50
NISIY: folds 
Uncalled bet ($7.50) returned to b2k-Snick
b2k-Snick collected $10.47 from pot
b2k-Snick: doesn't show hand 
*** SUMMARY ***
Total pot $11.02 | Rake $0.55 
Board [7s 4s Jc Qh Qd]
Seat 1: NISIY (small blind) folded on the River
Seat 3: b2k-Snick (big blind) collected ($10.47)
Seat 5: ptolejmus (button) folded before Flop (didn't bet)



PokerStars Hand #254442059668:  Hold'em No Limit ($0.50/$1.00 USD) - 2025/01/18 2:21:41 WET [2025/01/18 21:21:41 ET]
Table 'Ortutay III' 6-max Seat #1 is the button
Seat 1: NISIY ($100 in chips) 
Seat 3: b2k-Snick ($132.57 in chips) 
Seat 5: ptolejmus ($10 in chips) 
b2k-Snick: posts small blind $0.50
ptolejmus: posts big blind $1
*** HOLE CARDS ***
NISIY: raises $1.50 to $2.50
b2k-Snick: raises $9.50 to $12
ptolejmus: folds 
NISIY: calls $9.50
*** FLOP *** [2c 5d 8h]
b2k-Snick: bets $20
NISIY: folds 
Uncalled bet ($20) returned to b2k-Snick
b2k-Snick collected $24 from pot
b2k-Snick: doesn't show hand 
*** SUMMARY ***
Total pot $25 | Rake $1 
Board [2c 5d 8h]
Seat 1: NISIY (button) folded on the Flop
Seat 3: b2k-Snick (small blind) collected ($24)
Seat 5: ptolejmus (big blind) folded before Flop



PokerStars Hand #254442068069:  Hold'em No Limit ($0.50/$1.00 USD) - 2025/01/18 2:22:35 WET [2025/01/18 21:22:35 ET]
Table 'Ortutay III' 6-max Seat #3 is the button
Seat 1: NISIY ($100 in chips) 
Seat 3: b2k-Snick ($144.57 in chips) 
Seat 5: ptolejmus ($10 in chips) 
ptolejmus: posts small blind $0.50
NISIY: posts big blind $1
*** HOLE CARDS ***
b2k-Snick: folds 
ptolejmus: raises $1 to $2
NISIY: folds 
Uncalled bet ($1) returned to ptolejmus
ptolejmus collected $2 from pot
*** SUMMARY ***
Total pot $2 | Rake $0 
Seat 1: NISIY (big blind) folded before Flop
Seat 3: b2k-Snick (button) folded before Flop (didn't bet)
Seat 5: ptolejmus (small blind) collected ($2)



PokerStars Hand #254442070554:  Hold'em No Limit ($0.50/$1.00 USD) - 2025/01/18 2:22:52 WET [2025/01/18 21:22:52 ET]
Table 'Ortutay III' 6-max Seat #5 is the button
Seat 1: NISIY ($100 in chips) 
Seat 3: b2k-Snick ($144.57 in chips) 
Seat 5: ptolejmus ($11 in chips) 
NISIY: posts small blind $0.50
b2k-Snick: posts big blind $1
*** HOLE CARDS ***
ptolejmus: folds 
NISIY: raises $2 to $3
b2k-Snick: folds 
Uncalled bet ($2) returned to NISIY
NISIY collected $2 from pot
NISIY: doesn't show hand 
*** SUMMARY ***
Total pot $2 | Rake $0 
Seat 1: NISIY (small blind) collected ($2)
Seat 3: b2k-Snick (big blind) folded before Flop
Seat 5: ptolejmus (button) folded before Flop (didn't bet)



PokerStars Hand #254442071956:  Hold'em No Limit ($0.50/$1.00 USD) - 2025/01/18 2:23:01 WET [2025/01/18 21:23:01 ET]
Table 'Ortutay III' 6-max Seat #1 is the button
Seat 1: NISIY ($101 in chips) 
Seat 3: b2k-Snick ($143.57 in chips) 
Seat 5: ptolejmus ($11 in chips) 
b2k-Snick: posts small blind $0.50
ptolejmus: posts big blind $1
*** HOLE CARDS ***
NISIY: raises $1.50 to $2.50
b2k-Snick: folds 
ptolejmus: folds 
Uncalled bet ($1.50) returned to NISIY
NISIY collected $2.50 from pot
NISIY: doesn't show hand 
*** SUMMARY ***
Total pot $2.50 | Rake $0 
Seat 1: NISIY (button) collected ($2.50)
Seat 3: b2k-Snick (small blind) folded before Flop
Seat 5: ptolejmus (big blind) folded before Flop



PokerStars Hand #254442074630:  Hold'em No Limit ($0.50/$1.00 USD) - 2025/01/18 2:23:17 WET [2025/01/18 21:23:17 ET]
Table 'Ortutay III' 6-max Seat #3 is the button
Seat 1: NISIY ($102.50 in chips) 
Seat 3: b2k-Snick ($143.07 in chips) 
Seat 5: ptolejmus ($10 in chips) 
ptolejmus: posts small blind $0.50
NISIY: posts big blind $1
*** HOLE CARDS ***
b2k-Snick: raises $1.50 to $2.50
ptolejmus: folds 
NISIY: folds 
Uncalled bet ($1.50) returned to b2k-Snick
b2k-Snick collected $2.50 from pot
b2k-Snick: doesn't show hand 
*** SUMMARY ***
Total pot $2.50 | Rake $0 
Seat 1: NISIY (big blind) folded before Flop
Seat 3: b2k-Snick (button) collected ($2.50)
Seat 5: ptolejmus (small blind) folded before Flop



PokerStars Hand #254442077755:  Hold'em No Limit ($0.50/$1.00 USD) - 2025/01/18 2:23:38 WET [2025/01/18 21:23:38 ET]
Table 'Ortutay III' 6-max Seat #5 is the button
Seat 1: NISIY ($101.50 in chips) 
Seat 3: b2k-Snick ($144.57 in chips) 
Seat 5: ptolejmus ($10 in chips) 
NISIY: posts small blind $0.50
b2k-Snick: posts big blind $1
*** HOLE CARDS ***
ptolejmus: raises $1 to $2
NISIY: folds 
b2k-Snick: folds 
Uncalled bet ($1) returned to ptolejmus
ptolejmus collected $2.50 from pot
*** SUMMARY ***
Total pot $2.50 | Rake $0 
Seat 1: NISIY (small blind) folded before Flop
Seat 3: b2k-Snick (big blind) folded before Flop
Seat 5: ptolejmus (button) collected ($2.50)



PokerStars Hand #254442080014:  Hold'em No Limit ($0.50/$1.00 USD) - 2025/01/18 2:23:53 WET [2025/01/18 21:23:53 ET]
Table 'Ortutay III' 6-max Seat #1 is the button
Seat 1: NISIY ($101 in chips) 
Seat 3: b2k-Snick ($143.57 in chips) 
Seat 5: ptolejmus ($11.50 in chips) 
b2k-Snick: posts small blind $0.50
ptolejmus: posts big blind $1
*** HOLE CARDS ***
NISIY: folds 
b2k-Snick: calls $0.50
ptolejmus: raises $2.50 to $3.50
b2k-Snick: raises $140.07 to $143.57 and is all-in
ptolejmus: calls $8 and is all-in
Uncalled bet ($132.07) returned to b2k-Snick
*** FLOP *** [8s 9c 8h]
*** TURN *** [8s 9c 8h] [4h]
*** RIVER *** [8s 9c 8h 4h] [Tc]
*** SHOW DOWN ***
b2k-Snick: shows [Qh Jc] (a straight, Eight to Queen)
ptolejmus: shows [9s Ac] (two pair, Nines and Eights)
b2k-Snick collected $22 from pot
*** SUMMARY ***
Total pot $23 | Rake $1 
Board [8s 9c 8h 4h Tc]
Seat 1: NISIY (button) folded before Flop (didn't bet)
Seat 3: b2k-Snick (small blind) showed [Qh Jc] and won ($22) with a straight, Eight to Queen
Seat 5: ptolejmus (big blind) showed [9s Ac] and lost with two pair, Nines and Eights



PokerStars Hand #254442085866:  Hold'em No Limit ($0.50/$1.00 USD) - 2025/01/18 2:24:30 WET [2025/01/18 21:24:30 ET]
Table 'Ortutay III' 6-max Seat #3 is the button
Seat 1: NISIY ($101 in chips) 
Seat 3: b2k-Snick ($154.07 in chips) 
Seat 5: ptolejmus ($10 in chips) 
ptolejmus: posts small blind $0.50
NISIY: posts big blind $1
*** HOLE CARDS ***
b2k-Snick: folds 
ptolejmus: raises $9 to $10 and is all-in
NISIY: folds 
Uncalled bet ($9) returned to ptolejmus
ptolejmus collected $2 from pot
*** SUMMARY ***
Total pot $2 | Rake $0 
Seat 1: NISIY (big blind) folded before Flop
Seat 3: b2k-Snick (button) folded before Flop (didn't bet)
Seat 5: ptolejmus (small blind) collected ($2)



PokerStars Hand #254442089244:  Hold'em No Limit ($0.50/$1.00 USD) - 2025/01/18 2:24:52 WET [2025/01/18 21:24:52 ET]
Table 'Ortutay III' 6-max Seat #5 is the button
Seat 1: NISIY ($100 in chips) 
Seat 3: b2k-Snick ($154.07 in chips) 
Seat 5: ptolejmus ($11 in chips) 
NISIY: posts small blind $0.50
b2k-Snick: posts big blind $1
*** HOLE CARDS ***
ptolejmus: raises $10 to $11 and is all-in
NISIY: folds 
b2k-Snick: folds 
Uncalled bet ($10) returned to ptolejmus
ptolejmus collected $2.50 from pot
*** SUMMARY ***
Total pot $2.50 | Rake $0 
Seat 1: NISIY (small blind) folded before Flop
Seat 3: b2k-Snick (big blind) folded before Flop
Seat 5: ptolejmus (button) collected ($2.50)



PokerStars Hand #254442092394:  Hold'em No Limit ($0.50/$1.00 USD) - 2025/01/18 2:25:12 WET [2025/01/18 21:25:12 ET]
Table 'Ortutay III' 6-max Seat #1 is the button
Seat 1: NISIY ($100 in chips) 
Seat 3: b2k-Snick ($153.07 in chips) 
Seat 5: ptolejmus ($12.50 in chips) 
b2k-Snick: posts small blind $0.50
ptolejmus: posts big blind $1
*** HOLE CARDS ***
NISIY: folds 
b2k-Snick: folds 
Uncalled bet ($0.50) returned to ptolejmus
ptolejmus collected $1 from pot
*** SUMMARY ***
Total pot $1 | Rake $0 
Seat 1: NISIY (button) folded before Flop (didn't bet)
Seat 3: b2k-Snick (small blind) folded before Flop
Seat 5: ptolejmus (big blind) collected ($1)



PokerStars Hand #254442093542:  Hold'em No Limit ($0.50/$1.00 USD) - 2025/01/18 2:25:20 WET [2025/01/18 21:25:20 ET]
Table 'Ortutay III' 6-max Seat #3 is the button
Seat 1: NISIY ($100 in chips) 
Seat 3: b2k-Snick ($152.57 in chips) 
Seat 5: ptolejmus ($13 in chips) 
ptolejmus: posts small blind $0.50
NISIY: posts big blind $1
*** HOLE CARDS ***
b2k-Snick: folds 
b2k-Snick leaves the table
ptolejmus: folds 
Uncalled bet ($0.50) returned to NISIY
NISIY collected $1 from pot
NISIY: doesn't show hand 
*** SUMMARY ***
Total pot $1 | Rake $0 
Seat 1: NISIY (big blind) collected ($1)
Seat 3: b2k-Snick (button) folded before Flop (didn't bet)
Seat 5: ptolejmus (small blind) folded before Flop



PokerStars Hand #254442297263:  Hold'em No Limit ($0.50/$1.00 USD) - 2025/01/18 2:47:55 WET [2025/01/18 21:47:55 ET]
Table 'Ortutay III' 6-max Seat #3 is the button
Seat 5: ptolejmus ($11.25 in chips) is sitting out
Seat 2: BeauParleur ($100 in chips) 
Seat 3: B1GBankroll ($102.25 in chips) 
B1GBankroll: posts small blind $0.50
ptolejmus: is sitting out 
BeauParleur: posts big blind $1
*** HOLE CARDS ***
ptolejmus leaves the table
B1GBankroll: raises $1.50 to $2.50
BeauParleur: raises $7.50 to $10
B1GBankroll: folds 
Uncalled bet ($7.50) returned to BeauParleur
BeauParleur collected $5 from pot
BeauParleur: doesn't show hand 
*** SUMMARY ***
Total pot $5 | Rake $0 
Seat 5: ptolejmus
Seat 2: BeauParleur (big blind) collected ($5)
Seat 3: B1GBankroll (button) (small blind) folded before Flop



PokerStars Hand #254442300011:  Hold'em No Limit ($0.50/$1.00 USD) - 2025/01/18 2:48:13 WET [2025/01/18 21:48:13 ET]
Table 'Ortutay III' 6-max Seat #2 is the button
Seat 2: BeauParleur ($102.50 in chips) 
Seat 3: B1GBankroll ($100 in chips) 
BeauParleur: posts small blind $0.50
B1GBankroll: posts big blind $1
*** HOLE CARDS ***
BeauParleur: raises $1 to $2
B1GBankroll: folds 
Uncalled bet ($1) returned to BeauParleur
BeauParleur collected $2 from pot
BeauParleur: doesn't show hand 
*** SUMMARY ***
Total pot $2 | Rake $0 
Seat 2: BeauParleur (button) (small blind) collected ($2)
Seat 3: B1GBankroll (big blind) folded before Flop



