PokerStars Hand #254429522133:  Hold'em No Limit ($0.50/$1.00 USD) - 2025/01/18 11:25:45 WET [2025/01/18 6:25:45 ET]
Table 'Zelinda III' 6-max Seat #6 is the button
Seat 1: gudrozd ($103 in chips) 
Seat 2: gig.gyty ($100 in chips) 
Seat 3: Leeeon1310 ($56.01 in chips) 
Seat 4: blistein ($102.25 in chips) 
Seat 5: equilibrium_tv ($40 in chips) 
Seat 6: Pacifistas ($100 in chips) 
gudrozd: posts small blind $0.50
gig.gyty: posts big blind $1
*** HOLE CARDS ***
Leeeon1310: folds 
blistein: folds 
equilibrium_tv: folds 
Pacifistas: folds 
gudrozd: raises $2 to $3
gig.gyty: calls $2
*** FLOP *** [Td Ts Jc]
gudrozd: bets $1.88
gig.gyty: folds 
Uncalled bet ($1.88) returned to gudrozd
gudrozd collected $5.70 from pot
gudrozd: doesn't show hand 
*** SUMMARY ***
Total pot $6 | Rake $0.30 
Board [Td Ts Jc]
Seat 1: gudrozd (small blind) collected ($5.70)
Seat 2: gig.gyty (big blind) folded on the Flop
Seat 3: Leeeon1310 folded before Flop (didn't bet)
Seat 4: blistein folded before Flop (didn't bet)
Seat 5: equilibrium_tv folded before Flop (didn't bet)
Seat 6: Pacifistas (button) folded before Flop (didn't bet)



PokerStars Hand #254429527659:  Hold'em No Limit ($0.50/$1.00 USD) - 2025/01/18 11:26:26 WET [2025/01/18 6:26:26 ET]
Table 'Zelinda III' 6-max Seat #1 is the button
Seat 1: gudrozd ($105.70 in chips) 
Seat 2: gig.gyty ($100 in chips) 
Seat 3: Leeeon1310 ($56.01 in chips) 
Seat 4: blistein ($102.25 in chips) 
Seat 5: equilibrium_tv ($40 in chips) 
Seat 6: Pacifistas ($100 in chips) 
gig.gyty: posts small blind $0.50
Leeeon1310: posts big blind $1
*** HOLE CARDS ***
blistein: folds 
equilibrium_tv: folds 
Pacifistas: folds 
gudrozd: folds 
gig.gyty: raises $1.50 to $2.50
Leeeon1310: calls $1.50
*** FLOP *** [Ac Kh Jd]
gig.gyty: bets $1.19
Leeeon1310: calls $1.19
*** TURN *** [Ac Kh Jd] [Jc]
gig.gyty: checks 
Leeeon1310: checks 
*** RIVER *** [Ac Kh Jd Jc] [7c]
gig.gyty: bets $2
Leeeon1310: folds 
Uncalled bet ($2) returned to gig.gyty
gig.gyty collected $7.01 from pot
gig.gyty: doesn't show hand 
*** SUMMARY ***
Total pot $7.38 | Rake $0.37 
Board [Ac Kh Jd Jc 7c]
Seat 1: gudrozd (button) folded before Flop (didn't bet)
Seat 2: gig.gyty (small blind) collected ($7.01)
Seat 3: Leeeon1310 (big blind) folded on the River
Seat 4: blistein folded before Flop (didn't bet)
Seat 5: equilibrium_tv folded before Flop (didn't bet)
Seat 6: Pacifistas folded before Flop (didn't bet)



PokerStars Hand #254429532711:  Hold'em No Limit ($0.50/$1.00 USD) - 2025/01/18 11:27:03 WET [2025/01/18 6:27:03 ET]
Table 'Zelinda III' 6-max Seat #2 is the button
Seat 1: gudrozd ($105.70 in chips) 
Seat 2: gig.gyty ($103.32 in chips) 
Seat 3: Leeeon1310 ($52.32 in chips) 
Seat 4: blistein ($102.25 in chips) 
Seat 5: equilibrium_tv ($40 in chips) 
Seat 6: Pacifistas ($100 in chips) 
Leeeon1310: posts small blind $0.50
blistein: posts big blind $1
*** HOLE CARDS ***
equilibrium_tv: folds 
Pacifistas: raises $1.50 to $2.50
gudrozd: folds 
gig.gyty: folds 
Leeeon1310: calls $2
blistein: calls $1.50
*** FLOP *** [Qd 4d Kd]
Leeeon1310: checks 
blistein: checks 
Pacifistas: checks 
*** TURN *** [Qd 4d Kd] [7c]
Leeeon1310: checks 
blistein: checks 
Pacifistas: bets $3.56
Leeeon1310: folds 
blistein: folds 
Uncalled bet ($3.56) returned to Pacifistas
Pacifistas collected $7.12 from pot
Pacifistas: doesn't show hand 
*** SUMMARY ***
Total pot $7.50 | Rake $0.38 
Board [Qd 4d Kd 7c]
Seat 1: gudrozd folded before Flop (didn't bet)
Seat 2: gig.gyty (button) folded before Flop (didn't bet)
Seat 3: Leeeon1310 (small blind) folded on the Turn
Seat 4: blistein (big blind) folded on the Turn
Seat 5: equilibrium_tv folded before Flop (didn't bet)
Seat 6: Pacifistas collected ($7.12)



PokerStars Hand #254429537441:  Hold'em No Limit ($0.50/$1.00 USD) - 2025/01/18 11:27:38 WET [2025/01/18 6:27:38 ET]
Table 'Zelinda III' 6-max Seat #3 is the button
Seat 1: gudrozd ($105.70 in chips) 
Seat 2: gig.gyty ($103.32 in chips) 
Seat 3: Leeeon1310 ($49.82 in chips) 
Seat 4: blistein ($100 in chips) 
Seat 5: equilibrium_tv ($40 in chips) 
Seat 6: Pacifistas ($104.62 in chips) 
blistein: posts small blind $0.50
equilibrium_tv: posts big blind $1
*** HOLE CARDS ***
Pacifistas: folds 
gudrozd: raises $1.50 to $2.50
gig.gyty: folds 
Leeeon1310: calls $2.50
blistein: folds 
equilibrium_tv: folds 
*** FLOP *** [7c 6d 4h]
gudrozd: checks 
Leeeon1310: checks 
*** TURN *** [7c 6d 4h] [5s]
gudrozd: checks 
Leeeon1310: checks 
*** RIVER *** [7c 6d 4h 5s] [2c]
gudrozd: bets $2.04
Leeeon1310: calls $2.04
*** SHOW DOWN ***
gudrozd: shows [Qs Qc] (a pair of Queens)
Leeeon1310: mucks hand 
gudrozd collected $10.05 from pot
*** SUMMARY ***
Total pot $10.58 | Rake $0.53 
Board [7c 6d 4h 5s 2c]
Seat 1: gudrozd showed [Qs Qc] and won ($10.05) with a pair of Queens
Seat 2: gig.gyty folded before Flop (didn't bet)
Seat 3: Leeeon1310 (button) mucked
Seat 4: blistein (small blind) folded before Flop
Seat 5: equilibrium_tv (big blind) folded before Flop
Seat 6: Pacifistas folded before Flop (didn't bet)



PokerStars Hand #254429541514:  Hold'em No Limit ($0.50/$1.00 USD) - 2025/01/18 11:28:08 WET [2025/01/18 6:28:08 ET]
Table 'Zelinda III' 6-max Seat #4 is the button
Seat 1: gudrozd ($111.21 in chips) 
Seat 2: gig.gyty ($103.32 in chips) 
Seat 3: Leeeon1310 ($45.28 in chips) 
Seat 4: blistein ($100 in chips) 
Seat 5: equilibrium_tv ($39 in chips) 
Seat 6: Pacifistas ($104.62 in chips) 
equilibrium_tv: posts small blind $0.50
Pacifistas: posts big blind $1
*** HOLE CARDS ***
gudrozd: raises $1.50 to $2.50
gig.gyty: folds 
Leeeon1310: folds 
blistein: folds 
equilibrium_tv: folds 
Pacifistas: folds 
Uncalled bet ($1.50) returned to gudrozd
gudrozd collected $2.50 from pot
gudrozd: doesn't show hand 
*** SUMMARY ***
Total pot $2.50 | Rake $0 
Seat 1: gudrozd collected ($2.50)
Seat 2: gig.gyty folded before Flop (didn't bet)
Seat 3: Leeeon1310 folded before Flop (didn't bet)
Seat 4: blistein (button) folded before Flop (didn't bet)
Seat 5: equilibrium_tv (small blind) folded before Flop
Seat 6: Pacifistas (big blind) folded before Flop



PokerStars Hand #254429557719:  Hold'em No Limit ($0.50/$1.00 USD) - 2025/01/18 11:30:07 WET [2025/01/18 6:30:07 ET]
Table 'Zelinda III' 6-max Seat #2 is the button
Seat 1: gudrozd ($117.21 in chips) 
Seat 2: gig.gyty ($107.80 in chips) 
Seat 3: Leeeon1310 ($35.50 in chips) 
Seat 4: blistein ($103.88 in chips) 
Seat 5: equilibrium_tv ($38.50 in chips) 
Seat 6: Pacifistas ($103.12 in chips) 
Leeeon1310: posts small blind $0.50
blistein: posts big blind $1
*** HOLE CARDS ***
equilibrium_tv: folds 
Pacifistas: raises $1.50 to $2.50
gudrozd: folds 
gig.gyty: folds 
Leeeon1310: calls $2
blistein: folds 
*** FLOP *** [Qs 9d Ah]
Leeeon1310: checks 
Pacifistas: checks 
*** TURN *** [Qs 9d Ah] [3c]
Leeeon1310: bets $1
Pacifistas: raises $3 to $4
Leeeon1310: calls $3
*** RIVER *** [Qs 9d Ah 3c] [Kh]
Leeeon1310: checks 
Pacifistas: bets $19.95
Leeeon1310: folds 
Uncalled bet ($19.95) returned to Pacifistas
Pacifistas collected $13.30 from pot
Pacifistas: doesn't show hand 
*** SUMMARY ***
Total pot $14 | Rake $0.70 
Board [Qs 9d Ah 3c Kh]
Seat 1: gudrozd folded before Flop (didn't bet)
Seat 2: gig.gyty (button) folded before Flop (didn't bet)
Seat 3: Leeeon1310 (small blind) folded on the River
Seat 4: blistein (big blind) folded before Flop
Seat 5: equilibrium_tv folded before Flop (didn't bet)
Seat 6: Pacifistas collected ($13.30)



PokerStars Hand #254429563581:  Hold'em No Limit ($0.50/$1.00 USD) - 2025/01/18 11:30:51 WET [2025/01/18 6:30:51 ET]
Table 'Zelinda III' 6-max Seat #3 is the button
Seat 1: gudrozd ($117.21 in chips) 
Seat 2: gig.gyty ($107.80 in chips) 
Seat 3: Leeeon1310 ($29 in chips) 
Seat 4: blistein ($102.88 in chips) 
Seat 5: equilibrium_tv ($38.50 in chips) 
Seat 6: Pacifistas ($109.92 in chips) 
blistein: posts small blind $0.50
equilibrium_tv: posts big blind $1
*** HOLE CARDS ***
Pacifistas: folds 
gudrozd: folds 
gig.gyty: folds 
Leeeon1310: folds 
blistein: raises $2 to $3
equilibrium_tv: folds 
Uncalled bet ($2) returned to blistein
blistein collected $2 from pot
blistein: doesn't show hand 
*** SUMMARY ***
Total pot $2 | Rake $0 
Seat 1: gudrozd folded before Flop (didn't bet)
Seat 2: gig.gyty folded before Flop (didn't bet)
Seat 3: Leeeon1310 (button) folded before Flop (didn't bet)
Seat 4: blistein (small blind) collected ($2)
Seat 5: equilibrium_tv (big blind) folded before Flop
Seat 6: Pacifistas folded before Flop (didn't bet)



PokerStars Hand #254429565760:  Hold'em No Limit ($0.50/$1.00 USD) - 2025/01/18 11:31:07 WET [2025/01/18 6:31:07 ET]
Table 'Zelinda III' 6-max Seat #4 is the button
Seat 1: gudrozd ($117.21 in chips) 
Seat 2: gig.gyty ($107.80 in chips) 
Seat 3: Leeeon1310 ($29 in chips) 
Seat 4: blistein ($103.88 in chips) 
Seat 5: equilibrium_tv ($37.50 in chips) 
Seat 6: Pacifistas ($109.92 in chips) 
equilibrium_tv: posts small blind $0.50
Pacifistas: posts big blind $1
*** HOLE CARDS ***
gudrozd: folds 
gig.gyty: folds 
Leeeon1310: raises $1 to $2
blistein: raises $4 to $6
equilibrium_tv: folds 
Pacifistas: folds 
Leeeon1310: raises $4 to $10
blistein: calls $4
*** FLOP *** [3d Qh 4s]
Leeeon1310: bets $19 and is all-in
blistein: folds 
Uncalled bet ($19) returned to Leeeon1310
Leeeon1310 collected $20.15 from pot
*** SUMMARY ***
Total pot $21.50 | Rake $1.35 
Board [3d Qh 4s]
Seat 1: gudrozd folded before Flop (didn't bet)
Seat 2: gig.gyty folded before Flop (didn't bet)
Seat 3: Leeeon1310 collected ($20.15)
Seat 4: blistein (button) folded on the Flop
Seat 5: equilibrium_tv (small blind) folded before Flop
Seat 6: Pacifistas (big blind) folded before Flop



PokerStars Hand #254429570772:  Hold'em No Limit ($0.50/$1.00 USD) - 2025/01/18 11:31:44 WET [2025/01/18 6:31:44 ET]
Table 'Zelinda III' 6-max Seat #5 is the button
Seat 1: gudrozd ($117.21 in chips) 
Seat 2: gig.gyty ($107.80 in chips) 
Seat 3: Leeeon1310 ($39.15 in chips) 
Seat 4: blistein ($100 in chips) 
Seat 5: equilibrium_tv ($37 in chips) 
Seat 6: Pacifistas ($108.92 in chips) 
Pacifistas: posts small blind $0.50
gudrozd: posts big blind $1
*** HOLE CARDS ***
gig.gyty: folds 
Leeeon1310: calls $1
blistein: raises $2.50 to $3.50
equilibrium_tv: raises $5.50 to $9
Pacifistas: raises $10 to $19
gudrozd: folds 
Leeeon1310: folds 
blistein: folds 
equilibrium_tv: raises $18 to $37 and is all-in
Pacifistas: calls $18
*** FIRST FLOP *** [6h Ad Jd]
*** FIRST TURN *** [6h Ad Jd] [6d]
*** FIRST RIVER *** [6h Ad Jd 6d] [9d]
*** SECOND FLOP *** [5s Js 9c]
*** SECOND TURN *** [5s Js 9c] [3h]
*** SECOND RIVER *** [5s Js 9c 3h] [5h]
*** FIRST SHOW DOWN ***
Pacifistas: shows [Ah Qh] (two pair, Aces and Sixes)
equilibrium_tv: shows [As Ks] (two pair, Aces and Sixes - King kicker)
equilibrium_tv collected $38.50 from pot
*** SECOND SHOW DOWN ***
Pacifistas: shows [Ah Qh] (a pair of Fives)
equilibrium_tv: shows [As Ks] (a pair of Fives - Ace+King kicker)
equilibrium_tv collected $38.50 from pot
*** SUMMARY ***
Total pot $79.50 | Rake $2.50 
Hand was run twice
FIRST Board [6h Ad Jd 6d 9d]
SECOND Board [5s Js 9c 3h 5h]
Seat 1: gudrozd (big blind) folded before Flop
Seat 2: gig.gyty folded before Flop (didn't bet)
Seat 3: Leeeon1310 folded before Flop
Seat 4: blistein folded before Flop
Seat 5: equilibrium_tv (button) showed [As Ks] and won ($38.50) with two pair, Aces and Sixes, and won ($38.50) with a pair of Fives
Seat 6: Pacifistas (small blind) showed [Ah Qh] and lost with two pair, Aces and Sixes, and lost with a pair of Fives



PokerStars Hand #254429577427:  Hold'em No Limit ($0.50/$1.00 USD) - 2025/01/18 11:32:34 WET [2025/01/18 6:32:34 ET]
Table 'Zelinda III' 6-max Seat #6 is the button
Seat 1: gudrozd ($116.21 in chips) 
Seat 2: gig.gyty ($107.80 in chips) 
Seat 3: Leeeon1310 ($38.15 in chips) 
Seat 4: blistein ($100 in chips) 
Seat 5: equilibrium_tv ($77 in chips) 
Seat 6: Pacifistas ($100 in chips) 
gudrozd: posts small blind $0.50
gig.gyty: posts big blind $1
*** HOLE CARDS ***
Leeeon1310: raises $1 to $2
blistein: folds 
equilibrium_tv: folds 
Pacifistas: raises $4 to $6
gudrozd: folds 
gig.gyty: folds 
Leeeon1310: raises $4 to $10
Pacifistas: calls $4
*** FLOP *** [8c 5s Jh]
Leeeon1310: bets $1
Pacifistas: calls $1
*** TURN *** [8c 5s Jh] [2c]
Leeeon1310: bets $27.15 and is all-in
Pacifistas: folds 
Uncalled bet ($27.15) returned to Leeeon1310
Leeeon1310 collected $22.02 from pot
*** SUMMARY ***
Total pot $23.50 | Rake $1.48 
Board [8c 5s Jh 2c]
Seat 1: gudrozd (small blind) folded before Flop
Seat 2: gig.gyty (big blind) folded before Flop
Seat 3: Leeeon1310 collected ($22.02)
Seat 4: blistein folded before Flop (didn't bet)
Seat 5: equilibrium_tv folded before Flop (didn't bet)
Seat 6: Pacifistas (button) folded on the Turn



PokerStars Hand #254429581770:  Hold'em No Limit ($0.50/$1.00 USD) - 2025/01/18 11:33:06 WET [2025/01/18 6:33:06 ET]
Table 'Zelinda III' 6-max Seat #1 is the button
Seat 1: gudrozd ($115.71 in chips) 
Seat 2: gig.gyty ($106.80 in chips) 
Seat 3: Leeeon1310 ($49.17 in chips) 
Seat 4: blistein ($100 in chips) 
Seat 5: equilibrium_tv ($77 in chips) 
Seat 6: Pacifistas ($100 in chips) 
gig.gyty: posts small blind $0.50
Leeeon1310: posts big blind $1
*** HOLE CARDS ***
blistein is disconnected 
blistein is connected 
blistein: folds 
equilibrium_tv: folds 
Pacifistas: folds 
gudrozd: folds 
gig.gyty: folds 
Uncalled bet ($0.50) returned to Leeeon1310
Leeeon1310 collected $1 from pot
*** SUMMARY ***
Total pot $1 | Rake $0 
Seat 1: gudrozd (button) folded before Flop (didn't bet)
Seat 2: gig.gyty (small blind) folded before Flop
Seat 3: Leeeon1310 (big blind) collected ($1)
Seat 4: blistein folded before Flop (didn't bet)
Seat 5: equilibrium_tv folded before Flop (didn't bet)
Seat 6: Pacifistas folded before Flop (didn't bet)



PokerStars Hand #254429585681:  Hold'em No Limit ($0.50/$1.00 USD) - 2025/01/18 11:33:34 WET [2025/01/18 6:33:34 ET]
Table 'Zelinda III' 6-max Seat #2 is the button
Seat 1: gudrozd ($115.71 in chips) 
Seat 2: gig.gyty ($106.30 in chips) 
Seat 3: Leeeon1310 ($49.67 in chips) 
Seat 4: blistein ($100 in chips) 
Seat 5: equilibrium_tv ($77 in chips) 
Seat 6: Pacifistas ($100 in chips) 
Leeeon1310: posts small blind $0.50
blistein: posts big blind $1
*** HOLE CARDS ***
equilibrium_tv: folds 
Pacifistas: folds 
gudrozd: folds 
gig.gyty: folds 
Leeeon1310: raises $1 to $2
blistein: folds 
Uncalled bet ($1) returned to Leeeon1310
Leeeon1310 collected $2 from pot
*** SUMMARY ***
Total pot $2 | Rake $0 
Seat 1: gudrozd folded before Flop (didn't bet)
Seat 2: gig.gyty (button) folded before Flop (didn't bet)
Seat 3: Leeeon1310 (small blind) collected ($2)
Seat 4: blistein (big blind) folded before Flop
Seat 5: equilibrium_tv folded before Flop (didn't bet)
Seat 6: Pacifistas folded before Flop (didn't bet)



PokerStars Hand #254429587438:  Hold'em No Limit ($0.50/$1.00 USD) - 2025/01/18 11:33:46 WET [2025/01/18 6:33:46 ET]
Table 'Zelinda III' 6-max Seat #3 is the button
Seat 5: equilibrium_tv ($77 in chips) is sitting out
Seat 1: gudrozd ($115.71 in chips) 
Seat 2: gig.gyty ($106.30 in chips) 
Seat 3: Leeeon1310 ($50.67 in chips) 
Seat 4: blistein ($100 in chips) 
Seat 6: Pacifistas ($100 in chips) 
blistein: posts small blind $0.50
equilibrium_tv: is sitting out 
Pacifistas: posts big blind $1
*** HOLE CARDS ***
gudrozd: folds 
gig.gyty: folds 
Leeeon1310: calls $1
blistein: folds 
Pacifistas: checks 
*** FLOP *** [Kh 7s 5h]
Pacifistas: checks 
equilibrium_tv leaves the table
Leeeon1310: checks 
*** TURN *** [Kh 7s 5h] [Th]
Pacifistas: checks 
NoonTime1991 joins the table at seat #5 
Leeeon1310: checks 
*** RIVER *** [Kh 7s 5h Th] [3d]
Pacifistas: bets $1.57
Leeeon1310: calls $1.57
*** SHOW DOWN ***
Pacifistas: shows [8d Qs] (high card King)
Leeeon1310: shows [2c Kd] (a pair of Kings)
Leeeon1310 collected $5.29 from pot
*** SUMMARY ***
Total pot $5.64 | Rake $0.35 
Board [Kh 7s 5h Th 3d]
Seat 5: equilibrium_tv
Seat 1: gudrozd folded before Flop (didn't bet)
Seat 2: gig.gyty folded before Flop (didn't bet)
Seat 3: Leeeon1310 (button) showed [2c Kd] and won ($5.29) with a pair of Kings
Seat 4: blistein (small blind) folded before Flop
Seat 6: Pacifistas (big blind) showed [8d Qs] and lost with high card King



PokerStars Hand #254429590817:  Hold'em No Limit ($0.50/$1.00 USD) - 2025/01/18 11:34:10 WET [2025/01/18 6:34:10 ET]
Table 'Zelinda III' 6-max Seat #4 is the button
Seat 5: NoonTime1991 ($100 in chips) is sitting out
Seat 1: gudrozd ($115.71 in chips) 
Seat 2: gig.gyty ($106.30 in chips) 
Seat 3: Leeeon1310 ($53.39 in chips) 
Seat 4: blistein ($100 in chips) 
Seat 6: Pacifistas ($100 in chips) 
Pacifistas: posts small blind $0.50
gudrozd: posts big blind $1
*** HOLE CARDS ***
gig.gyty: folds 
Leeeon1310: raises $1 to $2
blistein: folds 
Pacifistas: folds 
gudrozd: calls $1
*** FLOP *** [Kd 9d 7s]
gudrozd: checks 
Leeeon1310: bets $4.28
gudrozd: calls $4.28
*** TURN *** [Kd 9d 7s] [Jd]
gudrozd: bets $3.10
Leeeon1310: calls $3.10
*** RIVER *** [Kd 9d 7s Jd] [Ts]
gudrozd: checks 
Leeeon1310: checks 
*** SHOW DOWN ***
gudrozd: shows [Kc 6c] (a pair of Kings)
Leeeon1310: shows [Ah As] (a pair of Aces)
Leeeon1310 collected $18.06 from pot
*** SUMMARY ***
Total pot $19.26 | Rake $1.20 
Board [Kd 9d 7s Jd Ts]
Seat 5: NoonTime1991
Seat 1: gudrozd (big blind) showed [Kc 6c] and lost with a pair of Kings
Seat 2: gig.gyty folded before Flop (didn't bet)
Seat 3: Leeeon1310 showed [Ah As] and won ($18.06) with a pair of Aces
Seat 4: blistein (button) folded before Flop (didn't bet)
Seat 6: Pacifistas (small blind) folded before Flop



PokerStars Hand #254429598234:  Hold'em No Limit ($0.50/$1.00 USD) - 2025/01/18 11:35:03 WET [2025/01/18 6:35:03 ET]
Table 'Zelinda III' 6-max Seat #6 is the button
Seat 5: NoonTime1991 ($100 in chips) is sitting out
Seat 1: gudrozd ($106.33 in chips) 
Seat 2: gig.gyty ($106.30 in chips) 
Seat 3: Leeeon1310 ($62.07 in chips) 
Seat 4: blistein ($100 in chips) 
Seat 6: Pacifistas ($100 in chips) 
gudrozd: posts small blind $0.50
gig.gyty: posts big blind $1
NoonTime1991: sits out 
*** HOLE CARDS ***
Leeeon1310: calls $1
blistein: folds 
Pacifistas: raises $3.50 to $4.50
gudrozd: folds 
gig.gyty: calls $3.50
Leeeon1310: calls $3.50
*** FLOP *** [Qd 3s Qc]
gig.gyty: checks 
Leeeon1310: checks 
Pacifistas: bets $4.39
gig.gyty: folds 
Leeeon1310: folds 
Uncalled bet ($4.39) returned to Pacifistas
Pacifistas collected $13.30 from pot
Pacifistas: doesn't show hand 
*** SUMMARY ***
Total pot $14 | Rake $0.70 
Board [Qd 3s Qc]
Seat 5: NoonTime1991
Seat 1: gudrozd (small blind) folded before Flop
Seat 2: gig.gyty (big blind) folded on the Flop
Seat 3: Leeeon1310 folded on the Flop
Seat 4: blistein folded before Flop (didn't bet)
Seat 6: Pacifistas (button) collected ($13.30)



PokerStars Hand #254429603339:  Hold'em No Limit ($0.50/$1.00 USD) - 2025/01/18 11:35:39 WET [2025/01/18 6:35:39 ET]
Table 'Zelinda III' 6-max Seat #1 is the button
Seat 5: NoonTime1991 ($100 in chips) is sitting out
Seat 1: gudrozd ($105.83 in chips) 
Seat 2: gig.gyty ($101.80 in chips) 
Seat 3: Leeeon1310 ($57.57 in chips) 
Seat 4: blistein ($100 in chips) 
Seat 6: Pacifistas ($108.80 in chips) 
gig.gyty: posts small blind $0.50
Leeeon1310: posts big blind $1
NoonTime1991: sits out 
*** HOLE CARDS ***
blistein: folds 
Pacifistas: folds 
gudrozd: folds 
gig.gyty: raises $2 to $3
Leeeon1310: calls $2
*** FLOP *** [Ts 8s 7s]
gig.gyty: bets $4.39
Leeeon1310: folds 
Uncalled bet ($4.39) returned to gig.gyty
gig.gyty collected $5.70 from pot
gig.gyty: doesn't show hand 
*** SUMMARY ***
Total pot $6 | Rake $0.30 
Board [Ts 8s 7s]
Seat 5: NoonTime1991
Seat 1: gudrozd (button) folded before Flop (didn't bet)
Seat 2: gig.gyty (small blind) collected ($5.70)
Seat 3: Leeeon1310 (big blind) folded on the Flop
Seat 4: blistein folded before Flop (didn't bet)
Seat 6: Pacifistas folded before Flop (didn't bet)



PokerStars Hand #254429607020:  Hold'em No Limit ($0.50/$1.00 USD) - 2025/01/18 11:36:06 WET [2025/01/18 6:36:06 ET]
Table 'Zelinda III' 6-max Seat #2 is the button
Seat 5: NoonTime1991 ($100 in chips) is sitting out
Seat 1: gudrozd ($105.83 in chips) 
Seat 2: gig.gyty ($104.50 in chips) 
Seat 3: Leeeon1310 ($54.57 in chips) 
Seat 4: blistein ($100 in chips) 
Seat 6: Pacifistas ($108.80 in chips) 
Leeeon1310: posts small blind $0.50
blistein: posts big blind $1
NoonTime1991: sits out 
*** HOLE CARDS ***
Pacifistas: raises $1 to $2
gudrozd: folds 
gig.gyty: folds 
Leeeon1310: raises $1 to $3
blistein: folds 
Pacifistas: calls $1
*** FLOP *** [8s 6s Qh]
Leeeon1310: checks 
Pacifistas: bets $5.39
Leeeon1310: raises $46.18 to $51.57 and is all-in
Pacifistas: calls $46.18
*** TURN *** [8s 6s Qh] [Ah]
*** RIVER *** [8s 6s Qh Ah] [2s]
*** SHOW DOWN ***
Leeeon1310: shows [Js Jh] (a pair of Jacks)
Pacifistas: shows [Ks Qc] (a pair of Queens)
Pacifistas collected $107.64 from pot
*** SUMMARY ***
Total pot $110.14 | Rake $2.50 
Board [8s 6s Qh Ah 2s]
Seat 5: NoonTime1991
Seat 1: gudrozd folded before Flop (didn't bet)
Seat 2: gig.gyty (button) folded before Flop (didn't bet)
Seat 3: Leeeon1310 (small blind) showed [Js Jh] and lost with a pair of Jacks
Seat 4: blistein (big blind) folded before Flop
Seat 6: Pacifistas showed [Ks Qc] and won ($107.64) with a pair of Queens



PokerStars Hand #254429612976:  Hold'em No Limit ($0.50/$1.00 USD) - 2025/01/18 11:36:48 WET [2025/01/18 6:36:48 ET]
Table 'Zelinda III' 6-max Seat #4 is the button
Seat 3: Leeeon1310 ($0 in chips) is sitting out
Seat 5: NoonTime1991 ($100 in chips) is sitting out
Seat 1: gudrozd ($105.83 in chips) 
Seat 2: gig.gyty ($104.50 in chips) 
Seat 4: blistein ($100 in chips) 
Seat 6: Pacifistas ($161.87 in chips) 
Pacifistas: posts small blind $0.50
gudrozd: posts big blind $1
*** HOLE CARDS ***
gig.gyty: folds 
blistein: folds 
Pacifistas: folds 
Uncalled bet ($0.50) returned to gudrozd
gudrozd collected $1 from pot
gudrozd: doesn't show hand 
*** SUMMARY ***
Total pot $1 | Rake $0 
Seat 3: Leeeon1310
Seat 5: NoonTime1991
Seat 1: gudrozd (big blind) collected ($1)
Seat 2: gig.gyty folded before Flop (didn't bet)
Seat 4: blistein (button) folded before Flop (didn't bet)
Seat 6: Pacifistas (small blind) folded before Flop



PokerStars Hand #254429614460:  Hold'em No Limit ($0.50/$1.00 USD) - 2025/01/18 11:36:58 WET [2025/01/18 6:36:58 ET]
Table 'Zelinda III' 6-max Seat #6 is the button
Seat 3: Leeeon1310 ($0 in chips) is sitting out
Seat 5: NoonTime1991 ($100 in chips) is sitting out
Seat 1: gudrozd ($106.33 in chips) 
Seat 2: gig.gyty ($104.50 in chips) 
Seat 4: blistein ($100 in chips) 
Seat 6: Pacifistas ($161.37 in chips) 
gudrozd: posts small blind $0.50
gig.gyty: posts big blind $1
NoonTime1991: sits out 
*** HOLE CARDS ***
blistein: folds 
Pacifistas: folds 
gudrozd: raises $2 to $3
gig.gyty: calls $2
*** FLOP *** [6s 2c 4s]
gudrozd: checks 
gig.gyty: bets $1.43
gudrozd: raises $4.28 to $5.71
gig.gyty: calls $4.28
*** TURN *** [6s 2c 4s] [Ts]
gudrozd: bets $5.46
gig.gyty: raises $13.74 to $19.20
gudrozd: folds 
Uncalled bet ($13.74) returned to gig.gyty
gig.gyty collected $27.34 from pot
gig.gyty: doesn't show hand 
*** SUMMARY ***
Total pot $28.34 | Rake $1 
Board [6s 2c 4s Ts]
Seat 3: Leeeon1310
Seat 5: NoonTime1991
Seat 1: gudrozd (small blind) folded on the Turn
Seat 2: gig.gyty (big blind) collected ($27.34)
Seat 4: blistein folded before Flop (didn't bet)
Seat 6: Pacifistas (button) folded before Flop (didn't bet)



PokerStars Hand #254429626004:  Hold'em No Limit ($0.50/$1.00 USD) - 2025/01/18 11:38:19 WET [2025/01/18 6:38:19 ET]
Table 'Zelinda III' 6-max Seat #1 is the button
Seat 3: Leeeon1310 ($0 in chips) is sitting out
Seat 5: NoonTime1991 ($100 in chips) is sitting out
Seat 1: gudrozd ($100 in chips) 
Seat 2: gig.gyty ($117.67 in chips) 
Seat 4: blistein ($100 in chips) 
Seat 6: Pacifistas ($161.37 in chips) 
gig.gyty: posts small blind $0.50
blistein: posts big blind $1
NoonTime1991: sits out 
*** HOLE CARDS ***
Pacifistas: raises $1.50 to $2.50
gudrozd: folds 
gig.gyty: folds 
blistein: folds 
Uncalled bet ($1.50) returned to Pacifistas
Pacifistas collected $2.50 from pot
Pacifistas: doesn't show hand 
*** SUMMARY ***
Total pot $2.50 | Rake $0 
Seat 3: Leeeon1310
Seat 5: NoonTime1991
Seat 1: gudrozd (button) folded before Flop (didn't bet)
Seat 2: gig.gyty (small blind) folded before Flop
Seat 4: blistein (big blind) folded before Flop
Seat 6: Pacifistas collected ($2.50)



PokerStars Hand #254429627444:  Hold'em No Limit ($0.50/$1.00 USD) - 2025/01/18 11:38:30 WET [2025/01/18 6:38:30 ET]
Table 'Zelinda III' 6-max Seat #2 is the button
Seat 3: Leeeon1310 ($0 in chips) is sitting out
Seat 1: gudrozd ($100 in chips) 
Seat 2: gig.gyty ($117.17 in chips) 
Seat 4: blistein ($100 in chips) 
Seat 5: NoonTime1991 ($100 in chips) 
Seat 6: Pacifistas ($162.87 in chips) 
blistein: posts small blind $0.50
NoonTime1991: posts big blind $1
*** HOLE CARDS ***
Pacifistas: folds 
gudrozd: raises $1.50 to $2.50
gig.gyty: folds 
blistein: folds 
NoonTime1991: folds 
Uncalled bet ($1.50) returned to gudrozd
gudrozd collected $2.50 from pot
gudrozd: doesn't show hand 
*** SUMMARY ***
Total pot $2.50 | Rake $0 
Seat 3: Leeeon1310
Seat 1: gudrozd collected ($2.50)
Seat 2: gig.gyty (button) folded before Flop (didn't bet)
Seat 4: blistein (small blind) folded before Flop
Seat 5: NoonTime1991 (big blind) folded before Flop
Seat 6: Pacifistas folded before Flop (didn't bet)



PokerStars Hand #254429629719:  Hold'em No Limit ($0.50/$1.00 USD) - 2025/01/18 11:38:46 WET [2025/01/18 6:38:46 ET]
Table 'Zelinda III' 6-max Seat #4 is the button
Seat 3: Leeeon1310 ($0 in chips) is sitting out
Seat 1: gudrozd ($101.50 in chips) 
Seat 2: gig.gyty ($117.17 in chips) 
Seat 4: blistein ($100 in chips) 
Seat 5: NoonTime1991 ($100 in chips) 
Seat 6: Pacifistas ($162.87 in chips) 
NoonTime1991: posts small blind $0.50
Pacifistas: posts big blind $1
*** HOLE CARDS ***
gudrozd: folds 
gig.gyty: folds 
blistein: folds 
NoonTime1991: folds 
Uncalled bet ($0.50) returned to Pacifistas
Pacifistas collected $1 from pot
Pacifistas: doesn't show hand 
*** SUMMARY ***
Total pot $1 | Rake $0 
Seat 3: Leeeon1310
Seat 1: gudrozd folded before Flop (didn't bet)
Seat 2: gig.gyty folded before Flop (didn't bet)
Seat 4: blistein (button) folded before Flop (didn't bet)
Seat 5: NoonTime1991 (small blind) folded before Flop
Seat 6: Pacifistas (big blind) collected ($1)



PokerStars Hand #254429630889:  Hold'em No Limit ($0.50/$1.00 USD) - 2025/01/18 11:38:54 WET [2025/01/18 6:38:54 ET]
Table 'Zelinda III' 6-max Seat #5 is the button
Seat 3: Leeeon1310 ($0 in chips) is sitting out
Seat 1: gudrozd ($101.50 in chips) 
Seat 2: gig.gyty ($117.17 in chips) 
Seat 4: blistein ($100 in chips) 
Seat 5: NoonTime1991 ($100 in chips) 
Seat 6: Pacifistas ($163.37 in chips) 
Pacifistas: posts small blind $0.50
gudrozd: posts big blind $1
*** HOLE CARDS ***
gig.gyty: folds 
blistein: folds 
NoonTime1991: folds 
Pacifistas: folds 
Uncalled bet ($0.50) returned to gudrozd
gudrozd collected $1 from pot
gudrozd: doesn't show hand 
*** SUMMARY ***
Total pot $1 | Rake $0 
Seat 3: Leeeon1310
Seat 1: gudrozd (big blind) collected ($1)
Seat 2: gig.gyty folded before Flop (didn't bet)
Seat 4: blistein folded before Flop (didn't bet)
Seat 5: NoonTime1991 (button) folded before Flop (didn't bet)
Seat 6: Pacifistas (small blind) folded before Flop



PokerStars Hand #254429633566:  Hold'em No Limit ($0.50/$1.00 USD) - 2025/01/18 11:39:13 WET [2025/01/18 6:39:13 ET]
Table 'Zelinda III' 6-max Seat #6 is the button
Seat 3: Leeeon1310 ($0 in chips) is sitting out
Seat 1: gudrozd ($102 in chips) 
Seat 2: gig.gyty ($117.17 in chips) 
Seat 4: blistein ($100 in chips) 
Seat 5: NoonTime1991 ($100 in chips) 
Seat 6: Pacifistas ($162.87 in chips) 
gudrozd: posts small blind $0.50
gig.gyty: posts big blind $1
*** HOLE CARDS ***
blistein: raises $1.20 to $2.20
NoonTime1991: folds 
Pacifistas: folds 
gudrozd: folds 
gig.gyty: folds 
Uncalled bet ($1.20) returned to blistein
blistein collected $2.50 from pot
blistein: doesn't show hand 
*** SUMMARY ***
Total pot $2.50 | Rake $0 
Seat 3: Leeeon1310
Seat 1: gudrozd (small blind) folded before Flop
Seat 2: gig.gyty (big blind) folded before Flop
Seat 4: blistein collected ($2.50)
Seat 5: NoonTime1991 folded before Flop (didn't bet)
Seat 6: Pacifistas (button) folded before Flop (didn't bet)



PokerStars Hand #254429635046:  Hold'em No Limit ($0.50/$1.00 USD) - 2025/01/18 11:39:24 WET [2025/01/18 6:39:24 ET]
Table 'Zelinda III' 6-max Seat #1 is the button
Seat 3: Leeeon1310 ($0 in chips) is sitting out
Seat 1: gudrozd ($101.50 in chips) 
Seat 2: gig.gyty ($116.17 in chips) 
Seat 4: blistein ($101.50 in chips) 
Seat 5: NoonTime1991 ($100 in chips) 
Seat 6: Pacifistas ($162.87 in chips) 
gig.gyty: posts small blind $0.50
blistein: posts big blind $1
*** HOLE CARDS ***
NoonTime1991: raises $1 to $2
Pacifistas: folds 
gudrozd: folds 
gig.gyty: folds 
blistein: folds 
Uncalled bet ($1) returned to NoonTime1991
NoonTime1991 collected $2.50 from pot
NoonTime1991: doesn't show hand 
*** SUMMARY ***
Total pot $2.50 | Rake $0 
Seat 3: Leeeon1310
Seat 1: gudrozd (button) folded before Flop (didn't bet)
Seat 2: gig.gyty (small blind) folded before Flop
Seat 4: blistein (big blind) folded before Flop
Seat 5: NoonTime1991 collected ($2.50)
Seat 6: Pacifistas folded before Flop (didn't bet)



PokerStars Hand #254429637005:  Hold'em No Limit ($0.50/$1.00 USD) - 2025/01/18 11:39:38 WET [2025/01/18 6:39:38 ET]
Table 'Zelinda III' 6-max Seat #2 is the button
Seat 3: Leeeon1310 ($0 in chips) is sitting out
Seat 5: NoonTime1991 ($101.50 in chips) is sitting out
Seat 1: gudrozd ($101.50 in chips) 
Seat 2: gig.gyty ($115.67 in chips) 
Seat 4: blistein ($100.50 in chips) 
Seat 6: Pacifistas ($162.87 in chips) 
blistein: posts small blind $0.50
NoonTime1991: is sitting out 
Pacifistas: posts big blind $1
*** HOLE CARDS ***
gudrozd: folds 
gig.gyty: folds 
blistein: raises $2 to $3
Pacifistas: raises $6.50 to $9.50
blistein: folds 
Uncalled bet ($6.50) returned to Pacifistas
Pacifistas collected $6 from pot
Pacifistas: doesn't show hand 
*** SUMMARY ***
Total pot $6 | Rake $0 
Seat 3: Leeeon1310
Seat 5: NoonTime1991
Seat 1: gudrozd folded before Flop (didn't bet)
Seat 2: gig.gyty (button) folded before Flop (didn't bet)
Seat 4: blistein (small blind) folded before Flop
Seat 6: Pacifistas (big blind) collected ($6)



PokerStars Hand #254429639681:  Hold'em No Limit ($0.50/$1.00 USD) - 2025/01/18 11:39:56 WET [2025/01/18 6:39:56 ET]
Table 'Zelinda III' 6-max Seat #4 is the button
Seat 1: gudrozd ($101.50 in chips) is sitting out
Seat 3: Leeeon1310 ($0 in chips) is sitting out
Seat 5: NoonTime1991 ($101.50 in chips) is sitting out
Seat 2: gig.gyty ($115.67 in chips) 
Seat 4: blistein ($100 in chips) 
Seat 6: Pacifistas ($165.87 in chips) 
Pacifistas: posts small blind $0.50
gudrozd: is sitting out 
gig.gyty: posts big blind $1
*** HOLE CARDS ***
blistein: folds 
Pacifistas: folds 
Uncalled bet ($0.50) returned to gig.gyty
gig.gyty collected $1 from pot
gig.gyty: doesn't show hand 
*** SUMMARY ***
Total pot $1 | Rake $0 
Seat 1: gudrozd
Seat 3: Leeeon1310
Seat 5: NoonTime1991
Seat 2: gig.gyty (big blind) collected ($1)
Seat 4: blistein (button) folded before Flop (didn't bet)
Seat 6: Pacifistas (small blind) folded before Flop



PokerStars Hand #254429640493:  Hold'em No Limit ($0.50/$1.00 USD) - 2025/01/18 11:40:02 WET [2025/01/18 6:40:02 ET]
Table 'Zelinda III' 6-max Seat #6 is the button
Seat 1: gudrozd ($101.50 in chips) is sitting out
Seat 3: Leeeon1310 ($0 in chips) is sitting out
Seat 5: NoonTime1991 ($101.50 in chips) is sitting out
Seat 2: gig.gyty ($116.17 in chips) 
Seat 4: blistein ($100 in chips) 
Seat 6: Pacifistas ($165.37 in chips) 
gig.gyty: posts small blind $0.50
blistein: posts big blind $1
*** HOLE CARDS ***
Pacifistas: raises $1.50 to $2.50
NoonTime1991 leaves the table
gudrozd leaves the table
gig.gyty: folds 
blistein: folds 
Uncalled bet ($1.50) returned to Pacifistas
Pacifistas collected $2.50 from pot
Pacifistas: doesn't show hand 
*** SUMMARY ***
Total pot $2.50 | Rake $0 
Seat 1: gudrozd
Seat 3: Leeeon1310
Seat 5: NoonTime1991
Seat 2: gig.gyty (small blind) folded before Flop
Seat 4: blistein (big blind) folded before Flop
Seat 6: Pacifistas (button) collected ($2.50)



PokerStars Hand #254429643006:  Hold'em No Limit ($0.50/$1.00 USD) - 2025/01/18 11:40:21 WET [2025/01/18 6:40:21 ET]
Table 'Zelinda III' 6-max Seat #2 is the button
Seat 3: Leeeon1310 ($0 in chips) is sitting out
Seat 2: gig.gyty ($115.67 in chips) 
Seat 4: blistein ($100 in chips) 
Seat 6: Pacifistas ($166.87 in chips) 
blistein: posts small blind $0.50
Pacifistas: posts big blind $1
*** HOLE CARDS ***
Leeeon1310 is disconnected 
gig.gyty: folds 
blistein: raises $2 to $3
Pacifistas: calls $2
*** FLOP *** [Jh 3s 9c]
blistein: checks 
Pacifistas: checks 
*** TURN *** [Jh 3s 9c] [Tc]
blistein: checks 
Pacifistas: checks 
*** RIVER *** [Jh 3s 9c Tc] [4s]
blistein: bets $4.28
Pacifistas: raises $14.22 to $18.50
blistein: folds 
Uncalled bet ($14.22) returned to Pacifistas
Pacifistas collected $13.83 from pot
Pacifistas: doesn't show hand 
*** SUMMARY ***
Total pot $14.56 | Rake $0.73 
Board [Jh 3s 9c Tc 4s]
Seat 3: Leeeon1310
Seat 2: gig.gyty (button) folded before Flop (didn't bet)
Seat 4: blistein (small blind) folded on the River
Seat 6: Pacifistas (big blind) collected ($13.83)



PokerStars Hand #254429653797:  Hold'em No Limit ($0.50/$1.00 USD) - 2025/01/18 11:41:37 WET [2025/01/18 6:41:37 ET]
Table 'Zelinda III' 6-max Seat #4 is the button
Seat 3: Leeeon1310 ($0 in chips) is sitting out
Seat 2: gig.gyty ($115.67 in chips) 
Seat 4: blistein ($100 in chips) 
Seat 6: Pacifistas ($173.42 in chips) 
Pacifistas: posts small blind $0.50
gig.gyty: posts big blind $1
*** HOLE CARDS ***
blistein: raises $1.50 to $2.50
Pacifistas: folds 
gig.gyty: folds 
Uncalled bet ($1.50) returned to blistein
blistein collected $2.50 from pot
blistein: doesn't show hand 
*** SUMMARY ***
Total pot $2.50 | Rake $0 
Seat 3: Leeeon1310
Seat 2: gig.gyty (big blind) folded before Flop
Seat 4: blistein (button) collected ($2.50)
Seat 6: Pacifistas (small blind) folded before Flop



PokerStars Hand #254429655677:  Hold'em No Limit ($0.50/$1.00 USD) - 2025/01/18 11:41:50 WET [2025/01/18 6:41:50 ET]
Table 'Zelinda III' 6-max Seat #2 is the button
Seat 3: Leeeon1310 ($0 in chips) is sitting out
Seat 2: gig.gyty ($114.67 in chips) 
Seat 6: Pacifistas ($172.92 in chips) 
gig.gyty: posts small blind $0.50
Pacifistas: posts big blind $1
*** HOLE CARDS ***
gig.gyty: raises $1.50 to $2.50
Pacifistas: raises $8.50 to $11
gig.gyty: folds 
Uncalled bet ($8.50) returned to Pacifistas
Pacifistas collected $5 from pot
Leeeon1310 leaves the table
Pacifistas: doesn't show hand 
*** SUMMARY ***
Total pot $5 | Rake $0 
Seat 3: Leeeon1310
Seat 2: gig.gyty (button) (small blind) folded before Flop
Seat 6: Pacifistas (big blind) collected ($5)



PokerStars Hand #254429747843:  Hold'em No Limit ($0.50/$1.00 USD) - 2025/01/18 11:52:36 WET [2025/01/18 6:52:36 ET]
Table 'Zelinda III' 6-max Seat #4 is the button
Seat 4: Haalleluja ($100 in chips) 
Seat 5: Supermegopro ($100.20 in chips) 
Seat 6: Maximysss85 ($100 in chips) 
Supermegopro: posts small blind $0.50
Maximysss85: posts big blind $1
*** HOLE CARDS ***
Haalleluja: folds 
Supermegopro: folds 
Uncalled bet ($0.50) returned to Maximysss85
Maximysss85 collected $1 from pot
Maximysss85: doesn't show hand 
*** SUMMARY ***
Total pot $1 | Rake $0 
Seat 4: Haalleluja (button) folded before Flop (didn't bet)
Seat 5: Supermegopro (small blind) folded before Flop
Seat 6: Maximysss85 (big blind) collected ($1)



PokerStars Hand #254429749018:  Hold'em No Limit ($0.50/$1.00 USD) - 2025/01/18 11:52:44 WET [2025/01/18 6:52:44 ET]
Table 'Zelinda III' 6-max Seat #5 is the button
Seat 4: Haalleluja ($100 in chips) 
Seat 5: Supermegopro ($100 in chips) 
Seat 6: Maximysss85 ($100.50 in chips) 
Maximysss85: posts small blind $0.50
Haalleluja: posts big blind $1
*** HOLE CARDS ***
Supermegopro: raises $2 to $3
Maximysss85: folds 
Haalleluja: folds 
Uncalled bet ($2) returned to Supermegopro
Supermegopro collected $2.50 from pot
Supermegopro: doesn't show hand 
*** SUMMARY ***
Total pot $2.50 | Rake $0 
Seat 4: Haalleluja (big blind) folded before Flop
Seat 5: Supermegopro (button) collected ($2.50)
Seat 6: Maximysss85 (small blind) folded before Flop



PokerStars Hand #254429750838:  Hold'em No Limit ($0.50/$1.00 USD) - 2025/01/18 11:52:57 WET [2025/01/18 6:52:57 ET]
Table 'Zelinda III' 6-max Seat #6 is the button
Seat 4: Haalleluja ($99 in chips) 
Seat 5: Supermegopro ($101.50 in chips) 
Seat 6: Maximysss85 ($100 in chips) 
Haalleluja: posts small blind $0.50
Supermegopro: posts big blind $1
*** HOLE CARDS ***
AlexEliseev7 joins the table at seat #1 
Maximysss85: raises $1.50 to $2.50
Haalleluja: folds 
Quahrino joins the table at seat #3 
Supermegopro: raises $10.50 to $13
Maximysss85: calls $10.50
*** FLOP *** [Ks As 6s]
vadjkeee joins the table at seat #2 
Supermegopro: bets $8.42
Maximysss85: folds 
Uncalled bet ($8.42) returned to Supermegopro
Supermegopro collected $25.50 from pot
Supermegopro: doesn't show hand 
*** SUMMARY ***
Total pot $26.50 | Rake $1 
Board [Ks As 6s]
Seat 4: Haalleluja (small blind) folded before Flop
Seat 5: Supermegopro (big blind) collected ($25.50)
Seat 6: Maximysss85 (button) folded on the Flop



PokerStars Hand #254429753629:  Hold'em No Limit ($0.50/$1.00 USD) - 2025/01/18 11:53:17 WET [2025/01/18 6:53:17 ET]
Table 'Zelinda III' 6-max Seat #4 is the button
Seat 1: AlexEliseev7 ($100 in chips) is sitting out
Seat 2: vadjkeee ($100 in chips) is sitting out
Seat 3: Quahrino ($100 in chips) is sitting out
Seat 4: Haalleluja ($98.50 in chips) 
Seat 5: Supermegopro ($114 in chips) 
Seat 6: Maximysss85 ($100 in chips) 
Supermegopro: posts small blind $0.50
Maximysss85: posts big blind $1
AlexEliseev7: sits out 
vadjkeee: sits out 
Quahrino: sits out 
*** HOLE CARDS ***
Haalleluja: folds 
Supermegopro: raises $2 to $3
Maximysss85: calls $2
*** FLOP *** [Js 4h 9h]
Supermegopro: bets $3.80
Maximysss85: folds 
Uncalled bet ($3.80) returned to Supermegopro
Supermegopro collected $5.70 from pot
Supermegopro: doesn't show hand 
*** SUMMARY ***
Total pot $6 | Rake $0.30 
Board [Js 4h 9h]
Seat 1: AlexEliseev7
Seat 2: vadjkeee
Seat 3: Quahrino
Seat 4: Haalleluja (button) folded before Flop (didn't bet)
Seat 5: Supermegopro (small blind) collected ($5.70)
Seat 6: Maximysss85 (big blind) folded on the Flop



PokerStars Hand #254429755881:  Hold'em No Limit ($0.50/$1.00 USD) - 2025/01/18 11:53:33 WET [2025/01/18 6:53:33 ET]
Table 'Zelinda III' 6-max Seat #5 is the button
Seat 2: vadjkeee ($100 in chips) is sitting out
Seat 3: Quahrino ($100 in chips) is sitting out
Seat 1: AlexEliseev7 ($100 in chips) 
Seat 4: Haalleluja ($98.50 in chips) 
Seat 5: Supermegopro ($116.70 in chips) 
Seat 6: Maximysss85 ($100 in chips) 
Maximysss85: posts small blind $0.50
AlexEliseev7: posts big blind $1
vadjkeee: sits out 
Quahrino: sits out 
*** HOLE CARDS ***
Haalleluja: folds 
Supermegopro: raises $1.50 to $2.50
Maximysss85: folds 
AlexEliseev7: calls $1.50
*** FLOP *** [Ts 6h 7s]
AlexEliseev7: checks 
Supermegopro: checks 
*** TURN *** [Ts 6h 7s] [Qs]
AlexEliseev7: checks 
Supermegopro: bets $7.83
AlexEliseev7: folds 
Uncalled bet ($7.83) returned to Supermegopro
Supermegopro collected $5.22 from pot
Supermegopro: doesn't show hand 
*** SUMMARY ***
Total pot $5.50 | Rake $0.28 
Board [Ts 6h 7s Qs]
Seat 2: vadjkeee
Seat 3: Quahrino
Seat 1: AlexEliseev7 (big blind) folded on the Turn
Seat 4: Haalleluja folded before Flop (didn't bet)
Seat 5: Supermegopro (button) collected ($5.22)
Seat 6: Maximysss85 (small blind) folded before Flop



PokerStars Hand #254429761594:  Hold'em No Limit ($0.50/$1.00 USD) - 2025/01/18 11:54:14 WET [2025/01/18 6:54:14 ET]
Table 'Zelinda III' 6-max Seat #6 is the button
Seat 3: Quahrino ($100 in chips) is sitting out
Seat 1: AlexEliseev7 ($100 in chips) 
Seat 2: vadjkeee ($100 in chips) 
Seat 4: Haalleluja ($98.50 in chips) 
Seat 5: Supermegopro ($119.42 in chips) 
Seat 6: Maximysss85 ($100 in chips) 
AlexEliseev7: posts small blind $0.50
vadjkeee: posts big blind $1
Quahrino: sits out 
*** HOLE CARDS ***
Haalleluja: folds 
Supermegopro: folds 
Maximysss85: folds 
AlexEliseev7: folds 
Uncalled bet ($0.50) returned to vadjkeee
vadjkeee collected $1 from pot
vadjkeee: doesn't show hand 
*** SUMMARY ***
Total pot $1 | Rake $0 
Seat 3: Quahrino
Seat 1: AlexEliseev7 (small blind) folded before Flop
Seat 2: vadjkeee (big blind) collected ($1)
Seat 4: Haalleluja folded before Flop (didn't bet)
Seat 5: Supermegopro folded before Flop (didn't bet)
Seat 6: Maximysss85 (button) folded before Flop (didn't bet)



PokerStars Hand #254429764097:  Hold'em No Limit ($0.50/$1.00 USD) - 2025/01/18 11:54:32 WET [2025/01/18 6:54:32 ET]
Table 'Zelinda III' 6-max Seat #1 is the button
Seat 1: AlexEliseev7 ($100 in chips) 
Seat 2: vadjkeee ($100.50 in chips) 
Seat 3: Quahrino ($100 in chips) 
Seat 4: Haalleluja ($98.50 in chips) 
Seat 5: Supermegopro ($119.42 in chips) 
Seat 6: Maximysss85 ($100 in chips) 
vadjkeee: posts small blind $0.50
Quahrino: posts big blind $1
*** HOLE CARDS ***
Haalleluja: folds 
Supermegopro: raises $1.50 to $2.50
Maximysss85: folds 
AlexEliseev7: folds 
vadjkeee: folds 
Quahrino: folds 
Uncalled bet ($1.50) returned to Supermegopro
Supermegopro collected $2.50 from pot
Supermegopro: doesn't show hand 
*** SUMMARY ***
Total pot $2.50 | Rake $0 
Seat 1: AlexEliseev7 (button) folded before Flop (didn't bet)
Seat 2: vadjkeee (small blind) folded before Flop
Seat 3: Quahrino (big blind) folded before Flop
Seat 4: Haalleluja folded before Flop (didn't bet)
Seat 5: Supermegopro collected ($2.50)
Seat 6: Maximysss85 folded before Flop (didn't bet)



PokerStars Hand #254429766129:  Hold'em No Limit ($0.50/$1.00 USD) - 2025/01/18 11:54:47 WET [2025/01/18 6:54:47 ET]
Table 'Zelinda III' 6-max Seat #2 is the button
Seat 1: AlexEliseev7 ($100 in chips) 
Seat 2: vadjkeee ($100 in chips) 
Seat 3: Quahrino ($100 in chips) 
Seat 4: Haalleluja ($98.50 in chips) 
Seat 5: Supermegopro ($120.92 in chips) 
Seat 6: Maximysss85 ($100 in chips) 
Quahrino: posts small blind $0.50
Haalleluja: posts big blind $1
*** HOLE CARDS ***
Supermegopro: folds 
Maximysss85: folds 
AlexEliseev7: folds 
vadjkeee: raises $2 to $3
Quahrino: folds 
Haalleluja: folds 
Uncalled bet ($2) returned to vadjkeee
vadjkeee collected $2.50 from pot
vadjkeee: doesn't show hand 
*** SUMMARY ***
Total pot $2.50 | Rake $0 
Seat 1: AlexEliseev7 folded before Flop (didn't bet)
Seat 2: vadjkeee (button) collected ($2.50)
Seat 3: Quahrino (small blind) folded before Flop
Seat 4: Haalleluja (big blind) folded before Flop
Seat 5: Supermegopro folded before Flop (didn't bet)
Seat 6: Maximysss85 folded before Flop (didn't bet)



PokerStars Hand #254429767790:  Hold'em No Limit ($0.50/$1.00 USD) - 2025/01/18 11:54:59 WET [2025/01/18 6:54:59 ET]
Table 'Zelinda III' 6-max Seat #3 is the button
Seat 1: AlexEliseev7 ($100 in chips) 
Seat 2: vadjkeee ($101.50 in chips) 
Seat 3: Quahrino ($100 in chips) 
Seat 4: Haalleluja ($97.50 in chips) 
Seat 5: Supermegopro ($120.92 in chips) 
Seat 6: Maximysss85 ($100 in chips) 
Haalleluja: posts small blind $0.50
Supermegopro: posts big blind $1
*** HOLE CARDS ***
Maximysss85: folds 
AlexEliseev7: folds 
vadjkeee: folds 
Quahrino: folds 
Haalleluja: folds 
Uncalled bet ($0.50) returned to Supermegopro
Supermegopro collected $1 from pot
Supermegopro: doesn't show hand 
*** SUMMARY ***
Total pot $1 | Rake $0 
Seat 1: AlexEliseev7 folded before Flop (didn't bet)
Seat 2: vadjkeee folded before Flop (didn't bet)
Seat 3: Quahrino (button) folded before Flop (didn't bet)
Seat 4: Haalleluja (small blind) folded before Flop
Seat 5: Supermegopro (big blind) collected ($1)
Seat 6: Maximysss85 folded before Flop (didn't bet)



PokerStars Hand #254429770142:  Hold'em No Limit ($0.50/$1.00 USD) - 2025/01/18 11:55:17 WET [2025/01/18 6:55:17 ET]
Table 'Zelinda III' 6-max Seat #4 is the button
Seat 1: AlexEliseev7 ($100 in chips) 
Seat 2: vadjkeee ($101.50 in chips) 
Seat 3: Quahrino ($100 in chips) 
Seat 4: Haalleluja ($97 in chips) 
Seat 5: Supermegopro ($121.42 in chips) 
Seat 6: Maximysss85 ($100 in chips) 
Supermegopro: posts small blind $0.50
Maximysss85: posts big blind $1
*** HOLE CARDS ***
AlexEliseev7: folds 
vadjkeee: folds 
Quahrino: raises $1.30 to $2.30
Haalleluja: folds 
Supermegopro: folds 
Maximysss85: folds 
Uncalled bet ($1.30) returned to Quahrino
Quahrino collected $2.50 from pot
Quahrino: doesn't show hand 
*** SUMMARY ***
Total pot $2.50 | Rake $0 
Seat 1: AlexEliseev7 folded before Flop (didn't bet)
Seat 2: vadjkeee folded before Flop (didn't bet)
Seat 3: Quahrino collected ($2.50)
Seat 4: Haalleluja (button) folded before Flop (didn't bet)
Seat 5: Supermegopro (small blind) folded before Flop
Seat 6: Maximysss85 (big blind) folded before Flop



PokerStars Hand #254429771742:  Hold'em No Limit ($0.50/$1.00 USD) - 2025/01/18 11:55:32 WET [2025/01/18 6:55:32 ET]
Table 'Zelinda III' 6-max Seat #5 is the button
Seat 1: AlexEliseev7 ($100 in chips) 
Seat 2: vadjkeee ($101.50 in chips) 
Seat 3: Quahrino ($101.50 in chips) 
Seat 4: Haalleluja ($97 in chips) 
Seat 5: Supermegopro ($120.92 in chips) 
Seat 6: Maximysss85 ($100 in chips) 
Maximysss85: posts small blind $0.50
AlexEliseev7: posts big blind $1
*** HOLE CARDS ***
vadjkeee: folds 
Quahrino: folds 
Haalleluja: folds 
Supermegopro: folds 
Maximysss85: folds 
Uncalled bet ($0.50) returned to AlexEliseev7
AlexEliseev7 collected $1 from pot
AlexEliseev7: doesn't show hand 
*** SUMMARY ***
Total pot $1 | Rake $0 
Seat 1: AlexEliseev7 (big blind) collected ($1)
Seat 2: vadjkeee folded before Flop (didn't bet)
Seat 3: Quahrino folded before Flop (didn't bet)
Seat 4: Haalleluja folded before Flop (didn't bet)
Seat 5: Supermegopro (button) folded before Flop (didn't bet)
Seat 6: Maximysss85 (small blind) folded before Flop



PokerStars Hand #254429773307:  Hold'em No Limit ($0.50/$1.00 USD) - 2025/01/18 11:55:46 WET [2025/01/18 6:55:46 ET]
Table 'Zelinda III' 6-max Seat #6 is the button
Seat 1: AlexEliseev7 ($100.50 in chips) 
Seat 2: vadjkeee ($101.50 in chips) 
Seat 3: Quahrino ($101.50 in chips) 
Seat 4: Haalleluja ($97 in chips) 
Seat 5: Supermegopro ($120.92 in chips) 
Seat 6: Maximysss85 ($100 in chips) 
AlexEliseev7: posts small blind $0.50
vadjkeee: posts big blind $1
*** HOLE CARDS ***
Quahrino: folds 
Haalleluja: folds 
Supermegopro: folds 
Maximysss85: raises $1.50 to $2.50
AlexEliseev7: folds 
vadjkeee: folds 
Uncalled bet ($1.50) returned to Maximysss85
Maximysss85 collected $2.50 from pot
Maximysss85: doesn't show hand 
*** SUMMARY ***
Total pot $2.50 | Rake $0 
Seat 1: AlexEliseev7 (small blind) folded before Flop
Seat 2: vadjkeee (big blind) folded before Flop
Seat 3: Quahrino folded before Flop (didn't bet)
Seat 4: Haalleluja folded before Flop (didn't bet)
Seat 5: Supermegopro folded before Flop (didn't bet)
Seat 6: Maximysss85 (button) collected ($2.50)



PokerStars Hand #254429776451:  Hold'em No Limit ($0.50/$1.00 USD) - 2025/01/18 11:56:13 WET [2025/01/18 6:56:13 ET]
Table 'Zelinda III' 6-max Seat #1 is the button
Seat 1: AlexEliseev7 ($100 in chips) 
Seat 2: vadjkeee ($100.50 in chips) 
Seat 3: Quahrino ($101.50 in chips) 
Seat 4: Haalleluja ($97 in chips) 
Seat 5: Supermegopro ($120.92 in chips) 
Seat 6: Maximysss85 ($101.50 in chips) 
vadjkeee: posts small blind $0.50
Quahrino: posts big blind $1
*** HOLE CARDS ***
Haalleluja: raises $1 to $2
Supermegopro: folds 
Maximysss85: folds 
AlexEliseev7: folds 
vadjkeee: folds 
Quahrino: folds 
Uncalled bet ($1) returned to Haalleluja
Haalleluja collected $2.50 from pot
*** SUMMARY ***
Total pot $2.50 | Rake $0 
Seat 1: AlexEliseev7 (button) folded before Flop (didn't bet)
Seat 2: vadjkeee (small blind) folded before Flop
Seat 3: Quahrino (big blind) folded before Flop
Seat 4: Haalleluja collected ($2.50)
Seat 5: Supermegopro folded before Flop (didn't bet)
Seat 6: Maximysss85 folded before Flop (didn't bet)



PokerStars Hand #254429779483:  Hold'em No Limit ($0.50/$1.00 USD) - 2025/01/18 11:56:39 WET [2025/01/18 6:56:39 ET]
Table 'Zelinda III' 6-max Seat #2 is the button
Seat 1: AlexEliseev7 ($100 in chips) 
Seat 2: vadjkeee ($100 in chips) 
Seat 3: Quahrino ($100.50 in chips) 
Seat 4: Haalleluja ($98.50 in chips) 
Seat 5: Supermegopro ($120.92 in chips) 
Seat 6: Maximysss85 ($101.50 in chips) 
Quahrino: posts small blind $0.50
Haalleluja: posts big blind $1
*** HOLE CARDS ***
Supermegopro: folds 
Maximysss85: folds 
AlexEliseev7: raises $1.50 to $2.50
vadjkeee: folds 
Quahrino: folds 
Haalleluja: calls $1.50
*** FLOP *** [Ac 9d 6c]
Haalleluja: bets $5.22
AlexEliseev7: calls $5.22
*** TURN *** [Ac 9d 6c] [3h]
Haalleluja: bets $7.57
AlexEliseev7: calls $7.57
*** RIVER *** [Ac 9d 6c 3h] [4c]
Haalleluja: checks 
AlexEliseev7: bets $23.03
Haalleluja: folds 
Uncalled bet ($23.03) returned to AlexEliseev7
AlexEliseev7 collected $29.53 from pot
AlexEliseev7: doesn't show hand 
*** SUMMARY ***
Total pot $31.08 | Rake $1.55 
Board [Ac 9d 6c 3h 4c]
Seat 1: AlexEliseev7 collected ($29.53)
Seat 2: vadjkeee (button) folded before Flop (didn't bet)
Seat 3: Quahrino (small blind) folded before Flop
Seat 4: Haalleluja (big blind) folded on the River
Seat 5: Supermegopro folded before Flop (didn't bet)
Seat 6: Maximysss85 folded before Flop (didn't bet)



PokerStars Hand #254429787282:  Hold'em No Limit ($0.50/$1.00 USD) - 2025/01/18 11:57:45 WET [2025/01/18 6:57:45 ET]
Table 'Zelinda III' 6-max Seat #3 is the button
Seat 1: AlexEliseev7 ($114.24 in chips) 
Seat 2: vadjkeee ($100 in chips) 
Seat 3: Quahrino ($100 in chips) 
Seat 4: Haalleluja ($83.21 in chips) 
Seat 5: Supermegopro ($120.92 in chips) 
Seat 6: Maximysss85 ($101.50 in chips) 
Haalleluja: posts small blind $0.50
Supermegopro: posts big blind $1
*** HOLE CARDS ***
Maximysss85: folds 
AlexEliseev7: raises $1.50 to $2.50
vadjkeee: folds 
Quahrino: folds 
Haalleluja: raises $7.50 to $10
Supermegopro: folds 
AlexEliseev7: folds 
Uncalled bet ($7.50) returned to Haalleluja
Haalleluja collected $6 from pot
*** SUMMARY ***
Total pot $6 | Rake $0 
Seat 1: AlexEliseev7 folded before Flop
Seat 2: vadjkeee folded before Flop (didn't bet)
Seat 3: Quahrino (button) folded before Flop (didn't bet)
Seat 4: Haalleluja (small blind) collected ($6)
Seat 5: Supermegopro (big blind) folded before Flop
Seat 6: Maximysss85 folded before Flop (didn't bet)



PokerStars Hand #254429789641:  Hold'em No Limit ($0.50/$1.00 USD) - 2025/01/18 11:58:05 WET [2025/01/18 6:58:05 ET]
Table 'Zelinda III' 6-max Seat #4 is the button
Seat 1: AlexEliseev7 ($111.74 in chips) 
Seat 2: vadjkeee ($100 in chips) 
Seat 3: Quahrino ($100 in chips) 
Seat 4: Haalleluja ($86.71 in chips) 
Seat 5: Supermegopro ($119.92 in chips) 
Seat 6: Maximysss85 ($101.50 in chips) 
Supermegopro: posts small blind $0.50
Maximysss85: posts big blind $1
*** HOLE CARDS ***
AlexEliseev7: folds 
vadjkeee: folds 
Quahrino: folds 
Haalleluja: raises $1.50 to $2.50
Supermegopro: calls $2
Maximysss85: folds 
*** FLOP *** [Qc Qh Ac]
Supermegopro: checks 
Haalleluja: bets $14
Supermegopro: folds 
Uncalled bet ($14) returned to Haalleluja
Haalleluja collected $5.70 from pot
*** SUMMARY ***
Total pot $6 | Rake $0.30 
Board [Qc Qh Ac]
Seat 1: AlexEliseev7 folded before Flop (didn't bet)
Seat 2: vadjkeee folded before Flop (didn't bet)
Seat 3: Quahrino folded before Flop (didn't bet)
Seat 4: Haalleluja (button) collected ($5.70)
Seat 5: Supermegopro (small blind) folded on the Flop
Seat 6: Maximysss85 (big blind) folded before Flop



PokerStars Hand #254429792620:  Hold'em No Limit ($0.50/$1.00 USD) - 2025/01/18 11:58:30 WET [2025/01/18 6:58:30 ET]
Table 'Zelinda III' 6-max Seat #5 is the button
Seat 1: AlexEliseev7 ($111.74 in chips) 
Seat 2: vadjkeee ($100 in chips) 
Seat 3: Quahrino ($100 in chips) 
Seat 4: Haalleluja ($89.91 in chips) 
Seat 5: Supermegopro ($117.42 in chips) 
Seat 6: Maximysss85 ($100.50 in chips) 
Maximysss85: posts small blind $0.50
AlexEliseev7: posts big blind $1
*** HOLE CARDS ***
vadjkeee: folds 
Quahrino: folds 
Haalleluja: raises $2 to $3
Supermegopro: folds 
Maximysss85: folds 
AlexEliseev7: folds 
Uncalled bet ($2) returned to Haalleluja
Haalleluja collected $2.50 from pot
*** SUMMARY ***
Total pot $2.50 | Rake $0 
Seat 1: AlexEliseev7 (big blind) folded before Flop
Seat 2: vadjkeee folded before Flop (didn't bet)
Seat 3: Quahrino folded before Flop (didn't bet)
Seat 4: Haalleluja collected ($2.50)
Seat 5: Supermegopro (button) folded before Flop (didn't bet)
Seat 6: Maximysss85 (small blind) folded before Flop



PokerStars Hand #254429794110:  Hold'em No Limit ($0.50/$1.00 USD) - 2025/01/18 11:58:43 WET [2025/01/18 6:58:43 ET]
Table 'Zelinda III' 6-max Seat #6 is the button
Seat 1: AlexEliseev7 ($110.74 in chips) 
Seat 2: vadjkeee ($100 in chips) 
Seat 3: Quahrino ($100 in chips) 
Seat 4: Haalleluja ($91.41 in chips) 
Seat 5: Supermegopro ($117.42 in chips) 
Seat 6: Maximysss85 ($100 in chips) 
AlexEliseev7: posts small blind $0.50
vadjkeee: posts big blind $1
*** HOLE CARDS ***
Quahrino: folds 
Haalleluja: raises $1 to $2
Supermegopro: folds 
Maximysss85: folds 
AlexEliseev7: folds 
vadjkeee: calls $1
*** FLOP *** [2d 5c 7s]
vadjkeee: checks 
Haalleluja: bets $3
vadjkeee: raises $9 to $12
Haalleluja: calls $9
*** TURN *** [2d 5c 7s] [Kh]
vadjkeee: bets $14.89
Haalleluja: folds 
Uncalled bet ($14.89) returned to vadjkeee
vadjkeee collected $27.08 from pot
vadjkeee: doesn't show hand 
*** SUMMARY ***
Total pot $28.50 | Rake $1.42 
Board [2d 5c 7s Kh]
Seat 1: AlexEliseev7 (small blind) folded before Flop
Seat 2: vadjkeee (big blind) collected ($27.08)
Seat 3: Quahrino folded before Flop (didn't bet)
Seat 4: Haalleluja folded on the Turn
Seat 5: Supermegopro folded before Flop (didn't bet)
Seat 6: Maximysss85 (button) folded before Flop (didn't bet)



PokerStars Hand #254429799170:  Hold'em No Limit ($0.50/$1.00 USD) - 2025/01/18 11:59:26 WET [2025/01/18 6:59:26 ET]
Table 'Zelinda III' 6-max Seat #1 is the button
Seat 1: AlexEliseev7 ($110.24 in chips) 
Seat 2: vadjkeee ($113.08 in chips) 
Seat 3: Quahrino ($100 in chips) 
Seat 4: Haalleluja ($77.41 in chips) 
Seat 5: Supermegopro ($117.42 in chips) 
Seat 6: Maximysss85 ($100 in chips) 
vadjkeee: posts small blind $0.50
Quahrino: posts big blind $1
*** HOLE CARDS ***
Haalleluja: folds 
Supermegopro: folds 
Maximysss85: folds 
AlexEliseev7: raises $1.50 to $2.50
vadjkeee: raises $9.50 to $12
Quahrino: raises $11 to $23
AlexEliseev7: folds 
vadjkeee: raises $90.08 to $113.08 and is all-in
Quahrino: calls $77 and is all-in
Uncalled bet ($13.08) returned to vadjkeee
*** FIRST FLOP *** [8d 3d Tc]
*** FIRST TURN *** [8d 3d Tc] [2s]
*** FIRST RIVER *** [8d 3d Tc 2s] [2d]
*** SECOND FLOP *** [2h 5s 2c]
*** SECOND TURN *** [2h 5s 2c] [4s]
*** SECOND RIVER *** [2h 5s 2c 4s] [7d]
*** FIRST SHOW DOWN ***
vadjkeee: shows [As Kd] (a pair of Deuces)
Quahrino: shows [Ac Kc] (a pair of Deuces)
vadjkeee collected $50 from pot
Quahrino collected $50 from pot
*** SECOND SHOW DOWN ***
vadjkeee: shows [As Kd] (a pair of Deuces)
Quahrino: shows [Ac Kc] (a pair of Deuces)
vadjkeee collected $50 from pot
Quahrino collected $50 from pot
*** SUMMARY ***
Total pot $202.50 | Rake $2.50 
Hand was run twice
FIRST Board [8d 3d Tc 2s 2d]
SECOND Board [2h 5s 2c 4s 7d]
Seat 1: AlexEliseev7 (button) folded before Flop
Seat 2: vadjkeee (small blind) showed [As Kd] and won ($50) with a pair of Deuces, and won ($50) with a pair of Deuces
Seat 3: Quahrino (big blind) showed [Ac Kc] and won ($50) with a pair of Deuces, and won ($50) with a pair of Deuces
Seat 4: Haalleluja folded before Flop (didn't bet)
Seat 5: Supermegopro folded before Flop (didn't bet)
Seat 6: Maximysss85 folded before Flop (didn't bet)



PokerStars Hand #254429805884:  Hold'em No Limit ($0.50/$1.00 USD) - 2025/01/18 12:00:21 WET [2025/01/18 7:00:21 ET]
Table 'Zelinda III' 6-max Seat #2 is the button
Seat 1: AlexEliseev7 ($107.74 in chips) 
Seat 2: vadjkeee ($113.08 in chips) 
Seat 3: Quahrino ($100 in chips) 
Seat 4: Haalleluja ($77.41 in chips) 
Seat 5: Supermegopro ($117.42 in chips) 
Seat 6: Maximysss85 ($100 in chips) 
Quahrino: posts small blind $0.50
Haalleluja: posts big blind $1
*** HOLE CARDS ***
Supermegopro: folds 
Maximysss85: folds 
AlexEliseev7: folds 
vadjkeee: folds 
Quahrino: raises $2 to $3
Haalleluja: folds 
Uncalled bet ($2) returned to Quahrino
Quahrino collected $2 from pot
Quahrino: doesn't show hand 
*** SUMMARY ***
Total pot $2 | Rake $0 
Seat 1: AlexEliseev7 folded before Flop (didn't bet)
Seat 2: vadjkeee (button) folded before Flop (didn't bet)
Seat 3: Quahrino (small blind) collected ($2)
Seat 4: Haalleluja (big blind) folded before Flop
Seat 5: Supermegopro folded before Flop (didn't bet)
Seat 6: Maximysss85 folded before Flop (didn't bet)



PokerStars Hand #254429807498:  Hold'em No Limit ($0.50/$1.00 USD) - 2025/01/18 12:00:35 WET [2025/01/18 7:00:35 ET]
Table 'Zelinda III' 6-max Seat #3 is the button
Seat 1: AlexEliseev7 ($107.74 in chips) 
Seat 2: vadjkeee ($113.08 in chips) 
Seat 3: Quahrino ($101 in chips) 
Seat 4: Haalleluja ($76.41 in chips) 
Seat 5: Supermegopro ($117.42 in chips) 
Seat 6: Maximysss85 ($100 in chips) 
Haalleluja: posts small blind $0.50
Supermegopro: posts big blind $1
*** HOLE CARDS ***
Maximysss85: folds 
AlexEliseev7: folds 
vadjkeee: folds 
Quahrino: folds 
Haalleluja: raises $1 to $2
Supermegopro: folds 
Uncalled bet ($1) returned to Haalleluja
Haalleluja collected $2 from pot
*** SUMMARY ***
Total pot $2 | Rake $0 
Seat 1: AlexEliseev7 folded before Flop (didn't bet)
Seat 2: vadjkeee folded before Flop (didn't bet)
Seat 3: Quahrino (button) folded before Flop (didn't bet)
Seat 4: Haalleluja (small blind) collected ($2)
Seat 5: Supermegopro (big blind) folded before Flop
Seat 6: Maximysss85 folded before Flop (didn't bet)



PokerStars Hand #254429809574:  Hold'em No Limit ($0.50/$1.00 USD) - 2025/01/18 12:00:50 WET [2025/01/18 7:00:50 ET]
Table 'Zelinda III' 6-max Seat #4 is the button
Seat 1: AlexEliseev7 ($107.74 in chips) 
Seat 2: vadjkeee ($113.08 in chips) 
Seat 3: Quahrino ($101 in chips) 
Seat 4: Haalleluja ($77.41 in chips) 
Seat 5: Supermegopro ($116.42 in chips) 
Seat 6: Maximysss85 ($100 in chips) 
Supermegopro: posts small blind $0.50
Maximysss85: posts big blind $1
*** HOLE CARDS ***
AlexEliseev7: folds 
vadjkeee: folds 
Quahrino: folds 
Haalleluja: folds 
Supermegopro: folds 
Uncalled bet ($0.50) returned to Maximysss85
Maximysss85 collected $1 from pot
Maximysss85: doesn't show hand 
*** SUMMARY ***
Total pot $1 | Rake $0 
Seat 1: AlexEliseev7 folded before Flop (didn't bet)
Seat 2: vadjkeee folded before Flop (didn't bet)
Seat 3: Quahrino folded before Flop (didn't bet)
Seat 4: Haalleluja (button) folded before Flop (didn't bet)
Seat 5: Supermegopro (small blind) folded before Flop
Seat 6: Maximysss85 (big blind) collected ($1)



PokerStars Hand #254429810564:  Hold'em No Limit ($0.50/$1.00 USD) - 2025/01/18 12:00:57 WET [2025/01/18 7:00:57 ET]
Table 'Zelinda III' 6-max Seat #5 is the button
Seat 1: AlexEliseev7 ($107.74 in chips) 
Seat 2: vadjkeee ($113.08 in chips) 
Seat 3: Quahrino ($101 in chips) 
Seat 4: Haalleluja ($77.41 in chips) 
Seat 5: Supermegopro ($115.92 in chips) 
Seat 6: Maximysss85 ($100.50 in chips) 
Maximysss85: posts small blind $0.50
AlexEliseev7: posts big blind $1
*** HOLE CARDS ***
vadjkeee: folds 
Quahrino: folds 
Haalleluja: folds 
Supermegopro: raises $2 to $3
Maximysss85: folds 
AlexEliseev7: folds 
Uncalled bet ($2) returned to Supermegopro
Supermegopro collected $2.50 from pot
Supermegopro: doesn't show hand 
*** SUMMARY ***
Total pot $2.50 | Rake $0 
Seat 1: AlexEliseev7 (big blind) folded before Flop
Seat 2: vadjkeee folded before Flop (didn't bet)
Seat 3: Quahrino folded before Flop (didn't bet)
Seat 4: Haalleluja folded before Flop (didn't bet)
Seat 5: Supermegopro (button) collected ($2.50)
Seat 6: Maximysss85 (small blind) folded before Flop



PokerStars Hand #254429812240:  Hold'em No Limit ($0.50/$1.00 USD) - 2025/01/18 12:01:10 WET [2025/01/18 7:01:10 ET]
Table 'Zelinda III' 6-max Seat #6 is the button
Seat 1: AlexEliseev7 ($106.74 in chips) 
Seat 2: vadjkeee ($113.08 in chips) 
Seat 3: Quahrino ($101 in chips) 
Seat 4: Haalleluja ($100 in chips) 
Seat 5: Supermegopro ($117.42 in chips) 
Seat 6: Maximysss85 ($100 in chips) 
AlexEliseev7: posts small blind $0.50
vadjkeee: posts big blind $1
*** HOLE CARDS ***
Quahrino: folds 
Haalleluja: folds 
Supermegopro: folds 
Maximysss85: folds 
AlexEliseev7: folds 
Uncalled bet ($0.50) returned to vadjkeee
vadjkeee collected $1 from pot
vadjkeee: doesn't show hand 
*** SUMMARY ***
Total pot $1 | Rake $0 
Seat 1: AlexEliseev7 (small blind) folded before Flop
Seat 2: vadjkeee (big blind) collected ($1)
Seat 3: Quahrino folded before Flop (didn't bet)
Seat 4: Haalleluja folded before Flop (didn't bet)
Seat 5: Supermegopro folded before Flop (didn't bet)
Seat 6: Maximysss85 (button) folded before Flop (didn't bet)



PokerStars Hand #254429813560:  Hold'em No Limit ($0.50/$1.00 USD) - 2025/01/18 12:01:19 WET [2025/01/18 7:01:19 ET]
Table 'Zelinda III' 6-max Seat #1 is the button
Seat 1: AlexEliseev7 ($106.24 in chips) 
Seat 2: vadjkeee ($113.58 in chips) 
Seat 3: Quahrino ($101 in chips) 
Seat 4: Haalleluja ($100 in chips) 
Seat 5: Supermegopro ($117.42 in chips) 
Seat 6: Maximysss85 ($100 in chips) 
vadjkeee: posts small blind $0.50
Quahrino: posts big blind $1
*** HOLE CARDS ***
Haalleluja: raises $1 to $2
Supermegopro: folds 
Maximysss85: raises $4.29 to $6.29
AlexEliseev7: folds 
vadjkeee: raises $15.71 to $22
Quahrino: folds 
Haalleluja: folds 
Maximysss85: folds 
Uncalled bet ($15.71) returned to vadjkeee
vadjkeee collected $15.58 from pot
vadjkeee: doesn't show hand 
*** SUMMARY ***
Total pot $15.58 | Rake $0 
Seat 1: AlexEliseev7 (button) folded before Flop (didn't bet)
Seat 2: vadjkeee (small blind) collected ($15.58)
Seat 3: Quahrino (big blind) folded before Flop
Seat 4: Haalleluja folded before Flop
Seat 5: Supermegopro folded before Flop (didn't bet)
Seat 6: Maximysss85 folded before Flop



PokerStars Hand #254429816615:  Hold'em No Limit ($0.50/$1.00 USD) - 2025/01/18 12:01:40 WET [2025/01/18 7:01:40 ET]
Table 'Zelinda III' 6-max Seat #2 is the button
Seat 1: AlexEliseev7 ($106.24 in chips) 
Seat 2: vadjkeee ($122.87 in chips) 
Seat 3: Quahrino ($100 in chips) 
Seat 4: Haalleluja ($98 in chips) 
Seat 5: Supermegopro ($117.42 in chips) 
Seat 6: Maximysss85 ($100 in chips) 
Quahrino: posts small blind $0.50
Haalleluja: posts big blind $1
*** HOLE CARDS ***
Supermegopro: raises $1.50 to $2.50
Maximysss85: folds 
AlexEliseev7: folds 
vadjkeee: folds 
Quahrino: folds 
Haalleluja: folds 
Uncalled bet ($1.50) returned to Supermegopro
Supermegopro collected $2.50 from pot
Supermegopro: doesn't show hand 
*** SUMMARY ***
Total pot $2.50 | Rake $0 
Seat 1: AlexEliseev7 folded before Flop (didn't bet)
Seat 2: vadjkeee (button) folded before Flop (didn't bet)
Seat 3: Quahrino (small blind) folded before Flop
Seat 4: Haalleluja (big blind) folded before Flop
Seat 5: Supermegopro collected ($2.50)
Seat 6: Maximysss85 folded before Flop (didn't bet)



PokerStars Hand #254429818099:  Hold'em No Limit ($0.50/$1.00 USD) - 2025/01/18 12:01:51 WET [2025/01/18 7:01:51 ET]
Table 'Zelinda III' 6-max Seat #3 is the button
Seat 1: AlexEliseev7 ($106.24 in chips) 
Seat 2: vadjkeee ($122.87 in chips) 
Seat 3: Quahrino ($100 in chips) 
Seat 4: Haalleluja ($97 in chips) 
Seat 5: Supermegopro ($118.92 in chips) 
Seat 6: Maximysss85 ($100 in chips) 
Haalleluja: posts small blind $0.50
Supermegopro: posts big blind $1
*** HOLE CARDS ***
Maximysss85: folds 
AlexEliseev7: folds 
vadjkeee: folds 
Quahrino: raises $1.50 to $2.50
Haalleluja: folds 
Supermegopro: folds 
Uncalled bet ($1.50) returned to Quahrino
Quahrino collected $2.50 from pot
Quahrino: doesn't show hand 
*** SUMMARY ***
Total pot $2.50 | Rake $0 
Seat 1: AlexEliseev7 folded before Flop (didn't bet)
Seat 2: vadjkeee folded before Flop (didn't bet)
Seat 3: Quahrino (button) collected ($2.50)
Seat 4: Haalleluja (small blind) folded before Flop
Seat 5: Supermegopro (big blind) folded before Flop
Seat 6: Maximysss85 folded before Flop (didn't bet)



PokerStars Hand #254429819766:  Hold'em No Limit ($0.50/$1.00 USD) - 2025/01/18 12:02:02 WET [2025/01/18 7:02:02 ET]
Table 'Zelinda III' 6-max Seat #4 is the button
Seat 1: AlexEliseev7 ($106.24 in chips) 
Seat 2: vadjkeee ($122.87 in chips) 
Seat 3: Quahrino ($101.50 in chips) 
Seat 4: Haalleluja ($96.50 in chips) 
Seat 5: Supermegopro ($117.92 in chips) 
Seat 6: Maximysss85 ($100 in chips) 
Supermegopro: posts small blind $0.50
Maximysss85: posts big blind $1
*** HOLE CARDS ***
AlexEliseev7: folds 
vadjkeee: folds 
Quahrino: folds 
Haalleluja: raises $2 to $3
Supermegopro: raises $7 to $10
Maximysss85: folds 
Haalleluja: calls $7
*** FLOP *** [3d Jc 8h]
Supermegopro: bets $13.30
Haalleluja: calls $13.30
*** TURN *** [3d Jc 8h] [2s]
Supermegopro: bets $14.92
Haalleluja: calls $14.92
*** RIVER *** [3d Jc 8h 2s] [6s]
Supermegopro: checks 
Haalleluja: checks 
*** SHOW DOWN ***
Supermegopro: shows [Qs Kc] (high card King)
Haalleluja: shows [9d Js] (a pair of Jacks)
Haalleluja collected $74.94 from pot
*** SUMMARY ***
Total pot $77.44 | Rake $2.50 
Board [3d Jc 8h 2s 6s]
Seat 1: AlexEliseev7 folded before Flop (didn't bet)
Seat 2: vadjkeee folded before Flop (didn't bet)
Seat 3: Quahrino folded before Flop (didn't bet)
Seat 4: Haalleluja (button) showed [9d Js] and won ($74.94) with a pair of Jacks
Seat 5: Supermegopro (small blind) showed [Qs Kc] and lost with high card King
Seat 6: Maximysss85 (big blind) folded before Flop



PokerStars Hand #254429824256:  Hold'em No Limit ($0.50/$1.00 USD) - 2025/01/18 12:02:34 WET [2025/01/18 7:02:34 ET]
Table 'Zelinda III' 6-max Seat #5 is the button
Seat 1: AlexEliseev7 ($106.24 in chips) 
Seat 2: vadjkeee ($122.87 in chips) 
Seat 3: Quahrino ($101.50 in chips) 
Seat 4: Haalleluja ($133.22 in chips) 
Seat 5: Supermegopro ($100 in chips) 
Seat 6: Maximysss85 ($100 in chips) 
Maximysss85: posts small blind $0.50
AlexEliseev7: posts big blind $1
*** HOLE CARDS ***
vadjkeee: folds 
Quahrino: raises $1 to $2
Haalleluja: calls $2
Supermegopro: calls $2
Maximysss85: folds 
AlexEliseev7: calls $1
*** FLOP *** [Th Ac 4s]
AlexEliseev7: checks 
Quahrino: checks 
Haalleluja: checks 
Supermegopro: bets $2.67
AlexEliseev7: folds 
Quahrino: calls $2.67
Haalleluja: calls $2.67
*** TURN *** [Th Ac 4s] [2c]
Quahrino: checks 
Haalleluja: checks 
Supermegopro: bets $31.36
Quahrino: folds 
Haalleluja: folds 
Uncalled bet ($31.36) returned to Supermegopro
Supermegopro collected $15.68 from pot
Supermegopro: doesn't show hand 
*** SUMMARY ***
Total pot $16.51 | Rake $0.83 
Board [Th Ac 4s 2c]
Seat 1: AlexEliseev7 (big blind) folded on the Flop
Seat 2: vadjkeee folded before Flop (didn't bet)
Seat 3: Quahrino folded on the Turn
Seat 4: Haalleluja folded on the Turn
Seat 5: Supermegopro (button) collected ($15.68)
Seat 6: Maximysss85 (small blind) folded before Flop



PokerStars Hand #254429832264:  Hold'em No Limit ($0.50/$1.00 USD) - 2025/01/18 12:03:29 WET [2025/01/18 7:03:29 ET]
Table 'Zelinda III' 6-max Seat #6 is the button
Seat 4: Haalleluja ($128.55 in chips) is sitting out
Seat 1: AlexEliseev7 ($104.24 in chips) 
Seat 2: vadjkeee ($122.87 in chips) 
Seat 3: Quahrino ($100 in chips) 
Seat 5: Supermegopro ($111.01 in chips) 
Seat 6: Maximysss85 ($100 in chips) 
AlexEliseev7: posts small blind $0.50
vadjkeee: posts big blind $1
*** HOLE CARDS ***
Quahrino: folds 
Haalleluja leaves the table
Supermegopro: folds 
Maximysss85: folds 
AlexEliseev7: folds 
Uncalled bet ($0.50) returned to vadjkeee
MyBestPokeR joins the table at seat #4 
vadjkeee collected $1 from pot
vadjkeee: doesn't show hand 
*** SUMMARY ***
Total pot $1 | Rake $0 
Seat 4: Haalleluja
Seat 1: AlexEliseev7 (small blind) folded before Flop
Seat 2: vadjkeee (big blind) collected ($1)
Seat 3: Quahrino folded before Flop (didn't bet)
Seat 5: Supermegopro folded before Flop (didn't bet)
Seat 6: Maximysss85 (button) folded before Flop (didn't bet)



PokerStars Hand #254429833839:  Hold'em No Limit ($0.50/$1.00 USD) - 2025/01/18 12:03:40 WET [2025/01/18 7:03:40 ET]
Table 'Zelinda III' 6-max Seat #1 is the button
Seat 4: MyBestPokeR ($100 in chips) is sitting out
Seat 1: AlexEliseev7 ($103.74 in chips) 
Seat 2: vadjkeee ($123.37 in chips) 
Seat 3: Quahrino ($100 in chips) 
Seat 5: Supermegopro ($111.01 in chips) 
Seat 6: Maximysss85 ($100 in chips) 
vadjkeee: posts small blind $0.50
Quahrino: posts big blind $1
MyBestPokeR: sits out 
*** HOLE CARDS ***
Supermegopro: folds 
Maximysss85: folds 
MyBestPokeR leaves the table
AlexEliseev7: raises $1.50 to $2.50
vadjkeee: folds 
Quahrino: folds 
Uncalled bet ($1.50) returned to AlexEliseev7
AlexEliseev7 collected $2.50 from pot
AlexEliseev7: doesn't show hand 
*** SUMMARY ***
Total pot $2.50 | Rake $0 
Seat 4: MyBestPokeR
Seat 1: AlexEliseev7 (button) collected ($2.50)
Seat 2: vadjkeee (small blind) folded before Flop
Seat 3: Quahrino (big blind) folded before Flop
Seat 5: Supermegopro folded before Flop (didn't bet)
Seat 6: Maximysss85 folded before Flop (didn't bet)



PokerStars Hand #254429837091:  Hold'em No Limit ($0.50/$1.00 USD) - 2025/01/18 12:04:03 WET [2025/01/18 7:04:03 ET]
Table 'Zelinda III' 6-max Seat #3 is the button
Seat 3: Quahrino ($100 in chips) 
Seat 4: Pacifistas ($175.42 in chips) 
Quahrino: posts small blind $0.50
Pacifistas: posts big blind $1
*** HOLE CARDS ***
Quahrino: raises $1.50 to $2.50
Pacifistas: calls $1.50
*** FLOP *** [8d Ad 6h]
Pacifistas: checks 
Quahrino: bets $2.38
Pacifistas: folds 
Uncalled bet ($2.38) returned to Quahrino
Quahrino collected $4.75 from pot
Quahrino: doesn't show hand 
*** SUMMARY ***
Total pot $5 | Rake $0.25 
Board [8d Ad 6h]
Seat 3: Quahrino (button) (small blind) collected ($4.75)
Seat 4: Pacifistas (big blind) folded on the Flop



PokerStars Hand #254429840383:  Hold'em No Limit ($0.50/$1.00 USD) - 2025/01/18 12:04:27 WET [2025/01/18 7:04:27 ET]
Table 'Zelinda III' 6-max Seat #4 is the button
Seat 3: Quahrino ($102.25 in chips) 
Seat 4: Pacifistas ($172.92 in chips) 
Pacifistas: posts small blind $0.50
Quahrino: posts big blind $1
*** HOLE CARDS ***
Pacifistas: raises $1 to $2
Quahrino: folds 
Uncalled bet ($1) returned to Pacifistas
Pacifistas collected $2 from pot
Pacifistas: doesn't show hand 
*** SUMMARY ***
Total pot $2 | Rake $0 
Seat 3: Quahrino (big blind) folded before Flop
Seat 4: Pacifistas (button) (small blind) collected ($2)



PokerStars Hand #254429858454:  Hold'em No Limit ($0.50/$1.00 USD) - 2025/01/18 12:06:35 WET [2025/01/18 7:06:35 ET]
Table 'Zelinda III' 6-max Seat #5 is the button
Seat 1: Maximysss85 ($100 in chips) 
Seat 2: Evelexy1 ($80 in chips) 
Seat 3: Quahrino ($101.25 in chips) 
Seat 4: WATCHDEER ($100 in chips) 
Seat 5: Gfoer ($100 in chips) 
Seat 6: mr.Jckpot ($100 in chips) 
mr.Jckpot: posts small blind $0.50
Maximysss85: posts big blind $1
*** HOLE CARDS ***
Evelexy1: folds 
Quahrino: folds 
WATCHDEER: calls $1
Gfoer: folds 
mr.Jckpot: folds 
Maximysss85: raises $3.13 to $4.13
WATCHDEER: calls $3.13
*** FLOP *** [2c 4c Th]
Maximysss85: checks 
WATCHDEER: checks 
*** TURN *** [2c 4c Th] [9c]
Maximysss85: bets $5.57
WATCHDEER: calls $5.57
*** RIVER *** [2c 4c Th 9c] [Qs]
Maximysss85: bets $12.66
WATCHDEER: folds 
Uncalled bet ($12.66) returned to Maximysss85
Maximysss85 collected $18.90 from pot
Maximysss85: doesn't show hand 
*** SUMMARY ***
Total pot $19.90 | Rake $1 
Board [2c 4c Th 9c Qs]
Seat 1: Maximysss85 (big blind) collected ($18.90)
Seat 2: Evelexy1 folded before Flop (didn't bet)
Seat 3: Quahrino folded before Flop (didn't bet)
Seat 4: WATCHDEER folded on the River
Seat 5: Gfoer (button) folded before Flop (didn't bet)
Seat 6: mr.Jckpot (small blind) folded before Flop



PokerStars Hand #254429863496:  Hold'em No Limit ($0.50/$1.00 USD) - 2025/01/18 12:07:11 WET [2025/01/18 7:07:11 ET]
Table 'Zelinda III' 6-max Seat #6 is the button
Seat 1: Maximysss85 ($109.20 in chips) 
Seat 2: Evelexy1 ($100 in chips) 
Seat 3: Quahrino ($101.25 in chips) 
Seat 4: WATCHDEER ($90.30 in chips) 
Seat 5: Gfoer ($100 in chips) 
Seat 6: mr.Jckpot ($100 in chips) 
Maximysss85: posts small blind $0.50
Evelexy1: posts big blind $1
*** HOLE CARDS ***
Quahrino: folds 
WATCHDEER: folds 
Gfoer: folds 
mr.Jckpot: folds 
Maximysss85: folds 
Uncalled bet ($0.50) returned to Evelexy1
Evelexy1 collected $1 from pot
Evelexy1: doesn't show hand 
*** SUMMARY ***
Total pot $1 | Rake $0 
Seat 1: Maximysss85 (small blind) folded before Flop
Seat 2: Evelexy1 (big blind) collected ($1)
Seat 3: Quahrino folded before Flop (didn't bet)
Seat 4: WATCHDEER folded before Flop (didn't bet)
Seat 5: Gfoer folded before Flop (didn't bet)
Seat 6: mr.Jckpot (button) folded before Flop (didn't bet)



PokerStars Hand #254429864619:  Hold'em No Limit ($0.50/$1.00 USD) - 2025/01/18 12:07:19 WET [2025/01/18 7:07:19 ET]
Table 'Zelinda III' 6-max Seat #1 is the button
Seat 1: Maximysss85 ($108.70 in chips) 
Seat 2: Evelexy1 ($100.50 in chips) 
Seat 3: Quahrino ($101.25 in chips) 
Seat 4: WATCHDEER ($90.30 in chips) 
Seat 5: Gfoer ($100 in chips) 
Seat 6: mr.Jckpot ($100 in chips) 
Evelexy1: posts small blind $0.50
Quahrino: posts big blind $1
*** HOLE CARDS ***
WATCHDEER: calls $1
Gfoer: folds 
mr.Jckpot: folds 
Maximysss85: raises $2.35 to $3.35
Evelexy1: raises $11.15 to $14.50
Quahrino: folds 
WATCHDEER: calls $13.50
Maximysss85: calls $11.15
*** FLOP *** [7h Ts 2s]
Evelexy1: bets $14.09
WATCHDEER: calls $14.09
Maximysss85: calls $14.09
*** TURN *** [7h Ts 2s] [8h]
Evelexy1: bets $71.91 and is all-in
WATCHDEER: calls $61.71 and is all-in
Maximysss85: calls $71.91
*** RIVER *** [7h Ts 2s 8h] [9s]
*** SHOW DOWN ***
Evelexy1: shows [Qs Qh] (a pair of Queens)
Maximysss85: shows [7c 8c] (two pair, Eights and Sevens)
Maximysss85 collected $20.40 from side pot
WATCHDEER: shows [Th Ad] (a pair of Tens)
Maximysss85 collected $269.40 from main pot
WATCHDEER cashed out the hand for $31.43 | Cash Out Fee $0.64
*** SUMMARY ***
Total pot $292.30 Main pot $269.40. Side pot $20.40. | Rake $2.50 
Board [7h Ts 2s 8h 9s]
Seat 1: Maximysss85 (button) showed [7c 8c] and won ($289.80) with two pair, Eights and Sevens
Seat 2: Evelexy1 (small blind) showed [Qs Qh] and lost with a pair of Queens
Seat 3: Quahrino (big blind) folded before Flop
Seat 4: WATCHDEER showed [Th Ad] and lost with a pair of Tens (cashed out).
Seat 5: Gfoer folded before Flop (didn't bet)
Seat 6: mr.Jckpot folded before Flop (didn't bet)



PokerStars Hand #254429870593:  Hold'em No Limit ($0.50/$1.00 USD) - 2025/01/18 12:08:01 WET [2025/01/18 7:08:01 ET]
Table 'Zelinda III' 6-max Seat #2 is the button
Seat 1: Maximysss85 ($298 in chips) 
Seat 2: Evelexy1 ($100 in chips) 
Seat 3: Quahrino ($100.25 in chips) 
Seat 4: WATCHDEER ($31.43 in chips) 
Seat 5: Gfoer ($100 in chips) 
Seat 6: mr.Jckpot ($100 in chips) 
Quahrino: posts small blind $0.50
WATCHDEER: posts big blind $1
*** HOLE CARDS ***
Gfoer: folds 
mr.Jckpot: raises $1.50 to $2.50
Maximysss85: folds 
Evelexy1: folds 
Quahrino: folds 
WATCHDEER: calls $1.50
*** FLOP *** [Kd 6c Ts]
WATCHDEER: checks 
mr.Jckpot: bets $1.72
WATCHDEER: calls $1.72
*** TURN *** [Kd 6c Ts] [Tc]
WATCHDEER: bets $1
mr.Jckpot: calls $1
*** RIVER *** [Kd 6c Ts Tc] [4h]
WATCHDEER: bets $1
mr.Jckpot: calls $1
*** SHOW DOWN ***
WATCHDEER: shows [7s 3s] (a pair of Tens)
mr.Jckpot: shows [Qh Ac] (a pair of Tens - Ace kicker)
mr.Jckpot collected $12.29 from pot
*** SUMMARY ***
Total pot $12.94 | Rake $0.65 
Board [Kd 6c Ts Tc 4h]
Seat 1: Maximysss85 folded before Flop (didn't bet)
Seat 2: Evelexy1 (button) folded before Flop (didn't bet)
Seat 3: Quahrino (small blind) folded before Flop
Seat 4: WATCHDEER (big blind) showed [7s 3s] and lost with a pair of Tens
Seat 5: Gfoer folded before Flop (didn't bet)
Seat 6: mr.Jckpot showed [Qh Ac] and won ($12.29) with a pair of Tens



PokerStars Hand #254429877448:  Hold'em No Limit ($0.50/$1.00 USD) - 2025/01/18 12:08:50 WET [2025/01/18 7:08:50 ET]
Table 'Zelinda III' 6-max Seat #3 is the button
Seat 1: Maximysss85 ($298 in chips) 
Seat 2: Evelexy1 ($100 in chips) 
Seat 3: Quahrino ($100 in chips) 
Seat 4: WATCHDEER ($25.21 in chips) 
Seat 5: Gfoer ($100 in chips) 
Seat 6: mr.Jckpot ($106.07 in chips) 
WATCHDEER: posts small blind $0.50
Gfoer: posts big blind $1
*** HOLE CARDS ***
mr.Jckpot: folds 
Maximysss85: folds 
Evelexy1: folds 
Quahrino: raises $1.50 to $2.50
WATCHDEER: calls $2
Gfoer: folds 
*** FLOP *** [6s 2d Qc]
WATCHDEER: checks 
Quahrino: bets $1.88
WATCHDEER: folds 
Uncalled bet ($1.88) returned to Quahrino
Quahrino collected $5.70 from pot
Quahrino: doesn't show hand 
*** SUMMARY ***
Total pot $6 | Rake $0.30 
Board [6s 2d Qc]
Seat 1: Maximysss85 folded before Flop (didn't bet)
Seat 2: Evelexy1 folded before Flop (didn't bet)
Seat 3: Quahrino (button) collected ($5.70)
Seat 4: WATCHDEER (small blind) folded on the Flop
Seat 5: Gfoer (big blind) folded before Flop
Seat 6: mr.Jckpot folded before Flop (didn't bet)



PokerStars Hand #254429882475:  Hold'em No Limit ($0.50/$1.00 USD) - 2025/01/18 12:09:25 WET [2025/01/18 7:09:25 ET]
Table 'Zelinda III' 6-max Seat #4 is the button
Seat 1: Maximysss85 ($298 in chips) 
Seat 2: Evelexy1 ($100 in chips) 
Seat 3: Quahrino ($103.20 in chips) 
Seat 4: WATCHDEER ($22.71 in chips) 
Seat 5: Gfoer ($100 in chips) 
Seat 6: mr.Jckpot ($106.07 in chips) 
Gfoer: posts small blind $0.50
mr.Jckpot: posts big blind $1
*** HOLE CARDS ***
Maximysss85: folds 
Evelexy1: folds 
Quahrino: folds 
WATCHDEER: raises $2 to $3
Gfoer: folds 
mr.Jckpot: calls $2
*** FLOP *** [6d 5h Th]
mr.Jckpot: checks 
WATCHDEER: bets $19.71 and is all-in
mr.Jckpot: folds 
Uncalled bet ($19.71) returned to WATCHDEER
WATCHDEER collected $6.18 from pot
*** SUMMARY ***
Total pot $6.50 | Rake $0.32 
Board [6d 5h Th]
Seat 1: Maximysss85 folded before Flop (didn't bet)
Seat 2: Evelexy1 folded before Flop (didn't bet)
Seat 3: Quahrino folded before Flop (didn't bet)
Seat 4: WATCHDEER (button) collected ($6.18)
Seat 5: Gfoer (small blind) folded before Flop
Seat 6: mr.Jckpot (big blind) folded on the Flop



PokerStars Hand #254429886022:  Hold'em No Limit ($0.50/$1.00 USD) - 2025/01/18 12:09:50 WET [2025/01/18 7:09:50 ET]
Table 'Zelinda III' 6-max Seat #5 is the button
Seat 1: Maximysss85 ($298 in chips) 
Seat 2: Evelexy1 ($100 in chips) 
Seat 3: Quahrino ($103.20 in chips) 
Seat 4: WATCHDEER ($25.89 in chips) 
Seat 5: Gfoer ($100 in chips) 
Seat 6: mr.Jckpot ($103.07 in chips) 
mr.Jckpot: posts small blind $0.50
Maximysss85: posts big blind $1
*** HOLE CARDS ***
Evelexy1: folds 
Quahrino: folds 
WATCHDEER: raises $1 to $2
Gfoer: folds 
mr.Jckpot: raises $10 to $12
Maximysss85: folds 
WATCHDEER: calls $10
*** FLOP *** [Ts Ad Jh]
mr.Jckpot: checks 
WATCHDEER: bets $13.89 and is all-in
mr.Jckpot: calls $13.89
*** TURN *** [Ts Ad Jh] [2s]
*** RIVER *** [Ts Ad Jh 2s] [4c]
*** SHOW DOWN ***
mr.Jckpot: shows [Ac Js] (two pair, Aces and Jacks)
WATCHDEER: shows [4h 5h] (a pair of Fours)
mr.Jckpot collected $50.28 from pot
*** SUMMARY ***
Total pot $52.78 | Rake $2.50 
Board [Ts Ad Jh 2s 4c]
Seat 1: Maximysss85 (big blind) folded before Flop
Seat 2: Evelexy1 folded before Flop (didn't bet)
Seat 3: Quahrino folded before Flop (didn't bet)
Seat 4: WATCHDEER showed [4h 5h] and lost with a pair of Fours
Seat 5: Gfoer (button) folded before Flop (didn't bet)
Seat 6: mr.Jckpot (small blind) showed [Ac Js] and won ($50.28) with two pair, Aces and Jacks



PokerStars Hand #254429890719:  Hold'em No Limit ($0.50/$1.00 USD) - 2025/01/18 12:10:22 WET [2025/01/18 7:10:22 ET]
Table 'Zelinda III' 6-max Seat #6 is the button
Seat 4: WATCHDEER ($0 in chips) is sitting out
Seat 1: Maximysss85 ($297 in chips) 
Seat 2: Evelexy1 ($100 in chips) 
Seat 3: Quahrino ($103.20 in chips) 
Seat 5: Gfoer ($100 in chips) 
Seat 6: mr.Jckpot ($127.46 in chips) 
Maximysss85: posts small blind $0.50
Evelexy1: posts big blind $1
*** HOLE CARDS ***
Quahrino: raises $1 to $2
Gfoer: folds 
mr.Jckpot: folds 
Maximysss85: folds 
Evelexy1: folds 
Uncalled bet ($1) returned to Quahrino
Quahrino collected $2.50 from pot
Quahrino: doesn't show hand 
WATCHDEER leaves the table
*** SUMMARY ***
Total pot $2.50 | Rake $0 
Seat 4: WATCHDEER
Seat 1: Maximysss85 (small blind) folded before Flop
Seat 2: Evelexy1 (big blind) folded before Flop
Seat 3: Quahrino collected ($2.50)
Seat 5: Gfoer folded before Flop (didn't bet)
Seat 6: mr.Jckpot (button) folded before Flop (didn't bet)



PokerStars Hand #254429891846:  Hold'em No Limit ($0.50/$1.00 USD) - 2025/01/18 12:10:30 WET [2025/01/18 7:10:30 ET]
Table 'Zelinda III' 6-max Seat #1 is the button
Seat 1: Maximysss85 ($296.50 in chips) 
Seat 2: Evelexy1 ($100 in chips) 
Seat 3: Quahrino ($104.70 in chips) 
Seat 5: Gfoer ($100 in chips) 
Seat 6: mr.Jckpot ($127.46 in chips) 
Evelexy1: posts small blind $0.50
Quahrino: posts big blind $1
*** HOLE CARDS ***
Gfoer: folds 
mr.Jckpot: raises $1.50 to $2.50
Maximysss85: folds 
Gfoer leaves the table
Evelexy1: folds 
Quahrino: folds 
Uncalled bet ($1.50) returned to mr.Jckpot
mr.Jckpot collected $2.50 from pot
mr.Jckpot: doesn't show hand 
*** SUMMARY ***
Total pot $2.50 | Rake $0 
Seat 1: Maximysss85 (button) folded before Flop (didn't bet)
Seat 2: Evelexy1 (small blind) folded before Flop
Seat 3: Quahrino (big blind) folded before Flop
Seat 5: Gfoer folded before Flop (didn't bet)
Seat 6: mr.Jckpot collected ($2.50)



PokerStars Hand #254429893804:  Hold'em No Limit ($0.50/$1.00 USD) - 2025/01/18 12:10:44 WET [2025/01/18 7:10:44 ET]
Table 'Zelinda III' 6-max Seat #3 is the button
Seat 1: Maximysss85 ($296.50 in chips) is sitting out
Seat 6: mr.Jckpot ($128.96 in chips) is sitting out
Seat 2: Evelexy1 ($100 in chips) 
Seat 3: Quahrino ($103.70 in chips) 
Quahrino: posts small blind $0.50
mr.Jckpot: is sitting out 
Maximysss85: is sitting out 
Evelexy1: posts big blind $1
*** HOLE CARDS ***
Quahrino: raises $1.50 to $2.50
Pacifistas joins the table at seat #5 
mr.Jckpot leaves the table
Evelexy1: folds 
Uncalled bet ($1.50) returned to Quahrino
Maximysss85 leaves the table
Quahrino collected $2 from pot
Quahrino: doesn't show hand 
*** SUMMARY ***
Total pot $2 | Rake $0 
Seat 1: Maximysss85
Seat 6: mr.Jckpot
Seat 2: Evelexy1 (big blind) folded before Flop
Seat 3: Quahrino (button) (small blind) collected ($2)



PokerStars Hand #254429894824:  Hold'em No Limit ($0.50/$1.00 USD) - 2025/01/18 12:10:51 WET [2025/01/18 7:10:51 ET]
Table 'Zelinda III' 6-max Seat #2 is the button
Seat 2: Evelexy1 ($100 in chips) 
Seat 3: Quahrino ($104.70 in chips) 
Seat 5: Pacifistas ($173.92 in chips) 
Quahrino: posts small blind $0.50
Pacifistas: posts big blind $1
*** HOLE CARDS ***
Pon4uk.ua joins the table at seat #1 
Evelexy1: raises $1.50 to $2.50
Quahrino: folds 
Pacifistas: calls $1.50
*** FLOP *** [Kd Kh Ah]
Pacifistas: checks 
Evelexy1: bets $1
Pacifistas: raises $3.61 to $4.61
Evelexy1: calls $3.61
*** TURN *** [Kd Kh Ah] [6h]
Pacifistas: bets $4.61
Evelexy1: folds 
Uncalled bet ($4.61) returned to Pacifistas
Evelexy1 leaves the table
Pacifistas collected $13.98 from pot
Pacifistas: doesn't show hand 
*** SUMMARY ***
Total pot $14.72 | Rake $0.74 
Board [Kd Kh Ah 6h]
Seat 2: Evelexy1 (button) folded on the Turn
Seat 3: Quahrino (small blind) folded before Flop
Seat 5: Pacifistas (big blind) collected ($13.98)



PokerStars Hand #254429898923:  Hold'em No Limit ($0.50/$1.00 USD) - 2025/01/18 12:11:19 WET [2025/01/18 7:11:19 ET]
Table 'Zelinda III' 6-max Seat #3 is the button
Seat 1: Pon4uk.ua ($100 in chips) 
Seat 3: Quahrino ($104.20 in chips) 
Seat 5: Pacifistas ($180.79 in chips) 
Pacifistas: posts small blind $0.50
Pon4uk.ua: posts big blind $1
*** HOLE CARDS ***
Quahrino: raises $1.50 to $2.50
Pacifistas: folds 
Pon4uk.ua: folds 
Uncalled bet ($1.50) returned to Quahrino
Quahrino collected $2.50 from pot
Quahrino: doesn't show hand 
*** SUMMARY ***
Total pot $2.50 | Rake $0 
Seat 1: Pon4uk.ua (big blind) folded before Flop
Seat 3: Quahrino (button) collected ($2.50)
Seat 5: Pacifistas (small blind) folded before Flop



PokerStars Hand #254429900783:  Hold'em No Limit ($0.50/$1.00 USD) - 2025/01/18 12:11:33 WET [2025/01/18 7:11:33 ET]
Table 'Zelinda III' 6-max Seat #5 is the button
Seat 1: Pon4uk.ua ($100 in chips) 
Seat 3: Quahrino ($105.70 in chips) 
Seat 5: Pacifistas ($180.29 in chips) 
Pon4uk.ua: posts small blind $0.50
Quahrino: posts big blind $1
*** HOLE CARDS ***
Pacifistas: folds 
Pon4uk.ua: raises $1.75 to $2.75
Quahrino: folds 
Uncalled bet ($1.75) returned to Pon4uk.ua
Pon4uk.ua collected $2 from pot
Pon4uk.ua: doesn't show hand 
*** SUMMARY ***
Total pot $2 | Rake $0 
Seat 1: Pon4uk.ua (small blind) collected ($2)
Seat 3: Quahrino (big blind) folded before Flop
Seat 5: Pacifistas (button) folded before Flop (didn't bet)



PokerStars Hand #254429902008:  Hold'em No Limit ($0.50/$1.00 USD) - 2025/01/18 12:11:41 WET [2025/01/18 7:11:41 ET]
Table 'Zelinda III' 6-max Seat #1 is the button
Seat 1: Pon4uk.ua ($101 in chips) 
Seat 3: Quahrino ($104.70 in chips) 
Seat 5: Pacifistas ($180.29 in chips) 
Quahrino: posts small blind $0.50
Pacifistas: posts big blind $1
*** HOLE CARDS ***
Pon4uk.ua: folds 
Quahrino: folds 
Uncalled bet ($0.50) returned to Pacifistas
Pacifistas collected $1 from pot
Pacifistas: doesn't show hand 
*** SUMMARY ***
Total pot $1 | Rake $0 
Seat 1: Pon4uk.ua (button) folded before Flop (didn't bet)
Seat 3: Quahrino (small blind) folded before Flop
Seat 5: Pacifistas (big blind) collected ($1)



PokerStars Hand #254429903706:  Hold'em No Limit ($0.50/$1.00 USD) - 2025/01/18 12:11:53 WET [2025/01/18 7:11:53 ET]
Table 'Zelinda III' 6-max Seat #3 is the button
Seat 1: Pon4uk.ua ($101 in chips) 
Seat 3: Quahrino ($104.20 in chips) 
Seat 5: Pacifistas ($180.79 in chips) 
Pacifistas: posts small blind $0.50
Pon4uk.ua: posts big blind $1
*** HOLE CARDS ***
Quahrino: raises $1.50 to $2.50
Pacifistas: folds 
Pon4uk.ua: folds 
Uncalled bet ($1.50) returned to Quahrino
Quahrino collected $2.50 from pot
Quahrino: doesn't show hand 
*** SUMMARY ***
Total pot $2.50 | Rake $0 
Seat 1: Pon4uk.ua (big blind) folded before Flop
Seat 3: Quahrino (button) collected ($2.50)
Seat 5: Pacifistas (small blind) folded before Flop



PokerStars Hand #254429908081:  Hold'em No Limit ($0.50/$1.00 USD) - 2025/01/18 12:12:24 WET [2025/01/18 7:12:24 ET]
Table 'Zelinda III' 6-max Seat #5 is the button
Seat 1: Pon4uk.ua ($100 in chips) 
Seat 3: Quahrino ($105.70 in chips) 
Seat 5: Pacifistas ($180.29 in chips) 
Pon4uk.ua: posts small blind $0.50
Quahrino: posts big blind $1
*** HOLE CARDS ***
Pacifistas: folds 
Pon4uk.ua: raises $1.75 to $2.75
Quahrino: calls $1.75
*** FLOP *** [4s 7h 5c]
Pon4uk.ua: checks 
Quahrino: bets $3.65
Pon4uk.ua: calls $3.65
*** TURN *** [4s 7h 5c] [8h]
Pon4uk.ua: checks 
Quahrino: bets $8.51
Pon4uk.ua: folds 
Uncalled bet ($8.51) returned to Quahrino
Pon4uk.ua leaves the table
Quahrino collected $12.16 from pot
Quahrino: doesn't show hand 
*** SUMMARY ***
Total pot $12.80 | Rake $0.64 
Board [4s 7h 5c 8h]
Seat 1: Pon4uk.ua (small blind) folded on the Turn
Seat 3: Quahrino (big blind) collected ($12.16)
Seat 5: Pacifistas (button) folded before Flop (didn't bet)



PokerStars Hand #254429916436:  Hold'em No Limit ($0.50/$1.00 USD) - 2025/01/18 12:13:22 WET [2025/01/18 7:13:22 ET]
Table 'Zelinda III' 6-max Seat #3 is the button
Seat 3: Quahrino ($111.46 in chips) 
Seat 5: Pacifistas ($180.29 in chips) 
Quahrino: posts small blind $0.50
Pacifistas: posts big blind $1
*** HOLE CARDS ***
Quahrino: raises $1.50 to $2.50
Pacifistas: calls $1.50
*** FLOP *** [2c 5c 4s]
Pacifistas: checks 
Quahrino: bets $2.38
Pacifistas: folds 
Uncalled bet ($2.38) returned to Quahrino
Quahrino collected $4.75 from pot
Quahrino: doesn't show hand 
*** SUMMARY ***
Total pot $5 | Rake $0.25 
Board [2c 5c 4s]
Seat 3: Quahrino (button) (small blind) collected ($4.75)
Seat 5: Pacifistas (big blind) folded on the Flop



PokerStars Hand #254429920301:  Hold'em No Limit ($0.50/$1.00 USD) - 2025/01/18 12:13:48 WET [2025/01/18 7:13:48 ET]
Table 'Zelinda III' 6-max Seat #5 is the button
Seat 3: Quahrino ($113.71 in chips) 
Seat 5: Pacifistas ($177.79 in chips) 
Pacifistas: posts small blind $0.50
Quahrino: posts big blind $1
*** HOLE CARDS ***
Pacifistas: raises $1.50 to $2.50
Quahrino: raises $7.50 to $10
Pacifistas: folds 
Uncalled bet ($7.50) returned to Quahrino
Quahrino collected $5 from pot
Quahrino: doesn't show hand 
*** SUMMARY ***
Total pot $5 | Rake $0 
Seat 3: Quahrino (big blind) collected ($5)
Seat 5: Pacifistas (button) (small blind) folded before Flop



PokerStars Hand #254429922742:  Hold'em No Limit ($0.50/$1.00 USD) - 2025/01/18 12:14:05 WET [2025/01/18 7:14:05 ET]
Table 'Zelinda III' 6-max Seat #3 is the button
Seat 3: Quahrino ($116.21 in chips) 
Seat 5: Pacifistas ($175.29 in chips) 
Quahrino: posts small blind $0.50
Pacifistas: posts big blind $1
*** HOLE CARDS ***
Quahrino: raises $1.50 to $2.50
Pacifistas: calls $1.50
*** FLOP *** [Js 4s Ad]
Pacifistas: checks 
Quahrino: bets $5.94
Pacifistas: calls $5.94
*** TURN *** [Js 4s Ad] [3c]
Pacifistas: checks 
Quahrino: bets $20.05
Pacifistas: folds 
Uncalled bet ($20.05) returned to Quahrino
Quahrino collected $16.04 from pot
Quahrino: doesn't show hand 
*** SUMMARY ***
Total pot $16.88 | Rake $0.84 
Board [Js 4s Ad 3c]
Seat 3: Quahrino (button) (small blind) collected ($16.04)
Seat 5: Pacifistas (big blind) folded on the Turn



PokerStars Hand #254429927784:  Hold'em No Limit ($0.50/$1.00 USD) - 2025/01/18 12:14:40 WET [2025/01/18 7:14:40 ET]
Table 'Zelinda III' 6-max Seat #5 is the button
Seat 3: Quahrino ($123.81 in chips) 
Seat 5: Pacifistas ($166.85 in chips) 
Pacifistas: posts small blind $0.50
Quahrino: posts big blind $1
*** HOLE CARDS ***
Pacifistas: raises $1.50 to $2.50
Quahrino: folds 
Uncalled bet ($1.50) returned to Pacifistas
Pacifistas collected $2 from pot
Pacifistas: doesn't show hand 
*** SUMMARY ***
Total pot $2 | Rake $0 
Seat 3: Quahrino (big blind) folded before Flop
Seat 5: Pacifistas (button) (small blind) collected ($2)



PokerStars Hand #254429943739:  Hold'em No Limit ($0.50/$1.00 USD) - 2025/01/18 12:16:30 WET [2025/01/18 7:16:30 ET]
Table 'Zelinda III' 6-max Seat #6 is the button
Seat 1: mr.Jckpot ($128.96 in chips) 
Seat 2: blistein ($101.50 in chips) 
Seat 3: Quahrino ($122.81 in chips) 
Seat 4: gudrozd ($101.50 in chips) 
Seat 5: Brennogomesp ($80 in chips) 
Seat 6: Gfoer ($100 in chips) 
mr.Jckpot: posts small blind $0.50
blistein: posts big blind $1
*** HOLE CARDS ***
Quahrino: folds 
gudrozd: folds 
Brennogomesp: calls $1
Gfoer: folds 
mr.Jckpot: folds 
blistein: checks 
*** FLOP *** [2s 7d 7s]
blistein: bets $1
Brennogomesp: folds 
Uncalled bet ($1) returned to blistein
blistein collected $2.38 from pot
blistein: doesn't show hand 
*** SUMMARY ***
Total pot $2.50 | Rake $0.12 
Board [2s 7d 7s]
Seat 1: mr.Jckpot (small blind) folded before Flop
Seat 2: blistein (big blind) collected ($2.38)
Seat 3: Quahrino folded before Flop (didn't bet)
Seat 4: gudrozd folded before Flop (didn't bet)
Seat 5: Brennogomesp folded on the Flop
Seat 6: Gfoer (button) folded before Flop (didn't bet)



PokerStars Hand #254429948204:  Hold'em No Limit ($0.50/$1.00 USD) - 2025/01/18 12:17:00 WET [2025/01/18 7:17:00 ET]
Table 'Zelinda III' 6-max Seat #1 is the button
Seat 1: mr.Jckpot ($128.46 in chips) 
Seat 2: blistein ($102.88 in chips) 
Seat 3: Quahrino ($122.81 in chips) 
Seat 4: gudrozd ($101.50 in chips) 
Seat 5: Brennogomesp ($79 in chips) 
Seat 6: Gfoer ($100 in chips) 
blistein: posts small blind $0.50
Quahrino: posts big blind $1
*** HOLE CARDS ***
gudrozd: raises $1.50 to $2.50
Brennogomesp: calls $2.50
Gfoer: folds 
mr.Jckpot: folds 
blistein: folds 
Quahrino: folds 
*** FLOP *** [Ks 5c 9h]
gudrozd: checks 
Brennogomesp: checks 
*** TURN *** [Ks 5c 9h] [2h]
gudrozd: bets $9.27
Brennogomesp: folds 
Uncalled bet ($9.27) returned to gudrozd
gudrozd collected $6.18 from pot
gudrozd: doesn't show hand 
*** SUMMARY ***
Total pot $6.50 | Rake $0.32 
Board [Ks 5c 9h 2h]
Seat 1: mr.Jckpot (button) folded before Flop (didn't bet)
Seat 2: blistein (small blind) folded before Flop
Seat 3: Quahrino (big blind) folded before Flop
Seat 4: gudrozd collected ($6.18)
Seat 5: Brennogomesp folded on the Turn
Seat 6: Gfoer folded before Flop (didn't bet)



PokerStars Hand #254429952561:  Hold'em No Limit ($0.50/$1.00 USD) - 2025/01/18 12:17:30 WET [2025/01/18 7:17:30 ET]
Table 'Zelinda III' 6-max Seat #2 is the button
Seat 1: mr.Jckpot ($128.46 in chips) 
Seat 2: blistein ($102.38 in chips) 
Seat 3: Quahrino ($121.81 in chips) 
Seat 4: gudrozd ($105.18 in chips) 
Seat 5: Brennogomesp ($76.50 in chips) 
Seat 6: Gfoer ($100 in chips) 
Quahrino: posts small blind $0.50
gudrozd: posts big blind $1
*** HOLE CARDS ***
Brennogomesp: folds 
Gfoer: raises $1.20 to $2.20
mr.Jckpot: folds 
blistein: folds 
Quahrino: folds 
gudrozd: calls $1.20
*** FLOP *** [Tc 3d 7h]
gudrozd: checks 
Gfoer: bets $1.55
gudrozd: raises $3.88 to $5.43
Gfoer: folds 
Uncalled bet ($3.88) returned to gudrozd
gudrozd collected $7.60 from pot
gudrozd: doesn't show hand 
*** SUMMARY ***
Total pot $8 | Rake $0.40 
Board [Tc 3d 7h]
Seat 1: mr.Jckpot folded before Flop (didn't bet)
Seat 2: blistein (button) folded before Flop (didn't bet)
Seat 3: Quahrino (small blind) folded before Flop
Seat 4: gudrozd (big blind) collected ($7.60)
Seat 5: Brennogomesp folded before Flop (didn't bet)
Seat 6: Gfoer folded on the Flop



PokerStars Hand #254429957975:  Hold'em No Limit ($0.50/$1.00 USD) - 2025/01/18 12:18:08 WET [2025/01/18 7:18:08 ET]
Table 'Zelinda III' 6-max Seat #3 is the button
Seat 1: mr.Jckpot ($128.46 in chips) 
Seat 2: blistein ($102.38 in chips) 
Seat 3: Quahrino ($121.31 in chips) 
Seat 4: gudrozd ($109.03 in chips) 
Seat 5: Brennogomesp ($76.50 in chips) 
Seat 6: Gfoer ($100 in chips) 
gudrozd: posts small blind $0.50
Brennogomesp: posts big blind $1
*** HOLE CARDS ***
Gfoer: folds 
mr.Jckpot: folds 
blistein: raises $1.30 to $2.30
Quahrino: folds 
gudrozd: folds 
Brennogomesp: folds 
Uncalled bet ($1.30) returned to blistein
blistein collected $2.50 from pot
blistein: doesn't show hand 
*** SUMMARY ***
Total pot $2.50 | Rake $0 
Seat 1: mr.Jckpot folded before Flop (didn't bet)
Seat 2: blistein collected ($2.50)
Seat 3: Quahrino (button) folded before Flop (didn't bet)
Seat 4: gudrozd (small blind) folded before Flop
Seat 5: Brennogomesp (big blind) folded before Flop
Seat 6: Gfoer folded before Flop (didn't bet)



PokerStars Hand #254429960493:  Hold'em No Limit ($0.50/$1.00 USD) - 2025/01/18 12:18:25 WET [2025/01/18 7:18:25 ET]
Table 'Zelinda III' 6-max Seat #4 is the button
Seat 1: mr.Jckpot ($128.46 in chips) 
Seat 2: blistein ($103.88 in chips) 
Seat 3: Quahrino ($121.31 in chips) 
Seat 4: gudrozd ($108.53 in chips) 
Seat 5: Brennogomesp ($75.50 in chips) 
Seat 6: Gfoer ($100 in chips) 
Brennogomesp: posts small blind $0.50
Gfoer: posts big blind $1
*** HOLE CARDS ***
mr.Jckpot: folds 
blistein: folds 
Quahrino: folds 
gudrozd: folds 
Brennogomesp: calls $0.50
Gfoer: checks 
*** FLOP *** [5d 7d 7h]
Brennogomesp: checks 
Gfoer: checks 
*** TURN *** [5d 7d 7h] [Qs]
Brennogomesp: checks 
Gfoer: checks 
*** RIVER *** [5d 7d 7h Qs] [5c]
Brennogomesp: checks 
Gfoer: checks 
*** SHOW DOWN ***
Brennogomesp: shows [Kd 9c] (two pair, Sevens and Fives)
Gfoer: mucks hand 
Brennogomesp collected $1.90 from pot
*** SUMMARY ***
Total pot $2 | Rake $0.10 
Board [5d 7d 7h Qs 5c]
Seat 1: mr.Jckpot folded before Flop (didn't bet)
Seat 2: blistein folded before Flop (didn't bet)
Seat 3: Quahrino folded before Flop (didn't bet)
Seat 4: gudrozd (button) folded before Flop (didn't bet)
Seat 5: Brennogomesp (small blind) showed [Kd 9c] and won ($1.90) with two pair, Sevens and Fives
Seat 6: Gfoer (big blind) mucked



PokerStars Hand #254429968533:  Hold'em No Limit ($0.50/$1.00 USD) - 2025/01/18 12:19:21 WET [2025/01/18 7:19:21 ET]
Table 'Zelinda III' 6-max Seat #5 is the button
Seat 1: mr.Jckpot ($128.46 in chips) 
Seat 2: blistein ($103.88 in chips) 
Seat 3: Quahrino ($121.31 in chips) 
Seat 4: gudrozd ($108.53 in chips) 
Seat 5: Brennogomesp ($76.40 in chips) 
Seat 6: Gfoer ($100 in chips) 
Gfoer: posts small blind $0.50
mr.Jckpot: posts big blind $1
*** HOLE CARDS ***
blistein: raises $1.20 to $2.20
Quahrino: folds 
gudrozd: folds 
Brennogomesp: calls $2.20
Gfoer: folds 
mr.Jckpot: folds 
*** FLOP *** [Th Qh 8d]
blistein: bets $1.90
Brennogomesp: calls $1.90
*** TURN *** [Th Qh 8d] [8s]
blistein: checks 
Brennogomesp: checks 
*** RIVER *** [Th Qh 8d 8s] [Ac]
blistein: bets $1
Brennogomesp: raises $5.61 to $6.61
blistein: folds 
Uncalled bet ($5.61) returned to Brennogomesp
Brennogomesp collected $11.12 from pot
*** SUMMARY ***
Total pot $11.70 | Rake $0.58 
Board [Th Qh 8d 8s Ac]
Seat 1: mr.Jckpot (big blind) folded before Flop
Seat 2: blistein folded on the River
Seat 3: Quahrino folded before Flop (didn't bet)
Seat 4: gudrozd folded before Flop (didn't bet)
Seat 5: Brennogomesp (button) collected ($11.12)
Seat 6: Gfoer (small blind) folded before Flop



PokerStars Hand #254429974447:  Hold'em No Limit ($0.50/$1.00 USD) - 2025/01/18 12:20:01 WET [2025/01/18 7:20:01 ET]
Table 'Zelinda III' 6-max Seat #6 is the button
Seat 1: mr.Jckpot ($127.46 in chips) 
Seat 2: blistein ($100 in chips) 
Seat 3: Quahrino ($121.31 in chips) 
Seat 4: gudrozd ($108.53 in chips) 
Seat 5: Brennogomesp ($82.42 in chips) 
Seat 6: Gfoer ($100 in chips) 
mr.Jckpot: posts small blind $0.50
blistein: posts big blind $1
*** HOLE CARDS ***
Quahrino: folds 
gudrozd: folds 
Brennogomesp: calls $1
Gfoer: raises $3.50 to $4.50
mr.Jckpot: folds 
blistein: folds 
Brennogomesp: folds 
Uncalled bet ($3.50) returned to Gfoer
Gfoer collected $3.50 from pot
Gfoer: doesn't show hand 
*** SUMMARY ***
Total pot $3.50 | Rake $0 
Seat 1: mr.Jckpot (small blind) folded before Flop
Seat 2: blistein (big blind) folded before Flop
Seat 3: Quahrino folded before Flop (didn't bet)
Seat 4: gudrozd folded before Flop (didn't bet)
Seat 5: Brennogomesp folded before Flop
Seat 6: Gfoer (button) collected ($3.50)



PokerStars Hand #254429976791:  Hold'em No Limit ($0.50/$1.00 USD) - 2025/01/18 12:20:18 WET [2025/01/18 7:20:18 ET]
Table 'Zelinda III' 6-max Seat #1 is the button
Seat 1: mr.Jckpot ($126.96 in chips) 
Seat 2: blistein ($100 in chips) 
Seat 3: Quahrino ($121.31 in chips) 
Seat 4: gudrozd ($108.53 in chips) 
Seat 5: Brennogomesp ($81.42 in chips) 
Seat 6: Gfoer ($102.50 in chips) 
blistein: posts small blind $0.50
Quahrino: posts big blind $1
*** HOLE CARDS ***
gudrozd: folds 
Brennogomesp: folds 
Gfoer: folds 
mr.Jckpot: folds 
blistein: raises $2 to $3
Quahrino: raises $7 to $10
blistein: raises $12 to $22
Quahrino: calls $12
*** FLOP *** [Js 5s Ts]
blistein: bets $78 and is all-in
Quahrino: calls $78
*** FIRST TURN *** [Js 5s Ts] [2c]
*** FIRST RIVER *** [Js 5s Ts 2c] [Qs]
*** SECOND TURN *** [Js 5s Ts] [4h]
*** SECOND RIVER *** [Js 5s Ts 4h] [8h]
*** FIRST SHOW DOWN ***
blistein: shows [Kh Ks] (a flush, King high)
Quahrino: shows [9s 9h] (a flush, Queen high)
blistein collected $98.75 from pot
*** SECOND SHOW DOWN ***
blistein: shows [Kh Ks] (a pair of Kings)
Quahrino: shows [9s 9h] (a pair of Nines)
blistein collected $98.75 from pot
*** SUMMARY ***
Total pot $200 | Rake $2.50 
Hand was run twice
FIRST Board [Js 5s Ts 2c Qs]
SECOND Board [Js 5s Ts 4h 8h]
Seat 1: mr.Jckpot (button) folded before Flop (didn't bet)
Seat 2: blistein (small blind) showed [Kh Ks] and won ($98.75) with a flush, King high, and won ($98.75) with a pair of Kings
Seat 3: Quahrino (big blind) showed [9s 9h] and lost with a flush, Queen high, and lost with a pair of Nines
Seat 4: gudrozd folded before Flop (didn't bet)
Seat 5: Brennogomesp folded before Flop (didn't bet)
Seat 6: Gfoer folded before Flop (didn't bet)



PokerStars Hand #254429990881:  Hold'em No Limit ($0.50/$1.00 USD) - 2025/01/18 12:21:55 WET [2025/01/18 7:21:55 ET]
Table 'Zelinda III' 6-max Seat #2 is the button
Seat 1: mr.Jckpot ($126.96 in chips) 
Seat 2: blistein ($197.50 in chips) 
Seat 3: Quahrino ($100 in chips) 
Seat 4: gudrozd ($108.53 in chips) 
Seat 5: Brennogomesp ($81.42 in chips) 
Seat 6: Gfoer ($102.50 in chips) 
Quahrino: posts small blind $0.50
gudrozd: posts big blind $1
*** HOLE CARDS ***
Brennogomesp: folds 
Gfoer: folds 
mr.Jckpot: folds 
blistein: raises $1.50 to $2.50
Quahrino: folds 
gudrozd: folds 
Uncalled bet ($1.50) returned to blistein
blistein collected $2.50 from pot
blistein: doesn't show hand 
*** SUMMARY ***
Total pot $2.50 | Rake $0 
Seat 1: mr.Jckpot folded before Flop (didn't bet)
Seat 2: blistein (button) collected ($2.50)
Seat 3: Quahrino (small blind) folded before Flop
Seat 4: gudrozd (big blind) folded before Flop
Seat 5: Brennogomesp folded before Flop (didn't bet)
Seat 6: Gfoer folded before Flop (didn't bet)



PokerStars Hand #254429993613:  Hold'em No Limit ($0.50/$1.00 USD) - 2025/01/18 12:22:14 WET [2025/01/18 7:22:14 ET]
Table 'Zelinda III' 6-max Seat #3 is the button
Seat 1: mr.Jckpot ($126.96 in chips) 
Seat 2: blistein ($199 in chips) 
Seat 3: Quahrino ($100 in chips) 
Seat 4: gudrozd ($107.53 in chips) 
Seat 5: Brennogomesp ($81.42 in chips) 
Seat 6: Gfoer ($102.50 in chips) 
gudrozd: posts small blind $0.50
Brennogomesp: posts big blind $1
*** HOLE CARDS ***
Gfoer: folds 
mr.Jckpot: folds 
blistein: folds 
Quahrino: folds 
gudrozd: raises $2 to $3
Brennogomesp: calls $2
*** FLOP *** [2c Td Qh]
gudrozd: checks 
Brennogomesp: checks 
*** TURN *** [2c Td Qh] [Kc]
gudrozd: bets $1
Brennogomesp: raises $2 to $3
gudrozd: calls $2
*** RIVER *** [2c Td Qh Kc] [Ts]
gudrozd: checks 
Brennogomesp: bets $7.70
gudrozd: folds 
Uncalled bet ($7.70) returned to Brennogomesp
Brennogomesp collected $11.40 from pot
*** SUMMARY ***
Total pot $12 | Rake $0.60 
Board [2c Td Qh Kc Ts]
Seat 1: mr.Jckpot folded before Flop (didn't bet)
Seat 2: blistein folded before Flop (didn't bet)
Seat 3: Quahrino (button) folded before Flop (didn't bet)
Seat 4: gudrozd (small blind) folded on the River
Seat 5: Brennogomesp (big blind) collected ($11.40)
Seat 6: Gfoer folded before Flop (didn't bet)



PokerStars Hand #254429999970:  Hold'em No Limit ($0.50/$1.00 USD) - 2025/01/18 12:22:58 WET [2025/01/18 7:22:58 ET]
Table 'Zelinda III' 6-max Seat #4 is the button
Seat 1: mr.Jckpot ($126.96 in chips) 
Seat 2: blistein ($199 in chips) 
Seat 3: Quahrino ($100 in chips) 
Seat 4: gudrozd ($101.53 in chips) 
Seat 5: Brennogomesp ($86.82 in chips) 
Seat 6: Gfoer ($102.50 in chips) 
Brennogomesp: posts small blind $0.50
Gfoer: posts big blind $1
*** HOLE CARDS ***
mr.Jckpot: folds 
blistein: raises $1.20 to $2.20
Quahrino: folds 
gudrozd: calls $2.20
Brennogomesp: calls $1.70
Gfoer: folds 
*** FLOP *** [Kc 8c 5h]
Brennogomesp: checks 
blistein: checks 
gudrozd: bets $3.61
Brennogomesp: folds 
blistein: calls $3.61
*** TURN *** [Kc 8c 5h] [5s]
blistein: checks 
gudrozd: bets $10.56
blistein: calls $10.56
*** RIVER *** [Kc 8c 5h 5s] [Ac]
blistein: checks 
gudrozd: bets $11.27
blistein: calls $11.27
*** SHOW DOWN ***
gudrozd: shows [8s 8d] (a full house, Eights full of Fives)
blistein: mucks hand 
gudrozd collected $55.98 from pot
*** SUMMARY ***
Total pot $58.48 | Rake $2.50 
Board [Kc 8c 5h 5s Ac]
Seat 1: mr.Jckpot folded before Flop (didn't bet)
Seat 2: blistein mucked
Seat 3: Quahrino folded before Flop (didn't bet)
Seat 4: gudrozd (button) showed [8s 8d] and won ($55.98) with a full house, Eights full of Fives
Seat 5: Brennogomesp (small blind) folded on the Flop
Seat 6: Gfoer (big blind) folded before Flop



PokerStars Hand #254430019622:  Hold'em No Limit ($0.50/$1.00 USD) - 2025/01/18 12:25:13 WET [2025/01/18 7:25:13 ET]
Table 'Zelinda III' 6-max Seat #5 is the button
Seat 1: mr.Jckpot ($126.96 in chips) 
Seat 2: blistein ($171.36 in chips) 
Seat 3: Quahrino ($100 in chips) 
Seat 4: gudrozd ($129.87 in chips) 
Seat 5: Brennogomesp ($84.62 in chips) 
Seat 6: Gfoer ($101.50 in chips) 
Gfoer: posts small blind $0.50
mr.Jckpot: posts big blind $1
*** HOLE CARDS ***
blistein: folds 
Quahrino: folds 
gudrozd: folds 
Brennogomesp: folds 
Gfoer: raises $1.50 to $2.50
mr.Jckpot: folds 
Uncalled bet ($1.50) returned to Gfoer
Gfoer collected $2 from pot
Gfoer: doesn't show hand 
*** SUMMARY ***
Total pot $2 | Rake $0 
Seat 1: mr.Jckpot (big blind) folded before Flop
Seat 2: blistein folded before Flop (didn't bet)
Seat 3: Quahrino folded before Flop (didn't bet)
Seat 4: gudrozd folded before Flop (didn't bet)
Seat 5: Brennogomesp (button) folded before Flop (didn't bet)
Seat 6: Gfoer (small blind) collected ($2)



PokerStars Hand #254430021482:  Hold'em No Limit ($0.50/$1.00 USD) - 2025/01/18 12:25:25 WET [2025/01/18 7:25:25 ET]
Table 'Zelinda III' 6-max Seat #6 is the button
Seat 1: mr.Jckpot ($125.96 in chips) 
Seat 2: blistein ($171.36 in chips) 
Seat 3: Quahrino ($100 in chips) 
Seat 4: gudrozd ($129.87 in chips) 
Seat 5: Brennogomesp ($84.62 in chips) 
Seat 6: Gfoer ($102.50 in chips) 
mr.Jckpot: posts small blind $0.50
blistein: posts big blind $1
*** HOLE CARDS ***
Quahrino: folds 
gudrozd: folds 
Brennogomesp: folds 
Gfoer: folds 
mr.Jckpot: folds 
Uncalled bet ($0.50) returned to blistein
blistein collected $1 from pot
blistein: doesn't show hand 
*** SUMMARY ***
Total pot $1 | Rake $0 
Seat 1: mr.Jckpot (small blind) folded before Flop
Seat 2: blistein (big blind) collected ($1)
Seat 3: Quahrino folded before Flop (didn't bet)
Seat 4: gudrozd folded before Flop (didn't bet)
Seat 5: Brennogomesp folded before Flop (didn't bet)
Seat 6: Gfoer (button) folded before Flop (didn't bet)



PokerStars Hand #254430024140:  Hold'em No Limit ($0.50/$1.00 USD) - 2025/01/18 12:25:43 WET [2025/01/18 7:25:43 ET]
Table 'Zelinda III' 6-max Seat #1 is the button
Seat 1: mr.Jckpot ($125.46 in chips) 
Seat 2: blistein ($171.86 in chips) 
Seat 3: Quahrino ($100 in chips) 
Seat 4: gudrozd ($129.87 in chips) 
Seat 5: Brennogomesp ($84.62 in chips) 
Seat 6: Gfoer ($102.50 in chips) 
blistein: posts small blind $0.50
Quahrino: posts big blind $1
*** HOLE CARDS ***
gudrozd: folds 
Brennogomesp: calls $1
Gfoer: folds 
mr.Jckpot: folds 
blistein: folds 
Quahrino: raises $5 to $6
Brennogomesp: calls $5
*** FLOP *** [Kd Qd 4s]
Quahrino: bets $5.94
Brennogomesp: folds 
Uncalled bet ($5.94) returned to Quahrino
Quahrino collected $11.88 from pot
Quahrino: doesn't show hand 
*** SUMMARY ***
Total pot $12.50 | Rake $0.62 
Board [Kd Qd 4s]
Seat 1: mr.Jckpot (button) folded before Flop (didn't bet)
Seat 2: blistein (small blind) folded before Flop
Seat 3: Quahrino (big blind) collected ($11.88)
Seat 4: gudrozd folded before Flop (didn't bet)
Seat 5: Brennogomesp folded on the Flop
Seat 6: Gfoer folded before Flop (didn't bet)



PokerStars Hand #254430028557:  Hold'em No Limit ($0.50/$1.00 USD) - 2025/01/18 12:26:13 WET [2025/01/18 7:26:13 ET]
Table 'Zelinda III' 6-max Seat #2 is the button
Seat 1: mr.Jckpot ($125.46 in chips) 
Seat 2: blistein ($171.36 in chips) 
Seat 3: Quahrino ($105.88 in chips) 
Seat 4: gudrozd ($129.87 in chips) 
Seat 5: Brennogomesp ($78.62 in chips) 
Seat 6: Gfoer ($102.50 in chips) 
Quahrino: posts small blind $0.50
gudrozd: posts big blind $1
*** HOLE CARDS ***
Brennogomesp: folds 
Gfoer: folds 
mr.Jckpot: folds 
blistein: folds 
Quahrino: folds 
Uncalled bet ($0.50) returned to gudrozd
gudrozd collected $1 from pot
gudrozd: doesn't show hand 
*** SUMMARY ***
Total pot $1 | Rake $0 
Seat 1: mr.Jckpot folded before Flop (didn't bet)
Seat 2: blistein (button) folded before Flop (didn't bet)
Seat 3: Quahrino (small blind) folded before Flop
Seat 4: gudrozd (big blind) collected ($1)
Seat 5: Brennogomesp folded before Flop (didn't bet)
Seat 6: Gfoer folded before Flop (didn't bet)



PokerStars Hand #254430029888:  Hold'em No Limit ($0.50/$1.00 USD) - 2025/01/18 12:26:22 WET [2025/01/18 7:26:22 ET]
Table 'Zelinda III' 6-max Seat #3 is the button
Seat 1: mr.Jckpot ($125.46 in chips) 
Seat 2: blistein ($171.36 in chips) 
Seat 3: Quahrino ($105.38 in chips) 
Seat 4: gudrozd ($130.37 in chips) 
Seat 5: Brennogomesp ($78.62 in chips) 
Seat 6: Gfoer ($102.50 in chips) 
gudrozd: posts small blind $0.50
Brennogomesp: posts big blind $1
*** HOLE CARDS ***
Gfoer: folds 
mr.Jckpot: folds 
blistein: folds 
Quahrino: folds 
gudrozd: raises $2 to $3
Brennogomesp: folds 
Uncalled bet ($2) returned to gudrozd
gudrozd collected $2 from pot
gudrozd: doesn't show hand 
*** SUMMARY ***
Total pot $2 | Rake $0 
Seat 1: mr.Jckpot folded before Flop (didn't bet)
Seat 2: blistein folded before Flop (didn't bet)
Seat 3: Quahrino (button) folded before Flop (didn't bet)
Seat 4: gudrozd (small blind) collected ($2)
Seat 5: Brennogomesp (big blind) folded before Flop
Seat 6: Gfoer folded before Flop (didn't bet)



PokerStars Hand #254430031387:  Hold'em No Limit ($0.50/$1.00 USD) - 2025/01/18 12:26:32 WET [2025/01/18 7:26:32 ET]
Table 'Zelinda III' 6-max Seat #4 is the button
Seat 1: mr.Jckpot ($125.46 in chips) 
Seat 2: blistein ($171.36 in chips) 
Seat 3: Quahrino ($105.38 in chips) 
Seat 4: gudrozd ($131.37 in chips) 
Seat 5: Brennogomesp ($77.62 in chips) 
Seat 6: Gfoer ($102.50 in chips) 
Brennogomesp: posts small blind $0.50
Gfoer: posts big blind $1
*** HOLE CARDS ***
mr.Jckpot: folds 
blistein: folds 
Quahrino: raises $1.30 to $2.30
gudrozd: folds 
Brennogomesp: folds 
Gfoer: folds 
Uncalled bet ($1.30) returned to Quahrino
Quahrino collected $2.50 from pot
Quahrino: doesn't show hand 
*** SUMMARY ***
Total pot $2.50 | Rake $0 
Seat 1: mr.Jckpot folded before Flop (didn't bet)
Seat 2: blistein folded before Flop (didn't bet)
Seat 3: Quahrino collected ($2.50)
Seat 4: gudrozd (button) folded before Flop (didn't bet)
Seat 5: Brennogomesp (small blind) folded before Flop
Seat 6: Gfoer (big blind) folded before Flop



PokerStars Hand #254430032705:  Hold'em No Limit ($0.50/$1.00 USD) - 2025/01/18 12:26:41 WET [2025/01/18 7:26:41 ET]
Table 'Zelinda III' 6-max Seat #5 is the button
Seat 1: mr.Jckpot ($125.46 in chips) 
Seat 2: blistein ($171.36 in chips) 
Seat 3: Quahrino ($106.88 in chips) 
Seat 4: gudrozd ($131.37 in chips) 
Seat 5: Brennogomesp ($77.12 in chips) 
Seat 6: Gfoer ($101.50 in chips) 
Gfoer: posts small blind $0.50
mr.Jckpot: posts big blind $1
*** HOLE CARDS ***
blistein: folds 
Quahrino: folds 
gudrozd: folds 
Brennogomesp: calls $1
Gfoer: raises $4 to $5
mr.Jckpot: folds 
Brennogomesp: calls $4
*** FLOP *** [Ad 6c 3d]
Gfoer: bets $7.34
Brennogomesp: calls $7.34
*** TURN *** [Ad 6c 3d] [5h]
Gfoer: bets $16.30
Brennogomesp: calls $16.30
*** RIVER *** [Ad 6c 3d 5h] [Kd]
Gfoer: bets $49.23
Brennogomesp: calls $48.48 and is all-in
Uncalled bet ($0.75) returned to Gfoer
*** SHOW DOWN ***
Gfoer: shows [Td Ac] (a pair of Aces)
Brennogomesp: shows [3s As] (two pair, Aces and Threes)
Brennogomesp collected $152.74 from pot
*** SUMMARY ***
Total pot $155.24 | Rake $2.50 
Board [Ad 6c 3d 5h Kd]
Seat 1: mr.Jckpot (big blind) folded before Flop
Seat 2: blistein folded before Flop (didn't bet)
Seat 3: Quahrino folded before Flop (didn't bet)
Seat 4: gudrozd folded before Flop (didn't bet)
Seat 5: Brennogomesp (button) showed [3s As] and won ($152.74) with two pair, Aces and Threes
Seat 6: Gfoer (small blind) showed [Td Ac] and lost with a pair of Aces



PokerStars Hand #254430073887:  Hold'em No Limit ($0.50/$1.00 USD) - 2025/01/18 12:31:13 WET [2025/01/18 7:31:13 ET]
Table 'Zelinda III' 6-max Seat #4 is the button
Seat 1: mr.Jckpot ($123.96 in chips) 
Seat 2: blistein ($167.45 in chips) 
Seat 3: Quahrino ($100 in chips) 
Seat 4: gudrozd ($141.26 in chips) 
Seat 5: Brennogomesp ($160.20 in chips) 
Seat 6: Gfoer ($100 in chips) 
Brennogomesp: posts small blind $0.50
Gfoer: posts big blind $1
*** HOLE CARDS ***
mr.Jckpot: folds 
blistein: folds 
Quahrino: raises $1.30 to $2.30
gudrozd: folds 
Brennogomesp: calls $1.80
Gfoer: folds 
*** FLOP *** [5s Th Ts]
Brennogomesp: checks 
Quahrino: bets $1.76
Brennogomesp: calls $1.76
*** TURN *** [5s Th Ts] [7s]
Brennogomesp: checks 
Quahrino: checks 
*** RIVER *** [5s Th Ts 7s] [5c]
Brennogomesp: bets $4.33
Quahrino: calls $4.33
*** SHOW DOWN ***
Brennogomesp: shows [Kc Jc] (two pair, Tens and Fives)
Quahrino: shows [Qc Ah] (two pair, Tens and Fives - Ace kicker)
Quahrino collected $16.89 from pot
*** SUMMARY ***
Total pot $17.78 | Rake $0.89 
Board [5s Th Ts 7s 5c]
Seat 1: mr.Jckpot folded before Flop (didn't bet)
Seat 2: blistein folded before Flop (didn't bet)
Seat 3: Quahrino showed [Qc Ah] and won ($16.89) with two pair, Tens and Fives
Seat 4: gudrozd (button) folded before Flop (didn't bet)
Seat 5: Brennogomesp (small blind) showed [Kc Jc] and lost with two pair, Tens and Fives
Seat 6: Gfoer (big blind) folded before Flop



PokerStars Hand #254430082097:  Hold'em No Limit ($0.50/$1.00 USD) - 2025/01/18 12:32:06 WET [2025/01/18 7:32:06 ET]
Table 'Zelinda III' 6-max Seat #5 is the button
Seat 1: mr.Jckpot ($123.96 in chips) 
Seat 2: blistein ($167.45 in chips) 
Seat 3: Quahrino ($108.50 in chips) 
Seat 4: gudrozd ($141.26 in chips) 
Seat 5: Brennogomesp ($151.81 in chips) 
Seat 6: Gfoer ($100 in chips) 
Gfoer: posts small blind $0.50
mr.Jckpot: posts big blind $1
*** HOLE CARDS ***
blistein: folds 
Quahrino: folds 
gudrozd: folds 
Brennogomesp: calls $1
Gfoer: raises $4 to $5
mr.Jckpot: folds 
Brennogomesp: calls $4
*** FLOP *** [6h 8c 2s]
Gfoer: checks 
Brennogomesp: checks 
*** TURN *** [6h 8c 2s] [6c]
Gfoer: checks 
Brennogomesp: bets $10.45
Gfoer: folds 
Uncalled bet ($10.45) returned to Brennogomesp
Brennogomesp collected $10.45 from pot
*** SUMMARY ***
Total pot $11 | Rake $0.55 
Board [6h 8c 2s 6c]
Seat 1: mr.Jckpot (big blind) folded before Flop
Seat 2: blistein folded before Flop (didn't bet)
Seat 3: Quahrino folded before Flop (didn't bet)
Seat 4: gudrozd folded before Flop (didn't bet)
Seat 5: Brennogomesp (button) collected ($10.45)
Seat 6: Gfoer (small blind) folded on the Turn



PokerStars Hand #254430089303:  Hold'em No Limit ($0.50/$1.00 USD) - 2025/01/18 12:32:54 WET [2025/01/18 7:32:54 ET]
Table 'Zelinda III' 6-max Seat #6 is the button
Seat 1: mr.Jckpot ($122.96 in chips) 
Seat 2: blistein ($167.45 in chips) 
Seat 3: Quahrino ($108.50 in chips) 
Seat 4: gudrozd ($141.26 in chips) 
Seat 5: Brennogomesp ($157.26 in chips) 
Seat 6: Gfoer ($100 in chips) 
mr.Jckpot: posts small blind $0.50
blistein: posts big blind $1
*** HOLE CARDS ***
Quahrino: folds 
gudrozd: raises $1.50 to $2.50
Brennogomesp: folds 
Gfoer: folds 
mr.Jckpot: folds 
blistein: folds 
Uncalled bet ($1.50) returned to gudrozd
gudrozd collected $2.50 from pot
gudrozd: doesn't show hand 
*** SUMMARY ***
Total pot $2.50 | Rake $0 
Seat 1: mr.Jckpot (small blind) folded before Flop
Seat 2: blistein (big blind) folded before Flop
Seat 3: Quahrino folded before Flop (didn't bet)
Seat 4: gudrozd collected ($2.50)
Seat 5: Brennogomesp folded before Flop (didn't bet)
Seat 6: Gfoer (button) folded before Flop (didn't bet)



PokerStars Hand #254430091283:  Hold'em No Limit ($0.50/$1.00 USD) - 2025/01/18 12:33:06 WET [2025/01/18 7:33:06 ET]
Table 'Zelinda III' 6-max Seat #1 is the button
Seat 1: mr.Jckpot ($122.46 in chips) 
Seat 2: blistein ($166.45 in chips) 
Seat 3: Quahrino ($108.50 in chips) 
Seat 4: gudrozd ($142.76 in chips) 
Seat 5: Brennogomesp ($157.26 in chips) 
Seat 6: Gfoer ($100 in chips) 
blistein: posts small blind $0.50
Quahrino: posts big blind $1
*** HOLE CARDS ***
gudrozd: folds 
Brennogomesp: calls $1
Gfoer: raises $3.50 to $4.50
mr.Jckpot: folds 
blistein: folds 
Quahrino: folds 
Brennogomesp: folds 
Uncalled bet ($3.50) returned to Gfoer
Gfoer collected $3.50 from pot
Gfoer: doesn't show hand 
*** SUMMARY ***
Total pot $3.50 | Rake $0 
Seat 1: mr.Jckpot (button) folded before Flop (didn't bet)
Seat 2: blistein (small blind) folded before Flop
Seat 3: Quahrino (big blind) folded before Flop
Seat 4: gudrozd folded before Flop (didn't bet)
Seat 5: Brennogomesp folded before Flop
Seat 6: Gfoer collected ($3.50)



PokerStars Hand #254430093738:  Hold'em No Limit ($0.50/$1.00 USD) - 2025/01/18 12:33:23 WET [2025/01/18 7:33:23 ET]
Table 'Zelinda III' 6-max Seat #2 is the button
Seat 1: mr.Jckpot ($122.46 in chips) 
Seat 2: blistein ($165.95 in chips) 
Seat 3: Quahrino ($107.50 in chips) 
Seat 4: gudrozd ($142.76 in chips) 
Seat 5: Brennogomesp ($156.26 in chips) 
Seat 6: Gfoer ($102.50 in chips) 
Quahrino: posts small blind $0.50
gudrozd: posts big blind $1
*** HOLE CARDS ***
Brennogomesp: folds 
Gfoer: folds 
mr.Jckpot: folds 
blistein: folds 
Quahrino: folds 
Uncalled bet ($0.50) returned to gudrozd
gudrozd collected $1 from pot
gudrozd: doesn't show hand 
*** SUMMARY ***
Total pot $1 | Rake $0 
Seat 1: mr.Jckpot folded before Flop (didn't bet)
Seat 2: blistein (button) folded before Flop (didn't bet)
Seat 3: Quahrino (small blind) folded before Flop
Seat 4: gudrozd (big blind) collected ($1)
Seat 5: Brennogomesp folded before Flop (didn't bet)
Seat 6: Gfoer folded before Flop (didn't bet)



PokerStars Hand #254430094924:  Hold'em No Limit ($0.50/$1.00 USD) - 2025/01/18 12:33:30 WET [2025/01/18 7:33:30 ET]
Table 'Zelinda III' 6-max Seat #3 is the button
Seat 1: mr.Jckpot ($122.46 in chips) 
Seat 2: blistein ($165.95 in chips) 
Seat 3: Quahrino ($107 in chips) 
Seat 4: gudrozd ($143.26 in chips) 
Seat 5: Brennogomesp ($156.26 in chips) 
Seat 6: Gfoer ($102.50 in chips) 
gudrozd: posts small blind $0.50
Brennogomesp: posts big blind $1
*** HOLE CARDS ***
Gfoer: folds 
mr.Jckpot: folds 
blistein: raises $1.30 to $2.30
Quahrino: raises $5.20 to $7.50
gudrozd: folds 
Brennogomesp: folds 
blistein: raises $13.50 to $21
Quahrino: folds 
Uncalled bet ($13.50) returned to blistein
blistein collected $16.50 from pot
blistein: doesn't show hand 
*** SUMMARY ***
Total pot $16.50 | Rake $0 
Seat 1: mr.Jckpot folded before Flop (didn't bet)
Seat 2: blistein collected ($16.50)
Seat 3: Quahrino (button) folded before Flop
Seat 4: gudrozd (small blind) folded before Flop
Seat 5: Brennogomesp (big blind) folded before Flop
Seat 6: Gfoer folded before Flop (didn't bet)



PokerStars Hand #254430100993:  Hold'em No Limit ($0.50/$1.00 USD) - 2025/01/18 12:34:09 WET [2025/01/18 7:34:09 ET]
Table 'Zelinda III' 6-max Seat #4 is the button
Seat 1: mr.Jckpot ($122.46 in chips) 
Seat 2: blistein ($174.95 in chips) 
Seat 3: Quahrino ($100 in chips) 
Seat 4: gudrozd ($142.76 in chips) 
Seat 5: Brennogomesp ($155.26 in chips) 
Seat 6: Gfoer ($102.50 in chips) 
Brennogomesp: posts small blind $0.50
Gfoer: posts big blind $1
*** HOLE CARDS ***
mr.Jckpot: folds 
blistein: folds 
Quahrino: raises $1.30 to $2.30
gudrozd: folds 
Brennogomesp: calls $1.80
Gfoer: folds 
*** FLOP *** [Ah Td 6s]
Brennogomesp: checks 
Quahrino: bets $1.76
Brennogomesp: calls $1.76
*** TURN *** [Ah Td 6s] [4h]
Brennogomesp: checks 
Quahrino: bets $12.99
Brennogomesp: raises $34.64 to $47.63
Quahrino: folds 
Uncalled bet ($34.64) returned to Brennogomesp
Brennogomesp collected $33.34 from pot
*** SUMMARY ***
Total pot $35.10 | Rake $1.76 
Board [Ah Td 6s 4h]
Seat 1: mr.Jckpot folded before Flop (didn't bet)
Seat 2: blistein folded before Flop (didn't bet)
Seat 3: Quahrino folded on the Turn
Seat 4: gudrozd (button) folded before Flop (didn't bet)
Seat 5: Brennogomesp (small blind) collected ($33.34)
Seat 6: Gfoer (big blind) folded before Flop



PokerStars Hand #254430108742:  Hold'em No Limit ($0.50/$1.00 USD) - 2025/01/18 12:34:59 WET [2025/01/18 7:34:59 ET]
Table 'Zelinda III' 6-max Seat #5 is the button
Seat 1: mr.Jckpot ($122.46 in chips) 
Seat 2: blistein ($174.95 in chips) 
Seat 3: Quahrino ($100 in chips) 
Seat 4: gudrozd ($142.76 in chips) 
Seat 5: Brennogomesp ($171.55 in chips) 
Seat 6: Gfoer ($101.50 in chips) 
Gfoer: posts small blind $0.50
mr.Jckpot: posts big blind $1
*** HOLE CARDS ***
blistein: folds 
Quahrino: folds 
gudrozd: raises $1.50 to $2.50
Brennogomesp: folds 
Gfoer: folds 
mr.Jckpot: calls $1.50
*** FLOP *** [Kd 6d Kh]
mr.Jckpot: checks 
gudrozd: bets $1.72
mr.Jckpot: calls $1.72
*** TURN *** [Kd 6d Kh] [7d]
mr.Jckpot: checks 
gudrozd: checks 
*** RIVER *** [Kd 6d Kh 7d] [Js]
mr.Jckpot: checks 
gudrozd: bets $6.37
mr.Jckpot: folds 
Uncalled bet ($6.37) returned to gudrozd
gudrozd collected $8.49 from pot
gudrozd: doesn't show hand 
*** SUMMARY ***
Total pot $8.94 | Rake $0.45 
Board [Kd 6d Kh 7d Js]
Seat 1: mr.Jckpot (big blind) folded on the River
Seat 2: blistein folded before Flop (didn't bet)
Seat 3: Quahrino folded before Flop (didn't bet)
Seat 4: gudrozd collected ($8.49)
Seat 5: Brennogomesp (button) folded before Flop (didn't bet)
Seat 6: Gfoer (small blind) folded before Flop



PokerStars Hand #254430119565:  Hold'em No Limit ($0.50/$1.00 USD) - 2025/01/18 12:36:07 WET [2025/01/18 7:36:07 ET]
Table 'Zelinda III' 6-max Seat #6 is the button
Seat 1: mr.Jckpot ($118.24 in chips) 
Seat 2: blistein ($174.95 in chips) 
Seat 3: Quahrino ($100 in chips) 
Seat 4: gudrozd ($147.03 in chips) 
Seat 5: Brennogomesp ($171.55 in chips) 
Seat 6: Gfoer ($101 in chips) 
mr.Jckpot: posts small blind $0.50
blistein: posts big blind $1
*** HOLE CARDS ***
Quahrino: folds 
gudrozd: raises $1.50 to $2.50
Brennogomesp: folds 
Gfoer: folds 
mr.Jckpot: folds 
blistein: folds 
Uncalled bet ($1.50) returned to gudrozd
gudrozd collected $2.50 from pot
gudrozd: doesn't show hand 
*** SUMMARY ***
Total pot $2.50 | Rake $0 
Seat 1: mr.Jckpot (small blind) folded before Flop
Seat 2: blistein (big blind) folded before Flop
Seat 3: Quahrino folded before Flop (didn't bet)
Seat 4: gudrozd collected ($2.50)
Seat 5: Brennogomesp folded before Flop (didn't bet)
Seat 6: Gfoer (button) folded before Flop (didn't bet)



PokerStars Hand #254430121363:  Hold'em No Limit ($0.50/$1.00 USD) - 2025/01/18 12:36:19 WET [2025/01/18 7:36:19 ET]
Table 'Zelinda III' 6-max Seat #1 is the button
Seat 1: mr.Jckpot ($117.74 in chips) 
Seat 2: blistein ($173.95 in chips) 
Seat 3: Quahrino ($100 in chips) 
Seat 4: gudrozd ($148.53 in chips) 
Seat 5: Brennogomesp ($171.55 in chips) 
Seat 6: Gfoer ($101 in chips) 
blistein: posts small blind $0.50
Quahrino: posts big blind $1
*** HOLE CARDS ***
gudrozd: folds 
Brennogomesp: folds 
Gfoer: folds 
mr.Jckpot: folds 
blistein: folds 
Uncalled bet ($0.50) returned to Quahrino
Quahrino collected $1 from pot
Quahrino: doesn't show hand 
*** SUMMARY ***
Total pot $1 | Rake $0 
Seat 1: mr.Jckpot (button) folded before Flop (didn't bet)
Seat 2: blistein (small blind) folded before Flop
Seat 3: Quahrino (big blind) collected ($1)
Seat 4: gudrozd folded before Flop (didn't bet)
Seat 5: Brennogomesp folded before Flop (didn't bet)
Seat 6: Gfoer folded before Flop (didn't bet)



PokerStars Hand #254430123836:  Hold'em No Limit ($0.50/$1.00 USD) - 2025/01/18 12:36:35 WET [2025/01/18 7:36:35 ET]
Table 'Zelinda III' 6-max Seat #2 is the button
Seat 1: mr.Jckpot ($117.74 in chips) 
Seat 2: blistein ($173.45 in chips) 
Seat 3: Quahrino ($100.50 in chips) 
Seat 4: gudrozd ($148.53 in chips) 
Seat 5: Brennogomesp ($171.55 in chips) 
Seat 6: Gfoer ($101 in chips) 
Quahrino: posts small blind $0.50
gudrozd: posts big blind $1
*** HOLE CARDS ***
Brennogomesp: calls $1
Gfoer: folds 
mr.Jckpot: folds 
blistein: folds 
Quahrino: raises $3 to $4
gudrozd: folds 
Brennogomesp: calls $3
*** FLOP *** [2c Qd Qh]
Quahrino: bets $2.82
Brennogomesp: folds 
Uncalled bet ($2.82) returned to Quahrino
Quahrino collected $8.55 from pot
Quahrino: doesn't show hand 
*** SUMMARY ***
Total pot $9 | Rake $0.45 
Board [2c Qd Qh]
Seat 1: mr.Jckpot folded before Flop (didn't bet)
Seat 2: blistein (button) folded before Flop (didn't bet)
Seat 3: Quahrino (small blind) collected ($8.55)
Seat 4: gudrozd (big blind) folded before Flop
Seat 5: Brennogomesp folded on the Flop
Seat 6: Gfoer folded before Flop (didn't bet)



PokerStars Hand #254430127425:  Hold'em No Limit ($0.50/$1.00 USD) - 2025/01/18 12:36:58 WET [2025/01/18 7:36:58 ET]
Table 'Zelinda III' 6-max Seat #3 is the button
Seat 1: mr.Jckpot ($117.74 in chips) 
Seat 2: blistein ($173.45 in chips) 
Seat 3: Quahrino ($105.05 in chips) 
Seat 4: gudrozd ($147.53 in chips) 
Seat 5: Brennogomesp ($167.55 in chips) 
Seat 6: Gfoer ($101 in chips) 
gudrozd: posts small blind $0.50
Brennogomesp: posts big blind $1
*** HOLE CARDS ***
Gfoer: raises $1.20 to $2.20
mr.Jckpot: folds 
blistein: folds 
Quahrino: folds 
gudrozd: folds 
Brennogomesp: folds 
Uncalled bet ($1.20) returned to Gfoer
Gfoer collected $2.50 from pot
Gfoer: doesn't show hand 
*** SUMMARY ***
Total pot $2.50 | Rake $0 
Seat 1: mr.Jckpot folded before Flop (didn't bet)
Seat 2: blistein folded before Flop (didn't bet)
Seat 3: Quahrino (button) folded before Flop (didn't bet)
Seat 4: gudrozd (small blind) folded before Flop
Seat 5: Brennogomesp (big blind) folded before Flop
Seat 6: Gfoer collected ($2.50)



PokerStars Hand #254430128944:  Hold'em No Limit ($0.50/$1.00 USD) - 2025/01/18 12:37:08 WET [2025/01/18 7:37:08 ET]
Table 'Zelinda III' 6-max Seat #4 is the button
Seat 1: mr.Jckpot ($117.74 in chips) 
Seat 2: blistein ($173.45 in chips) 
Seat 3: Quahrino ($105.05 in chips) 
Seat 4: gudrozd ($147.03 in chips) 
Seat 5: Brennogomesp ($166.55 in chips) 
Seat 6: Gfoer ($102.50 in chips) 
Brennogomesp: posts small blind $0.50
Gfoer: posts big blind $1
*** HOLE CARDS ***
mr.Jckpot: folds 
blistein: folds 
Quahrino: raises $1.30 to $2.30
gudrozd: calls $2.30
Brennogomesp: folds 
Gfoer: calls $1.30
*** FLOP *** [4c 3s 4h]
Gfoer: checks 
Quahrino: checks 
gudrozd: bets $2.32
Gfoer: folds 
Quahrino: calls $2.32
*** TURN *** [4c 3s 4h] [2s]
Quahrino: checks 
gudrozd: bets $8.58
Quahrino: calls $8.58
*** RIVER *** [4c 3s 4h 2s] [Jh]
Quahrino: checks 
gudrozd: bets $20.81
Quahrino: calls $20.81
*** SHOW DOWN ***
gudrozd: shows [5c 6c] (a straight, Deuce to Six)
Quahrino: mucks hand 
gudrozd collected $68.32 from pot
*** SUMMARY ***
Total pot $70.82 | Rake $2.50 
Board [4c 3s 4h 2s Jh]
Seat 1: mr.Jckpot folded before Flop (didn't bet)
Seat 2: blistein folded before Flop (didn't bet)
Seat 3: Quahrino mucked
Seat 4: gudrozd (button) showed [5c 6c] and won ($68.32) with a straight, Deuce to Six
Seat 5: Brennogomesp (small blind) folded before Flop
Seat 6: Gfoer (big blind) folded on the Flop



PokerStars Hand #254430143282:  Hold'em No Limit ($0.50/$1.00 USD) - 2025/01/18 12:38:39 WET [2025/01/18 7:38:39 ET]
Table 'Zelinda III' 6-max Seat #5 is the button
Seat 1: mr.Jckpot ($117.74 in chips) 
Seat 2: blistein ($173.45 in chips) 
Seat 3: Quahrino ($100 in chips) 
Seat 4: gudrozd ($181.34 in chips) 
Seat 5: Brennogomesp ($166.05 in chips) 
Seat 6: Gfoer ($100.20 in chips) 
Gfoer: posts small blind $0.50
mr.Jckpot: posts big blind $1
*** HOLE CARDS ***
blistein: folds 
Quahrino: folds 
gudrozd: folds 
Brennogomesp: calls $1
Gfoer: folds 
mr.Jckpot: raises $2 to $3
Brennogomesp: calls $2
*** FLOP *** [6s 5h 8s]
mr.Jckpot: checks 
Brennogomesp: checks 
*** TURN *** [6s 5h 8s] [Js]
mr.Jckpot: checks 
Brennogomesp: checks 
*** RIVER *** [6s 5h 8s Js] [Qh]
mr.Jckpot: checks 
Brennogomesp: bets $3
mr.Jckpot: folds 
Uncalled bet ($3) returned to Brennogomesp
Brennogomesp collected $6.18 from pot
*** SUMMARY ***
Total pot $6.50 | Rake $0.32 
Board [6s 5h 8s Js Qh]
Seat 1: mr.Jckpot (big blind) folded on the River
Seat 2: blistein folded before Flop (didn't bet)
Seat 3: Quahrino folded before Flop (didn't bet)
Seat 4: gudrozd folded before Flop (didn't bet)
Seat 5: Brennogomesp (button) collected ($6.18)
Seat 6: Gfoer (small blind) folded before Flop



PokerStars Hand #254430153105:  Hold'em No Limit ($0.50/$1.00 USD) - 2025/01/18 12:39:43 WET [2025/01/18 7:39:43 ET]
Table 'Zelinda III' 6-max Seat #6 is the button
Seat 1: mr.Jckpot ($114.74 in chips) 
Seat 2: blistein ($173.45 in chips) 
Seat 3: Quahrino ($100 in chips) 
Seat 4: gudrozd ($181.34 in chips) 
Seat 5: Brennogomesp ($169.23 in chips) 
Seat 6: Gfoer ($100 in chips) 
mr.Jckpot: posts small blind $0.50
blistein: posts big blind $1
*** HOLE CARDS ***
Quahrino: folds 
gudrozd: folds 
Brennogomesp: folds 
Gfoer: raises $1 to $2
mr.Jckpot: folds 
blistein: folds 
Uncalled bet ($1) returned to Gfoer
Gfoer collected $2.50 from pot
Gfoer: doesn't show hand 
*** SUMMARY ***
Total pot $2.50 | Rake $0 
Seat 1: mr.Jckpot (small blind) folded before Flop
Seat 2: blistein (big blind) folded before Flop
Seat 3: Quahrino folded before Flop (didn't bet)
Seat 4: gudrozd folded before Flop (didn't bet)
Seat 5: Brennogomesp folded before Flop (didn't bet)
Seat 6: Gfoer (button) collected ($2.50)



PokerStars Hand #254430156166:  Hold'em No Limit ($0.50/$1.00 USD) - 2025/01/18 12:40:01 WET [2025/01/18 7:40:01 ET]
Table 'Zelinda III' 6-max Seat #1 is the button
Seat 1: mr.Jckpot ($114.24 in chips) 
Seat 2: blistein ($172.45 in chips) 
Seat 3: Quahrino ($100 in chips) 
Seat 4: gudrozd ($181.34 in chips) 
Seat 5: Brennogomesp ($169.23 in chips) 
Seat 6: Gfoer ($101.50 in chips) 
blistein: posts small blind $0.50
Quahrino: posts big blind $1
*** HOLE CARDS ***
gudrozd: folds 
Brennogomesp: folds 
Gfoer: folds 
mr.Jckpot: folds 
blistein: folds 
Uncalled bet ($0.50) returned to Quahrino
Quahrino collected $1 from pot
Quahrino: doesn't show hand 
*** SUMMARY ***
Total pot $1 | Rake $0 
Seat 1: mr.Jckpot (button) folded before Flop (didn't bet)
Seat 2: blistein (small blind) folded before Flop
Seat 3: Quahrino (big blind) collected ($1)
Seat 4: gudrozd folded before Flop (didn't bet)
Seat 5: Brennogomesp folded before Flop (didn't bet)
Seat 6: Gfoer folded before Flop (didn't bet)



PokerStars Hand #254430158537:  Hold'em No Limit ($0.50/$1.00 USD) - 2025/01/18 12:40:16 WET [2025/01/18 7:40:16 ET]
Table 'Zelinda III' 6-max Seat #2 is the button
Seat 1: mr.Jckpot ($114.24 in chips) 
Seat 2: blistein ($171.95 in chips) 
Seat 3: Quahrino ($100.50 in chips) 
Seat 4: gudrozd ($181.34 in chips) 
Seat 5: Brennogomesp ($169.23 in chips) 
Seat 6: Gfoer ($101.50 in chips) 
Quahrino: posts small blind $0.50
gudrozd: posts big blind $1
*** HOLE CARDS ***
Brennogomesp: folds 
Gfoer: folds 
mr.Jckpot: folds 
blistein: raises $1.50 to $2.50
Quahrino: folds 
gudrozd: folds 
Uncalled bet ($1.50) returned to blistein
blistein collected $2.50 from pot
blistein: doesn't show hand 
*** SUMMARY ***
Total pot $2.50 | Rake $0 
Seat 1: mr.Jckpot folded before Flop (didn't bet)
Seat 2: blistein (button) collected ($2.50)
Seat 3: Quahrino (small blind) folded before Flop
Seat 4: gudrozd (big blind) folded before Flop
Seat 5: Brennogomesp folded before Flop (didn't bet)
Seat 6: Gfoer folded before Flop (didn't bet)



PokerStars Hand #254430161839:  Hold'em No Limit ($0.50/$1.00 USD) - 2025/01/18 12:40:37 WET [2025/01/18 7:40:37 ET]
Table 'Zelinda III' 6-max Seat #3 is the button
Seat 1: mr.Jckpot ($114.24 in chips) 
Seat 2: blistein ($173.45 in chips) 
Seat 3: Quahrino ($100 in chips) 
Seat 4: gudrozd ($180.34 in chips) 
Seat 5: Brennogomesp ($169.23 in chips) 
Seat 6: Gfoer ($101.50 in chips) 
gudrozd: posts small blind $0.50
Brennogomesp: posts big blind $1
*** HOLE CARDS ***
Gfoer: folds 
mr.Jckpot: folds 
blistein: folds 
Quahrino: raises $1.50 to $2.50
gudrozd: folds 
Brennogomesp: folds 
Uncalled bet ($1.50) returned to Quahrino
Quahrino collected $2.50 from pot
Quahrino: doesn't show hand 
*** SUMMARY ***
Total pot $2.50 | Rake $0 
Seat 1: mr.Jckpot folded before Flop (didn't bet)
Seat 2: blistein folded before Flop (didn't bet)
Seat 3: Quahrino (button) collected ($2.50)
Seat 4: gudrozd (small blind) folded before Flop
Seat 5: Brennogomesp (big blind) folded before Flop
Seat 6: Gfoer folded before Flop (didn't bet)



PokerStars Hand #254430164009:  Hold'em No Limit ($0.50/$1.00 USD) - 2025/01/18 12:40:50 WET [2025/01/18 7:40:50 ET]
Table 'Zelinda III' 6-max Seat #4 is the button
Seat 1: mr.Jckpot ($114.24 in chips) 
Seat 2: blistein ($173.45 in chips) 
Seat 3: Quahrino ($101.50 in chips) 
Seat 4: gudrozd ($179.84 in chips) 
Seat 5: Brennogomesp ($168.23 in chips) 
Seat 6: Gfoer ($101.50 in chips) 
Brennogomesp: posts small blind $0.50
Gfoer: posts big blind $1
*** HOLE CARDS ***
mr.Jckpot: folds 
blistein: folds 
Quahrino: folds 
gudrozd: folds 
Brennogomesp has timed out
Brennogomesp: folds 
Uncalled bet ($0.50) returned to Gfoer
Gfoer collected $1 from pot
Gfoer: doesn't show hand 
*** SUMMARY ***
Total pot $1 | Rake $0 
Seat 1: mr.Jckpot folded before Flop (didn't bet)
Seat 2: blistein folded before Flop (didn't bet)
Seat 3: Quahrino folded before Flop (didn't bet)
Seat 4: gudrozd (button) folded before Flop (didn't bet)
Seat 5: Brennogomesp (small blind) folded before Flop
Seat 6: Gfoer (big blind) collected ($1)



PokerStars Hand #254430169708:  Hold'em No Limit ($0.50/$1.00 USD) - 2025/01/18 12:41:25 WET [2025/01/18 7:41:25 ET]
Table 'Zelinda III' 6-max Seat #6 is the button
Seat 5: Brennogomesp ($167.73 in chips) is sitting out
Seat 1: mr.Jckpot ($114.24 in chips) 
Seat 2: blistein ($173.45 in chips) 
Seat 3: Quahrino ($101.50 in chips) 
Seat 4: gudrozd ($179.84 in chips) 
Seat 6: Gfoer ($102 in chips) 
mr.Jckpot: posts small blind $0.50
blistein: posts big blind $1
*** HOLE CARDS ***
Quahrino: folds 
gudrozd: folds 
Gfoer: raises $1 to $2
mr.Jckpot: folds 
blistein: folds 
Uncalled bet ($1) returned to Gfoer
Gfoer collected $2.50 from pot
Gfoer: doesn't show hand 
*** SUMMARY ***
Total pot $2.50 | Rake $0 
Seat 5: Brennogomesp
Seat 1: mr.Jckpot (small blind) folded before Flop
Seat 2: blistein (big blind) folded before Flop
Seat 3: Quahrino folded before Flop (didn't bet)
Seat 4: gudrozd folded before Flop (didn't bet)
Seat 6: Gfoer (button) collected ($2.50)



PokerStars Hand #254430172918:  Hold'em No Limit ($0.50/$1.00 USD) - 2025/01/18 12:41:45 WET [2025/01/18 7:41:45 ET]
Table 'Zelinda III' 6-max Seat #1 is the button
Seat 5: Brennogomesp ($167.73 in chips) is sitting out
Seat 1: mr.Jckpot ($113.74 in chips) 
Seat 2: blistein ($172.45 in chips) 
Seat 3: Quahrino ($101.50 in chips) 
Seat 4: gudrozd ($179.84 in chips) 
Seat 6: Gfoer ($103.50 in chips) 
blistein: posts small blind $0.50
Quahrino: posts big blind $1
*** HOLE CARDS ***
gudrozd: folds 
Gfoer: folds 
mr.Jckpot: folds 
blistein: folds 
Uncalled bet ($0.50) returned to Quahrino
Quahrino collected $1 from pot
Quahrino: doesn't show hand 
*** SUMMARY ***
Total pot $1 | Rake $0 
Seat 5: Brennogomesp
Seat 1: mr.Jckpot (button) folded before Flop (didn't bet)
Seat 2: blistein (small blind) folded before Flop
Seat 3: Quahrino (big blind) collected ($1)
Seat 4: gudrozd folded before Flop (didn't bet)
Seat 6: Gfoer folded before Flop (didn't bet)



PokerStars Hand #254430174613:  Hold'em No Limit ($0.50/$1.00 USD) - 2025/01/18 12:41:55 WET [2025/01/18 7:41:55 ET]
Table 'Zelinda III' 6-max Seat #2 is the button
Seat 5: Brennogomesp ($167.73 in chips) is sitting out
Seat 1: mr.Jckpot ($113.74 in chips) 
Seat 2: blistein ($171.95 in chips) 
Seat 3: Quahrino ($102 in chips) 
Seat 4: gudrozd ($179.84 in chips) 
Seat 6: Gfoer ($103.50 in chips) 
Quahrino: posts small blind $0.50
gudrozd: posts big blind $1
*** HOLE CARDS ***
Gfoer: folds 
mr.Jckpot: raises $1.50 to $2.50
blistein: folds 
Quahrino: folds 
gudrozd: folds 
Uncalled bet ($1.50) returned to mr.Jckpot
mr.Jckpot collected $2.50 from pot
mr.Jckpot: doesn't show hand 
*** SUMMARY ***
Total pot $2.50 | Rake $0 
Seat 5: Brennogomesp
Seat 1: mr.Jckpot collected ($2.50)
Seat 2: blistein (button) folded before Flop (didn't bet)
Seat 3: Quahrino (small blind) folded before Flop
Seat 4: gudrozd (big blind) folded before Flop
Seat 6: Gfoer folded before Flop (didn't bet)



PokerStars Hand #254430176516:  Hold'em No Limit ($0.50/$1.00 USD) - 2025/01/18 12:42:07 WET [2025/01/18 7:42:07 ET]
Table 'Zelinda III' 6-max Seat #3 is the button
Seat 5: Brennogomesp ($167.73 in chips) is sitting out
Seat 1: mr.Jckpot ($115.24 in chips) 
Seat 2: blistein ($171.95 in chips) 
Seat 3: Quahrino ($101.50 in chips) 
Seat 4: gudrozd ($178.84 in chips) 
Seat 6: Gfoer ($103.50 in chips) 
gudrozd: posts small blind $0.50
Gfoer: posts big blind $1
*** HOLE CARDS ***
mr.Jckpot: folds 
blistein: folds 
Quahrino: folds 
gudrozd: raises $2 to $3
Gfoer: raises $10 to $13
gudrozd: folds 
Uncalled bet ($10) returned to Gfoer
Gfoer collected $6 from pot
Gfoer: doesn't show hand 
*** SUMMARY ***
Total pot $6 | Rake $0 
Seat 5: Brennogomesp
Seat 1: mr.Jckpot folded before Flop (didn't bet)
Seat 2: blistein folded before Flop (didn't bet)
Seat 3: Quahrino (button) folded before Flop (didn't bet)
Seat 4: gudrozd (small blind) folded before Flop
Seat 6: Gfoer (big blind) collected ($6)



PokerStars Hand #254430182146:  Hold'em No Limit ($0.50/$1.00 USD) - 2025/01/18 12:42:41 WET [2025/01/18 7:42:41 ET]
Table 'Zelinda III' 6-max Seat #4 is the button
Seat 5: Brennogomesp ($167.73 in chips) is sitting out
Seat 1: mr.Jckpot ($115.24 in chips) 
Seat 2: blistein ($171.95 in chips) 
Seat 3: Quahrino ($101.50 in chips) 
Seat 4: gudrozd ($175.84 in chips) 
Seat 6: Gfoer ($106.50 in chips) 
Gfoer: posts small blind $0.50
mr.Jckpot: posts big blind $1
*** HOLE CARDS ***
blistein: raises $1.20 to $2.20
Quahrino: folds 
gudrozd: folds 
Brennogomesp leaves the table
Gfoer: folds 
mr.Jckpot: folds 
Uncalled bet ($1.20) returned to blistein
blistein collected $2.50 from pot
blistein: doesn't show hand 
*** SUMMARY ***
Total pot $2.50 | Rake $0 
Seat 5: Brennogomesp
Seat 1: mr.Jckpot (big blind) folded before Flop
Seat 2: blistein collected ($2.50)
Seat 3: Quahrino folded before Flop (didn't bet)
Seat 4: gudrozd (button) folded before Flop (didn't bet)
Seat 6: Gfoer (small blind) folded before Flop



PokerStars Hand #254430186461:  Hold'em No Limit ($0.50/$1.00 USD) - 2025/01/18 12:43:08 WET [2025/01/18 7:43:08 ET]
Table 'Zelinda III' 6-max Seat #6 is the button
Seat 1: mr.Jckpot ($114.24 in chips) 
Seat 3: Quahrino ($101.50 in chips) 
Seat 4: gudrozd ($175.84 in chips) 
Seat 6: Gfoer ($106 in chips) 
mr.Jckpot: posts small blind $0.50
Quahrino: posts big blind $1
*** HOLE CARDS ***
Supermegopro joins the table at seat #5 
gudrozd: raises $1.50 to $2.50
Gfoer: folds 
mr.Jckpot: folds 
Quahrino: calls $1.50
*** FLOP *** [3h 6d 9d]
Quahrino: checks 
gudrozd: checks 
*** TURN *** [3h 6d 9d] [5c]
Quahrino: bets $1.72
gudrozd: folds 
Uncalled bet ($1.72) returned to Quahrino
Quahrino collected $5.22 from pot
Quahrino: doesn't show hand 
*** SUMMARY ***
Total pot $5.50 | Rake $0.28 
Board [3h 6d 9d 5c]
Seat 1: mr.Jckpot (small blind) folded before Flop
Seat 3: Quahrino (big blind) collected ($5.22)
Seat 4: gudrozd folded on the Turn
Seat 6: Gfoer (button) folded before Flop (didn't bet)



PokerStars Hand #254430190788:  Hold'em No Limit ($0.50/$1.00 USD) - 2025/01/18 12:43:34 WET [2025/01/18 7:43:34 ET]
Table 'Zelinda III' 6-max Seat #1 is the button
Seat 4: gudrozd ($173.34 in chips) is sitting out
Seat 1: mr.Jckpot ($113.74 in chips) 
Seat 3: Quahrino ($104.22 in chips) 
Seat 5: Supermegopro ($111.01 in chips) 
Seat 6: Gfoer ($106 in chips) 
Quahrino: posts small blind $0.50
gudrozd: is sitting out 
Supermegopro: posts big blind $1
*** HOLE CARDS ***
gudrozd leaves the table
Gfoer: raises $1.20 to $2.20
mr.Jckpot: folds 
Quahrino: folds 
Supermegopro: folds 
Uncalled bet ($1.20) returned to Gfoer
Gfoer collected $2.50 from pot
Gfoer: doesn't show hand 
*** SUMMARY ***
Total pot $2.50 | Rake $0 
Seat 4: gudrozd
Seat 1: mr.Jckpot (button) folded before Flop (didn't bet)
Seat 3: Quahrino (small blind) folded before Flop
Seat 5: Supermegopro (big blind) folded before Flop
Seat 6: Gfoer collected ($2.50)



PokerStars Hand #254430192694:  Hold'em No Limit ($0.50/$1.00 USD) - 2025/01/18 12:43:46 WET [2025/01/18 7:43:46 ET]
Table 'Zelinda III' 6-max Seat #5 is the button
Seat 1: mr.Jckpot ($113.74 in chips) is sitting out
Seat 6: Gfoer ($107.50 in chips) is sitting out
Seat 3: Quahrino ($103.72 in chips) 
Seat 5: Supermegopro ($110.01 in chips) 
Supermegopro: posts small blind $0.50
Gfoer: is sitting out 
mr.Jckpot: is sitting out 
Quahrino: posts big blind $1
*** HOLE CARDS ***
Gfoer leaves the table
Supermegopro: raises $1.50 to $2.50
mr.Jckpot leaves the table
Quahrino: raises $7.50 to $10
Supermegopro: folds 
Uncalled bet ($7.50) returned to Quahrino
Quahrino collected $5 from pot
Quahrino: doesn't show hand 
*** SUMMARY ***
Total pot $5 | Rake $0 
Seat 1: mr.Jckpot
Seat 6: Gfoer
Seat 3: Quahrino (big blind) collected ($5)
Seat 5: Supermegopro (button) (small blind) folded before Flop



PokerStars Hand #254430195257:  Hold'em No Limit ($0.50/$1.00 USD) - 2025/01/18 12:44:02 WET [2025/01/18 7:44:02 ET]
Table 'Zelinda III' 6-max Seat #3 is the button
Seat 3: Quahrino ($106.22 in chips) 
Seat 5: Supermegopro ($107.51 in chips) 
Quahrino: posts small blind $0.50
Supermegopro: posts big blind $1
*** HOLE CARDS ***
Quahrino: raises $1.50 to $2.50
Supermegopro: calls $1.50
*** FLOP *** [3s Tc 9c]
Supermegopro: checks 
Quahrino: checks 
*** TURN *** [3s Tc 9c] [3c]
Supermegopro: bets $5
Quahrino: calls $5
*** RIVER *** [3s Tc 9c 3c] [9h]
Supermegopro: bets $12.11
Quahrino: raises $86.61 to $98.72 and is all-in
Supermegopro: folds 
Uncalled bet ($86.61) returned to Quahrino
Quahrino collected $38.22 from pot
Quahrino: doesn't show hand 
*** SUMMARY ***
Total pot $39.22 | Rake $1 
Board [3s Tc 9c 3c 9h]
Seat 3: Quahrino (button) (small blind) collected ($38.22)
Seat 5: Supermegopro (big blind) folded on the River



PokerStars Hand #254430205602:  Hold'em No Limit ($0.50/$1.00 USD) - 2025/01/18 12:45:04 WET [2025/01/18 7:45:04 ET]
Table 'Zelinda III' 6-max Seat #5 is the button
Seat 3: Quahrino ($124.83 in chips) 
Seat 5: Supermegopro ($100 in chips) 
Supermegopro: posts small blind $0.50
Quahrino: posts big blind $1
*** HOLE CARDS ***
Supermegopro: raises $2 to $3
Quahrino: calls $2
*** FLOP *** [Ah Jh Th]
Quahrino: checks 
Supermegopro: checks 
*** TURN *** [Ah Jh Th] [Qd]
Quahrino: checks 
Supermegopro: checks 
*** RIVER *** [Ah Jh Th Qd] [2h]
Quahrino: bets $3.99
Supermegopro: raises $27.36 to $31.35
Quahrino: folds 
Uncalled bet ($27.36) returned to Supermegopro
Supermegopro collected $13.28 from pot
Supermegopro: doesn't show hand 
*** SUMMARY ***
Total pot $13.98 | Rake $0.70 
Board [Ah Jh Th Qd 2h]
Seat 3: Quahrino (big blind) folded on the River
Seat 5: Supermegopro (button) (small blind) collected ($13.28)



