PokerStars Hand #254430973291:  Hold'em No Limit ($0.50/$1.00 USD) - 2025/01/18 13:58:19 WET [2025/01/18 8:58:19 ET]
Table 'Crux IV' 6-max Seat #4 is the button
Seat 1: Supermegopro ($100 in chips) 
Seat 3: MAO_DZEDYN_S ($100 in chips) 
Seat 4: Alinyr ($115.25 in chips) 
Supermegopro: posts small blind $0.50
MAO_DZEDYN_S: posts big blind $1
*** HOLE CARDS ***
Alinyr: folds 
Supermegopro: folds 
Uncalled bet ($0.50) returned to MAO_DZEDYN_S
MAO_DZEDYN_S collected $1 from pot
MAO_DZEDYN_S: doesn't show hand 
*** SUMMARY ***
Total pot $1 | Rake $0 
Seat 1: Supermegopro (small blind) folded before Flop
Seat 3: MAO_DZEDYN_S (big blind) collected ($1)
Seat 4: Alinyr (button) folded before Flop (didn't bet)



PokerStars Hand #254430974514:  Hold'em No Limit ($0.50/$1.00 USD) - 2025/01/18 13:58:27 WET [2025/01/18 8:58:27 ET]
Table 'Crux IV' 6-max Seat #1 is the button
Seat 1: Supermegopro ($100 in chips) 
Seat 3: MAO_DZEDYN_S ($100.50 in chips) 
Seat 4: Alinyr ($115.25 in chips) 
MAO_DZEDYN_S: posts small blind $0.50
Alinyr: posts big blind $1
*** HOLE CARDS ***
Supermegopro: raises $1.50 to $2.50
MAO_DZEDYN_S: raises $8.50 to $11
Alinyr: folds 
Supermegopro: raises $89 to $100 and is all-in
MAO_DZEDYN_S: calls $89
*** FLOP *** [9d 3s 4c]
*** TURN *** [9d 3s 4c] [Ac]
*** RIVER *** [9d 3s 4c Ac] [8c]
*** SHOW DOWN ***
MAO_DZEDYN_S: shows [Ad Kh] (a pair of Aces)
Supermegopro: shows [6h 6d] (a pair of Sixes)
MAO_DZEDYN_S collected $200 from pot
*** SUMMARY ***
Total pot $201 | Rake $1 
Board [9d 3s 4c Ac 8c]
Seat 1: Supermegopro (button) showed [6h 6d] and lost with a pair of Sixes
Seat 3: MAO_DZEDYN_S (small blind) showed [Ad Kh] and won ($200) with a pair of Aces
Seat 4: Alinyr (big blind) folded before Flop



PokerStars Hand #254430979511:  Hold'em No Limit ($0.50/$1.00 USD) - 2025/01/18 13:59:00 WET [2025/01/18 8:59:00 ET]
Table 'Crux IV' 6-max Seat #3 is the button
Seat 1: Supermegopro ($100 in chips) 
Seat 3: MAO_DZEDYN_S ($200.50 in chips) 
Seat 4: Alinyr ($114.25 in chips) 
Alinyr: posts small blind $0.50
Supermegopro: posts big blind $1
*** HOLE CARDS ***
MAO_DZEDYN_S: folds 
Alinyr: folds 
Uncalled bet ($0.50) returned to Supermegopro
Supermegopro collected $1 from pot
Supermegopro: doesn't show hand 
*** SUMMARY ***
Total pot $1 | Rake $0 
Seat 1: Supermegopro (big blind) collected ($1)
Seat 3: MAO_DZEDYN_S (button) folded before Flop (didn't bet)
Seat 4: Alinyr (small blind) folded before Flop



PokerStars Hand #254430980945:  Hold'em No Limit ($0.50/$1.00 USD) - 2025/01/18 13:59:10 WET [2025/01/18 8:59:10 ET]
Table 'Crux IV' 6-max Seat #4 is the button
Seat 1: Supermegopro ($100.50 in chips) 
Seat 3: MAO_DZEDYN_S ($200.50 in chips) 
Seat 4: Alinyr ($113.75 in chips) 
Supermegopro: posts small blind $0.50
MAO_DZEDYN_S: posts big blind $1
*** HOLE CARDS ***
Alinyr: raises $1.50 to $2.50
Supermegopro: folds 
MAO_DZEDYN_S: folds 
Uncalled bet ($1.50) returned to Alinyr
Alinyr collected $2.50 from pot
Alinyr: doesn't show hand 
*** SUMMARY ***
Total pot $2.50 | Rake $0 
Seat 1: Supermegopro (small blind) folded before Flop
Seat 3: MAO_DZEDYN_S (big blind) folded before Flop
Seat 4: Alinyr (button) collected ($2.50)



PokerStars Hand #254430983478:  Hold'em No Limit ($0.50/$1.00 USD) - 2025/01/18 13:59:27 WET [2025/01/18 8:59:27 ET]
Table 'Crux IV' 6-max Seat #3 is the button
Seat 4: Alinyr ($115.25 in chips) is sitting out
Seat 1: Supermegopro ($100 in chips) 
Seat 3: MAO_DZEDYN_S ($199.50 in chips) 
MAO_DZEDYN_S: posts small blind $0.50
Alinyr: is sitting out 
Supermegopro: posts big blind $1
*** HOLE CARDS ***
Alinyr leaves the table
MAO_DZEDYN_S: folds 
Uncalled bet ($0.50) returned to Supermegopro
Supermegopro collected $1 from pot
Supermegopro: doesn't show hand 
*** SUMMARY ***
Total pot $1 | Rake $0 
Seat 4: Alinyr
Seat 1: Supermegopro (big blind) collected ($1)
Seat 3: MAO_DZEDYN_S (button) (small blind) folded before Flop



PokerStars Hand #254430984934:  Hold'em No Limit ($0.50/$1.00 USD) - 2025/01/18 13:59:36 WET [2025/01/18 8:59:36 ET]
Table 'Crux IV' 6-max Seat #1 is the button
Seat 1: Supermegopro ($100.50 in chips) 
Seat 3: MAO_DZEDYN_S ($199 in chips) 
Supermegopro: posts small blind $0.50
MAO_DZEDYN_S: posts big blind $1
*** HOLE CARDS ***
Supermegopro: raises $2 to $3
MAO_DZEDYN_S: raises $9 to $12
Supermegopro: folds 
Uncalled bet ($9) returned to MAO_DZEDYN_S
MAO_DZEDYN_S collected $6 from pot
MAO_DZEDYN_S: doesn't show hand 
*** SUMMARY ***
Total pot $6 | Rake $0 
Seat 1: Supermegopro (button) (small blind) folded before Flop
Seat 3: MAO_DZEDYN_S (big blind) collected ($6)



PokerStars Hand #254430987856:  Hold'em No Limit ($0.50/$1.00 USD) - 2025/01/18 13:59:54 WET [2025/01/18 8:59:54 ET]
Table 'Crux IV' 6-max Seat #3 is the button
Seat 1: Supermegopro ($100 in chips) 
Seat 3: MAO_DZEDYN_S ($202 in chips) 
MAO_DZEDYN_S: posts small blind $0.50
Supermegopro: posts big blind $1
*** HOLE CARDS ***
MAO_DZEDYN_S: folds 
Uncalled bet ($0.50) returned to Supermegopro
Supermegopro collected $1 from pot
Supermegopro: doesn't show hand 
*** SUMMARY ***
Total pot $1 | Rake $0 
Seat 1: Supermegopro (big blind) collected ($1)
Seat 3: MAO_DZEDYN_S (button) (small blind) folded before Flop



PokerStars Hand #254430988930:  Hold'em No Limit ($0.50/$1.00 USD) - 2025/01/18 14:00:01 WET [2025/01/18 9:00:01 ET]
Table 'Crux IV' 6-max Seat #1 is the button
Seat 1: Supermegopro ($100.50 in chips) 
Seat 3: MAO_DZEDYN_S ($201.50 in chips) 
Supermegopro: posts small blind $0.50
MAO_DZEDYN_S: posts big blind $1
*** HOLE CARDS ***
Supermegopro: raises $1.50 to $2.50
MAO_DZEDYN_S: raises $8.68 to $11.18
Supermegopro: raises $12.82 to $24
MAO_DZEDYN_S: raises $177.50 to $201.50 and is all-in
Supermegopro: calls $76.50 and is all-in
Uncalled bet ($101) returned to MAO_DZEDYN_S
*** FLOP *** [3s 7h 4d]
*** TURN *** [3s 7h 4d] [As]
*** RIVER *** [3s 7h 4d As] [Ts]
Oli3579 joins the table at seat #2 
*** SHOW DOWN ***
MAO_DZEDYN_S: shows [7s 7c] (three of a kind, Sevens)
Supermegopro: shows [Ad Ac] (three of a kind, Aces)
Supermegopro collected $200 from pot
*** SUMMARY ***
Total pot $201 | Rake $1 
Board [3s 7h 4d As Ts]
Seat 1: Supermegopro (button) (small blind) showed [Ad Ac] and won ($200) with three of a kind, Aces
Seat 3: MAO_DZEDYN_S (big blind) showed [7s 7c] and lost with three of a kind, Sevens



PokerStars Hand #254430995591:  Hold'em No Limit ($0.50/$1.00 USD) - 2025/01/18 14:00:43 WET [2025/01/18 9:00:43 ET]
Table 'Crux IV' 6-max Seat #3 is the button
Seat 1: Supermegopro ($200 in chips) 
Seat 2: Oli3579 ($100 in chips) 
Seat 3: MAO_DZEDYN_S ($101 in chips) 
Supermegopro: posts small blind $0.50
Oli3579: posts big blind $1
*** HOLE CARDS ***
MAO_DZEDYN_S: folds 
Supermegopro: folds 
Uncalled bet ($0.50) returned to Oli3579
Oli3579 collected $1 from pot
Oli3579: doesn't show hand 
*** SUMMARY ***
Total pot $1 | Rake $0 
Seat 1: Supermegopro (small blind) folded before Flop
Seat 2: Oli3579 (big blind) collected ($1)
Seat 3: MAO_DZEDYN_S (button) folded before Flop (didn't bet)



PokerStars Hand #254430996884:  Hold'em No Limit ($0.50/$1.00 USD) - 2025/01/18 14:00:51 WET [2025/01/18 9:00:51 ET]
Table 'Crux IV' 6-max Seat #1 is the button
Seat 1: Supermegopro ($199.50 in chips) 
Seat 2: Oli3579 ($100.50 in chips) 
Seat 3: MAO_DZEDYN_S ($101 in chips) 
Oli3579: posts small blind $0.50
MAO_DZEDYN_S: posts big blind $1
*** HOLE CARDS ***
Supermegopro: raises $1.50 to $2.50
Oli3579: folds 
MAO_DZEDYN_S: folds 
Uncalled bet ($1.50) returned to Supermegopro
Supermegopro collected $2.50 from pot
Supermegopro: doesn't show hand 
*** SUMMARY ***
Total pot $2.50 | Rake $0 
Seat 1: Supermegopro (button) collected ($2.50)
Seat 2: Oli3579 (small blind) folded before Flop
Seat 3: MAO_DZEDYN_S (big blind) folded before Flop



PokerStars Hand #254430998647:  Hold'em No Limit ($0.50/$1.00 USD) - 2025/01/18 14:01:01 WET [2025/01/18 9:01:01 ET]
Table 'Crux IV' 6-max Seat #2 is the button
Seat 1: Supermegopro ($201 in chips) 
Seat 2: Oli3579 ($100 in chips) 
Seat 3: MAO_DZEDYN_S ($100 in chips) 
MAO_DZEDYN_S: posts small blind $0.50
Supermegopro: posts big blind $1
*** HOLE CARDS ***
Oli3579: folds 
MAO_DZEDYN_S: raises $2 to $3
Supermegopro: folds 
Uncalled bet ($2) returned to MAO_DZEDYN_S
MAO_DZEDYN_S collected $2 from pot
MAO_DZEDYN_S: doesn't show hand 
*** SUMMARY ***
Total pot $2 | Rake $0 
Seat 1: Supermegopro (big blind) folded before Flop
Seat 2: Oli3579 (button) folded before Flop (didn't bet)
Seat 3: MAO_DZEDYN_S (small blind) collected ($2)



PokerStars Hand #254431001188:  Hold'em No Limit ($0.50/$1.00 USD) - 2025/01/18 14:01:14 WET [2025/01/18 9:01:14 ET]
Table 'Crux IV' 6-max Seat #3 is the button
Seat 1: Supermegopro ($200 in chips) 
Seat 2: Oli3579 ($100 in chips) 
Seat 3: MAO_DZEDYN_S ($101 in chips) 
Supermegopro: posts small blind $0.50
Oli3579: posts big blind $1
*** HOLE CARDS ***
MAO_DZEDYN_S: folds 
Supermegopro: raises $2 to $3
Oli3579: calls $2
*** FLOP *** [Kh 7h 3d]
Supermegopro: bets $2.85
Oli3579: calls $2.85
*** TURN *** [Kh 7h 3d] [3s]
Supermegopro: checks 
MAO_DZEDYN_S leaves the table
MAO_DZEDYN_S joins the table at seat #5 
Oli3579: checks 
*** RIVER *** [Kh 7h 3d 3s] [Ks]
Supermegopro: checks 
Oli3579: checks 
*** SHOW DOWN ***
Supermegopro: shows [Jh Qs] (two pair, Kings and Threes)
Oli3579: shows [Ah Td] (two pair, Kings and Threes - Ace kicker)
Oli3579 collected $11.12 from pot
*** SUMMARY ***
Total pot $11.70 | Rake $0.58 
Board [Kh 7h 3d 3s Ks]
Seat 1: Supermegopro (small blind) showed [Jh Qs] and lost with two pair, Kings and Threes
Seat 2: Oli3579 (big blind) showed [Ah Td] and won ($11.12) with two pair, Kings and Threes
Seat 3: MAO_DZEDYN_S (button) folded before Flop (didn't bet)



PokerStars Hand #254431010534:  Hold'em No Limit ($0.50/$1.00 USD) - 2025/01/18 14:02:03 WET [2025/01/18 9:02:03 ET]
Table 'Crux IV' 6-max Seat #1 is the button
Seat 1: Supermegopro ($194.15 in chips) 
Seat 2: Oli3579 ($105.27 in chips) 
Seat 5: MAO_DZEDYN_S ($101 in chips) 
Oli3579: posts small blind $0.50
MAO_DZEDYN_S: posts big blind $1
*** HOLE CARDS ***
Supermegopro: folds 
Oli3579: raises $2 to $3
MAO_DZEDYN_S: calls $2
*** FLOP *** [Ks Qs Kc]
Oli3579: bets $1.88
MAO_DZEDYN_S: calls $1.88
*** TURN *** [Ks Qs Kc] [5s]
Oli3579: checks 
MAO_DZEDYN_S: checks 
*** RIVER *** [Ks Qs Kc 5s] [7h]
Oli3579: bets $3.06
MAO_DZEDYN_S: folds 
Uncalled bet ($3.06) returned to Oli3579
Oli3579 collected $9.27 from pot
Oli3579: doesn't show hand 
*** SUMMARY ***
Total pot $9.76 | Rake $0.49 
Board [Ks Qs Kc 5s 7h]
Seat 1: Supermegopro (button) folded before Flop (didn't bet)
Seat 2: Oli3579 (small blind) collected ($9.27)
Seat 5: MAO_DZEDYN_S (big blind) folded on the River



PokerStars Hand #254431023111:  Hold'em No Limit ($0.50/$1.00 USD) - 2025/01/18 14:03:09 WET [2025/01/18 9:03:09 ET]
Table 'Crux IV' 6-max Seat #2 is the button
Seat 1: Supermegopro ($194.15 in chips) 
Seat 2: Oli3579 ($109.66 in chips) 
Seat 5: MAO_DZEDYN_S ($100 in chips) 
MAO_DZEDYN_S: posts small blind $0.50
Supermegopro: posts big blind $1
*** HOLE CARDS ***
Oli3579: folds 
MAO_DZEDYN_S: raises $2 to $3
Supermegopro: calls $2
*** FLOP *** [Qh 2h Ad]
MAO_DZEDYN_S: checks 
Supermegopro: checks 
*** TURN *** [Qh 2h Ad] [4d]
MAO_DZEDYN_S: bets $1.71
Supermegopro: calls $1.71
*** RIVER *** [Qh 2h Ad 4d] [2s]
MAO_DZEDYN_S: bets $6.71
Supermegopro: folds 
Uncalled bet ($6.71) returned to MAO_DZEDYN_S
MAO_DZEDYN_S collected $8.95 from pot
MAO_DZEDYN_S: doesn't show hand 
*** SUMMARY ***
Total pot $9.42 | Rake $0.47 
Board [Qh 2h Ad 4d 2s]
Seat 1: Supermegopro (big blind) folded on the River
Seat 2: Oli3579 (button) folded before Flop (didn't bet)
Seat 5: MAO_DZEDYN_S (small blind) collected ($8.95)



PokerStars Hand #254431038006:  Hold'em No Limit ($0.50/$1.00 USD) - 2025/01/18 14:04:25 WET [2025/01/18 9:04:25 ET]
Table 'Crux IV' 6-max Seat #5 is the button
Seat 1: Supermegopro ($189.44 in chips) 
Seat 2: Oli3579 ($109.66 in chips) 
Seat 5: MAO_DZEDYN_S ($104.24 in chips) 
Supermegopro: posts small blind $0.50
Oli3579: posts big blind $1
*** HOLE CARDS ***
MAO_DZEDYN_S: raises $1.50 to $2.50
Supermegopro: folds 
Oli3579: calls $1.50
*** FLOP *** [2s 8h Ad]
Oli3579: checks 
MAO_DZEDYN_S: bets $1.57
Oli3579: folds 
Uncalled bet ($1.57) returned to MAO_DZEDYN_S
MAO_DZEDYN_S collected $5.22 from pot
MAO_DZEDYN_S: doesn't show hand 
*** SUMMARY ***
Total pot $5.50 | Rake $0.28 
Board [2s 8h Ad]
Seat 1: Supermegopro (small blind) folded before Flop
Seat 2: Oli3579 (big blind) folded on the Flop
Seat 5: MAO_DZEDYN_S (button) collected ($5.22)



PokerStars Hand #254431043891:  Hold'em No Limit ($0.50/$1.00 USD) - 2025/01/18 14:04:55 WET [2025/01/18 9:04:55 ET]
Table 'Crux IV' 6-max Seat #1 is the button
Seat 1: Supermegopro ($188.94 in chips) 
Seat 2: Oli3579 ($107.16 in chips) 
Seat 5: MAO_DZEDYN_S ($106.96 in chips) 
Oli3579: posts small blind $0.50
MAO_DZEDYN_S: posts big blind $1
*** HOLE CARDS ***
Supermegopro: raises $1.50 to $2.50
Oli3579: folds 
MAO_DZEDYN_S: folds 
Uncalled bet ($1.50) returned to Supermegopro
Supermegopro collected $2.50 from pot
Supermegopro: doesn't show hand 
*** SUMMARY ***
Total pot $2.50 | Rake $0 
Seat 1: Supermegopro (button) collected ($2.50)
Seat 2: Oli3579 (small blind) folded before Flop
Seat 5: MAO_DZEDYN_S (big blind) folded before Flop



PokerStars Hand #254431045685:  Hold'em No Limit ($0.50/$1.00 USD) - 2025/01/18 14:05:04 WET [2025/01/18 9:05:04 ET]
Table 'Crux IV' 6-max Seat #2 is the button
Seat 1: Supermegopro ($190.44 in chips) 
Seat 2: Oli3579 ($106.66 in chips) 
Seat 5: MAO_DZEDYN_S ($105.96 in chips) 
MAO_DZEDYN_S: posts small blind $0.50
Supermegopro: posts big blind $1
*** HOLE CARDS ***
Oli3579: folds 
MAO_DZEDYN_S: raises $2 to $3
Supermegopro: raises $8 to $11
MAO_DZEDYN_S: folds 
Uncalled bet ($8) returned to Supermegopro
Supermegopro collected $6 from pot
Supermegopro: doesn't show hand 
*** SUMMARY ***
Total pot $6 | Rake $0 
Seat 1: Supermegopro (big blind) collected ($6)
Seat 2: Oli3579 (button) folded before Flop (didn't bet)
Seat 5: MAO_DZEDYN_S (small blind) folded before Flop



PokerStars Hand #254431049395:  Hold'em No Limit ($0.50/$1.00 USD) - 2025/01/18 14:05:23 WET [2025/01/18 9:05:23 ET]
Table 'Crux IV' 6-max Seat #5 is the button
Seat 1: Supermegopro ($193.44 in chips) 
Seat 2: Oli3579 ($106.66 in chips) 
Seat 5: MAO_DZEDYN_S ($102.96 in chips) 
Supermegopro: posts small blind $0.50
Oli3579: posts big blind $1
*** HOLE CARDS ***
MAO_DZEDYN_S: raises $1.50 to $2.50
Supermegopro: folds 
Oli3579: calls $1.50
*** FLOP *** [7d Qh Kd]
Oli3579: checks 
MAO_DZEDYN_S: checks 
*** TURN *** [7d Qh Kd] [3d]
Oli3579: checks 
MAO_DZEDYN_S: checks 
*** RIVER *** [7d Qh Kd 3d] [9h]
Oli3579: checks 
MAO_DZEDYN_S: checks 
*** SHOW DOWN ***
Oli3579: shows [Ac 4c] (high card Ace)
MAO_DZEDYN_S: shows [6h 6d] (a pair of Sixes)
MAO_DZEDYN_S collected $5.22 from pot
*** SUMMARY ***
Total pot $5.50 | Rake $0.28 
Board [7d Qh Kd 3d 9h]
Seat 1: Supermegopro (small blind) folded before Flop
Seat 2: Oli3579 (big blind) showed [Ac 4c] and lost with high card Ace
Seat 5: MAO_DZEDYN_S (button) showed [6h 6d] and won ($5.22) with a pair of Sixes



PokerStars Hand #254431062492:  Hold'em No Limit ($0.50/$1.00 USD) - 2025/01/18 14:06:31 WET [2025/01/18 9:06:31 ET]
Table 'Crux IV' 6-max Seat #1 is the button
Seat 1: Supermegopro ($192.94 in chips) 
Seat 2: Oli3579 ($104.16 in chips) 
Seat 5: MAO_DZEDYN_S ($105.68 in chips) 
Oli3579: posts small blind $0.50
MAO_DZEDYN_S: posts big blind $1
*** HOLE CARDS ***
Supermegopro: raises $1.50 to $2.50
Oli3579: folds 
MAO_DZEDYN_S: folds 
Uncalled bet ($1.50) returned to Supermegopro
Supermegopro collected $2.50 from pot
Supermegopro: doesn't show hand 
*** SUMMARY ***
Total pot $2.50 | Rake $0 
Seat 1: Supermegopro (button) collected ($2.50)
Seat 2: Oli3579 (small blind) folded before Flop
Seat 5: MAO_DZEDYN_S (big blind) folded before Flop



PokerStars Hand #254431064345:  Hold'em No Limit ($0.50/$1.00 USD) - 2025/01/18 14:06:40 WET [2025/01/18 9:06:40 ET]
Table 'Crux IV' 6-max Seat #2 is the button
Seat 1: Supermegopro ($194.44 in chips) 
Seat 2: Oli3579 ($103.66 in chips) 
Seat 5: MAO_DZEDYN_S ($104.68 in chips) 
MAO_DZEDYN_S: posts small blind $0.50
Supermegopro: posts big blind $1
*** HOLE CARDS ***
Oli3579: raises $1.25 to $2.25
MAO_DZEDYN_S: folds 
Supermegopro: folds 
Uncalled bet ($1.25) returned to Oli3579
Oli3579 collected $2.50 from pot
Oli3579: doesn't show hand 
*** SUMMARY ***
Total pot $2.50 | Rake $0 
Seat 1: Supermegopro (big blind) folded before Flop
Seat 2: Oli3579 (button) collected ($2.50)
Seat 5: MAO_DZEDYN_S (small blind) folded before Flop



PokerStars Hand #254431067852:  Hold'em No Limit ($0.50/$1.00 USD) - 2025/01/18 14:06:58 WET [2025/01/18 9:06:58 ET]
Table 'Crux IV' 6-max Seat #5 is the button
Seat 1: Supermegopro ($193.44 in chips) 
Seat 2: Oli3579 ($105.16 in chips) 
Seat 5: MAO_DZEDYN_S ($104.18 in chips) 
Supermegopro: posts small blind $0.50
Oli3579: posts big blind $1
*** HOLE CARDS ***
MAO_DZEDYN_S: folds 
Supermegopro: folds 
Uncalled bet ($0.50) returned to Oli3579
Oli3579 collected $1 from pot
Oli3579: doesn't show hand 
*** SUMMARY ***
Total pot $1 | Rake $0 
Seat 1: Supermegopro (small blind) folded before Flop
Seat 2: Oli3579 (big blind) collected ($1)
Seat 5: MAO_DZEDYN_S (button) folded before Flop (didn't bet)



PokerStars Hand #254431071508:  Hold'em No Limit ($0.50/$1.00 USD) - 2025/01/18 14:07:17 WET [2025/01/18 9:07:17 ET]
Table 'Crux IV' 6-max Seat #1 is the button
Seat 1: Supermegopro ($192.94 in chips) 
Seat 2: Oli3579 ($105.66 in chips) 
Seat 5: MAO_DZEDYN_S ($104.18 in chips) 
Oli3579: posts small blind $0.50
MAO_DZEDYN_S: posts big blind $1
*** HOLE CARDS ***
Supermegopro: folds 
Oli3579: raises $2 to $3
MAO_DZEDYN_S: folds 
Uncalled bet ($2) returned to Oli3579
Oli3579 collected $2 from pot
Oli3579: doesn't show hand 
*** SUMMARY ***
Total pot $2 | Rake $0 
Seat 1: Supermegopro (button) folded before Flop (didn't bet)
Seat 2: Oli3579 (small blind) collected ($2)
Seat 5: MAO_DZEDYN_S (big blind) folded before Flop



PokerStars Hand #254431074225:  Hold'em No Limit ($0.50/$1.00 USD) - 2025/01/18 14:07:31 WET [2025/01/18 9:07:31 ET]
Table 'Crux IV' 6-max Seat #2 is the button
Seat 1: Supermegopro ($192.94 in chips) 
Seat 2: Oli3579 ($106.66 in chips) 
Seat 5: MAO_DZEDYN_S ($103.18 in chips) 
MAO_DZEDYN_S: posts small blind $0.50
Supermegopro: posts big blind $1
*** HOLE CARDS ***
Oli3579: folds 
MAO_DZEDYN_S: folds 
Uncalled bet ($0.50) returned to Supermegopro
Supermegopro collected $1 from pot
Supermegopro: doesn't show hand 
*** SUMMARY ***
Total pot $1 | Rake $0 
Seat 1: Supermegopro (big blind) collected ($1)
Seat 2: Oli3579 (button) folded before Flop (didn't bet)
Seat 5: MAO_DZEDYN_S (small blind) folded before Flop



PokerStars Hand #254431077452:  Hold'em No Limit ($0.50/$1.00 USD) - 2025/01/18 14:07:48 WET [2025/01/18 9:07:48 ET]
Table 'Crux IV' 6-max Seat #5 is the button
Seat 1: Supermegopro ($193.44 in chips) 
Seat 2: Oli3579 ($106.66 in chips) 
Seat 5: MAO_DZEDYN_S ($102.68 in chips) 
Supermegopro: posts small blind $0.50
Oli3579: posts big blind $1
*** HOLE CARDS ***
MAO_DZEDYN_S: folds 
Supermegopro: folds 
Uncalled bet ($0.50) returned to Oli3579
MAO_DZEDYN_S leaves the table
Oli3579 collected $1 from pot
Oli3579: doesn't show hand 
*** SUMMARY ***
Total pot $1 | Rake $0 
Seat 1: Supermegopro (small blind) folded before Flop
Seat 2: Oli3579 (big blind) collected ($1)
Seat 5: MAO_DZEDYN_S (button) folded before Flop (didn't bet)



